4066 6360
636 329 742 386 ’267

1974 324 2222 387 δΑΝοΤι
2257 326 2582 389 ΔΜΒΒΟὸΙΙ
3807 328 3882 385 τις

632 443 894 508 avaritiae,
936 457 1057 512 qua:
1078 441 1285 510 eitpleri
1314 454 1419 494 non
1446 447 1645 509 potest.
1672 439 1881 511 Gurges
1903 439 2120 511 quidam
2149 440 2231 493 in-
2258 445 2310 507 Α
2337 440 2559 495 formior
2580 449 2663 497 est
2687 440 2881 507 victus,
2936 439 2989 493 in
3034 453 3141 508 quo
3167 446 3222 493 et
3252 438 3518 495 nobilitas
3540 438 3745 509 generis
3779 443 3884 509 peri-

635 535 852 590 satiabil
875 550 922 601 s,
955 528 1192 604 rapidior
1212 542 1314 600 est,
1338 548 1459 587 cum
1485 534 1628 586 illata
1646 531 1913 604 demergit
1948 552 1959 585 :
1996 542 2055 590 et
2086 533 2235 602 putei

637 628 796 682 modo
821 642 941 683 cum
969 625 1227 685 exundat.
1256 641 1414 681 emno
1446 625 1775 694 inquinatur,
1806 637 2004 685 terram
2033 626 2236 682 arradit

636 721 771 776 nihil
819 721 922 776 sibi
954 721 1309 786 profuturam.
1342 720 1508 795 580
1543 721 1632 776 Vel
1687 722 1788 776 hoc
1838 721 2090 791 exemplo
2137 736 2234 777 vos

634 815 910 871 admoneri
925 821 1196 872 convenit.
1218 815 1418 870 Potens
1439 821 1582 872 enim
1598 818 1640 870 si
1668 816 1798 871 nihil
1816 815 2055 883 haurias,
2074 816 2230 871 inerti

634 908 747 964 otio
777 921 829 964 et
860 908 1117 981 degeneri
1165 911 1271 965 situ
1309 913 1463 965 facile
1516 912 1885 981 eorrmupitur
1918 914 2233 967 :exercitus

627 1013 809 1057 autem
839 1001 1057 1059 nitescit
1099 1000 1163 1057 ad
1194 1002 1455 1074 speciem,
1499 1002 1759 1059 dulcescit
1794 1005 1860 1057 ad
1892 1016 2078 1075 potum
2112 1021 2125 1058 :
2160 1005 2233 1060 ita

630 1103 685 1149 et
708 1110 932 1151 acervus
962 1095 1269 1152 divitiarum
1291 1139 1305 1163 ,
1337 1098 1557 1152 cumulo
1612 1113 1894 1163 arenosus,
1954 1098 2233 1169 Speciosus

622 1197 707 1242 est
732 1204 851 1251 u~u,
886 1191 999 1244 otio
1024 1197 1206 1245 autem
1238 1190 1443 1245 inutilis
1478 1191 1729 1245 habetur.
1784 1191 2040 1245 Derivato
2070 1192 2234 1263 igitur

632 1280 835 1354 aliquid
850 1282 916 1337 dc
932 1283 1034 1337 hoc
1052 1294 1231 1352 puteo.
1256 1285 1435 1355 Ignem
1455 1285 1737 1341 ardentem
1759 1286 2054 1357 exsduguit
2071 1301 2227 1355 aqua,

632 1384 688 1429 et
709 1376 1059 1448 elcemosyna
1109 1378 1315 1431 resistit
1338 1380 1575 1445 peccatis
1605 1397 1619 1433 :
1652 1394 1787 1449 aqua
1817 1391 1994 1433 autem
2038 1380 2231 1433 stativa

630 1469 742 1524 cito
770 1485 988 1525 vermes
1015 1472 1158 1525 facit.
1209 1470 1323 1525 Non
1354 1482 1460 1527 Slei.
1496 1473 1779 1527 thesaurus
1805 1487 1927 1525 tuus
1948 1513 1963 1538 ,
1998 1487 2098 1526 nec
2125 1480 2233 1526 stet

631 1564 773 1633 ignis
800 1577 924 1618 tuus
954 1581 968 1619 :
997 1564 1164 1618 Stabit
1189 1564 1241 1617 in
1278 1575 1331 1619 te
1354 1605 1370 1627 ,
1419 1563 1520 1619 nisi
1550 1581 1671 1619 eum
1701 1563 1959 1634 operibus
1999 1572 2101 1619 tum
2130 1563 2230 1618 mi-

633 1658 930 1712 serationis
954 1659 1241 1713 averteris.
1270 1637 1575 1729 ln‘quantis
1606 1660 1706 1724 sis,
1730 1659 1903 1725 dives,
1939 1656 2227 1724 incendiis,

632 1750 941 1805 considera.
961 1749 1080 1805 Tua
1103 1768 1201 1805 vox
1229 1761 1312 1805 est
1335 1753 1433 1806 ista
1459 1751 1691 1806 dicentis
1720 1768 1733 1803 :
1767 1751 1926 1806 Pater
1944 1749 2224 1813 Abraham,

2338 536 2572 590 cliuitur.
2587 534 2730 589 Cave
2747 534 2929 606 igitur,
2943 532 3119 597 dives,
3136 548 3204 589 ne
3220 533 3272 589 in
3296 543 3353 587 te
3372 530 3703 589 erubescant
3717 542 3883 591 tuorum

2339 630 2532 691 inerita
2557 632 2844 698 majorum.
2872 643 2939 683 ne
2964 627 3104 682 forte
3134 636 3191 681 et
3217 626 3323 681 dlis
3355 626 3580 685 dicatur
3598 644 3616 679 ς
3643 624 3741 683 Cur
3766 627 3885 683 talem

2336 720 2664 779 instituistis.
2689 722 2959 779 curtalem
2980 720 3219 789 elegistis
3234 717 3561 775 brredem?
3592 717 3702 775 Non
3715 720 3761 777 in
3772 736 3888 775 aura-

2338 804 2407 872 tis
2429 818 2799 886 laquearibus,
2829 831 2927 871 nec
2957 817 3007 869 in
3036 814 3443 887 porphyreticis
3468 814 3693 873 orbibus
3708 815 3889 873 luendis

2336 921 2419 966 est
2433 914 2704 965 meritum.
2741 910 2997 964 Lausista
3026 924 3131 971 non
3160 906 3589 972 bominum,sed
3608 908 3889 961 metallon

2295 1052 2305 1077 ,
2336 1016 2439 1071 est,
2462 1007 2517 1061 in
2538 1007 2733 1077 quibus
2750 1016 2774 1044 ο
2791 1004 3036 1062 homines
3053 1003 3368 1075 puniuntur.
3388 1001 3501 1061 Per
3520 1011 3890 1075 egentesattntm

2296 1090 2307 1171 7.
2335 1102 2617 1170 qumritur,
2651 1106 2708 1154 et
2736 1096 3017 1169 egentibus
3059 1096 3381 1167 denegatur.
3416 1093 3695 1155 Laborant
3724 1102 3889 1164 utqua-

2335 1192 2740 1257 rant,l.uboraut
2769 1201 2823 1249 ut
2854 1192 3150 1251 inveniant,
3176 1187 3320 1259 quod
3339 1188 3553 1243 habere
3590 1202 3693 1239 non
3722 1197 3890 1243 norunt.

2406 1284 2495 1340 55.
2531 1284 2891 1339 Mirortamen
2914 1296 3089 1338 cureo
3104 1296 3219 1343 vos.
3238 1279 3467 1343 divites,
3493 1277 3890 1349 jacmndoSputc-

2337 1379 2427 1445 tis,
2452 1393 2553 1431 cur
2581 1393 2769 1430 aurum
2798 1379 3021 1435 materia
3049 1375 3219 1445 magis
3250 1372 3765 1442 offensionis.quam
3780 1387 3891 1425 com-

2336 1468 2700 1524 mendationis
2722 1473 2890 1537 gratia
2916 1469 3006 1521 sit.
3043 1465 3269 1533 Liguum
3290 1468 3442 1521 enim
3462 1463 3888 1540 εειυιΐεηςιυιὼ

2334 1573 2416 1618 est
2437 1570 2493 1620 et
2521 1578 2736 1629 aurum,
2764 1574 2819 1617 et
2852 1578 2932 1618 va:
2962 1562 3030 1617 iis
3058 1563 3146 1634 qui
3168 1570 3455 1617 sectantur
3491 1562 3624 1613 illud
3655 1560 3669 1614 Ξ
3704 1559 3889 1624 Denique

2334 1655 2671 1711 benedicitur
2697 1654 2851 1710 dives
2877 1661 2963 1723 qui
2988 1655 3224 1710 inventus
3266 1665 3341 1708 est
3370 1654 3490 1708 sine
3513 1652 3737 1717 macula,
3773 1653 3889 1721 etqn
3972 1642 3973 1665 Υ

2335 1759 2449 1821 post
2475 1765 2659 1801 aurum
2689 1765 2792 1802 non
2817 1747 2943 1804 abiit
2961 1790 2977 1813 ,
3006 1764 3100 1802 nec
3126 1747 3350 1819 speravit
3392 1748 3450 1803 in
3482 1747 3714 1821 pecunia:
3739 1747 3888 1798 theses.

635 1841 721 1897 dic
750 1841 968 1908 Lazaro,
999 1854 1053 1896 ut
1075 1854 1351 1898 extremum
1385 1844 1537 1914 digiti
1565 1845 1645 1898 sui
1674 1844 1892 1914 intingat
1921 1844 1977 1897 in
2000 1859 2156 1915 aqua,
2184 1852 2235 1897 et
2265 1836 2315 1898 Β
2342 1843 2413 1898 ris
2441 1841 2633 1914 (Eccli.
2664 1859 2819 1905 xui,
2850 1841 2928 1913 8).
2987 1841 3095 1897 Sed
3124 1841 3277 1911 quasi
3311 1842 3355 1895 is
3407 1839 3663 1910 cognitus
3692 1853 3792 1893 esse
3812 1852 3884 1892 non
3972 1884 3973 1915 1

634 1934 904 2006 refrigeret
937 1936 1172 2007 linguam
1196 1953 1357 1990 meam
1392 1935 1547 2009 (Luc.
1573 1951 1685 2003 xvi,
1725 1935 1846 2007 24).

707 2029 795 2085 55.
840 2029 954 2085 Tibi
989 2031 1150 2101 igitur
1181 2030 1394 2100 prolicit
1428 2030 1688 2101 quidquid
1718 2029 1865 2098 inopi
1896 2028 2230 2087 contuleris:

636 2132 661 2160 ⁸
682 2123 778 2178 tibi
804 2124 1000 2180 crescit
1024 2123 1278 2195 quidquid
1296 2125 1555 2179 minueris
1580 2142 1593 2178 :
1630 2133 1682 2179 te
1710 2124 1803 2178 illo
1827 2140 1986 2194 quem
2009 2122 2229 2194 pauperi

631 2216 848 2271 dederis
877 2218 999 2271 cibo
1030 2218 1245 2287 pascis;
1276 2219 1530 2288 quoniam
1568 2218 1657 2288 qui
1709 2218 2000 2273 miseretur
2031 2215 2231 2287 paupe-

628 2310 703 2363 ris
729 2312 843 2380 ipse
866 2310 1137 2381 pascitur,
1191 2320 1247 2367 et
1272 2310 1481 2367 fructus
1508 2310 1618 2382 jam
1667 2311 1719 2365 in
1755 2312 1838 2367 his
1889 2320 1992 2366 est.
2022 2309 2231 2364 Miseri-

626 2405 807 2474 cordia
837 2407 1137 2461 seminatur
1178 2406 1234 2461 in
1267 2415 1408 2461 terra
1428 2448 1442 2472 ,
1473 2408 1524 2459 in
1562 2406 1703 2462 ctelo
1728 2406 1996 2476 germinat
2028 2423 2041 2457 :
2072 2406 2226 2475 plan-

631 2509 777 2553 tatur
823 2499 877 2552 in
907 2511 1177 2571 paupere,
1226 2497 1368 2565 apud
1398 2497 1568 2552 Deum
1602 2498 1848 2566 pullulat.
1894 2494 1977 2551 Ne
2014 2496 2227 2565 dixeris,

632 2594 812 2664 inquit
840 2595 1001 2659 Deus,
1029 2610 1144 2649 cras
1172 2592 1305 2648 dabo
1335 2591 1519 2664 (Prov.
1567 2608 1650 2659 Ill,
1681 2590 1797 2664 28).
1828 2591 1929 2658 Qui
1960 2606 2064 2645 non
2094 2591 2231 2660 pati—

634 2696 722 2741 tur
743 2696 797 2741 te
820 2686 1003 2741 dicere
1034 2703 1047 2739 :
1080 2684 1209 2742 Cras
1256 2685 1415 2751 dabo,
1449 2686 1720 2755 quomodo
1751 2684 1949 2753 patitur
2001 2684 2183 2740 dicere
2213 2702 2226 2738 :

628 2778 749 2835 Non
800 2779 980 2836 dabo?
1008 2777 1126 2834 Non
1151 2778 1219 2834 de
1250 2788 1343 2833 tuo
1388 2779 1602 2849 largiris
1633 2779 1877 2850 pauperi,
1911 2778 2004 2833 sed
2034 2778 2102 2834 de
2130 2792 2231 2833 suo

630 2871 835 2928 reddis.
883 2872 1037 2939 Quod
1064 2872 1209 2927 enim
1250 2886 1539 2927 commune
1594 2884 1670 2926 est
1705 2872 1760 2927 in
1800 2873 2041 2925 omnium
2074 2886 2228 2925 usum

628 2963 839 3032 datum,
874 2975 929 3018 tu
958 2965 1108 3019 Solus
1138 2980 1387 3032 usurpas.
1430 2964 1682 3020 Omnium
1710 2976 1793 3021 est
1819 2975 1986 3030 terra,
2018 2980 2122 3020 non
2146 2965 2231 3019 di-

628 3057 794 3112 vitum
820 3074 836 3111 :
870 3056 967 3112 sed
1001 3056 1283 3127 pauciores
1314 3057 1404 3125 qui
1431 3072 1535 3112 non
1565 3066 1786 3112 utuntur
1812 3074 1931 3126 suo,
1956 3073 2116 3128 quam
2137 3057 2230 3125 qui

630 3159 874 3207 utuntur.
909 3150 1161 3207 Debitum
1193 3151 1354 3221 igitur
1384 3151 1587 3216 reddis,
1625 3167 1727 3206 non
1777 3152 1991 3223 largiris
2022 3152 2228 3207 indebi-

627 3255 761 3299 tum.
788 3244 1020 3315 Ideoque
1058 3244 1157 3299 tibi
1201 3244 1334 3299 dicit
1378 3243 1656 3312 Scriptura
1688 3264 1701 3299 :
1735 3242 1959 3299 Declina
2007 3244 2227 3314 pauperi
2254 3227 2303 3291 (ἶ
2336 3257 2446 3301 tras
2488 3247 2651 3301 vultis
2698 3262 2958 3313 superare
3000 3247 3239 3312 divitias,
3268 3264 3367 3303 nec
3422 3260 3600 3302 tamen
3643 3228 3871 3296 vincitis.‘1

629 3339 853 3392 animam
880 3347 1044 3402 tuam,
1074 3346 1122 3391 et
1146 3337 1303 3391 redde
1342 3336 1567 3391 debitum
1593 3347 1759 3400 tuum,
1790 3348 1837 3392 et
1859 3336 2112 3406 responde
2137 3354 2231 3408 pa-

632 3433 784 3501 ciﬁca
817 3432 874 3486 in
894 3429 1287 3486 mansuetudine
1316 3429 1505 3501 (Eccli.
1532 3445 1611 3497 iv,
1639 3429 1721 3499 8).

1221 3567 1450 3626 CAPUT
1488 3566 1628 3624 XIII.

634 3687 832 3744 Dioites
854 3687 913 3744 in
941 3686 1183 3757 prosapia
1208 3684 1402 3739 insulse
1422 3685 1661 3758 gloriari,
1694 3701 1811 3739 cum
1834 3685 1940 3757 ipsi
1979 3702 2083 3741 non
2114 3704 2234 3743 raro

705 3779 943 3836 dedecori
986 3780 1089 3835 sint
1120 3777 1405 3852 majoribus
1427 3793 1446 3831 :
1471 3793 1654 3831 aurum
1702 3776 2000 3846 offensionis
2040 3780 2236 3850 lignum

709 3892 840 3932 esse.
884 3874 1090 3942 Quanta
1126 3873 1248 3926 insit
1276 3872 1519 3926 divitibus
1558 3871 1805 3927 adversus
1854 3890 2101 3946 pauperes
2138 3876 2237 3928 im-

705 3969 966 4036 manitas;
994 3976 1042 4021 et
1066 3966 1233 4037 qualis
1258 3964 1461 4020 divitem
1480 3967 1857 4023 commendatio
1880 3967 2093 4022 deceat?

704 4087 796 4142 54.
834 4085 973 4154 Quid
1007 4086 1153 4140 enim
1178 4083 1462 4150 superbius
1483 4125 1498 4148 ,
1528 4081 1678 4138 dives
1701 4082 1725 4136 ?
1752 4084 1891 4153 Quid
1922 4085 2072 4140 dicas
2104 4101 2237 4157 pau-

637 4182 754 4252 peri
797 4196 809 4231 :
860 4177 984 4233 Noli
1023 4193 1109 4232 me
1158 4176 1414 4248 tangere?
1444 4175 1471 4215 ιι
1513 4177 1702 4231 Nonne
1750 4177 1891 4233 sicut
1947 4194 2047 4249 ego
2104 4194 2238 4234 con-

638 4283 832 4340 ceptus
861 4278 916 4325 et
945 4275 1098 4323 natus
1128 4285 1193 4323 ex
1219 4276 1375 4323 utero
1404 4284 1496 4333 es,
1538 4271 1989 4339 quemadmodum
2023 4282 2075 4326 et
2104 4290 2237 4341 pau-

633 4378 732 4433 per
750 4371 834 4416 est
865 4371 1022 4415 natus
1043 4362 1069 4414 Ἰ
1097 4362 1235 4429 Quid
1264 4369 1318 4415 te
1343 4362 1518 4430 jactus
1546 4364 1615 4419 de
1646 4364 1937 4418 nobilitatis
1958 4367 2243 4435 prosapia?

635 4457 844 4514 Soletis
891 4467 948 4510 et
974 4470 1170 4509 canum
1206 4464 1507 4509 vestrorum
1542 4456 1781 4523 origines
1822 4458 1962 4513 sicut
2017 4458 2241 4513 divitum

643 4564 935 4608 recensere
964 4549 1184 4603 :soletis
1210 4556 1265 4603 et
1285 4564 1544 4619 equomm
1570 4563 1876 4604 vestrorum
1910 4554 2241 4608 nobilitatem

643 4650 785 4704 sicut
827 4646 1109 4700 consulum
1141 4643 1460 4715 pra-dieare.
1516 4644 1611 4700 Ille
1646 4660 1711 4698 ex
1745 4647 1839 4699 illo
1874 4656 2021 4712 patre
2079 4665 2244 4717 gene-

644 4756 795 4795 ra'us
817 4748 918 4801 est,
956 4750 1012 4791 et
1048 4737 1138 4791 illa
1169 4749 1339 4791 matre
1370 4737 1581 4791 editus:
1620 4737 1709 4792 ille
1751 4756 1850 4793 avo
1874 4741 1964 4794 illo
1992 4743 2192 4811 gaudet
2224 4765 2238 4799 ε

643 4833 737 4888 ille
767 4849 827 4888 se
875 4832 1091 4902 proavis
1144 4830 1362 4884 attollit.
1404 4829 1509 4885 Sed
1554 4831 1688 4885 nihil
1738 4831 1878 4887 istud
1925 4848 2234 4892 currentem

641 4924 831 4997 juvat;
873 4941 982 4979 non
1013 4922 1171 4979 datur
1200 4924 1463 4977 nobilitati
1513 4926 1721 4994 palma,
1754 4929 1848 4981 sed
1879 4931 2084 4987 cursui.
2134 4931 2236 4986 De—

723 5079 747 5105 ι
789 5067 862 5124 Ita
904 5079 1034 5123 mss.
1081 5067 1268 5140 paucis
1312 5065 1592 5130 exceptis,
1646 5070 1699 5125 in
1742 5073 1942 5140 quibus
1993 5074 2237 5131 ultimam

648 5152 931 5197 sententia}
981 5136 1183 5206 [iartrm
1240 5136 1308 5190 ila
1340 5141 1511 5208 legas.
1559 5148 1605 5193 el
1663 5136 1861 5208 [ructus
1890 5143 2114 5200 homini;
2145 5158 2237 5202 ρει,

652 5211 1031 5274 Miserico'dia,
1061 5221 1164 5263 etc.
1193 5210 1328 5262 l'ldit.
1379 5224 1508 5261 vero
1555 5212 1727 5263 locum
1759 5216 1861 5267 exh
1889 5216 2007 5267 bent
2045 5220 2093 5269 in
2127 5218 2241 5274 lia-c

655 5292 816 5339 verba
844 5302 856 5336 :
886 5283 996 5335 Tibi
1040 5282 1217 5354 crescit
1246 5281 1495 5349 quidquid
1532 5284 1586 5335 in
1633 5300 1880 5350 pauperes
1931 5293 2238 5354 eroguveris.

654 5355 921 5423 Scriptum
942 5364 1019 5407 est
1044 5368 1061 5405 :
1088 5352 1188 5419 Qui
1206 5354 1474 5427 miseretur
1502 5356 1714 5427 puup_eri
1745 5358 1937 5423 fenerat
1958 5352 2089 5412 Deo.
2123 5359 2243 5427 Ipse

656 5428 765 5500 cibo
793 5429 846 5478 in
875 5439 1100 5500 paupere
1126 5425 1351 5500 pascitur
1380 5424 1585 5500 (_liom.,
1620 5424 1688 5478 Te
1726 5427 1816 5500 illo
1858 5445 2005 5495 quem
2032 5424 2245 5500 pauperi

657 5494 886 5560 dede-ris,
925 5494 1271 5569 cibopascis),
1299 5506 1343 5547 et
1381 5498 1577 5563 [ructus
1597 5500 1714 5569 jam
1760 5499 1811 5550 in
1841 5494 1922 5553 Itis
1952 5494 2249 5556 est’niiseri-

661 5570 871 5622 cordite.
915 5565 1236 5625 Seminattu’.
1277 5577 1385 5619 etc.

730 5637 758 5676 δ
804 5638 920 5692 νει.
949 5637 1079 5692 edit.
1111 5647 1167 5692 et
1210 5636 1390 5706 plures
1420 5653 1581 5701 mss,
1633 5637 1819 5695 Nonne
1857 5642 1932 5694 sic
1958 5650 2104 5696 utero
2128 5660 2249 5699 cono

664 5719 870 5780 ceptus.
909 5719 1043 5780 etc.‘
1067 5706 1252 5780 Ratun,
1278 5706 1493 5780 _t\'_onne
1526 5712 1598 5764 sic
1640 5722 1944 5777 conceptae,
1990 5723 2097 5769 etc.
2142 5715 2248 5773 Sed

667 5778 899 5851 quinque
932 5778 1312 5851 probatissimi,
1345 5778 1530 5834 Nonne
1553 5782 1681 5835 sicut
1708 5797 1819 5851 ego,
1853 5793 1958 5837 etc.

744 5864 761 5886 ι’
804 5847 963 5904 Rom.
992 5847 1151 5918 edit.,
1174 5849 1399 5905 homines
1442 5847 1813 5945 «pinguntur.
1856 5853 1993 5911 Alia:
2019 5871 2084 5914 ac
2112 5873 2244 5916 mss.

2338 1910 2531 2006 possit,
2560 1951 2681 1990 eum
2719 1934 2823 1990 sibi
2852 1910 3521 1989 desideratdemonstrari
3560 1950 3575 1985 :
3603 1931 3791 1998 Quisesl
3811 1930 3882 1993 hic,
3972 1910 3973 1953 ‘

2339 2029 2532 2101 inquit,
2573 2039 2623 2083 et
2654 2028 2979 2084 laudabimus
3008 2045 3165 2094 eum;
3211 2027 3340 2082 fecit
3389 2027 3545 2081 enim
3579 2025 3713 2097 quod
3750 2022 3882 2076 mirari

2339 2125 2509 2173 niaais
2537 2126 2688 2173 (ιιιεεὶ
2721 2140 2946 2173 novum-
2977 2139 3138 2173 nuam
3192 2125 3345 2173 nuasi
3376 2123 3645 2173 usitatum
3688 2134 3876 2173 recount)-

2339 2125 2509 2195 magis
2537 2126 2688 2195 quasi
2721 2140 2946 2191 novum,
2977 2139 3138 2196 quam
3192 2125 3345 2195 quasi
3376 2123 3645 2187 usitatum
3688 2134 3876 2193 recogno-

2336 2232 2491 2272 scere
2517 2217 2849 2273 debeamus?
2887 2216 3070 2289 ltaque
3092 2217 3182 2287 qui
3213 2219 3263 2271 in
3294 2216 3507 2272 divitiis
3535 2214 3755 2286 potuerit
3774 2227 3876 2267 com-

2338 2310 2577 2381 probari.
2616 2312 2661 2365 is
2703 2326 2827 2366 γεγε
2858 2308 3135 2381 perlectus
3179 2320 3235 2365 ct
3275 2310 3479 2381 dignus
3514 2317 3603 2365 est
3627 2306 3792 2380 gloria.
3810 2303 3875 2369 Οιί

2336 2405 2523 2475 potuit,
2553 2405 2722 2474 inquit
2743 2428 2769 2469 ,i
2799 2404 3113 2477 transgredi,
3147 2415 3194 2460 et
3243 2422 3345 2458 non
3376 2414 3455 2460 est
3499 2407 3875 2475 traitsgresm,d
3972 2390 3973 2479 ἦ

2336 2502 2505 2569 facere
2532 2500 2690 2561 mala.
2742 2509 2789 2554 et
2828 2516 2931 2553 non
2983 2500 3102 2568 fecit
3152 2496 3344 2569 (Ibid,
3382 2497 3505 2572 10).
3563 2501 3750 2552 Aurum
3793 2506 3869 2561 erit

2338 2590 2528 2654 vobis,
2576 2592 2629 2644 in
2671 2606 2775 2660 quo
2807 2598 2953 2644 tanta
2987 2589 3240 2645 illecebra
3293 2590 3512 2646 erroris
3551 2598 3660 2652 est,
3689 2602 3784 2640 non
3809 2594 3865 2637 ul

2335 2700 2431 2739 sua
2460 2683 2651 2754 gratia.
2677 2699 2836 2754 quam
2860 2684 3139 2739 hominum
3172 2699 3327 2755 paena
3351 2683 3715 2740 commendat.

2407 2778 2498 2833 56.
2544 2781 2623 2831 An
2656 2792 2753 2832 vos
2779 2777 2956 2845 ampla
2987 2779 3251 2833 extollunt
3283 2789 3465 2845 atria;
3496 2796 3615 2850 qua:
3645 2774 3791 2845 magis
3814 2769 3874 2825 de-

2335 2869 2466 2926 bent
2495 2884 2877 2938 compungere,
2906 2871 3028 2939 quia
3056 2889 3178 2925 cum
3206 2874 3447 2945 populos
3478 2872 3706 2943 capiant,
3737 2881 3871 2923 vorem

2335 2964 2631 3019 excludunt
2683 2964 2970 3035 pauperis?
3005 2968 3344 3037 Quamquam
3379 2966 3520 3019 nihil
3566 2965 3721 3035 prosit
3749 2957 3873 3014 audiri

2334 3074 2493 3123 eam,
2539 3068 2658 3128 qua:
2694 3057 2857 3112 etiam
2900 3058 3082 3112 audita
3127 3059 3259 3112 nihil
3300 3061 3527 3131 prolicit
3596 3054 3868 3111 Dcindcnon

2338 3153 2453 3220 ipsa
2485 3167 2584 3205 vos
2626 3152 2848 3221 pudoris
2880 3151 2997 3206 aula
3028 3154 3313 3219 admovet,
3347 3154 3444 3223 qui
3476 3145 3872 3206 a-dilicandui’es-

2333 3340 2580 3395 Parietes
2635 3341 2888 3405 vestitis,
2948 3342 3167 3396 nudatis
3222 3342 3502 3400 homines.
3557 3340 3745 3394 Clamat
3787 3339 3874 3385 ante

2334 3435 2560 3490 domum
2593 3444 2738 3490 tuam
2772 3435 2947 3490 nudus
2971 3477 2986 3501 ,
3017 3447 3071 3491 et
3102 3435 3329 3507 negligis
3364 3454 3376 3489 :
3414 3436 3614 3490 clamat
3639 3429 3780 3483 homo
3803 3436 3871 3474 nu'

2336 3528 2458 3593 dus,
2510 3538 2566 3583 et
2612 3537 2668 3584 tu
2714 3529 2979 3583 sollicitus
3029 3545 3087 3584 es
3131 3530 3333 3600 quibus
3379 3523 3728 3583 marmoribus
3770 3512 3874 3587 Pali

2337 3630 2517 3677 menta
2552 3632 2641 3675 tua
2672 3623 2892 3677 vestias.
2923 3620 3215 3676 Pecuniam
3250 3637 3461 3694 pauper
3486 3617 3695 3691 quatrit,
3730 3620 3773 3666 et
3797 3620 3869 3661 non

2340 3716 2501 3771 habet
2536 3735 2548 3768 2
2581 3731 2773 3785 panem
2819 3718 3051 3787 postulat
3081 3717 3265 3780 homo,
3298 3727 3354 3770 et
3386 3731 3561 3788 equus
3595 3720 3707 3767 tuus
3734 3711 3873 3755 aurum

2339 3810 2440 3865 sub
2482 3810 2739 3865 dentibus
2789 3809 3015 3865 mandit.
3066 3811 3170 3865 Sed
3213 3809 3491 3864 delectant
3535 3820 3585 3861 te
3622 3799 3870 3863 ornamenli

2342 3904 2602 3975 pretiosa,
2634 3918 2756 3958 cum
2786 3905 2873 3957 alii
2908 3902 3177 3959 frumenta
3208 3918 3312 3957 non
3346 3903 3602 3957 habeant.
3631 3896 3870 3963 Quantum.

2342 4015 2377 4053 0
2406 3998 2559 4053 dives
2584 4041 2598 4059 .
2641 3999 2810 4053 sumis
2842 3998 2935 4053 tibi
2968 3997 3270 4067 judicium!
3303 3998 3542 4067 Populus
3582 3987 3747 4049 esurit.
3773 3987 3813 4035 ct
3832 3989 3865 4029 tu

2346 4091 2539 4145 horrea
2568 4100 2652 4144 tua
2678 4090 2884 4146 claudis
2918 4108 2931 4144 :
2967 4091 3481 4160 populusdcploral,
3505 4096 3559 4143 et
3580 4096 3630 4140 tu
3665 4083 3863 4157 gemmam

2350 4194 2494 4239 tuam
2518 4201 2718 4239 versas.
2755 4184 2965 4249 Infelix,
2991 4186 3143 4256 cujus
3170 4187 3221 4239 in
3252 4196 3519 4256 p0testate
3562 4190 3639 4237 est
3665 4176 3859 4229 tantorum

2344 4282 2551 4336 animas
2573 4298 2600 4333 τι
2622 4289 2795 4335 morte
2816 4281 3125 4345 defelldere,
3154 4290 3209 4337 et
3234 4297 3337 4335 non
3372 4294 3457 4335 est
3493 4278 3739 4331 voluntas.
3766 4258 3856 4315 ετθ-

2350 4376 2456 4429 tius
2504 4377 2665 4428 vitam
2694 4376 2875 4445 populi
2912 4386 3115 4444 poterat
3158 4374 3344 4430 annuli
3360 4378 3432 4430 tui
3466 4384 3665 4447 gemma
3692 4365 3851 4417 servare.

2421 4468 2510 4523 57.
2553 4466 2690 4522 Audi
2725 4468 2882 4538 plane
2907 4468 3082 4539 qualis
3109 4468 3328 4524 divitem
3361 4467 3549 4524 deceat
3580 4448 3855 4535 praedicatio:

2356 4564 2608 4627 Liberavi,
2629 4565 2819 4635 inquit,
2843 4582 3120 4635 pauperem
3149 4570 3210 4621 de
3231 4584 3387 4620 manu
3416 4564 3706 4636 potentiae!
3727 4546 3861 4636 οἴμης

2349 4648 2483 4711 πιληῖ
2503 4659 2586 4710 cui
2616 4674 2713 4709 non
2750 4668 2857 4710 erat
2889 4659 3125 4732 adjutor,
3162 4660 3360 4729 adjuri.
3396 4653 3680 4713 Benedictio

2350 4764 2505 4819 super
2536 4768 2615 4802 me
2646 4752 2775 4802 venit
2811 4767 2829 4803 :
2861 4768 2917 4804 os
2945 4766 3116 4805 autem
3157 4753 3326 4806 vidua:
3357 4769 3436 4805 nte
3473 4741 3725 4805 benedixit.
3749 4730 3859 4785 Ιωεε·

2346 4845 2473 4896 tiam
2503 4845 2768 4908 induebar,
2805 4845 2986 4900 oculus
3013 4863 3155 4901 erant
3177 4842 3453 4909 ca’cornm,
3487 4862 3573 4917 pes
3596 4847 3745 4894 dum"
3767 4825 3863 4917 "at

2346 4940 2530 4994 dorum
2548 4957 2568 5007 ;
2597 4953 2645 4995 et
2661 4958 2752 5015 ego
2790 4958 2932 4995 erant
2958 4954 3106 5010 pater
3132 4941 3152 4980 τ
3175 4943 3504 5021 inﬁrmorum
3527 4934 3660 5012 (Job.
3690 4937 3799 4985 ιλιι,
3818 4908 3860 4966 η

2348 5095 2569 5143 omnes,
2628 5081 2857 5173 homines
2901 5083 3204 5173 pup‘iuntur.
3256 5080 3414 5149 Quod
3464 5048 3859 5173 νει-Ιηιιῖιὶηῖιὶξ1

2348 5160 2501 5222 59"“
2520 5141 2596 5205 "ie
2642 5141 2933 5216 (Στίειιὶιιιιιί,
2967 5153 3069 5208 Per
3094 5141 3305 5222 egente;
3330 5168 3513 5207 aurum
3540 5141 3856 5244 quqrilwoif'

2423 5222 2450 5258 ‘1
2497 5222 2616 5277 Vt‘l-
2650 5224 2807 5280 ΕιΙιι..
2842 5223 3072 5280 Parietes
3099 5227 3289 5278 vestitis
3329 5241 3478 5280 auro.
3509 5220 3714 5273 homines
3746 5215 3793 5253 nu
3822 5205 3861 5240 α’

2545 5233 2616 5277 o1.
2650 5233 2807 5285 edit.,
2842 5233 3072 5280 Parietes
3099 5233 3289 5278 vestitis
3329 5241 3478 5287 auro,

2351 5296 2437 5348 tis.
2465 5293 2623 5347 Rom.
2644 5338 2656 5356 ,
2687 5284 2823 5347 reste
2849 5297 3075 5351 nudatis.
3109 5296 3216 5353 Sed
3256 5298 3310 5350 in
3343 5284 3475 5350 mss.
3514 5300 3664 5345 Voces
3696 5284 3858 5329 aura."

2349 5376 2504 5425 veste.
2526 5366 2931 5423 despiciantur.
3811 5398 3859 5425 ηιξ

2426 5402 3045 5496 ῖΜέξῗτιῖῖἰᾶᾋίῖῗᾞιιιει-
3083 5452 3137 5496 ει
3168 5442 3324 5496 Pont.
3348 5482 3366 5503 .
3397 5438 3574 5499 Totius
3605 5428 3692 5484 um
3730 5402 3860 5485 tot“

2356 5518 2554 5576 poterat
2584 5510 2743 5561 animi
2767 5511 2844 5563 tui
2874 5530 3123 5583 geminum
3154 5529 3376 5567 servare.
3668 5568 3677 5578 ,

2433 5578 2449 5597 ι·
2497 5580 2584 5597 ..ηΔ
2686 5596 2691 5597 ,
2867 5585 2877 5597 .
2978 5584 2991 5597 .
3223 5586 3234 5597 .
3383 5584 3414 5597 ..
3520 5554 3830 5597 .-...t.n‘nrnni

2433 5578 2449 5617 ί
2494 5560 2607 5634 me
2620 5596 2750 5635 mss.
2769 5560 3612 5654 ὧαῗ’ξὶιῖᾇὲιίιῗῖιὲιῖιῖἱξιιυςιιᾳιη
3628 5560 3860 5654 ὀίβὲξῗῗζῖ

2353 5665 2583 5722 quorum
2634 5655 2899 5722 praecipua
2959 5628 3273 5712 υἷεῆἶιῗεέῖ
3312 5628 3421 5710 una
3442 5628 3859 5722 -δετὶοίθξνδῗξῗίῶ

2355 5703 2539 5813 {Tiso
2753 5703 2908 5793 ιδέὲ
3321 5703 3599 5813 ἦξε-’ἕδη
3626 5703 3859 5813 ﬂii;

2353 5803 2499 5890 es?
2544 5779 2889 5890 ίξῦίττέίίὲξιιξ-
2921 5779 3859 5890 ,ἓνὲκίν“έεέἒὲδρ,ξέέὶἦνηξηῗὲιι“³3

2354 5847 2525 5933 δαίμ,
2566 5847 2889 5925 nandi
2908 5847 3137 5945 αῑῷαῑηῑ
3161 5847 3683 5931 mutuam
3700 5847 3783 5916 ,ιι
