  <div class='ocr_page' id='page_1' title='image "/cluster/home/n/w/nwhite01/storage/ocr_20150623/14/hvd.32044015471303/381.png"; bbox 0 0 4066 6360; ppageno 0'>
   <div class='ocr_carea' id='block_1_1' title="bbox 595 375 698 432">
    <p class='ocr_par' dir='ltr' id='par_1_1' title="bbox 595 375 698 432">
     <span class='ocr_line' id='line_1_1' title="bbox 595 375 698 432; baseline 0.019 -2"><span class='ocrx_word' id='word_1_1' title='bbox 595 375 698 432; x_wconf 76' lang='grc'><strong>751</strong></span> 
     </span>
    </p>
   </div>
   <div class='ocr_carea' id='block_1_2' title="bbox 1911 364 3892 424">
    <p class='ocr_par' dir='ltr' id='par_1_2' title="bbox 1911 364 3892 424">
     <span class='ocr_line' id='line_1_2' title="bbox 1911 364 3892 424; baseline -0.004 0"><span class='ocrx_word' id='word_1_2' title='bbox 1911 366 2156 424; x_wconf 73' lang='lat' dir='ltr'><strong>SANCTI</strong></span> <span class='ocrx_word' id='word_1_3' title='bbox 2195 366 2525 424; x_wconf 82' lang='lat' dir='ltr'><strong>AMBROSII</strong></span> <span class='ocrx_word' id='word_1_4' title='bbox 3805 364 3892 418; x_wconf 72' lang='lat'><strong>75?.</strong></span> 
     </span>
    </p>
   </div>
   <div class='ocr_carea' id='block_1_3' title="bbox 592 480 3892 553">
    <p class='ocr_par' dir='ltr' id='par_1_3' title="bbox 592 480 3892 553">
     <span class='ocr_line' id='line_1_3' title="bbox 592 480 3892 553; baseline -0.004 -7"><span class='ocrx_word' id='word_1_5' title='bbox 592 493 953 547; x_wconf 88' lang='lat' dir='ltr'><strong>iustrmneuta</strong></span> <span class='ocrx_word' id='word_1_6' title='bbox 977 487 1260 552; x_wconf 86' lang='lat' dir='ltr'><strong>bellorum,</strong></span> <span class='ocrx_word' id='word_1_7' title='bbox 1289 493 1576 540; x_wconf 89' lang='lat' dir='ltr'><strong>conterens</strong></span> <span class='ocrx_word' id='word_1_8' title='bbox 1603 497 1759 538; x_wconf 87' lang='lat' dir='ltr'><strong>arcus</strong></span> <span class='ocrx_word' id='word_1_9' title='bbox 1779 483 1974 553; x_wconf 84' lang='lat' dir='ltr'><strong>quibus</strong></span> <span class='ocrx_word' id='word_1_10' title='bbox 2000 483 2186 537; x_wconf 86' lang='lat' dir='ltr'><strong>diabo—</strong></span> <span class='ocrx_word' id='word_1_11' title='bbox 2212 483 2263 543; x_wconf 79' lang='grc' dir='ltr'><strong>Α</strong></span> <span class='ocrx_word' id='word_1_12' title='bbox 2292 483 2516 538; x_wconf 80' lang='lat' dir='ltr'><strong>habenis</strong></span> <span class='ocrx_word' id='word_1_13' title='bbox 2562 492 2792 539; x_wconf 82' lang='lat' dir='ltr'><strong>coercet.</strong></span> <span class='ocrx_word' id='word_1_14' title='bbox 2837 481 3274 537; x_wconf 75' lang='lat' dir='ltr'><strong>Dormitavcrunt</strong></span> <span class='ocrx_word' id='word_1_15' title='bbox 3316 495 3462 551; x_wconf 81' lang='lat' dir='ltr'><strong>ergo</strong></span> <span class='ocrx_word' id='word_1_16' title='bbox 3515 480 3612 550; x_wconf 84' lang='lat' dir='ltr'><strong>qui</strong></span> <span class='ocrx_word' id='word_1_17' title='bbox 3660 484 3892 536; x_wconf 45' lang='lat' dir='ltr'><strong>dicende—</strong></span> 
     </span>
    </p>
   </div>
   <div class='ocr_carea' id='block_1_4' title="bbox 599 577 2197 652">
    <p class='ocr_par' dir='ltr' id='par_1_4' title="bbox 599 577 2197 652">
     <span class='ocr_line' id='line_1_4' title="bbox 599 577 2197 652; baseline -0.007 -15"><span class='ocrx_word' id='word_1_18' title='bbox 599 585 685 637; x_wconf 92' lang='lat' dir='ltr'><strong>lus</strong></span> <span class='ocrx_word' id='word_1_19' title='bbox 718 583 878 652; x_wconf 82' lang='lat' dir='ltr'><strong>ignita</strong></span> <span class='ocrx_word' id='word_1_20' title='bbox 910 582 1148 651; x_wconf 75' lang='lat' dir='ltr'><strong>dirigens</strong></span> <span class='ocrx_word' id='word_1_21' title='bbox 1189 578 1366 648; x_wconf 76' lang='lat' dir='ltr'><strong>jarula</strong></span> <span class='ocrx_word' id='word_1_22' title='bbox 1393 621 1406 640; x_wconf 85' lang='lat'><strong>.</strong></span> <span class='ocrx_word' id='word_1_23' title='bbox 1438 593 1634 647; x_wconf 76' lang='lat' dir='ltr'><strong>graves</strong></span> <span class='ocrx_word' id='word_1_24' title='bbox 1684 577 1992 645; x_wconf 70' lang='lat' dir='ltr'><strong>pectoribus</strong></span> <span class='ocrx_word' id='word_1_25' title='bbox 2025 577 2197 629; x_wconf 86' lang='lat' dir='ltr'><strong>homi-</strong></span> 
     </span>
    </p>
   </div>
   <div class='ocr_carea' id='block_1_5' title="bbox 599 668 2194 740">
    <p class='ocr_par' dir='ltr' id='par_1_5' title="bbox 599 668 2194 740">
     <span class='ocr_line' id='line_1_5' title="bbox 599 668 2194 740; baseline -0.005 -10"><span class='ocrx_word' id='word_1_26' title='bbox 599 690 725 730; x_wconf 93' lang='lat' dir='ltr'><strong>num</strong></span> <span class='ocrx_word' id='word_1_27' title='bbox 769 675 906 728; x_wconf 74' lang='lat' dir='ltr'><strong>solet</strong></span> <span class='ocrx_word' id='word_1_28' title='bbox 946 673 1160 725; x_wconf 78' lang='lat' dir='ltr'><strong>inurere</strong></span> <span class='ocrx_word' id='word_1_29' title='bbox 1204 671 1501 740; x_wconf 67' lang='lat' dir='ltr'><strong>passiooes.</strong></span> <span class='ocrx_word' id='word_1_30' title='bbox 1545 669 1648 723; x_wconf 79' lang='lat' dir='ltr'><strong>Sel</strong></span> <span class='ocrx_word' id='word_1_31' title='bbox 1700 669 1788 722; x_wconf 88' lang='lat' dir='ltr'><strong>illa</strong></span> <span class='ocrx_word' id='word_1_32' title='bbox 1827 669 2006 737; x_wconf 81' lang='lat' dir='ltr'><strong>jarula</strong></span> <span class='ocrx_word' id='word_1_33' title='bbox 2048 668 2194 738; x_wconf 65' lang='lat' dir='ltr'><strong>jtlle</strong></span> 
     </span>
    </p>
   </div>
   <div class='ocr_carea' id='block_1_6' title="bbox 595 762 2195 834">
    <p class='ocr_par' dir='ltr' id='par_1_6' title="bbox 595 762 2195 834">
     <span class='ocr_line' id='line_1_6' title="bbox 595 762 2195 834; baseline -0.004 -12"><span class='ocrx_word' id='word_1_34' title='bbox 595 782 796 822; x_wconf 77' lang='lat' dir='ltr'><strong>nocere</strong></span> <span class='ocrx_word' id='word_1_35' title='bbox 839 781 942 820; x_wconf 90' lang='lat' dir='ltr'><strong>non</strong></span> <span class='ocrx_word' id='word_1_36' title='bbox 988 773 1232 834; x_wconf 84' lang='lat' dir='ltr'><strong>possunt,</strong></span> <span class='ocrx_word' id='word_1_37' title='bbox 1264 766 1348 817; x_wconf 90' lang='lat' dir='ltr'><strong>cui</strong></span> <span class='ocrx_word' id='word_1_38' title='bbox 1389 763 1531 816; x_wconf 63' lang='lat' dir='ltr'><strong>Deus</strong></span> <span class='ocrx_word' id='word_1_39' title='bbox 1579 762 1669 815; x_wconf 81' lang='lat' dir='ltr'><strong>lux</strong></span> <span class='ocrx_word' id='word_1_40' title='bbox 1720 770 1821 823; x_wconf 78' lang='lat' dir='ltr'><strong>est,</strong></span> <span class='ocrx_word' id='word_1_41' title='bbox 1879 769 2195 830; x_wconf 85' lang='lat' dir='ltr'><strong>tantumque</strong></span> 
     </span>
    </p>
   </div>
   <div class='ocr_carea' id='block_1_7' title="bbox 594 853 2194 923">
    <p class='ocr_par' dir='ltr' id='par_1_7' title="bbox 594 853 2194 923">
     <span class='ocr_line' id='line_1_7' title="bbox 594 853 2194 923; baseline -0.006 -9"><span class='ocrx_word' id='word_1_42' title='bbox 594 861 748 914; x_wconf 86' lang='lat' dir='ltr'><strong>abest</strong></span> <span class='ocrx_word' id='word_1_43' title='bbox 770 876 800 912; x_wconf 87' lang='lat' dir='ltr'><strong>a</strong></span> <span class='ocrx_word' id='word_1_44' title='bbox 825 858 1172 923; x_wconf 73' lang='lat' dir='ltr'><strong>caligantium</strong></span> <span class='ocrx_word' id='word_1_45' title='bbox 1200 857 1421 910; x_wconf 88' lang='lat' dir='ltr'><strong>horrore</strong></span> <span class='ocrx_word' id='word_1_46' title='bbox 1453 855 1818 916; x_wconf 88' lang='lat' dir='ltr'><strong>tenebrarum,</strong></span> <span class='ocrx_word' id='word_1_47' title='bbox 1851 865 1907 907; x_wconf 85' lang='lat' dir='ltr'><strong>ut</strong></span> <span class='ocrx_word' id='word_1_48' title='bbox 1938 853 2194 907; x_wconf 54' lang='lat' dir='ltr'><strong>adicrsa-</strong></span> 
     </span>
    </p>
   </div>
   <div class='ocr_carea' id='block_1_8' title="bbox 595 945 2196 1016">
    <p class='ocr_par' dir='ltr' id='par_1_8' title="bbox 595 945 2196 1016">
     <span class='ocr_line' id='line_1_8' title="bbox 595 945 2196 1016; baseline -0.006 -10"><span class='ocrx_word' id='word_1_49' title='bbox 595 952 708 1006; x_wconf 88' lang='lat' dir='ltr'><strong>rius</strong></span> <span class='ocrx_word' id='word_1_50' title='bbox 737 952 789 1006; x_wconf 87' lang='lat' dir='ltr'><strong>itt</strong></span> <span class='ocrx_word' id='word_1_51' title='bbox 817 966 884 1007; x_wconf 89' lang='lat' dir='ltr'><strong>eo</strong></span> <span class='ocrx_word' id='word_1_52' title='bbox 917 952 1090 1005; x_wconf 86' lang='lat' dir='ltr'><strong>locum</strong></span> <span class='ocrx_word' id='word_1_53' title='bbox 1125 949 1326 1006; x_wconf 71' lang='lat' dir='ltr'><strong>habere</strong></span> <span class='ocrx_word' id='word_1_54' title='bbox 1359 966 1465 1002; x_wconf 84' lang='lat' dir='ltr'><strong>non</strong></span> <span class='ocrx_word' id='word_1_55' title='bbox 1498 947 1663 1016; x_wconf 70' lang='lat' dir='ltr'><strong>possit</strong></span> <span class='ocrx_word' id='word_1_56' title='bbox 1685 989 1699 1012; x_wconf 92' lang='lat'><strong>,</strong></span> <span class='ocrx_word' id='word_1_57' title='bbox 1732 948 1819 1016; x_wconf 87' lang='lat' dir='ltr'><strong>qui</strong></span> <span class='ocrx_word' id='word_1_58' title='bbox 1853 949 2014 1000; x_wconf 89' lang='lat' dir='ltr'><strong>etiam</strong></span> <span class='ocrx_word' id='word_1_59' title='bbox 2050 945 2196 1012; x_wconf 83' lang='lat' dir='ltr'><strong>priu-</strong></span> 
     </span>
    </p>
   </div>
   <div class='ocr_carea' id='block_1_9' title="bbox 595 1037 2196 1110">
    <p class='ocr_par' dir='ltr' id='par_1_9' title="bbox 595 1037 2196 1110">
     <span class='ocr_line' id='line_1_9' title="bbox 595 1037 2196 1110; baseline -0.005 -10"><span class='ocrx_word' id='word_1_60' title='bbox 595 1043 802 1110; x_wconf 84' lang='lat' dir='ltr'><strong>cipibus</strong></span> <span class='ocrx_word' id='word_1_61' title='bbox 842 1060 902 1099; x_wconf 89' lang='lat' dir='ltr'><strong>se</strong></span> <span class='ocrx_word' id='word_1_62' title='bbox 943 1045 1227 1098; x_wconf 85' lang='lat' dir='ltr'><strong>consuevit</strong></span> <span class='ocrx_word' id='word_1_63' title='bbox 1266 1040 1593 1105; x_wconf 81' lang='lat' dir='ltr'><strong>infundere;</strong></span> <span class='ocrx_word' id='word_1_64' title='bbox 1637 1041 1776 1093; x_wconf 83' lang='lat' dir='ltr'><strong>sicut</strong></span> <span class='ocrx_word' id='word_1_65' title='bbox 1815 1038 2009 1092; x_wconf 89' lang='lat' dir='ltr'><strong>infudit</strong></span> <span class='ocrx_word' id='word_1_66' title='bbox 2044 1037 2196 1092; x_wconf 78' lang='lat' dir='ltr'><strong>.ludze</strong></span> 
     </span>
    </p>
   </div>
   <div class='ocr_carea' id='block_1_10' title="bbox 595 1133 2195 1211">
    <p class='ocr_par' dir='ltr' id='par_1_10' title="bbox 595 1133 2195 1211">
     <span class='ocr_line' id='line_1_10' title="bbox 595 1133 2195 1211; baseline -0.003 -19"><span class='ocrx_word' id='word_1_67' title='bbox 595 1139 878 1211; x_wconf 71' lang='lat' dir='ltr'><strong>proditori,</strong></span> <span class='ocrx_word' id='word_1_68' title='bbox 910 1139 1198 1195; x_wconf 69' lang='lat' dir='ltr'><strong>concidens</strong></span> <span class='ocrx_word' id='word_1_69' title='bbox 1228 1147 1501 1208; x_wconf 87' lang='lat' dir='ltr'><strong>tamquam</strong></span> <span class='ocrx_word' id='word_1_70' title='bbox 1534 1137 1584 1190; x_wconf 93' lang='lat' dir='ltr'><strong>in</strong></span> <span class='ocrx_word' id='word_1_71' title='bbox 1609 1136 1740 1189; x_wconf 82' lang='lat' dir='ltr'><strong>SilV:t</strong></span> <span class='ocrx_word' id='word_1_72' title='bbox 1775 1136 2038 1202; x_wconf 84' lang='lat' dir='ltr'><strong>lignorum</strong></span> <span class='ocrx_word' id='word_1_73' title='bbox 2074 1133 2195 1187; x_wconf 80' lang='lat' dir='ltr'><strong>ﬁdei</strong></span> 
     </span>
    </p>
   </div>
   <div class='ocr_carea' id='block_1_11' title="bbox 589 1227 2194 1306">
    <p class='ocr_par' dir='ltr' id='par_1_11' title="bbox 589 1227 2194 1306">
     <span class='ocr_line' id='line_1_11' title="bbox 589 1227 2194 1306; baseline -0.006 -17"><span class='ocrx_word' id='word_1_74' title='bbox 589 1235 816 1306; x_wconf 60' lang='lat' dir='ltr'><strong>januas;</strong></span> <span class='ocrx_word' id='word_1_75' title='bbox 851 1245 908 1290; x_wconf 91' lang='lat' dir='ltr'><strong>ut</strong></span> <span class='ocrx_word' id='word_1_76' title='bbox 937 1235 988 1288; x_wconf 90' lang='lat' dir='ltr'><strong>in</strong></span> <span class='ocrx_word' id='word_1_77' title='bbox 1026 1251 1121 1288; x_wconf 80' lang='lat' dir='ltr'><strong>cor</strong></span> <span class='ocrx_word' id='word_1_78' title='bbox 1162 1235 1278 1302; x_wconf 78' lang='lat' dir='ltr'><strong>ejus</strong></span> <span class='ocrx_word' id='word_1_79' title='bbox 1310 1233 1340 1284; x_wconf 95' lang='lat' dir='ltr'><strong>h</strong></span> <span class='ocrx_word' id='word_1_80' title='bbox 1365 1235 1530 1289; x_wconf 38' lang='lat' dir='ltr'><strong>ibe-ret</strong></span> <span class='ocrx_word' id='word_1_81' title='bbox 1559 1232 1859 1300; x_wconf 70' lang='lat' dir='ltr'><strong>ingres~um</strong></span> <span class='ocrx_word' id='word_1_82' title='bbox 1881 1271 1892 1288; x_wconf 89' lang='lat'><strong>,</strong></span> <span class='ocrx_word' id='word_1_83' title='bbox 1927 1242 1977 1280; x_wconf 77' lang='lat' dir='ltr'><strong>et</strong></span> <span class='ocrx_word' id='word_1_84' title='bbox 2007 1227 2194 1281; x_wconf 82' lang='lat' dir='ltr'><strong>:eterui</strong></span> 
     </span>
    </p>
   </div>
   <div class='ocr_carea' id='block_1_12' title="bbox 594 1321 2196 1394">
    <p class='ocr_par' dir='ltr' id='par_1_12' title="bbox 594 1321 2196 1394">
     <span class='ocr_line' id='line_1_12' title="bbox 594 1321 2196 1394; baseline -0.005 -12"><span class='ocrx_word' id='word_1_85' title='bbox 594 1328 828 1383; x_wconf 83' lang='lat' dir='ltr'><strong>nominis</strong></span> <span class='ocrx_word' id='word_1_86' title='bbox 847 1329 1252 1382; x_wconf 72' lang='lat' dir='ltr'><strong>tabernaculum</strong></span> <span class='ocrx_word' id='word_1_87' title='bbox 1275 1335 1301 1362; x_wconf 69' lang='grc'>⁸</span> <span class='ocrx_word' id='word_1_88' title='bbox 1319 1343 1384 1394; x_wconf 89' lang='lat' dir='ltr'><strong>po</strong></span> <span class='ocrx_word' id='word_1_89' title='bbox 1416 1325 1645 1387; x_wconf 75' lang='lat' dir='ltr'><strong>sideret,</strong></span> <span class='ocrx_word' id='word_1_90' title='bbox 1668 1323 2000 1391; x_wconf 72' lang='lat' dir='ltr'><strong>apostolatus</strong></span> <span class='ocrx_word' id='word_1_91' title='bbox 2017 1321 2196 1374; x_wconf 82' lang='lat' dir='ltr'><strong>Collati</strong></span> 
     </span>
    </p>
   </div>
   <div class='ocr_carea' id='block_1_13' title="bbox 597 1417 2197 1490">
    <p class='ocr_par' dir='ltr' id='par_1_13' title="bbox 597 1417 2197 1490">
     <span class='ocr_line' id='line_1_13' title="bbox 597 1417 2197 1490; baseline -0.006 -14"><span class='ocrx_word' id='word_1_92' title='bbox 597 1437 823 1477; x_wconf 89' lang='lat' dir='ltr'><strong>munere</strong></span> <span class='ocrx_word' id='word_1_93' title='bbox 863 1421 1190 1476; x_wconf 88' lang='lat' dir='ltr'><strong>dedicatum.</strong></span> <span class='ocrx_word' id='word_1_94' title='bbox 1226 1420 1367 1490; x_wconf 86' lang='lat' dir='ltr'><strong>Ergo</strong></span> <span class='ocrx_word' id='word_1_95' title='bbox 1400 1420 1492 1474; x_wconf 82' lang='lat' dir='ltr'><strong>ille</strong></span> <span class='ocrx_word' id='word_1_96' title='bbox 1524 1420 1674 1487; x_wconf 81' lang='lat' dir='ltr'><strong>qu;isi</strong></span> <span class='ocrx_word' id='word_1_97' title='bbox 1718 1417 1994 1486; x_wconf 85' lang='lat' dir='ltr'><strong>improbus</strong></span> <span class='ocrx_word' id='word_1_98' title='bbox 2034 1432 2197 1470; x_wconf 81' lang='lat' dir='ltr'><strong>usur-</strong></span> 
     </span>
    </p>
   </div>
   <div class='ocr_carea' id='block_1_14' title="bbox 598 1510 2200 1584">
    <p class='ocr_par' dir='ltr' id='par_1_14' title="bbox 598 1510 2200 1584">
     <span class='ocr_line' id='line_1_14' title="bbox 598 1510 2200 1584; baseline -0.004 -15"><span class='ocrx_word' id='word_1_99' title='bbox 598 1528 754 1584; x_wconf 83' lang='lat' dir='ltr'><strong>pator</strong></span> <span class='ocrx_word' id='word_1_100' title='bbox 786 1515 1025 1570; x_wconf 73' lang='lat' dir='ltr'><strong>concidit</strong></span> <span class='ocrx_word' id='word_1_101' title='bbox 1065 1515 1257 1583; x_wconf 84' lang='lat' dir='ltr'><strong>januas</strong></span> <span class='ocrx_word' id='word_1_102' title='bbox 1279 1556 1294 1580; x_wconf 89' lang='lat'><strong>,</strong></span> <span class='ocrx_word' id='word_1_103' title='bbox 1339 1523 1392 1565; x_wconf 95' lang='lat' dir='ltr'><strong>ut</strong></span> <span class='ocrx_word' id='word_1_104' title='bbox 1425 1513 1690 1566; x_wconf 69' lang='lat' dir='ltr'><strong>violentus</strong></span> <span class='ocrx_word' id='word_1_105' title='bbox 1721 1512 1983 1576; x_wconf 74' lang='lat' dir='ltr'><strong>introeat;</strong></span> <span class='ocrx_word' id='word_1_106' title='bbox 2017 1510 2200 1564; x_wconf 74' lang='lat' dir='ltr'><strong>Dolui-</strong></span> 
     </span>
    </p>
   </div>
   <div class='ocr_carea' id='block_1_15' title="bbox 596 1606 2198 1678">
    <p class='ocr_par' dir='ltr' id='par_1_15' title="bbox 596 1606 2198 1678">
     <span class='ocr_line' id='line_1_15' title="bbox 596 1606 2198 1678; baseline -0.004 -15"><span class='ocrx_word' id='word_1_107' title='bbox 596 1623 700 1663; x_wconf 89' lang='lat' dir='ltr'><strong>nus</strong></span> <span class='ocrx_word' id='word_1_108' title='bbox 744 1621 923 1664; x_wconf 76' lang='lat' dir='ltr'><strong>autem</strong></span> <span class='ocrx_word' id='word_1_109' title='bbox 963 1610 1112 1678; x_wconf 74' lang='lat' dir='ltr'><strong>quasi</strong></span> <span class='ocrx_word' id='word_1_110' title='bbox 1163 1608 1282 1676; x_wconf 85' lang='lat' dir='ltr'><strong>pius</strong></span> <span class='ocrx_word' id='word_1_111' title='bbox 1329 1607 1563 1661; x_wconf 88' lang='lat' dir='ltr'><strong>illustrat</strong></span> <span class='ocrx_word' id='word_1_112' title='bbox 1611 1606 1874 1668; x_wconf 83' lang='lat' dir='ltr'><strong>servulos,</strong></span> <span class='ocrx_word' id='word_1_113' title='bbox 1922 1614 1975 1659; x_wconf 76' lang='grc' dir='ltr'>(ιι</span> <span class='ocrx_word' id='word_1_114' title='bbox 2013 1619 2198 1658; x_wconf 80' lang='lat' dir='ltr'><strong>eorum</strong></span> 
     </span>
    </p>
   </div>
   <div class='ocr_carea' id='block_1_16' title="bbox 593 1698 2200 1773">
    <p class='ocr_par' dir='ltr' id='par_1_16' title="bbox 593 1698 2200 1773">
     <span class='ocr_line' id='line_1_16' title="bbox 593 1698 2200 1773; baseline -0.005 -15"><span class='ocrx_word' id='word_1_115' title='bbox 593 1701 929 1773; x_wconf 84' lang='lat' dir='ltr'><strong>fulgentibus</strong></span> <span class='ocrx_word' id='word_1_116' title='bbox 977 1702 1203 1766; x_wconf 89' lang='lat' dir='ltr'><strong>meritis,</strong></span> <span class='ocrx_word' id='word_1_117' title='bbox 1239 1711 1294 1756; x_wconf 86' lang='lat' dir='ltr'><strong>et</strong></span> <span class='ocrx_word' id='word_1_118' title='bbox 1334 1702 1579 1756; x_wconf 69' lang='lat' dir='ltr'><strong>claritate</strong></span> <span class='ocrx_word' id='word_1_119' title='bbox 1632 1702 1888 1754; x_wconf 87' lang='lat' dir='ltr'><strong>virtutum</strong></span> <span class='ocrx_word' id='word_1_120' title='bbox 1947 1698 2200 1754; x_wconf 75' lang='lat' dir='ltr'><strong>tenebras</strong></span> 
     </span>
    </p>
   </div>
   <div class='ocr_carea' id='block_1_17' title="bbox 593 1791 2201 1865">
    <p class='ocr_par' dir='ltr' id='par_1_17' title="bbox 593 1791 2201 1865">
     <span class='ocr_line' id='line_1_17' title="bbox 593 1791 2201 1865; baseline -0.002 -16"><span class='ocrx_word' id='word_1_121' title='bbox 593 1796 780 1850; x_wconf 89' lang='lat' dir='ltr'><strong>muttdi</strong></span> <span class='ocrx_word' id='word_1_122' title='bbox 811 1797 971 1865; x_wconf 86' lang='lat' dir='ltr'><strong>hujus</strong></span> <span class='ocrx_word' id='word_1_123' title='bbox 1001 1795 1289 1850; x_wconf 83' lang='lat' dir='ltr'><strong>illuminat.</strong></span> <span class='ocrx_word' id='word_1_124' title='bbox 1325 1795 1472 1850; x_wconf 90' lang='lat' dir='ltr'><strong>llauc</strong></span> <span class='ocrx_word' id='word_1_125' title='bbox 1502 1793 1706 1864; x_wconf 73' lang='lat' dir='ltr'><strong>pacifici</strong></span> <span class='ocrx_word' id='word_1_126' title='bbox 1737 1803 1899 1862; x_wconf 88' lang='lat' dir='ltr'><strong>atque</strong></span> <span class='ocrx_word' id='word_1_127' title='bbox 1927 1791 2201 1847; x_wconf 86' lang='lat' dir='ltr'><strong>mansoeti</strong></span> 
     </span>
    </p>
   </div>
   <div class='ocr_carea' id='block_1_18' title="bbox 2303 573 3895 645">
    <p class='ocr_par' dir='ltr' id='par_1_18' title="bbox 2303 573 3895 645">
     <span class='ocr_line' id='line_1_18' title="bbox 2303 573 3895 645; baseline -0.003 -16"><span class='ocrx_word' id='word_1_128' title='bbox 2303 585 2424 629; x_wconf 91' lang='lat' dir='ltr'><strong>runt</strong></span> <span class='ocrx_word' id='word_1_129' title='bbox 2451 575 2699 644; x_wconf 59' lang='lat' dir='ltr'><strong>corporis</strong></span> <span class='ocrx_word' id='word_1_130' title='bbox 2733 576 3042 645; x_wconf 87' lang='lat' dir='ltr'><strong>voluptates</strong></span> <span class='ocrx_word' id='word_1_131' title='bbox 3061 618 3074 638; x_wconf 92' lang='lat'><strong>,</strong></span> <span class='ocrx_word' id='word_1_132' title='bbox 3103 575 3253 628; x_wconf 90' lang='lat' dir='ltr'><strong>nullo</strong></span> <span class='ocrx_word' id='word_1_133' title='bbox 3276 589 3384 628; x_wconf 75' lang='lat' dir='ltr'><strong>eas</strong></span> <span class='ocrx_word' id='word_1_134' title='bbox 3417 573 3792 627; x_wconf 69' lang='lat' dir='ltr'><strong>moderamine</strong></span> <span class='ocrx_word' id='word_1_135' title='bbox 3817 592 3895 642; x_wconf 75' lang='lat' dir='ltr'><strong>gu-</strong></span> 
     </span>
    </p>
   </div>
   <div class='ocr_carea' id='block_1_19' title="bbox 2303 668 3896 738">
    <p class='ocr_par' dir='ltr' id='par_1_19' title="bbox 2303 668 3896 738">
     <span class='ocr_line' id='line_1_19' title="bbox 2303 668 3896 738; baseline 0.001 -16"><span class='ocrx_word' id='word_1_136' title='bbox 2303 670 2616 723; x_wconf 69' lang='lat' dir='ltr'><strong>berttautes.</strong></span> <span class='ocrx_word' id='word_1_137' title='bbox 2651 668 2803 724; x_wconf 85' lang='lat' dir='ltr'><strong>Unde</strong></span> <span class='ocrx_word' id='word_1_138' title='bbox 2834 680 2882 722; x_wconf 80' lang='lat' dir='ltr'><strong>et</strong></span> <span class='ocrx_word' id='word_1_139' title='bbox 2909 685 3225 724; x_wconf 51' lang='lat' dir='ltr'><strong>ascettsnres</strong></span> <span class='ocrx_word' id='word_1_140' title='bbox 3254 684 3364 723; x_wconf 84' lang='lat' dir='ltr'><strong>eos</strong></span> <span class='ocrx_word' id='word_1_141' title='bbox 3390 684 3564 738; x_wconf 80' lang='lat' dir='ltr'><strong>qttam</strong></span> <span class='ocrx_word' id='word_1_142' title='bbox 3599 668 3798 738; x_wconf 81' lang='lat' dir='ltr'><strong>equites</strong></span> <span class='ocrx_word' id='word_1_143' title='bbox 3829 671 3896 724; x_wconf 79' lang='lat' dir='ltr'><strong>vel</strong></span> 
     </span>
    </p>
   </div>
   <div class='ocr_carea' id='block_1_20' title="bbox 2302 763 3898 834">
    <p class='ocr_par' dir='ltr' id='par_1_20' title="bbox 2302 763 3898 834">
     <span class='ocr_line' id='line_1_20' title="bbox 2302 763 3898 834; baseline 0.001 -18"><span class='ocrx_word' id='word_1_144' title='bbox 2302 765 2594 833; x_wconf 69' lang='lat' dir='ltr'><strong>agitatores</strong></span> <span class='ocrx_word' id='word_1_145' title='bbox 2637 764 2828 817; x_wconf 88' lang='lat' dir='ltr'><strong>tualuit</strong></span> <span class='ocrx_word' id='word_1_146' title='bbox 2861 781 3189 834; x_wconf 78' lang='lat' dir='ltr'><strong>nuncupare.</strong></span> <span class='ocrx_word' id='word_1_147' title='bbox 3241 763 3520 834; x_wconf 77' lang='lat' dir='ltr'><strong>Agitator</strong></span> <span class='ocrx_word' id='word_1_148' title='bbox 3561 763 3758 817; x_wconf 88' lang='lat' dir='ltr'><strong>etenim</strong></span> <span class='ocrx_word' id='word_1_149' title='bbox 3800 780 3898 817; x_wconf 87' lang='lat' dir='ltr'><strong>cum</strong></span> 
     </span>
    </p>
   </div>
   <div class='ocr_carea' id='block_1_21' title="bbox 2303 855 3901 928">
    <p class='ocr_par' dir='ltr' id='par_1_21' title="bbox 2303 855 3901 928">
     <span class='ocr_line' id='line_1_21' title="bbox 2303 855 3901 928; baseline 0.001 -19"><span class='ocrx_word' id='word_1_150' title='bbox 2303 855 2583 924; x_wconf 72' lang='lat' dir='ltr'><strong>disciplina</strong></span> <span class='ocrx_word' id='word_1_151' title='bbox 2617 866 2671 910; x_wconf 85' lang='lat' dir='ltr'><strong>et</strong></span> <span class='ocrx_word' id='word_1_152' title='bbox 2697 867 2813 912; x_wconf 87' lang='lat' dir='ltr'><strong>arte</strong></span> <span class='ocrx_word' id='word_1_153' title='bbox 2846 874 2940 927; x_wconf 92' lang='lat' dir='ltr'><strong>pro</strong></span> <span class='ocrx_word' id='word_1_154' title='bbox 2968 874 3067 912; x_wconf 92' lang='lat' dir='ltr'><strong>suo</strong></span> <span class='ocrx_word' id='word_1_155' title='bbox 3103 874 3273 928; x_wconf 75' lang='lat' dir='ltr'><strong>equos</strong></span> <span class='ocrx_word' id='word_1_156' title='bbox 3328 857 3584 911; x_wconf 84' lang='lat' dir='ltr'><strong>arbitrio</strong></span> <span class='ocrx_word' id='word_1_157' title='bbox 3623 857 3814 928; x_wconf 79' lang='lat' dir='ltr'><strong>agitat,</strong></span> <span class='ocrx_word' id='word_1_158' title='bbox 3859 867 3901 911; x_wconf 90' lang='lat' dir='ltr'><strong>ut</strong></span> 
     </span>
    </p>
   </div>
   <div class='ocr_carea' id='block_1_22' title="bbox 2304 949 3901 1015">
    <p class='ocr_par' dir='ltr' id='par_1_22' title="bbox 2304 949 3901 1015">
     <span class='ocr_line' id='line_1_22' title="bbox 2304 949 3901 1015; baseline 0.001 -14"><span class='ocrx_word' id='word_1_159' title='bbox 2304 949 2387 1003; x_wconf 85' lang='lat' dir='ltr'><strong>vel</strong></span> <span class='ocrx_word' id='word_1_160' title='bbox 2438 962 2716 1004; x_wconf 77' lang='lat' dir='ltr'><strong>currentes</strong></span> <span class='ocrx_word' id='word_1_161' title='bbox 2764 951 2977 1015; x_wconf 89' lang='lat' dir='ltr'><strong>incitet,</strong></span> <span class='ocrx_word' id='word_1_162' title='bbox 3027 950 3111 1004; x_wconf 73' lang='lat' dir='ltr'><strong>vel</strong></span> <span class='ocrx_word' id='word_1_163' title='bbox 3157 951 3412 1005; x_wconf 63' lang='lat' dir='ltr'><strong>reﬂectat</strong></span> <span class='ocrx_word' id='word_1_164' title='bbox 3471 949 3805 1013; x_wconf 87' lang='lat' dir='ltr'><strong>indomitos,</strong></span> <span class='ocrx_word' id='word_1_165' title='bbox 3836 951 3901 1004; x_wconf 77' lang='lat' dir='ltr'><strong>vel</strong></span> 
     </span>
    </p>
   </div>
   <div class='ocr_carea' id='block_1_23' title="bbox 2305 1046 3903 1116">
    <p class='ocr_par' dir='ltr' id='par_1_23' title="bbox 2305 1046 3903 1116">
     <span class='ocr_line' id='line_1_23' title="bbox 2305 1046 3903 1116; baseline 0.001 -18"><span class='ocrx_word' id='word_1_166' title='bbox 2305 1054 2526 1099; x_wconf 88' lang='lat' dir='ltr'><strong>revocet</strong></span> <span class='ocrx_word' id='word_1_167' title='bbox 2558 1046 2828 1112; x_wconf 73' lang='lat' dir='ltr'><strong>fatigatos,</strong></span> <span class='ocrx_word' id='word_1_168' title='bbox 2878 1046 2960 1099; x_wconf 88' lang='lat' dir='ltr'><strong>vel</strong></span> <span class='ocrx_word' id='word_1_169' title='bbox 3001 1057 3322 1100; x_wconf 77' lang='lat' dir='ltr'><strong>mansuetos</strong></span> <span class='ocrx_word' id='word_1_170' title='bbox 3371 1060 3479 1116; x_wconf 91' lang='lat' dir='ltr'><strong>pro</strong></span> <span class='ocrx_word' id='word_1_171' title='bbox 3510 1059 3608 1098; x_wconf 83' lang='lat' dir='ltr'><strong>su-t</strong></span> <span class='ocrx_word' id='word_1_172' title='bbox 3660 1046 3903 1100; x_wconf 69' lang='lat' dir='ltr'><strong>volunLite</strong></span> 
     </span>
    </p>
   </div>
   <div class='ocr_carea' id='block_1_24' title="bbox 2305 1138 3903 1207">
    <p class='ocr_par' dir='ltr' id='par_1_24' title="bbox 2305 1138 3903 1207">
     <span class='ocr_line' id='line_1_24' title="bbox 2305 1138 3903 1207; baseline -0.001 -15"><span class='ocrx_word' id='word_1_173' title='bbox 2305 1149 2606 1192; x_wconf 79' lang='lat' dir='ltr'><strong>convertat.</strong></span> <span class='ocrx_word' id='word_1_174' title='bbox 2659 1138 2810 1194; x_wconf 88' lang='lat' dir='ltr'><strong>Umle</strong></span> <span class='ocrx_word' id='word_1_175' title='bbox 2859 1156 2980 1192; x_wconf 74' lang='lat' dir='ltr'><strong>eum</strong></span> <span class='ocrx_word' id='word_1_176' title='bbox 3034 1140 3382 1207; x_wconf 80' lang='lat' dir='ltr'><strong>reciperetur</strong></span> <span class='ocrx_word' id='word_1_177' title='bbox 3437 1138 3635 1202; x_wconf 79' lang='lat' dir='ltr'><strong>Elias,</strong></span> <span class='ocrx_word' id='word_1_178' title='bbox 3679 1150 3731 1191; x_wconf 86' lang='lat' dir='ltr'><strong>et</strong></span> <span class='ocrx_word' id='word_1_179' title='bbox 3774 1153 3903 1191; x_wconf 75' lang='lat' dir='ltr'><strong>curru</strong></span> 
     </span>
    </p>
   </div>
   <div class='ocr_carea' id='block_1_25' title="bbox 2304 1229 3901 1299">
    <p class='ocr_par' dir='ltr' id='par_1_25' title="bbox 2304 1229 3901 1299">
     <span class='ocr_line' id='line_1_25' title="bbox 2304 1229 3901 1299; baseline 0.002 -17"><span class='ocrx_word' id='word_1_180' title='bbox 2304 1247 2454 1299; x_wconf 79' lang='lat' dir='ltr'><strong>quas:</strong></span> <span class='ocrx_word' id='word_1_181' title='bbox 2479 1231 2543 1284; x_wconf 88' lang='lat' dir='ltr'><strong>ad</strong></span> <span class='ocrx_word' id='word_1_182' title='bbox 2570 1232 2764 1286; x_wconf 64' lang='lat' dir='ltr'><strong>«mlum</strong></span> <span class='ocrx_word' id='word_1_183' title='bbox 2798 1231 3050 1293; x_wconf 77' lang='lat' dir='ltr'><strong>ferretur,</strong></span> <span class='ocrx_word' id='word_1_184' title='bbox 3097 1232 3359 1286; x_wconf 82' lang='lat' dir='ltr'><strong>clamavit</strong></span> <span class='ocrx_word' id='word_1_185' title='bbox 3401 1230 3474 1284; x_wconf 88' lang='lat' dir='ltr'><strong>ad</strong></span> <span class='ocrx_word' id='word_1_186' title='bbox 3509 1246 3640 1284; x_wconf 80' lang='lat' dir='ltr'><strong>eum</strong></span> <span class='ocrx_word' id='word_1_187' title='bbox 3669 1229 3901 1284; x_wconf 65' lang='lat' dir='ltr'><strong>Elismus:</strong></span> 
     </span>
    </p>
   </div>
   <div class='ocr_carea' id='block_1_26' title="bbox 2311 1321 3900 1392">
    <p class='ocr_par' dir='ltr' id='par_1_26' title="bbox 2311 1321 3900 1392">
     <span class='ocr_line' id='line_1_26' title="bbox 2311 1321 3900 1392; baseline 0 -16"><span class='ocrx_word' id='word_1_188' title='bbox 2311 1325 2486 1380; x_wconf 69' lang='lat' dir='ltr'><strong>l‘atrr.</strong></span> <span class='ocrx_word' id='word_1_189' title='bbox 2519 1337 2683 1390; x_wconf 80' lang='lat' dir='ltr'><strong>pater,</strong></span> <span class='ocrx_word' id='word_1_190' title='bbox 2708 1325 2929 1392; x_wconf 74' lang='lat' dir='ltr'><strong>agitator</strong></span> <span class='ocrx_word' id='word_1_191' title='bbox 2959 1324 3150 1388; x_wconf 84' lang='lat' dir='ltr'><strong>Israel,</strong></span> <span class='ocrx_word' id='word_1_192' title='bbox 3179 1335 3224 1378; x_wconf 83' lang='lat' dir='ltr'><strong>et</strong></span> <span class='ocrx_word' id='word_1_193' title='bbox 3247 1341 3412 1392; x_wconf 83' lang='lat' dir='ltr'><strong>eques</strong></span> <span class='ocrx_word' id='word_1_194' title='bbox 3446 1324 3628 1391; x_wconf 78' lang='lat' dir='ltr'><strong>ipsius</strong></span> <span class='ocrx_word' id='word_1_195' title='bbox 3668 1321 3767 1391; x_wconf 72' lang='grc' dir='ltr'><strong>(ιν</strong></span> <span class='ocrx_word' id='word_1_196' title='bbox 3801 1321 3900 1392; x_wconf 78' lang='lat' dir='ltr'><strong>Rrg.</strong></span> 
     </span>
    </p>
   </div>
   <div class='ocr_carea' id='block_1_27' title="bbox 2307 1416 3901 1488">
    <p class='ocr_par' dir='ltr' id='par_1_27' title="bbox 2307 1416 3901 1488">
     <span class='ocr_line' id='line_1_27' title="bbox 2307 1416 3901 1488; baseline -0.002 -16"><span class='ocrx_word' id='word_1_197' title='bbox 2307 1435 2373 1478; x_wconf 85' lang='lat' dir='ltr'><strong>tl,</strong></span> <span class='ocrx_word' id='word_1_198' title='bbox 2417 1419 2531 1487; x_wconf 64' lang='lat' dir='ltr'><strong>l2),</strong></span> <span class='ocrx_word' id='word_1_199' title='bbox 2570 1419 2672 1473; x_wconf 77' lang='lat' dir='ltr'><strong>hoc</strong></span> <span class='ocrx_word' id='word_1_200' title='bbox 2695 1430 2810 1484; x_wconf 85' lang='lat' dir='ltr'><strong>est,</strong></span> <span class='ocrx_word' id='word_1_201' title='bbox 2855 1417 2947 1488; x_wconf 91' lang='lat' dir='ltr'><strong>qui</strong></span> <span class='ocrx_word' id='word_1_202' title='bbox 2989 1421 3248 1488; x_wconf 83' lang='lat' dir='ltr'><strong>pupulum</strong></span> <span class='ocrx_word' id='word_1_203' title='bbox 3302 1419 3539 1472; x_wconf 80' lang='lat' dir='ltr'><strong>Domini</strong></span> <span class='ocrx_word' id='word_1_204' title='bbox 3596 1416 3740 1471; x_wconf 83' lang='lat' dir='ltr'><strong>batio</strong></span> <span class='ocrx_word' id='word_1_205' title='bbox 3776 1417 3901 1470; x_wconf 81' lang='lat' dir='ltr'><strong>ductu</strong></span> 
     </span>
    </p>
   </div>
   <div class='ocr_carea' id='block_1_28' title="bbox 2307 1510 3903 1582">
    <p class='ocr_par' dir='ltr' id='par_1_28' title="bbox 2307 1510 3903 1582">
     <span class='ocr_line' id='line_1_28' title="bbox 2307 1510 3903 1582; baseline -0.003 -16"><span class='ocrx_word' id='word_1_206' title='bbox 2307 1516 2555 1582; x_wconf 76' lang='lat' dir='ltr'><strong>regehas,</strong></span> <span class='ocrx_word' id='word_1_207' title='bbox 2581 1515 2902 1566; x_wconf 73' lang='lat' dir='ltr'><strong>constantim</strong></span> <span class='ocrx_word' id='word_1_208' title='bbox 2932 1513 3130 1566; x_wconf 89' lang='lat' dir='ltr'><strong>merito</strong></span> <span class='ocrx_word' id='word_1_209' title='bbox 3161 1513 3259 1565; x_wconf 85' lang='lat' dir='ltr'><strong>hos</strong></span> <span class='ocrx_word' id='word_1_210' title='bbox 3284 1510 3572 1578; x_wconf 70' lang='lat' dir='ltr'><strong>accepi~ti</strong></span> <span class='ocrx_word' id='word_1_211' title='bbox 3600 1526 3806 1572; x_wconf 75' lang='lat' dir='ltr'><strong>currus,</strong></span> <span class='ocrx_word' id='word_1_212' title='bbox 3834 1510 3903 1562; x_wconf 82' lang='lat' dir='ltr'><strong>hos</strong></span> 
     </span>
    </p>
   </div>
   <div class='ocr_carea' id='block_1_29' title="bbox 2307 1604 3901 1676">
    <p class='ocr_par' dir='ltr' id='par_1_29' title="bbox 2307 1604 3901 1676">
     <span class='ocr_line' id='line_1_29' title="bbox 2307 1604 3901 1676; baseline 0 -18"><span class='ocrx_word' id='word_1_213' title='bbox 2307 1623 2475 1676; x_wconf 76' lang='lat' dir='ltr'><strong>equos</strong></span> <span class='ocrx_word' id='word_1_214' title='bbox 2503 1608 2566 1658; x_wconf 88' lang='lat' dir='ltr'><strong>ad</strong></span> <span class='ocrx_word' id='word_1_215' title='bbox 2593 1607 2772 1660; x_wconf 82' lang='lat' dir='ltr'><strong>divina</strong></span> <span class='ocrx_word' id='word_1_216' title='bbox 2806 1618 3111 1671; x_wconf 74' lang='lat' dir='ltr'><strong>currentes,</strong></span> <span class='ocrx_word' id='word_1_217' title='bbox 3137 1608 3260 1674; x_wconf 83' lang='lat' dir='ltr'><strong>quia</strong></span> <span class='ocrx_word' id='word_1_218' title='bbox 3291 1607 3722 1660; x_wconf 70' lang='lat' dir='ltr'><strong>moderatorem</strong></span> <span class='ocrx_word' id='word_1_219' title='bbox 3755 1614 3802 1660; x_wconf 88' lang='lat' dir='ltr'><strong>te</strong></span> <span class='ocrx_word' id='word_1_220' title='bbox 3832 1604 3901 1658; x_wconf 87' lang='lat' dir='ltr'><strong>hu-</strong></span> 
     </span>
    </p>
   </div>
   <div class='ocr_carea' id='block_1_30' title="bbox 2310 1696 3900 1769">
    <p class='ocr_par' dir='ltr' id='par_1_30' title="bbox 2310 1696 3900 1769">
     <span class='ocr_line' id='line_1_30' title="bbox 2310 1696 3900 1769; baseline -0.001 -18"><span class='ocrx_word' id='word_1_221' title='bbox 2310 1713 2592 1752; x_wconf 72' lang='lat' dir='ltr'><strong>manarum</strong></span> <span class='ocrx_word' id='word_1_222' title='bbox 2638 1699 2894 1752; x_wconf 84' lang='lat' dir='ltr'><strong>mentium</strong></span> <span class='ocrx_word' id='word_1_223' title='bbox 2939 1697 3200 1752; x_wconf 65' lang='lat' dir='ltr'><strong>Duniinus</strong></span> <span class='ocrx_word' id='word_1_224' title='bbox 3240 1696 3679 1769; x_wconf 70' lang='lat' dir='ltr'><strong>comprobaiit;</strong></span> <span class='ocrx_word' id='word_1_225' title='bbox 3726 1708 3777 1752; x_wconf 90' lang='lat' dir='ltr'><strong>et</strong></span> <span class='ocrx_word' id='word_1_226' title='bbox 3813 1697 3900 1751; x_wconf 78' lang='lat' dir='ltr'><strong>ideo</strong></span> 
     </span>
    </p>
   </div>
   <div class='ocr_carea' id='block_1_31' title="bbox 2311 1792 3898 1862">
    <p class='ocr_par' dir='ltr' id='par_1_31' title="bbox 2311 1792 3898 1862">
     <span class='ocr_line' id='line_1_31' title="bbox 2311 1792 3898 1862; baseline -0.001 -16"><span class='ocrx_word' id='word_1_227' title='bbox 2311 1801 2579 1862; x_wconf 84' lang='lat' dir='ltr'><strong>tamquam</strong></span> <span class='ocrx_word' id='word_1_228' title='bbox 2632 1792 2806 1846; x_wconf 89' lang='lat' dir='ltr'><strong>bonus</strong></span> <span class='ocrx_word' id='word_1_229' title='bbox 2854 1792 3082 1860; x_wconf 77' lang='lat' dir='ltr'><strong>auriga,</strong></span> <span class='ocrx_word' id='word_1_230' title='bbox 3130 1793 3463 1846; x_wconf 87' lang='lat' dir='ltr'><strong>certaminis</strong></span> <span class='ocrx_word' id='word_1_231' title='bbox 3512 1792 3694 1846; x_wconf 86' lang='lat' dir='ltr'><strong>victor</strong></span> <span class='ocrx_word' id='word_1_232' title='bbox 3733 1798 3898 1845; x_wconf 63' lang='lat' dir='ltr'><strong>a&#39;terno</strong></span> 
     </span>
    </p>
   </div>
   <div class='ocr_carea' id='block_1_32' title="bbox 597 1887 3899 1960">
    <p class='ocr_par' dir='ltr' id='par_1_32' title="bbox 597 1887 3899 1960">
     <span class='ocr_line' id='line_1_32' title="bbox 597 1887 3899 1960; baseline -0.002 -16"><span class='ocrx_word' id='word_1_233' title='bbox 597 1888 803 1944; x_wconf 85' lang='lat' dir='ltr'><strong>habent</strong></span> <span class='ocrx_word' id='word_1_234' title='bbox 827 1890 970 1956; x_wconf 85' lang='lat' dir='ltr'><strong>apud</strong></span> <span class='ocrx_word' id='word_1_235' title='bbox 1003 1890 1169 1944; x_wconf 89' lang='lat' dir='ltr'><strong>Deum</strong></span> <span class='ocrx_word' id='word_1_236' title='bbox 1197 1890 1451 1960; x_wconf 88' lang='lat' dir='ltr'><strong>gratiam,</strong></span> <span class='ocrx_word' id='word_1_237' title='bbox 1481 1889 1659 1942; x_wconf 88' lang='lat' dir='ltr'><strong>sobria</strong></span> <span class='ocrx_word' id='word_1_238' title='bbox 1695 1887 1891 1941; x_wconf 88' lang='lat' dir='ltr'><strong>mentis</strong></span> <span class='ocrx_word' id='word_1_239' title='bbox 1919 1903 2028 1939; x_wconf 74' lang='lat' dir='ltr'><strong>stre</strong></span> <span class='ocrx_word' id='word_1_240' title='bbox 2052 1895 2196 1940; x_wconf 89' lang='lat' dir='ltr'><strong>trau-</strong></span> <span class='ocrx_word' id='word_1_241' title='bbox 2229 1893 2276 1954; x_wconf 80' lang='grc' dir='ltr'><strong>Β</strong></span> <span class='ocrx_word' id='word_1_242' title='bbox 2304 1891 2527 1959; x_wconf 70' lang='grc' dir='ltr'><strong>ριτυηιὶυ</strong></span> <span class='ocrx_word' id='word_1_243' title='bbox 2549 1889 2856 1944; x_wconf 89' lang='lat' dir='ltr'><strong>coronaris.</strong></span> <span class='ocrx_word' id='word_1_244' title='bbox 2884 1889 2939 1943; x_wconf 89' lang='lat' dir='ltr'><strong>lu</strong></span> <span class='ocrx_word' id='word_1_245' title='bbox 2967 1888 3216 1942; x_wconf 84' lang='lat' dir='ltr'><strong>llahacuc</strong></span> <span class='ocrx_word' id='word_1_246' title='bbox 3258 1905 3498 1959; x_wconf 87' lang='lat' dir='ltr'><strong>quoque</strong></span> <span class='ocrx_word' id='word_1_247' title='bbox 3531 1887 3792 1957; x_wconf 83' lang='lat' dir='ltr'><strong>propheta</strong></span> <span class='ocrx_word' id='word_1_248' title='bbox 3817 1887 3899 1939; x_wconf 75' lang='lat' dir='ltr'><strong>lec~</strong></span> 
     </span>
    </p>
   </div>
   <div class='ocr_carea' id='block_1_33' title="bbox 591 1979 2199 2052">
    <p class='ocr_par' dir='ltr' id='par_1_33' title="bbox 591 1979 2199 2052">
     <span class='ocr_line' id='line_1_33' title="bbox 591 1979 2199 2052; baseline -0.003 -18"><span class='ocrx_word' id='word_1_249' title='bbox 591 1981 859 2052; x_wconf 86' lang='lat' dir='ltr'><strong>quillilate</strong></span> <span class='ocrx_word' id='word_1_250' title='bbox 885 1981 1122 2048; x_wconf 77' lang='lat' dir='ltr'><strong>fundati;</strong></span> <span class='ocrx_word' id='word_1_251' title='bbox 1149 1981 1470 2049; x_wconf 86' lang='lat' dir='ltr'><strong>insipientes</strong></span> <span class='ocrx_word' id='word_1_252' title='bbox 1491 1996 1669 2036; x_wconf 87' lang='lat' dir='ltr'><strong>autem</strong></span> <span class='ocrx_word' id='word_1_253' title='bbox 1695 1981 1861 2035; x_wconf 76' lang='lat' dir='ltr'><strong>corde</strong></span> <span class='ocrx_word' id='word_1_254' title='bbox 1891 1979 2199 2042; x_wconf 70' lang='lat' dir='ltr'><strong>turbantur,</strong></span> 
     </span>
    </p>
   </div>
   <div class='ocr_carea' id='block_1_34' title="bbox 597 2071 2202 2144">
    <p class='ocr_par' dir='ltr' id='par_1_34' title="bbox 597 2071 2202 2144">
     <span class='ocr_line' id='line_1_34' title="bbox 597 2071 2202 2144; baseline -0.005 -14"><span class='ocrx_word' id='word_1_255' title='bbox 597 2081 654 2130; x_wconf 88' lang='lat' dir='ltr'><strong>et</strong></span> <span class='ocrx_word' id='word_1_256' title='bbox 684 2074 786 2144; x_wconf 87' lang='lat' dir='ltr'><strong>ipsi</strong></span> <span class='ocrx_word' id='word_1_257' title='bbox 816 2074 913 2130; x_wconf 86' lang='lat' dir='ltr'><strong>sibi</strong></span> <span class='ocrx_word' id='word_1_258' title='bbox 940 2083 1064 2130; x_wconf 90' lang='lat' dir='ltr'><strong>sunt</strong></span> <span class='ocrx_word' id='word_1_259' title='bbox 1092 2075 1326 2144; x_wconf 70' lang='lat' dir='ltr'><strong>propria:</strong></span> <span class='ocrx_word' id='word_1_260' title='bbox 1361 2073 1740 2144; x_wconf 80' lang='lat' dir='ltr'><strong>exagitatiouis</strong></span> <span class='ocrx_word' id='word_1_261' title='bbox 1763 2081 2045 2136; x_wconf 88' lang='lat' dir='ltr'><strong>auctores;</strong></span> <span class='ocrx_word' id='word_1_262' title='bbox 2079 2071 2202 2138; x_wconf 86' lang='lat' dir='ltr'><strong>quia</strong></span> 
     </span>
    </p>
   </div>
   <div class='ocr_carea' id='block_1_35' title="bbox 596 2163 2203 2236">
    <p class='ocr_par' dir='ltr' id='par_1_35' title="bbox 596 2163 2203 2236">
     <span class='ocr_line' id='line_1_35' title="bbox 596 2163 2203 2236; baseline -0.001 -16"><span class='ocrx_word' id='word_1_263' title='bbox 596 2165 994 2222; x_wconf 87' lang='lat' dir='ltr'><strong>desideriorum</strong></span> <span class='ocrx_word' id='word_1_264' title='bbox 1020 2182 1241 2223; x_wconf 91' lang='lat' dir='ltr'><strong>suorum</strong></span> <span class='ocrx_word' id='word_1_265' title='bbox 1263 2179 1397 2223; x_wconf 70' lang='lat' dir='ltr'><strong>{leu</strong></span> <span class='ocrx_word' id='word_1_266' title='bbox 1421 2169 1730 2233; x_wconf 89' lang='lat' dir='ltr'><strong>volvuntur,</strong></span> <span class='ocrx_word' id='word_1_267' title='bbox 1756 2173 1811 2221; x_wconf 87' lang='lat' dir='ltr'><strong>et</strong></span> <span class='ocrx_word' id='word_1_268' title='bbox 1831 2163 2064 2236; x_wconf 84' lang='lat' dir='ltr'><strong>quodam</strong></span> <span class='ocrx_word' id='word_1_269' title='bbox 2087 2163 2203 2218; x_wconf 85' lang='lat' dir='ltr'><strong>salo</strong></span> 
     </span>
    </p>
   </div>
   <div class='ocr_carea' id='block_1_36' title="bbox 595 2256 882 2316">
    <p class='ocr_par' dir='ltr' id='par_1_36' title="bbox 595 2256 882 2316">
     <span class='ocr_line' id='line_1_36' title="bbox 595 2256 882 2316; baseline 0 -2"><span class='ocrx_word' id='word_1_270' title='bbox 595 2256 882 2316; x_wconf 83' lang='lat' dir='ltr'><strong>ﬂuctuant.</strong></span> 
     </span>
    </p>
   </div>
   <div class='ocr_carea' id='block_1_37' title="bbox 1205 2375 1592 2434">
    <p class='ocr_par' dir='ltr' id='par_1_37' title="bbox 1205 2375 1592 2434">
     <span class='ocr_line' id='line_1_37' title="bbox 1205 2375 1592 2434; baseline -0.008 0"><span class='ocrx_word' id='word_1_271' title='bbox 1205 2377 1432 2434; x_wconf 83' lang='lat' dir='ltr'><strong>CAPUT</strong></span> <span class='ocrx_word' id='word_1_272' title='bbox 1472 2375 1592 2432; x_wconf 79' lang='lat' dir='ltr'><strong>XV.</strong></span> 
     </span>
    </p>
   </div>
   <div class='ocr_carea' id='block_1_38' title="bbox 602 2510 2200 2582">
    <p class='ocr_par' dir='ltr' id='par_1_38' title="bbox 602 2510 2200 2582">
     <span class='ocr_line' id='line_1_38' title="bbox 602 2510 2200 2582; baseline 0 -14"><span class='ocrx_word' id='word_1_273' title='bbox 602 2513 702 2582; x_wconf 84' lang='lat' dir='ltr'><strong>Qui</strong></span> <span class='ocrx_word' id='word_1_274' title='bbox 727 2510 924 2568; x_wconf 83' lang='lat' dir='ltr'><strong>divitiis</strong></span> <span class='ocrx_word' id='word_1_275' title='bbox 950 2514 1030 2568; x_wconf 87' lang='lat' dir='ltr'><strong>uti</strong></span> <span class='ocrx_word' id='word_1_276' title='bbox 1055 2529 1159 2568; x_wconf 87' lang='lat' dir='ltr'><strong>non</strong></span> <span class='ocrx_word' id='word_1_277' title='bbox 1190 2514 1456 2579; x_wconf 84' lang='lat' dir='ltr'><strong>noverint,</strong></span> <span class='ocrx_word' id='word_1_278' title='bbox 1498 2529 1586 2567; x_wconf 87' lang='lat' dir='ltr'><strong>eos</strong></span> <span class='ocrx_word' id='word_1_279' title='bbox 1618 2512 1831 2566; x_wconf 88' lang='lat' dir='ltr'><strong>illarum</strong></span> <span class='ocrx_word' id='word_1_280' title='bbox 1857 2527 2028 2567; x_wconf 85' lang='lat' dir='ltr'><strong>servos</strong></span> <span class='ocrx_word' id='word_1_281' title='bbox 2055 2512 2166 2568; x_wconf 73' lang='lat' dir='ltr'><strong>esse</strong></span> <span class='ocrx_word' id='word_1_282' title='bbox 2185 2554 2200 2579; x_wconf 91' lang='lat'><strong>,</strong></span> 
     </span>
    </p>
   </div>
   <div class='ocr_carea' id='block_1_39' title="bbox 670 2605 2206 2672">
    <p class='ocr_par' dir='ltr' id='par_1_39' title="bbox 670 2605 2206 2672">
     <span class='ocr_line' id='line_1_39' title="bbox 670 2605 2206 2672; baseline -0.001 -12"><span class='ocrx_word' id='word_1_283' title='bbox 670 2623 733 2661; x_wconf 86' lang='lat' dir='ltr'><strong>ac</strong></span> <span class='ocrx_word' id='word_1_284' title='bbox 777 2607 1003 2661; x_wconf 85' lang='lat' dir='ltr'><strong>dormire</strong></span> <span class='ocrx_word' id='word_1_285' title='bbox 1041 2622 1277 2662; x_wconf 87' lang='lat' dir='ltr'><strong>sonmum</strong></span> <span class='ocrx_word' id='word_1_286' title='bbox 1319 2623 1491 2659; x_wconf 87' lang='lat' dir='ltr'><strong>suum.</strong></span> <span class='ocrx_word' id='word_1_287' title='bbox 1540 2605 1763 2672; x_wconf 83' lang='lat' dir='ltr'><strong>Quando</strong></span> <span class='ocrx_word' id='word_1_288' title='bbox 1809 2607 1981 2660; x_wconf 90' lang='lat' dir='ltr'><strong>anima</strong></span> <span class='ocrx_word' id='word_1_289' title='bbox 2021 2623 2206 2659; x_wconf 88' lang='lat' dir='ltr'><strong>currus</strong></span> 
     </span>
    </p>
   </div>
   <div class='ocr_carea' id='block_1_40' title="bbox 673 2698 2207 2771">
    <p class='ocr_par' dir='ltr' id='par_1_40' title="bbox 673 2698 2207 2771">
     <span class='ocr_line' id='line_1_40' title="bbox 673 2698 2207 2771; baseline 0.001 -19"><span class='ocrx_word' id='word_1_290' title='bbox 673 2698 881 2754; x_wconf 81' lang='lat' dir='ltr'><strong>dicatur</strong></span> <span class='ocrx_word' id='word_1_291' title='bbox 907 2709 955 2753; x_wconf 89' lang='lat' dir='ltr'><strong>et</strong></span> <span class='ocrx_word' id='word_1_292' title='bbox 990 2715 1112 2753; x_wconf 90' lang='lat' dir='ltr'><strong>caro</strong></span> <span class='ocrx_word' id='word_1_293' title='bbox 1152 2716 1313 2769; x_wconf 80' lang='lat' dir='ltr'><strong>equus</strong></span> <span class='ocrx_word' id='word_1_294' title='bbox 1340 2700 1512 2771; x_wconf 81' lang='lat' dir='ltr'><strong>vigore</strong></span> <span class='ocrx_word' id='word_1_295' title='bbox 1544 2702 1725 2754; x_wconf 82' lang='lat' dir='ltr'><strong>mentis</strong></span> <span class='ocrx_word' id='word_1_296' title='bbox 1762 2699 2038 2769; x_wconf 84' lang='lat' dir='ltr'><strong>agitandus</strong></span> <span class='ocrx_word' id='word_1_297' title='bbox 2067 2715 2085 2754; x_wconf 92' lang='lat'><em>:</em></span> <span class='ocrx_word' id='word_1_298' title='bbox 2121 2701 2207 2753; x_wconf 85' lang='lat' dir='ltr'><strong>ubi</strong></span> 
     </span>
    </p>
   </div>
   <div class='ocr_carea' id='block_1_41' title="bbox 673 2790 2207 2864">
    <p class='ocr_par' dir='ltr' id='par_1_41' title="bbox 673 2790 2207 2864">
     <span class='ocr_line' id='line_1_41' title="bbox 673 2790 2207 2864; baseline 0.001 -20"><span class='ocrx_word' id='word_1_299' title='bbox 673 2790 801 2860; x_wconf 82' lang='lat' dir='ltr'><strong>quid</strong></span> <span class='ocrx_word' id='word_1_300' title='bbox 827 2792 960 2845; x_wconf 83' lang='lat' dir='ltr'><strong>inter</strong></span> <span class='ocrx_word' id='word_1_301' title='bbox 985 2792 1323 2864; x_wconf 84' lang='lat' dir='ltr'><strong>agitatorem,</strong></span> <span class='ocrx_word' id='word_1_302' title='bbox 1357 2793 1579 2862; x_wconf 83' lang='lat' dir='ltr'><strong>equitem</strong></span> <span class='ocrx_word' id='word_1_303' title='bbox 1609 2802 1762 2863; x_wconf 85' lang='lat' dir='ltr'><strong>atque</strong></span> <span class='ocrx_word' id='word_1_304' title='bbox 1790 2807 2113 2848; x_wconf 70' lang='lat' dir='ltr'><strong>ascensorem</strong></span> <span class='ocrx_word' id='word_1_305' title='bbox 2139 2792 2207 2847; x_wconf 87' lang='lat' dir='ltr'><strong>sit</strong></span> 
     </span>
    </p>
   </div>
   <div class='ocr_carea' id='block_1_42' title="bbox 675 2884 1379 2956">
    <p class='ocr_par' dir='ltr' id='par_1_42' title="bbox 675 2884 1379 2956">
     <span class='ocr_line' id='line_1_42' title="bbox 675 2884 1379 2956; baseline 0.004 -19"><span class='ocrx_word' id='word_1_306' title='bbox 675 2884 992 2940; x_wconf 87' lang='lat' dir='ltr'><strong>discriminis</strong></span> <span class='ocrx_word' id='word_1_307' title='bbox 1005 2926 1023 2954; x_wconf 88' lang='lat'><strong>,</strong></span> <span class='ocrx_word' id='word_1_308' title='bbox 1051 2887 1379 2956; x_wconf 72' lang='lat' dir='ltr'><strong>expenditur.</strong></span> 
     </span>
    </p>
   </div>
   <div class='ocr_carea' id='block_1_43' title="bbox 673 3000 2210 3075">
    <p class='ocr_par' dir='ltr' id='par_1_43' title="bbox 673 3000 2210 3075">
     <span class='ocr_line' id='line_1_43' title="bbox 673 3000 2210 3075; baseline 0.001 -18"><span class='ocrx_word' id='word_1_309' title='bbox 673 3000 771 3057; x_wconf 78' lang='lat'><strong>63.</strong></span> <span class='ocrx_word' id='word_1_310' title='bbox 813 3001 912 3069; x_wconf 81' lang='lat' dir='ltr'><strong>Qui</strong></span> <span class='ocrx_word' id='word_1_311' title='bbox 942 3013 1122 3058; x_wconf 90' lang='lat' dir='ltr'><strong>autem</strong></span> <span class='ocrx_word' id='word_1_312' title='bbox 1154 3005 1263 3059; x_wconf 90' lang='lat' dir='ltr'><strong>sint</strong></span> <span class='ocrx_word' id='word_1_313' title='bbox 1309 3004 1425 3068; x_wconf 92' lang='lat' dir='ltr'><strong>isti,</strong></span> <span class='ocrx_word' id='word_1_314' title='bbox 1462 3002 1734 3072; x_wconf 83' lang='lat' dir='ltr'><strong>Propheta</strong></span> <span class='ocrx_word' id='word_1_315' title='bbox 1763 3004 2087 3075; x_wconf 87' lang='lat' dir='ltr'><strong>significavit</strong></span> <span class='ocrx_word' id='word_1_316' title='bbox 2114 3021 2210 3060; x_wconf 81' lang='lat' dir='ltr'><strong>cx-</strong></span> 
     </span>
    </p>
   </div>
   <div class='ocr_carea' id='block_1_44' title="bbox 599 3094 2200 3169">
    <p class='ocr_par' dir='ltr' id='par_1_44' title="bbox 599 3094 2200 3169">
     <span class='ocr_line' id='line_1_44' title="bbox 599 3094 2200 3169; baseline 0.002 -20"><span class='ocrx_word' id='word_1_317' title='bbox 599 3109 790 3164; x_wconf 83' lang='lat' dir='ltr'><strong>presse</strong></span> <span class='ocrx_word' id='word_1_318' title='bbox 810 3095 1077 3152; x_wconf 89' lang='lat' dir='ltr'><strong>dicendo:</strong></span> <span class='ocrx_word' id='word_1_319' title='bbox 1101 3094 1291 3152; x_wconf 87' lang='lat' dir='ltr'><strong>Omnes</strong></span> <span class='ocrx_word' id='word_1_320' title='bbox 1315 3097 1410 3151; x_wconf 84' lang='lat' dir='ltr'><strong>viri</strong></span> <span class='ocrx_word' id='word_1_321' title='bbox 1433 3097 1752 3166; x_wconf 81' lang='lat' dir='ltr'><strong>diritiarum(</strong></span> <span class='ocrx_word' id='word_1_322' title='bbox 1767 3096 1908 3153; x_wconf 82' lang='lat' dir='ltr'><strong>Psal.</strong></span> <span class='ocrx_word' id='word_1_323' title='bbox 1929 3113 2108 3159; x_wconf 81' lang='lat' dir='ltr'><strong>Lxxv.,</strong></span> <span class='ocrx_word' id='word_1_324' title='bbox 2125 3097 2200 3169; x_wconf 84' lang='lat'><strong>6);</strong></span> 
     </span>
    </p>
   </div>
   <div class='ocr_carea' id='block_1_45' title="bbox 601 3189 2203 3260">
    <p class='ocr_par' dir='ltr' id='par_1_45' title="bbox 601 3189 2203 3260">
     <span class='ocr_line' id='line_1_45' title="bbox 601 3189 2203 3260; baseline 0.001 -16"><span class='ocrx_word' id='word_1_325' title='bbox 601 3203 793 3245; x_wconf 86' lang='lat' dir='ltr'><strong>omnes</strong></span> <span class='ocrx_word' id='word_1_326' title='bbox 816 3189 988 3254; x_wconf 81' lang='lat' dir='ltr'><strong>dixit,</strong></span> <span class='ocrx_word' id='word_1_327' title='bbox 1029 3190 1242 3246; x_wconf 90' lang='lat' dir='ltr'><strong>nullum</strong></span> <span class='ocrx_word' id='word_1_328' title='bbox 1275 3192 1508 3260; x_wconf 63' lang='lat' dir='ltr'><strong>excepit.</strong></span> <span class='ocrx_word' id='word_1_329' title='bbox 1544 3191 1609 3246; x_wconf 86' lang='lat' dir='ltr'><strong>Et</strong></span> <span class='ocrx_word' id='word_1_330' title='bbox 1640 3191 1779 3247; x_wconf 82' lang='lat' dir='ltr'><strong>bene</strong></span> <span class='ocrx_word' id='word_1_331' title='bbox 1815 3193 1960 3247; x_wconf 90' lang='lat' dir='ltr'><strong>viros</strong></span> <span class='ocrx_word' id='word_1_332' title='bbox 1987 3192 2203 3246; x_wconf 87' lang='lat' dir='ltr'><strong>divitia-</strong></span> 
     </span>
    </p>
   </div>
   <div class='ocr_carea' id='block_1_46' title="bbox 2311 1978 3896 2051">
    <p class='ocr_par' dir='ltr' id='par_1_46' title="bbox 2311 1978 3896 2051">
     <span class='ocr_line' id='line_1_46' title="bbox 2311 1978 3896 2051; baseline -0.003 -15"><span class='ocrx_word' id='word_1_333' title='bbox 2311 1995 2419 2036; x_wconf 87' lang='lat' dir='ltr'><strong>lUllI</strong></span> <span class='ocrx_word' id='word_1_334' title='bbox 2450 1994 2552 2041; x_wconf 85' lang='lat' dir='ltr'><strong>est,</strong></span> <span class='ocrx_word' id='word_1_335' title='bbox 2585 1983 2649 2034; x_wconf 88' lang='lat' dir='ltr'><strong>ad</strong></span> <span class='ocrx_word' id='word_1_336' title='bbox 2681 1983 2854 2051; x_wconf 91' lang='lat' dir='ltr'><strong>ipsum</strong></span> <span class='ocrx_word' id='word_1_337' title='bbox 2890 1980 3174 2035; x_wconf 82' lang='lat' dir='ltr'><strong>Dominum</strong></span> <span class='ocrx_word' id='word_1_338' title='bbox 3199 1981 3413 2037; x_wconf 84' lang='lat' dir='ltr'><strong>dietum</strong></span> <span class='ocrx_word' id='word_1_339' title='bbox 3448 1998 3463 2034; x_wconf 91' lang='lat'><strong>:</strong></span> <span class='ocrx_word' id='word_1_340' title='bbox 3494 1978 3756 2034; x_wconf 81' lang='lat' dir='ltr'><strong>Ascendes</strong></span> <span class='ocrx_word' id='word_1_341' title='bbox 3779 1994 3896 2046; x_wconf 69' lang='lat' dir='ltr'><strong>super</strong></span> 
     </span>
    </p>
   </div>
   <div class='ocr_carea' id='block_1_47' title="bbox 2306 2075 3893 2148">
    <p class='ocr_par' dir='ltr' id='par_1_47' title="bbox 2306 2075 3893 2148">
     <span class='ocr_line' id='line_1_47' title="bbox 2306 2075 3893 2148; baseline -0.006 -15"><span class='ocrx_word' id='word_1_342' title='bbox 2306 2096 2463 2147; x_wconf 82' lang='lat' dir='ltr'><strong>equos</strong></span> <span class='ocrx_word' id='word_1_343' title='bbox 2486 2089 2618 2144; x_wconf 85' lang='lat' dir='ltr'><strong>tuos,</strong></span> <span class='ocrx_word' id='word_1_344' title='bbox 2650 2089 2696 2131; x_wconf 88' lang='lat' dir='ltr'><strong>et</strong></span> <span class='ocrx_word' id='word_1_345' title='bbox 2725 2080 2974 2138; x_wconf 75' lang='lat' dir='ltr'><strong>equitatus</strong></span> <span class='ocrx_word' id='word_1_346' title='bbox 2996 2087 3112 2130; x_wconf 86' lang='lat' dir='ltr'><strong>tuus</strong></span> <span class='ocrx_word' id='word_1_347' title='bbox 3135 2077 3276 2131; x_wconf 87' lang='lat' dir='ltr'><strong>salus</strong></span> <span class='ocrx_word' id='word_1_348' title='bbox 3301 2075 3556 2148; x_wconf 75' lang='lat' dir='ltr'><strong>(Hahae.</strong></span> <span class='ocrx_word' id='word_1_349' title='bbox 3585 2093 3643 2130; x_wconf 76' lang='grc' dir='ltr'><strong>ιιι</strong></span> <span class='ocrx_word' id='word_1_350' title='bbox 3664 2118 3677 2140; x_wconf 87' lang='grc'><em>,</em></span> <span class='ocrx_word' id='word_1_351' title='bbox 3703 2075 3751 2143; x_wconf 88' lang='lat'><strong>8)</strong></span> <span class='ocrx_word' id='word_1_352' title='bbox 3780 2076 3893 2144; x_wconf 76' lang='lat' dir='ltr'><strong>:agi-</strong></span> 
     </span>
    </p>
   </div>
   <div class='ocr_carea' id='block_1_48' title="bbox 2310 2166 3885 2240">
    <p class='ocr_par' dir='ltr' id='par_1_48' title="bbox 2310 2166 3885 2240">
     <span class='ocr_line' id='line_1_48' title="bbox 2310 2166 3885 2240; baseline -0.004 -16"><span class='ocrx_word' id='word_1_353' title='bbox 2310 2172 2442 2224; x_wconf 73' lang='lat' dir='ltr'><strong>tavit</strong></span> <span class='ocrx_word' id='word_1_354' title='bbox 2471 2171 2615 2224; x_wconf 89' lang='lat' dir='ltr'><strong>enim</strong></span> <span class='ocrx_word' id='word_1_355' title='bbox 2645 2172 2924 2237; x_wconf 80' lang='lat' dir='ltr'><strong>apoStolos</strong></span> <span class='ocrx_word' id='word_1_356' title='bbox 2953 2185 3101 2237; x_wconf 86' lang='lat' dir='ltr'><strong>suos,</strong></span> <span class='ocrx_word' id='word_1_357' title='bbox 3131 2187 3270 2240; x_wconf 89' lang='lat' dir='ltr'><strong>quos</strong></span> <span class='ocrx_word' id='word_1_358' title='bbox 3306 2187 3412 2239; x_wconf 79' lang='lat' dir='ltr'><strong>per</strong></span> <span class='ocrx_word' id='word_1_359' title='bbox 3447 2169 3676 2223; x_wconf 75' lang='lat' dir='ltr'><strong>diverso</strong></span> <span class='ocrx_word' id='word_1_360' title='bbox 3706 2166 3885 2229; x_wconf 71' lang='lat' dir='ltr'><strong>direxit,</strong></span> 
     </span>
    </p>
   </div>
   <div class='ocr_carea' id='block_1_49' title="bbox 2307 2260 3878 2333">
    <p class='ocr_par' dir='ltr' id='par_1_49' title="bbox 2307 2260 3878 2333">
     <span class='ocr_line' id='line_1_49' title="bbox 2307 2260 3878 2333; baseline -0.005 -16"><span class='ocrx_word' id='word_1_361' title='bbox 2307 2277 2364 2317; x_wconf 88' lang='lat' dir='ltr'><strong>ut</strong></span> <span class='ocrx_word' id='word_1_362' title='bbox 2399 2273 2513 2316; x_wconf 87' lang='lat' dir='ltr'><strong>toto</strong></span> <span class='ocrx_word' id='word_1_363' title='bbox 2539 2263 2671 2316; x_wconf 89' lang='lat' dir='ltr'><strong>orbe</strong></span> <span class='ocrx_word' id='word_1_364' title='bbox 2704 2261 3054 2333; x_wconf 82' lang='lat' dir='ltr'><strong>Evangelium</strong></span> <span class='ocrx_word' id='word_1_365' title='bbox 3086 2263 3489 2332; x_wconf 69' lang='lat' dir='ltr'><strong>prardicarent.</strong></span> <span class='ocrx_word' id='word_1_366' title='bbox 3527 2260 3878 2322; x_wconf 80' lang='lat' dir='ltr'><strong>Ascendes,:tit,</strong></span> 
     </span>
    </p>
   </div>
   <div class='ocr_carea' id='block_1_50' title="bbox 2309 2356 3874 2429">
    <p class='ocr_par' dir='ltr' id='par_1_50' title="bbox 2309 2356 3874 2429">
     <span class='ocr_line' id='line_1_50' title="bbox 2309 2356 3874 2429; baseline -0.005 -17"><span class='ocrx_word' id='word_1_367' title='bbox 2309 2360 2461 2429; x_wconf 91' lang='lat' dir='ltr'><strong>quasi</strong></span> <span class='ocrx_word' id='word_1_368' title='bbox 2494 2361 2691 2413; x_wconf 89' lang='lat' dir='ltr'><strong>rectori</strong></span> <span class='ocrx_word' id='word_1_369' title='bbox 2716 2373 2979 2427; x_wconf 88' lang='lat' dir='ltr'><strong>equorum</strong></span> <span class='ocrx_word' id='word_1_370' title='bbox 3005 2401 3018 2422; x_wconf 94' lang='lat'><strong>,</strong></span> <span class='ocrx_word' id='word_1_371' title='bbox 3047 2375 3151 2412; x_wconf 92' lang='lat' dir='ltr'><strong>nou</strong></span> <span class='ocrx_word' id='word_1_372' title='bbox 3186 2359 3338 2427; x_wconf 86' lang='lat' dir='ltr'><strong>quasi</strong></span> <span class='ocrx_word' id='word_1_373' title='bbox 3375 2356 3698 2411; x_wconf 86' lang='lat' dir='ltr'><strong>ascensori.</strong></span> <span class='ocrx_word' id='word_1_374' title='bbox 3731 2356 3874 2408; x_wconf 77' lang='lat' dir='ltr'><strong>Ascen-</strong></span> 
     </span>
    </p>
   </div>
   <div class='ocr_carea' id='block_1_51' title="bbox 2308 2450 3863 2521">
    <p class='ocr_par' dir='ltr' id='par_1_51' title="bbox 2308 2450 3863 2521">
     <span class='ocr_line' id='line_1_51' title="bbox 2308 2450 3863 2521; baseline -0.007 -15"><span class='ocrx_word' id='word_1_375' title='bbox 2308 2451 2388 2506; x_wconf 90' lang='lat' dir='ltr'><strong>dit</strong></span> <span class='ocrx_word' id='word_1_376' title='bbox 2419 2453 2561 2506; x_wconf 89' lang='lat' dir='ltr'><strong>enim</strong></span> <span class='ocrx_word' id='word_1_377' title='bbox 2595 2453 2754 2504; x_wconf 81' lang='lat' dir='ltr'><strong>etiam</strong></span> <span class='ocrx_word' id='word_1_378' title='bbox 2786 2467 2976 2521; x_wconf 82' lang='lat' dir='ltr'><strong>eques,</strong></span> <span class='ocrx_word' id='word_1_379' title='bbox 3011 2450 3104 2505; x_wconf 89' lang='lat' dir='ltr'><strong>sed</strong></span> <span class='ocrx_word' id='word_1_380' title='bbox 3134 2460 3191 2505; x_wconf 92' lang='lat' dir='ltr'><strong>ut</strong></span> <span class='ocrx_word' id='word_1_381' title='bbox 3221 2460 3378 2520; x_wconf 80' lang='lat' dir='ltr'><strong>regat</strong></span> <span class='ocrx_word' id='word_1_382' title='bbox 3406 2492 3421 2514; x_wconf 89' lang='lat'><strong>,</strong></span> <span class='ocrx_word' id='word_1_383' title='bbox 3459 2465 3575 2504; x_wconf 89' lang='lat' dir='ltr'><strong>non</strong></span> <span class='ocrx_word' id='word_1_384' title='bbox 3613 2455 3672 2501; x_wconf 89' lang='lat' dir='ltr'><strong>ut</strong></span> <span class='ocrx_word' id='word_1_385' title='bbox 3698 2456 3863 2500; x_wconf 82' lang='lat' dir='ltr'><strong>tantum-</strong></span> 
     </span>
    </p>
   </div>
   <div class='ocr_carea' id='block_1_52' title="bbox 2311 2543 3872 2617">
    <p class='ocr_par' dir='ltr' id='par_1_52' title="bbox 2311 2543 3872 2617">
     <span class='ocr_line' id='line_1_52' title="bbox 2311 2543 3872 2617; baseline -0.005 -17"><span class='ocrx_word' id='word_1_386' title='bbox 2311 2546 2470 2600; x_wconf 89' lang='lat' dir='ltr'><strong>modo</strong></span> <span class='ocrx_word' id='word_1_387' title='bbox 2496 2546 2683 2602; x_wconf 81' lang='lat' dir='ltr'><strong>sede.tt</strong></span> <span class='ocrx_word' id='word_1_388' title='bbox 2727 2564 2741 2600; x_wconf 89' lang='lat'><strong>:</strong></span> <span class='ocrx_word' id='word_1_389' title='bbox 2774 2562 2838 2599; x_wconf 89' lang='lat' dir='ltr'><strong>eo</strong></span> <span class='ocrx_word' id='word_1_390' title='bbox 2883 2545 3026 2617; x_wconf 89' lang='lat' dir='ltr'><strong>quod</strong></span> <span class='ocrx_word' id='word_1_391' title='bbox 3059 2545 3398 2616; x_wconf 85' lang='lat' dir='ltr'><strong>desidiosus,</strong></span> <span class='ocrx_word' id='word_1_392' title='bbox 3435 2556 3497 2600; x_wconf 89' lang='lat' dir='ltr'><strong>et</strong></span> <span class='ocrx_word' id='word_1_393' title='bbox 3531 2543 3686 2616; x_wconf 89' lang='lat' dir='ltr'><strong>piger</strong></span> <span class='ocrx_word' id='word_1_394' title='bbox 3713 2551 3872 2596; x_wconf 87' lang='lat' dir='ltr'><strong>somno-</strong></span> 
     </span>
    </p>
   </div>
   <div class='ocr_carea' id='block_1_53' title="bbox 2309 2639 3674 2708">
    <p class='ocr_par' dir='ltr' id='par_1_53' title="bbox 2309 2639 3674 2708">
     <span class='ocr_line' id='line_1_53' title="bbox 2309 2639 3674 2708; baseline -0.004 -13"><span class='ocrx_word' id='word_1_395' title='bbox 2309 2639 2470 2695; x_wconf 65' lang='lat' dir='ltr'><strong>leutzc</strong></span> <span class='ocrx_word' id='word_1_396' title='bbox 2506 2640 2745 2708; x_wconf 86' lang='lat' dir='ltr'><strong>perferre</strong></span> <span class='ocrx_word' id='word_1_397' title='bbox 2779 2659 2883 2692; x_wconf 91' lang='lat' dir='ltr'><strong>non</strong></span> <span class='ocrx_word' id='word_1_398' title='bbox 2920 2640 3092 2708; x_wconf 69' lang='lat' dir='ltr'><strong>possit</strong></span> <span class='ocrx_word' id='word_1_399' title='bbox 3121 2639 3318 2695; x_wconf 86' lang='lat' dir='ltr'><strong>mentis</strong></span> <span class='ocrx_word' id='word_1_400' title='bbox 3351 2639 3674 2694; x_wconf 68' lang='lat' dir='ltr'><strong>incessum.</strong></span> 
     </span>
    </p>
   </div>
   <div class='ocr_carea' id='block_1_54' title="bbox 2383 2723 3873 2802">
    <p class='ocr_par' dir='ltr' id='par_1_54' title="bbox 2383 2723 3873 2802">
     <span class='ocr_line' id='line_1_54' title="bbox 2383 2723 3873 2802; baseline -0.008 -16"><span class='ocrx_word' id='word_1_401' title='bbox 2383 2732 2470 2787; x_wconf 80' lang='lat'><strong>65.</strong></span> <span class='ocrx_word' id='word_1_402' title='bbox 2519 2733 2591 2786; x_wconf 87' lang='lat' dir='ltr'><strong>De</strong></span> <span class='ocrx_word' id='word_1_403' title='bbox 2615 2733 2795 2802; x_wconf 90' lang='lat' dir='ltr'><strong>equite</strong></span> <span class='ocrx_word' id='word_1_404' title='bbox 2834 2745 3014 2786; x_wconf 81' lang='lat' dir='ltr'><strong>autem</strong></span> <span class='ocrx_word' id='word_1_405' title='bbox 3050 2731 3246 2785; x_wconf 76' lang='lat' dir='ltr'><strong>lectum</strong></span> <span class='ocrx_word' id='word_1_406' title='bbox 3275 2741 3360 2785; x_wconf 87' lang='lat' dir='ltr'><strong>est</strong></span> <span class='ocrx_word' id='word_1_407' title='bbox 3409 2748 3424 2783; x_wconf 90' lang='lat'><strong>:</strong></span> <span class='ocrx_word' id='word_1_408' title='bbox 3474 2727 3549 2783; x_wconf 87' lang='lat' dir='ltr'><strong>Et</strong></span> <span class='ocrx_word' id='word_1_409' title='bbox 3596 2744 3738 2799; x_wconf 83' lang='lat' dir='ltr'><strong>eques</strong></span> <span class='ocrx_word' id='word_1_410' title='bbox 3772 2723 3873 2778; x_wconf 71' lang='lat' dir='ltr'><strong>cadet</strong></span> 
     </span>
    </p>
   </div>
   <div class='ocr_carea' id='block_1_55' title="bbox 2311 2817 3870 2894">
    <p class='ocr_par' dir='ltr' id='par_1_55' title="bbox 2311 2817 3870 2894">
     <span class='ocr_line' id='line_1_55' title="bbox 2311 2817 3870 2894; baseline -0.004 -15"><span class='ocrx_word' id='word_1_411' title='bbox 2311 2835 2614 2890; x_wconf 74' lang='lat' dir='ltr'><strong>retrorsum,</strong></span> <span class='ocrx_word' id='word_1_412' title='bbox 2640 2836 2940 2894; x_wconf 73' lang='lat' dir='ltr'><strong>exspectans</strong></span> <span class='ocrx_word' id='word_1_413' title='bbox 2959 2826 3177 2880; x_wconf 76' lang='lat' dir='ltr'><strong>salutem</strong></span> <span class='ocrx_word' id='word_1_414' title='bbox 3212 2824 3429 2879; x_wconf 86' lang='lat' dir='ltr'><strong>Domini</strong></span> <span class='ocrx_word' id='word_1_415' title='bbox 3448 2822 3614 2891; x_wconf 72' lang='lat' dir='ltr'><strong>(Gen.</strong></span> <span class='ocrx_word' id='word_1_416' title='bbox 3639 2837 3770 2883; x_wconf 71' lang='lat' dir='ltr'><strong>nas.</strong></span> <span class='ocrx_word' id='word_1_417' title='bbox 3793 2817 3870 2886; x_wconf 77' lang='lat' dir='ltr'><strong>li).</strong></span> 
     </span>
    </p>
   </div>
   <div class='ocr_carea' id='block_1_56' title="bbox 2311 2909 3871 2989">
    <p class='ocr_par' dir='ltr' id='par_1_56' title="bbox 2311 2909 3871 2989">
     <span class='ocr_line' id='line_1_56' title="bbox 2311 2909 3871 2989; baseline -0.003 -19"><span class='ocrx_word' id='word_1_418' title='bbox 2311 2919 2442 2984; x_wconf 86' lang='lat' dir='ltr'><strong>Quia</strong></span> <span class='ocrx_word' id='word_1_419' title='bbox 2482 2936 2638 2972; x_wconf 89' lang='lat' dir='ltr'><strong>nettto</strong></span> <span class='ocrx_word' id='word_1_420' title='bbox 2665 2919 2785 2974; x_wconf 89' lang='lat' dir='ltr'><strong>sine</strong></span> <span class='ocrx_word' id='word_1_421' title='bbox 2818 2920 2968 2986; x_wconf 88' lang='lat' dir='ltr'><strong>lapsu</strong></span> <span class='ocrx_word' id='word_1_422' title='bbox 3002 2927 3116 2984; x_wconf 80' lang='lat' dir='ltr'><strong>est,</strong></span> <span class='ocrx_word' id='word_1_423' title='bbox 3148 2918 3310 2974; x_wconf 86' lang='lat' dir='ltr'><strong>etiam</strong></span> <span class='ocrx_word' id='word_1_424' title='bbox 3344 2919 3393 2973; x_wconf 90' lang='lat' dir='ltr'><strong>si</strong></span> <span class='ocrx_word' id='word_1_425' title='bbox 3431 2919 3565 2989; x_wconf 90' lang='lat' dir='ltr'><strong>quis</strong></span> <span class='ocrx_word' id='word_1_426' title='bbox 3594 2930 3750 2986; x_wconf 83' lang='lat' dir='ltr'><strong>eques</strong></span> <span class='ocrx_word' id='word_1_427' title='bbox 3766 2909 3871 2966; x_wconf 79' lang='lat' dir='ltr'><strong>ccci-</strong></span> 
     </span>
    </p>
   </div>
   <div class='ocr_carea' id='block_1_57' title="bbox 2311 3003 3868 3084">
    <p class='ocr_par' dir='ltr' id='par_1_57' title="bbox 2311 3003 3868 3084">
     <span class='ocr_line' id='line_1_57' title="bbox 2311 3003 3868 3084; baseline -0.006 -16"><span class='ocrx_word' id='word_1_428' title='bbox 2311 3012 2482 3079; x_wconf 88' lang='lat' dir='ltr'><strong>derit,</strong></span> <span class='ocrx_word' id='word_1_429' title='bbox 2513 3024 2566 3069; x_wconf 90' lang='lat' dir='ltr'><strong>et</strong></span> <span class='ocrx_word' id='word_1_430' title='bbox 2609 3017 2837 3068; x_wconf 86' lang='lat' dir='ltr'><strong>terrenis</strong></span> <span class='ocrx_word' id='word_1_431' title='bbox 2878 3013 3150 3084; x_wconf 84' lang='lat' dir='ltr'><strong>aliquibus</strong></span> <span class='ocrx_word' id='word_1_432' title='bbox 3183 3013 3324 3067; x_wconf 81' lang='lat' dir='ltr'><strong>vitiis</strong></span> <span class='ocrx_word' id='word_1_433' title='bbox 3353 3012 3533 3068; x_wconf 84' lang='lat' dir='ltr'><strong>fuerit</strong></span> <span class='ocrx_word' id='word_1_434' title='bbox 3582 3003 3868 3068; x_wconf 80' lang='lat' dir='ltr'><strong>inllesus;si</strong></span> 
     </span>
    </p>
   </div>
   <div class='ocr_carea' id='block_1_58' title="bbox 2316 3103 3870 3178">
    <p class='ocr_par' dir='ltr' id='par_1_58' title="bbox 2316 3103 3870 3178">
     <span class='ocr_line' id='line_1_58' title="bbox 2316 3103 3870 3178; baseline -0.005 -18"><span class='ocrx_word' id='word_1_435' title='bbox 2316 3116 2493 3162; x_wconf 85' lang='lat' dir='ltr'><strong>tamen</strong></span> <span class='ocrx_word' id='word_1_436' title='bbox 2525 3123 2628 3162; x_wconf 89' lang='lat' dir='ltr'><strong>nOu</strong></span> <span class='ocrx_word' id='word_1_437' title='bbox 2665 3107 2884 3177; x_wconf 85' lang='lat' dir='ltr'><strong>abjiciat</strong></span> <span class='ocrx_word' id='word_1_438' title='bbox 2910 3124 3060 3178; x_wconf 90' lang='lat' dir='ltr'><strong>spem</strong></span> <span class='ocrx_word' id='word_1_439' title='bbox 3094 3107 3416 3178; x_wconf 85' lang='lat' dir='ltr'><strong>rcsurgeudi</strong></span> <span class='ocrx_word' id='word_1_440' title='bbox 3438 3151 3454 3175; x_wconf 92' lang='lat'><strong>,</strong></span> <span class='ocrx_word' id='word_1_441' title='bbox 3489 3107 3663 3163; x_wconf 80' lang='lat' dir='ltr'><strong>frctus</strong></span> <span class='ocrx_word' id='word_1_442' title='bbox 3700 3103 3870 3157; x_wconf 80' lang='lat' dir='ltr'><strong>misera-</strong></span> 
     </span>
    </p>
   </div>
   <div class='ocr_carea' id='block_1_59' title="bbox 2316 3204 3868 3273">
    <p class='ocr_par' dir='ltr' id='par_1_59' title="bbox 2316 3204 3868 3273">
     <span class='ocr_line' id='line_1_59' title="bbox 2316 3204 3868 3273; baseline -0.005 -17"><span class='ocrx_word' id='word_1_443' title='bbox 2316 3204 2462 3257; x_wconf 88' lang='lat' dir='ltr'><strong>tione</strong></span> <span class='ocrx_word' id='word_1_444' title='bbox 2515 3204 2736 3270; x_wconf 82' lang='lat' dir='ltr'><strong>diviua,</strong></span> <span class='ocrx_word' id='word_1_445' title='bbox 2786 3207 3031 3273; x_wconf 86' lang='lat' dir='ltr'><strong>pervenit</strong></span> <span class='ocrx_word' id='word_1_446' title='bbox 3072 3205 3138 3258; x_wconf 91' lang='lat' dir='ltr'><strong>ad</strong></span> <span class='ocrx_word' id='word_1_447' title='bbox 3188 3205 3450 3260; x_wconf 88' lang='lat' dir='ltr'><strong>salutem.</strong></span> <span class='ocrx_word' id='word_1_448' title='bbox 3509 3204 3589 3259; x_wconf 89' lang='lat' dir='ltr'><strong>De</strong></span> <span class='ocrx_word' id='word_1_449' title='bbox 3636 3209 3868 3256; x_wconf 82' lang='lat' dir='ltr'><strong>ascensore</strong></span> 
     </span>
    </p>
   </div>
   <div class='ocr_carea' id='block_1_60' title="bbox 601 3284 2203 3370">
    <p class='ocr_par' dir='ltr' id='par_1_60' title="bbox 601 3284 2203 3352">
     <span class='ocr_line' id='line_1_60' title="bbox 601 3284 2203 3352; baseline 0.002 -16"><span class='ocrx_word' id='word_1_450' title='bbox 601 3297 724 3337; x_wconf 87' lang='lat' dir='ltr'><strong>rum</strong></span> <span class='ocrx_word' id='word_1_451' title='bbox 754 3284 1084 3352; x_wconf 87' lang='lat' dir='ltr'><strong>appellavit,</strong></span> <span class='ocrx_word' id='word_1_452' title='bbox 1118 3299 1226 3339; x_wconf 87' lang='lat' dir='ltr'><strong>non</strong></span> <span class='ocrx_word' id='word_1_453' title='bbox 1255 3285 1469 3340; x_wconf 81' lang='lat' dir='ltr'><strong>divitias</strong></span> <span class='ocrx_word' id='word_1_454' title='bbox 1501 3287 1775 3351; x_wconf 91' lang='lat' dir='ltr'><strong>virorum;</strong></span> <span class='ocrx_word' id='word_1_455' title='bbox 1801 3295 1860 3340; x_wconf 90' lang='lat' dir='ltr'><strong>ut</strong></span> <span class='ocrx_word' id='word_1_456' title='bbox 1890 3286 2203 3341; x_wconf 86' lang='lat' dir='ltr'><strong>ostenderet</strong></span> 
     </span>
    </p>
   </div>
   <div class='ocr_carea' id='block_1_61' title="bbox 2310 3284 3869 3370">
    <p class='ocr_par' dir='ltr' id='par_1_61' title="bbox 2311 3291 3869 3370">
     <span class='ocr_line' id='line_1_61' title="bbox 2311 3291 3869 3370; baseline -0.004 -21"><span class='ocrx_word' id='word_1_457' title='bbox 2311 3313 2440 3351; x_wconf 87' lang='lat' dir='ltr'><strong>vero</strong></span> <span class='ocrx_word' id='word_1_458' title='bbox 2470 3299 2813 3353; x_wconf 88' lang='lat' dir='ltr'><strong>manifestmn</strong></span> <span class='ocrx_word' id='word_1_459' title='bbox 2854 3307 2938 3354; x_wconf 78' lang='lat' dir='ltr'><strong>est</strong></span> <span class='ocrx_word' id='word_1_460' title='bbox 2965 3300 3256 3367; x_wconf 90' lang='lat' dir='ltr'><strong>indicium,</strong></span> <span class='ocrx_word' id='word_1_461' title='bbox 3292 3300 3441 3370; x_wconf 92' lang='lat' dir='ltr'><strong>quod</strong></span> <span class='ocrx_word' id='word_1_462' title='bbox 3481 3291 3869 3368; x_wconf 83' lang='lat' dir='ltr'><strong>reprehensibilis</strong></span> 
     </span>
    </p>
   </div>
   <div class='ocr_carea' id='block_1_62' title="bbox 601 3377 2206 3446">
    <p class='ocr_par' dir='ltr' id='par_1_62' title="bbox 601 3377 2206 3446">
     <span class='ocr_line' id='line_1_62' title="bbox 601 3377 2206 3446; baseline 0.001 -16"><span class='ocrx_word' id='word_1_463' title='bbox 601 3388 697 3430; x_wconf 86' lang='lat' dir='ltr'><strong>eos</strong></span> <span class='ocrx_word' id='word_1_464' title='bbox 725 3391 831 3428; x_wconf 91' lang='lat' dir='ltr'><strong>non</strong></span> <span class='ocrx_word' id='word_1_465' title='bbox 865 3391 1213 3446; x_wconf 81' lang='lat' dir='ltr'><strong>possessores</strong></span> <span class='ocrx_word' id='word_1_466' title='bbox 1235 3377 1544 3432; x_wconf 83' lang='lat' dir='ltr'><strong>divitiarum</strong></span> <span class='ocrx_word' id='word_1_467' title='bbox 1569 3394 1714 3444; x_wconf 88' lang='lat' dir='ltr'><strong>esse,</strong></span> <span class='ocrx_word' id='word_1_468' title='bbox 1745 3379 1839 3432; x_wconf 90' lang='lat' dir='ltr'><strong>sed</strong></span> <span class='ocrx_word' id='word_1_469' title='bbox 1869 3394 1898 3432; x_wconf 91' lang='lat' dir='ltr'><strong>a</strong></span> <span class='ocrx_word' id='word_1_470' title='bbox 1927 3381 2041 3433; x_wconf 87' lang='lat' dir='ltr'><strong>suis</strong></span> <span class='ocrx_word' id='word_1_471' title='bbox 2069 3379 2206 3432; x_wconf 82' lang='lat' dir='ltr'><strong>divi-</strong></span> 
     </span>
    </p>
   </div>
   <div class='ocr_carea' id='block_1_63' title="bbox 604 3467 2207 3541">
    <p class='ocr_par' dir='ltr' id='par_1_63' title="bbox 604 3467 2207 3541">
     <span class='ocr_line' id='line_1_63' title="bbox 604 3467 2207 3541; baseline 0.004 -19"><span class='ocrx_word' id='word_1_472' title='bbox 604 3467 696 3522; x_wconf 88' lang='lat' dir='ltr'><strong>tiis</strong></span> <span class='ocrx_word' id='word_1_473' title='bbox 723 3469 1017 3538; x_wconf 85' lang='lat' dir='ltr'><strong>possideri.</strong></span> <span class='ocrx_word' id='word_1_474' title='bbox 1051 3469 1332 3525; x_wconf 66' lang='lat' dir='ltr'><strong>Possessio</strong></span> <span class='ocrx_word' id='word_1_475' title='bbox 1355 3473 1499 3526; x_wconf 89' lang='lat' dir='ltr'><strong>enim</strong></span> <span class='ocrx_word' id='word_1_476' title='bbox 1528 3471 1860 3541; x_wconf 64' lang='lat' dir='ltr'><strong>pOsSCSSttriS</strong></span> <span class='ocrx_word' id='word_1_477' title='bbox 1880 3473 2043 3528; x_wconf 66' lang='lat' dir='ltr'><strong>debet</strong></span> <span class='ocrx_word' id='word_1_478' title='bbox 2063 3488 2207 3540; x_wconf 88' lang='lat' dir='ltr'><strong>esse,</strong></span> 
     </span>
    </p>
   </div>
   <div class='ocr_carea' id='block_1_64' title="bbox 601 3564 2209 3637">
    <p class='ocr_par' dir='ltr' id='par_1_64' title="bbox 601 3564 2209 3637">
     <span class='ocr_line' id='line_1_64' title="bbox 601 3564 2209 3637; baseline 0.003 -21"><span class='ocrx_word' id='word_1_479' title='bbox 601 3577 712 3617; x_wconf 87' lang='lat' dir='ltr'><strong>non</strong></span> <span class='ocrx_word' id='word_1_480' title='bbox 743 3578 1030 3632; x_wconf 80' lang='lat' dir='ltr'><strong>possessor</strong></span> <span class='ocrx_word' id='word_1_481' title='bbox 1058 3566 1449 3634; x_wconf 80' lang='lat' dir='ltr'><strong>possessionis.</strong></span> <span class='ocrx_word' id='word_1_482' title='bbox 1483 3564 1821 3636; x_wconf 81' lang='lat' dir='ltr'><strong>Quicumque</strong></span> <span class='ocrx_word' id='word_1_483' title='bbox 1850 3568 2008 3636; x_wconf 80' lang='lat' dir='ltr'><strong>igitur</strong></span> <span class='ocrx_word' id='word_1_484' title='bbox 2042 3569 2209 3637; x_wconf 87' lang='lat' dir='ltr'><strong>patri-</strong></span> 
     </span>
    </p>
   </div>
   <div class='ocr_carea' id='block_1_65' title="bbox 604 3657 2211 3732">
    <p class='ocr_par' dir='ltr' id='par_1_65' title="bbox 604 3657 2211 3732">
     <span class='ocr_line' id='line_1_65' title="bbox 604 3657 2211 3732; baseline 0.002 -19"><span class='ocrx_word' id='word_1_485' title='bbox 604 3657 788 3713; x_wconf 88' lang='lat' dir='ltr'><strong>monio</strong></span> <span class='ocrx_word' id='word_1_486' title='bbox 815 3673 916 3713; x_wconf 87' lang='lat' dir='ltr'><strong>suo</strong></span> <span class='ocrx_word' id='word_1_487' title='bbox 940 3668 1212 3730; x_wconf 85' lang='lat' dir='ltr'><strong>tamquam</strong></span> <span class='ocrx_word' id='word_1_488' title='bbox 1239 3660 1589 3730; x_wconf 81' lang='lat' dir='ltr'><strong>possessione</strong></span> <span class='ocrx_word' id='word_1_489' title='bbox 1611 3674 1718 3714; x_wconf 90' lang='lat' dir='ltr'><strong>non</strong></span> <span class='ocrx_word' id='word_1_490' title='bbox 1743 3661 1942 3726; x_wconf 90' lang='lat' dir='ltr'><strong>utitur,</strong></span> <span class='ocrx_word' id='word_1_491' title='bbox 1987 3661 2080 3732; x_wconf 88' lang='lat' dir='ltr'><strong>qui</strong></span> <span class='ocrx_word' id='word_1_492' title='bbox 2109 3664 2211 3717; x_wconf 88' lang='lat' dir='ltr'><strong>tar-</strong></span> 
     </span>
    </p>
   </div>
   <div class='ocr_carea' id='block_1_66' title="bbox 601 3751 2212 3828">
    <p class='ocr_par' dir='ltr' id='par_1_66' title="bbox 601 3751 2212 3828">
     <span class='ocr_line' id='line_1_66' title="bbox 601 3751 2212 3828; baseline 0.002 -23"><span class='ocrx_word' id='word_1_493' title='bbox 601 3751 708 3824; x_wconf 85' lang='lat' dir='ltr'><strong>giri</strong></span> <span class='ocrx_word' id='word_1_494' title='bbox 750 3752 974 3824; x_wconf 85' lang='lat' dir='ltr'><strong>pauperi</strong></span> <span class='ocrx_word' id='word_1_495' title='bbox 1006 3764 1058 3808; x_wconf 88' lang='lat' dir='ltr'><strong>et</strong></span> <span class='ocrx_word' id='word_1_496' title='bbox 1087 3753 1411 3824; x_wconf 65' lang='lat' dir='ltr'><strong>disiicusare</strong></span> <span class='ocrx_word' id='word_1_497' title='bbox 1444 3771 1551 3808; x_wconf 89' lang='lat' dir='ltr'><strong>non</strong></span> <span class='ocrx_word' id='word_1_498' title='bbox 1593 3753 1779 3820; x_wconf 90' lang='lat' dir='ltr'><strong>novit,</strong></span> <span class='ocrx_word' id='word_1_499' title='bbox 1821 3753 1985 3828; x_wconf 68' lang='grc'><strong>584</strong></span> <span class='ocrx_word' id='word_1_500' title='bbox 2014 3756 2058 3809; x_wconf 90' lang='lat' dir='ltr'><strong>is</strong></span> <span class='ocrx_word' id='word_1_501' title='bbox 2087 3770 2212 3810; x_wconf 88' lang='lat' dir='ltr'><strong>sua-</strong></span> 
     </span>
    </p>
   </div>
   <div class='ocr_carea' id='block_1_67' title="bbox 601 3846 2210 3918">
    <p class='ocr_par' dir='ltr' id='par_1_67' title="bbox 601 3846 2210 3918">
     <span class='ocr_line' id='line_1_67' title="bbox 601 3846 2210 3918; baseline 0.002 -16"><span class='ocrx_word' id='word_1_502' title='bbox 601 3863 724 3902; x_wconf 85' lang='lat' dir='ltr'><strong>rum</strong></span> <span class='ocrx_word' id='word_1_503' title='bbox 748 3847 996 3905; x_wconf 86' lang='lat' dir='ltr'><strong>servulus</strong></span> <span class='ocrx_word' id='word_1_504' title='bbox 1025 3858 1134 3915; x_wconf 79' lang='lat' dir='ltr'><strong>est,</strong></span> <span class='ocrx_word' id='word_1_505' title='bbox 1163 3865 1270 3904; x_wconf 88' lang='lat' dir='ltr'><strong>non</strong></span> <span class='ocrx_word' id='word_1_506' title='bbox 1296 3848 1550 3904; x_wconf 91' lang='lat' dir='ltr'><strong>dominus</strong></span> <span class='ocrx_word' id='word_1_507' title='bbox 1583 3846 1921 3914; x_wconf 81' lang='lat' dir='ltr'><strong>facultatum,</strong></span> <span class='ocrx_word' id='word_1_508' title='bbox 1957 3849 2045 3918; x_wconf 91' lang='lat' dir='ltr'><strong>qui</strong></span> <span class='ocrx_word' id='word_1_509' title='bbox 2074 3848 2210 3905; x_wconf 88' lang='lat' dir='ltr'><strong>alie-</strong></span> 
     </span>
    </p>
   </div>
   <div class='ocr_carea' id='block_1_68' title="bbox 599 3943 2212 4016">
    <p class='ocr_par' dir='ltr' id='par_1_68' title="bbox 599 3943 2212 4016">
     <span class='ocr_line' id='line_1_68' title="bbox 599 3943 2212 4016; baseline 0.001 -18"><span class='ocrx_word' id='word_1_510' title='bbox 599 3957 702 4000; x_wconf 86' lang='lat' dir='ltr'><strong>nas</strong></span> <span class='ocrx_word' id='word_1_511' title='bbox 726 3943 962 3999; x_wconf 89' lang='lat' dir='ltr'><strong>custodit</strong></span> <span class='ocrx_word' id='word_1_512' title='bbox 1011 3953 1069 3999; x_wconf 89' lang='lat' dir='ltr'><strong>ut</strong></span> <span class='ocrx_word' id='word_1_513' title='bbox 1115 3943 1347 3999; x_wconf 86' lang='lat' dir='ltr'><strong>famulus</strong></span> <span class='ocrx_word' id='word_1_514' title='bbox 1372 3987 1388 4011; x_wconf 95' lang='lat'><strong>,</strong></span> <span class='ocrx_word' id='word_1_515' title='bbox 1421 3960 1527 3999; x_wconf 90' lang='lat' dir='ltr'><strong>non</strong></span> <span class='ocrx_word' id='word_1_516' title='bbox 1562 3955 1832 4016; x_wconf 86' lang='lat' dir='ltr'><strong>tamquam</strong></span> <span class='ocrx_word' id='word_1_517' title='bbox 1866 3944 2116 3999; x_wconf 90' lang='lat' dir='ltr'><strong>dominus</strong></span> <span class='ocrx_word' id='word_1_518' title='bbox 2153 3953 2212 3999; x_wconf 90' lang='lat' dir='ltr'><strong>ut</strong></span> 
     </span>
    </p>
   </div>
   <div class='ocr_carea' id='block_1_69' title="bbox 601 4037 2207 4112">
    <p class='ocr_par' dir='ltr' id='par_1_69' title="bbox 601 4037 2207 4112">
     <span class='ocr_line' id='line_1_69' title="bbox 601 4037 2207 4112; baseline 0.002 -19"><span class='ocrx_word' id='word_1_519' title='bbox 601 4037 717 4094; x_wconf 85' lang='lat' dir='ltr'><strong>suis</strong></span> <span class='ocrx_word' id='word_1_520' title='bbox 744 4045 935 4096; x_wconf 85' lang='lat' dir='ltr'><strong>utitur.</strong></span> <span class='ocrx_word' id='word_1_521' title='bbox 967 4040 1024 4095; x_wconf 90' lang='lat' dir='ltr'><strong>lu</strong></span> <span class='ocrx_word' id='word_1_522' title='bbox 1050 4040 1357 4110; x_wconf 89' lang='lat' dir='ltr'><strong>hujusmodi</strong></span> <span class='ocrx_word' id='word_1_523' title='bbox 1391 4054 1525 4112; x_wconf 86' lang='lat' dir='ltr'><strong>ergo</strong></span> <span class='ocrx_word' id='word_1_524' title='bbox 1559 4039 1756 4095; x_wconf 68' lang='lat' dir='ltr'><strong>affectu</strong></span> <span class='ocrx_word' id='word_1_525' title='bbox 1792 4039 2024 4095; x_wconf 87' lang='lat' dir='ltr'><strong>dicimus</strong></span> <span class='ocrx_word' id='word_1_526' title='bbox 2066 4039 2207 4107; x_wconf 81' lang='lat' dir='ltr'><strong>quod</strong></span> 
     </span>
    </p>
   </div>
   <div class='ocr_carea' id='block_1_70' title="bbox 597 4131 2208 4198">
    <p class='ocr_par' dir='ltr' id='par_1_70' title="bbox 597 4131 2208 4198">
     <span class='ocr_line' id='line_1_70' title="bbox 597 4131 2208 4198; baseline 0 -12"><span class='ocrx_word' id='word_1_527' title='bbox 597 4133 683 4187; x_wconf 83' lang='lat' dir='ltr'><strong>vir</strong></span> <span class='ocrx_word' id='word_1_528' title='bbox 703 4133 1018 4188; x_wconf 89' lang='lat' dir='ltr'><strong>divitiarum</strong></span> <span class='ocrx_word' id='word_1_529' title='bbox 1051 4133 1158 4198; x_wconf 90' lang='lat' dir='ltr'><strong>sit,</strong></span> <span class='ocrx_word' id='word_1_530' title='bbox 1193 4149 1302 4188; x_wconf 91' lang='lat' dir='ltr'><strong>non</strong></span> <span class='ocrx_word' id='word_1_531' title='bbox 1334 4133 1535 4188; x_wconf 65' lang='lat' dir='ltr'><strong>divitiae</strong></span> <span class='ocrx_word' id='word_1_532' title='bbox 1569 4133 1692 4188; x_wconf 90' lang='lat' dir='ltr'><strong>viri.</strong></span> <span class='ocrx_word' id='word_1_533' title='bbox 1721 4131 2035 4189; x_wconf 82' lang='lat' dir='ltr'><strong>Intellectus</strong></span> <span class='ocrx_word' id='word_1_534' title='bbox 2064 4137 2208 4187; x_wconf 91' lang='lat' dir='ltr'><strong>enim</strong></span> 
     </span>
    </p>
   </div>
   <div class='ocr_carea' id='block_1_71' title="bbox 603 4225 2210 4299">
    <p class='ocr_par' dir='ltr' id='par_1_71' title="bbox 603 4225 2210 4299">
     <span class='ocr_line' id='line_1_71' title="bbox 603 4225 2210 4299; baseline 0.001 -19"><span class='ocrx_word' id='word_1_535' title='bbox 603 4225 780 4280; x_wconf 87' lang='lat' dir='ltr'><strong>bonus</strong></span> <span class='ocrx_word' id='word_1_536' title='bbox 811 4226 1086 4282; x_wconf 88' lang='lat' dir='ltr'><strong>utentibus</strong></span> <span class='ocrx_word' id='word_1_537' title='bbox 1113 4242 1182 4282; x_wconf 86' lang='lat' dir='ltr'><strong>eo</strong></span> <span class='ocrx_word' id='word_1_538' title='bbox 1215 4246 1229 4282; x_wconf 89' lang='lat'><strong>:</strong></span> <span class='ocrx_word' id='word_1_539' title='bbox 1262 4228 1352 4298; x_wconf 92' lang='lat' dir='ltr'><strong>qui</strong></span> <span class='ocrx_word' id='word_1_540' title='bbox 1386 4236 1566 4282; x_wconf 88' lang='lat' dir='ltr'><strong>autem</strong></span> <span class='ocrx_word' id='word_1_541' title='bbox 1591 4243 1697 4281; x_wconf 89' lang='lat' dir='ltr'><strong>non</strong></span> <span class='ocrx_word' id='word_1_542' title='bbox 1729 4227 2001 4299; x_wconf 88' lang='lat' dir='ltr'><strong>intelligit,</strong></span> <span class='ocrx_word' id='word_1_543' title='bbox 2031 4228 2074 4282; x_wconf 88' lang='lat' dir='ltr'><strong>is</strong></span> <span class='ocrx_word' id='word_1_544' title='bbox 2107 4228 2210 4282; x_wconf 84' lang='lat' dir='ltr'><strong>uti-</strong></span> 
     </span>
    </p>
   </div>
   <div class='ocr_carea' id='block_1_72' title="bbox 602 4318 2210 4390">
    <p class='ocr_par' dir='ltr' id='par_1_72' title="bbox 602 4318 2210 4390">
     <span class='ocr_line' id='line_1_72' title="bbox 602 4318 2210 4390; baseline 0.002 -18"><span class='ocrx_word' id='word_1_545' title='bbox 602 4333 709 4387; x_wconf 86' lang='lat' dir='ltr'><strong>que</strong></span> <span class='ocrx_word' id='word_1_546' title='bbox 741 4318 1050 4374; x_wconf 88' lang='lat' dir='ltr'><strong>intetlcctus</strong></span> <span class='ocrx_word' id='word_1_547' title='bbox 1079 4319 1180 4375; x_wconf 87' lang='lat' dir='ltr'><strong>sibi</strong></span> <span class='ocrx_word' id='word_1_548' title='bbox 1205 4320 1432 4390; x_wconf 77' lang='lat' dir='ltr'><strong>gratiam</strong></span> <span class='ocrx_word' id='word_1_549' title='bbox 1458 4335 1570 4375; x_wconf 93' lang='lat' dir='ltr'><strong>non</strong></span> <span class='ocrx_word' id='word_1_550' title='bbox 1611 4328 1794 4388; x_wconf 90' lang='lat' dir='ltr'><strong>potest</strong></span> <span class='ocrx_word' id='word_1_551' title='bbox 1818 4319 2125 4384; x_wconf 74' lang='lat' dir='ltr'><strong>vindicare;</strong></span> <span class='ocrx_word' id='word_1_552' title='bbox 2155 4329 2210 4375; x_wconf 89' lang='lat' dir='ltr'><strong>et</strong></span> 
     </span>
    </p>
   </div>
   <div class='ocr_carea' id='block_1_73' title="bbox 608 4409 2208 4483">
    <p class='ocr_par' dir='ltr' id='par_1_73' title="bbox 608 4409 2208 4483">
     <span class='ocr_line' id='line_1_73' title="bbox 608 4409 2208 4483; baseline 0.002 -17"><span class='ocrx_word' id='word_1_553' title='bbox 608 4409 732 4466; x_wconf 86' lang='lat' dir='ltr'><strong>ideo</strong></span> <span class='ocrx_word' id='word_1_554' title='bbox 776 4426 970 4467; x_wconf 85' lang='lat' dir='ltr'><strong>somno</strong></span> <span class='ocrx_word' id='word_1_555' title='bbox 1016 4414 1347 4468; x_wconf 68' lang='lat' dir='ltr'><strong>temulentis:</strong></span> <span class='ocrx_word' id='word_1_556' title='bbox 1391 4413 1708 4483; x_wconf 71' lang='lat' dir='ltr'><strong>(&#39;OﬂSOpiUJS</strong></span> <span class='ocrx_word' id='word_1_557' title='bbox 1749 4414 2045 4469; x_wconf 88' lang='lat' dir='ltr'><strong>obdormit.</strong></span> <span class='ocrx_word' id='word_1_558' title='bbox 2101 4414 2208 4469; x_wconf 82' lang='lat' dir='ltr'><strong>Hu-</strong></span> 
     </span>
    </p>
   </div>
   <div class='ocr_carea' id='block_1_74' title="bbox 603 4503 2208 4575">
    <p class='ocr_par' dir='ltr' id='par_1_74' title="bbox 603 4503 2208 4575">
     <span class='ocr_line' id='line_1_74' title="bbox 603 4503 2208 4575; baseline 0.002 -16"><span class='ocrx_word' id='word_1_559' title='bbox 603 4503 842 4573; x_wconf 71' lang='lat' dir='ltr'><strong>iusmodi</strong></span> <span class='ocrx_word' id='word_1_560' title='bbox 872 4504 1034 4575; x_wconf 83' lang='lat' dir='ltr'><strong>igitur</strong></span> <span class='ocrx_word' id='word_1_561' title='bbox 1064 4505 1165 4560; x_wconf 84' lang='lat' dir='ltr'><strong>viri</strong></span> <span class='ocrx_word' id='word_1_562' title='bbox 1189 4522 1439 4561; x_wconf 90' lang='lat' dir='ltr'><strong>somnum</strong></span> <span class='ocrx_word' id='word_1_563' title='bbox 1466 4523 1625 4561; x_wconf 91' lang='lat' dir='ltr'><strong>suum</strong></span> <span class='ocrx_word' id='word_1_564' title='bbox 1651 4507 1947 4575; x_wconf 90' lang='lat' dir='ltr'><strong>dormiunt,</strong></span> <span class='ocrx_word' id='word_1_565' title='bbox 1981 4509 2083 4563; x_wconf 91' lang='lat' dir='ltr'><strong>hoc</strong></span> <span class='ocrx_word' id='word_1_566' title='bbox 2102 4519 2208 4575; x_wconf 85' lang='lat' dir='ltr'><strong>est,</strong></span> 
     </span>
    </p>
   </div>
   <div class='ocr_carea' id='block_1_75' title="bbox 609 4601 2208 4673">
    <p class='ocr_par' dir='ltr' id='par_1_75' title="bbox 609 4601 2208 4673">
     <span class='ocr_line' id='line_1_75' title="bbox 609 4601 2208 4673; baseline 0.002 -20"><span class='ocrx_word' id='word_1_567' title='bbox 609 4613 766 4653; x_wconf 91' lang='lat' dir='ltr'><strong>suum</strong></span> <span class='ocrx_word' id='word_1_568' title='bbox 796 4615 1049 4654; x_wconf 89' lang='lat' dir='ltr'><strong>somnum</strong></span> <span class='ocrx_word' id='word_1_569' title='bbox 1073 4642 1088 4665; x_wconf 92' lang='lat'><strong>,</strong></span> <span class='ocrx_word' id='word_1_570' title='bbox 1121 4615 1227 4655; x_wconf 91' lang='lat' dir='ltr'><strong>nou</strong></span> <span class='ocrx_word' id='word_1_571' title='bbox 1257 4601 1458 4658; x_wconf 88' lang='lat' dir='ltr'><strong>Christi</strong></span> <span class='ocrx_word' id='word_1_572' title='bbox 1491 4601 1792 4656; x_wconf 89' lang='lat' dir='ltr'><strong>dormiunt.</strong></span> <span class='ocrx_word' id='word_1_573' title='bbox 1829 4601 1895 4657; x_wconf 87' lang='lat' dir='ltr'><strong>Et</strong></span> <span class='ocrx_word' id='word_1_574' title='bbox 1927 4603 2019 4673; x_wconf 92' lang='lat' dir='ltr'><strong>qui</strong></span> <span class='ocrx_word' id='word_1_575' title='bbox 2058 4618 2208 4657; x_wconf 84' lang='lat' dir='ltr'><strong>som-</strong></span> 
     </span>
    </p>
   </div>
   <div class='ocr_carea' id='block_1_76' title="bbox 2316 3383 3857 3465">
    <p class='ocr_par' dir='ltr' id='par_1_76' title="bbox 2316 3383 3857 3465">
     <span class='ocr_line' id='line_1_76' title="bbox 2316 3383 3857 3465; baseline -0.004 -18"><span class='ocrx_word' id='word_1_576' title='bbox 2316 3391 2600 3459; x_wconf 81' lang='lat' dir='ltr'><strong>halwatur,</strong></span> <span class='ocrx_word' id='word_1_577' title='bbox 2632 3395 2846 3462; x_wconf 84' lang='lat' dir='ltr'><strong>quando</strong></span> <span class='ocrx_word' id='word_1_578' title='bbox 2878 3394 3092 3465; x_wconf 56' lang='lat' dir='ltr'><strong>Moyses</strong></span> <span class='ocrx_word' id='word_1_579' title='bbox 3117 3397 3233 3462; x_wconf 90' lang='lat' dir='ltr'><strong>ipse</strong></span> <span class='ocrx_word' id='word_1_580' title='bbox 3263 3394 3337 3446; x_wconf 87' lang='lat' dir='ltr'><strong>ait</strong></span> <span class='ocrx_word' id='word_1_581' title='bbox 3363 3395 3418 3448; x_wconf 90' lang='lat' dir='ltr'><strong>in</strong></span> <span class='ocrx_word' id='word_1_582' title='bbox 3451 3393 3670 3447; x_wconf 88' lang='lat' dir='ltr'><strong>cantico</strong></span> <span class='ocrx_word' id='word_1_583' title='bbox 3700 3383 3857 3442; x_wconf 66' lang='lat' dir='ltr'><strong>Exodi:</strong></span> 
     </span>
    </p>
   </div>
   <div class='ocr_carea' id='block_1_77' title="bbox 2316 3471 3848 3559">
    <p class='ocr_par' dir='ltr' id='par_1_77' title="bbox 2316 3471 3848 3559">
     <span class='ocr_line' id='line_1_77' title="bbox 2316 3471 3848 3559; baseline 0.003 -23"><span class='ocrx_word' id='word_1_584' title='bbox 2316 3483 2520 3552; x_wconf 86' lang='lat' dir='ltr'><strong>Equum</strong></span> <span class='ocrx_word' id='word_1_585' title='bbox 2549 3497 2595 3540; x_wconf 89' lang='lat' dir='ltr'><strong>et</strong></span> <span class='ocrx_word' id='word_1_586' title='bbox 2617 3503 2935 3540; x_wconf 79' lang='lat' dir='ltr'><strong>ascensorem</strong></span> <span class='ocrx_word' id='word_1_587' title='bbox 2967 3486 3184 3556; x_wconf 82' lang='lat' dir='ltr'><strong>proiecit</strong></span> <span class='ocrx_word' id='word_1_588' title='bbox 3207 3486 3257 3539; x_wconf 86' lang='lat' dir='ltr'><strong>in</strong></span> <span class='ocrx_word' id='word_1_589' title='bbox 3281 3501 3430 3538; x_wconf 85' lang='lat' dir='ltr'><strong>mare</strong></span> <span class='ocrx_word' id='word_1_590' title='bbox 3455 3483 3657 3559; x_wconf 75' lang='lat' dir='ltr'><strong>(Exod.</strong></span> <span class='ocrx_word' id='word_1_591' title='bbox 3684 3496 3761 3536; x_wconf 71' lang='grc' dir='ltr'><strong>ιτ.</strong></span> <span class='ocrx_word' id='word_1_592' title='bbox 3780 3471 3848 3540; x_wconf 64' lang='grc' dir='ltr'><strong>εί)-</strong></span> 
     </span>
    </p>
   </div>
   <div class='ocr_carea' id='block_1_78' title="bbox 2315 3568 3848 3633">
    <p class='ocr_par' dir='ltr' id='par_1_78' title="bbox 2315 3568 3848 3633">
     <span class='ocr_line' id='line_1_78' title="bbox 2315 3568 3848 3633; baseline -0.005 -1"><span class='ocrx_word' id='word_1_593' title='bbox 2315 3577 2383 3633; x_wconf 80' lang='grc' dir='ltr'>Ει</span> <span class='ocrx_word' id='word_1_594' title='bbox 2426 3579 2477 3632; x_wconf 91' lang='lat' dir='ltr'><strong>in</strong></span> <span class='ocrx_word' id='word_1_595' title='bbox 2511 3577 2775 3632; x_wconf 84' lang='lat' dir='ltr'><strong>Zacharia</strong></span> <span class='ocrx_word' id='word_1_596' title='bbox 2807 3581 3015 3633; x_wconf 87' lang='lat' dir='ltr'><strong>loculus</strong></span> <span class='ocrx_word' id='word_1_597' title='bbox 3045 3590 3128 3633; x_wconf 90' lang='lat' dir='ltr'><strong>est</strong></span> <span class='ocrx_word' id='word_1_598' title='bbox 3162 3579 3418 3632; x_wconf 84' lang='lat' dir='ltr'><strong>Dominus</strong></span> <span class='ocrx_word' id='word_1_599' title='bbox 3448 3579 3642 3632; x_wconf 88' lang='lat' dir='ltr'><strong>dicens</strong></span> <span class='ocrx_word' id='word_1_600' title='bbox 3676 3591 3687 3626; x_wconf 93' lang='lat'><strong>:</strong></span> <span class='ocrx_word' id='word_1_601' title='bbox 3720 3568 3848 3624; x_wconf 72' lang='grc' dir='ltr'><strong>Ρστιί·</strong></span> 
     </span>
    </p>
   </div>
   <div class='ocr_carea' id='block_1_79' title="bbox 2314 3657 3853 3742">
    <p class='ocr_par' dir='ltr' id='par_1_79' title="bbox 2314 3657 3853 3742">
     <span class='ocr_line' id='line_1_79' title="bbox 2314 3657 3853 3742; baseline -0.001 -20"><span class='ocrx_word' id='word_1_602' title='bbox 2314 3671 2440 3723; x_wconf 88' lang='lat' dir='ltr'><strong>tiam</strong></span> <span class='ocrx_word' id='word_1_603' title='bbox 2472 3687 2670 3724; x_wconf 73' lang='lat' dir='ltr'><strong>attinent</strong></span> <span class='ocrx_word' id='word_1_604' title='bbox 2697 3688 2878 3742; x_wconf 84' lang='lat' dir='ltr'><strong>equum</strong></span> <span class='ocrx_word' id='word_1_605' title='bbox 2917 3673 2968 3725; x_wconf 89' lang='lat' dir='ltr'><strong>in</strong></span> <span class='ocrx_word' id='word_1_606' title='bbox 2995 3671 3217 3725; x_wconf 83' lang='lat' dir='ltr'><strong>amentia</strong></span> <span class='ocrx_word' id='word_1_607' title='bbox 3239 3713 3254 3731; x_wconf 88' lang='lat'><strong>.</strong></span> <span class='ocrx_word' id='word_1_608' title='bbox 3285 3682 3334 3726; x_wconf 86' lang='lat' dir='ltr'><strong>et</strong></span> <span class='ocrx_word' id='word_1_609' title='bbox 3369 3682 3699 3725; x_wconf 79' lang='lat' dir='ltr'><strong>ascensorem</strong></span> <span class='ocrx_word' id='word_1_610' title='bbox 3722 3657 3853 3736; x_wconf 60' lang='lat' dir='ltr'><strong>ejusili</strong></span> 
     </span>
    </p>
   </div>
   <div class='ocr_carea' id='block_1_80' title="bbox 2314 3763 3852 3837">
    <p class='ocr_par' dir='ltr' id='par_1_80' title="bbox 2314 3763 3852 3837">
     <span class='ocr_line' id='line_1_80' title="bbox 2314 3763 3852 3837; baseline -0.003 -21"><span class='ocrx_word' id='word_1_611' title='bbox 2314 3764 2610 3835; x_wconf 82' lang='lat' dir='ltr'><strong>insipientia</strong></span> <span class='ocrx_word' id='word_1_612' title='bbox 2640 3763 2833 3835; x_wconf 79' lang='lat' dir='ltr'><strong>(.Zaclt.</strong></span> <span class='ocrx_word' id='word_1_613' title='bbox 2867 3781 2972 3831; x_wconf 78' lang='lat' dir='ltr'><strong>xtl,</strong></span> <span class='ocrx_word' id='word_1_614' title='bbox 3015 3765 3092 3837; x_wconf 72' lang='grc'><strong>4).</strong></span> <span class='ocrx_word' id='word_1_615' title='bbox 3135 3764 3251 3820; x_wconf 86' lang='lat' dir='ltr'><strong>Non</strong></span> <span class='ocrx_word' id='word_1_616' title='bbox 3283 3764 3425 3820; x_wconf 82' lang='lat' dir='ltr'><strong>dixit</strong></span> <span class='ocrx_word' id='word_1_617' title='bbox 3467 3765 3646 3820; x_wconf 87' lang='lat' dir='ltr'><strong>solum</strong></span> <span class='ocrx_word' id='word_1_618' title='bbox 3676 3768 3852 3828; x_wconf 67' lang='lat' dir='ltr'><strong>eitum&quot;.</strong></span> 
     </span>
    </p>
   </div>
   <div class='ocr_carea' id='block_1_81' title="bbox 2315 3849 3854 3930">
    <p class='ocr_par' dir='ltr' id='par_1_81' title="bbox 2315 3849 3854 3930">
     <span class='ocr_line' id='line_1_81' title="bbox 2315 3849 3854 3930; baseline -0.006 -20"><span class='ocrx_word' id='word_1_619' title='bbox 2315 3858 2407 3912; x_wconf 89' lang='lat' dir='ltr'><strong>sed</strong></span> <span class='ocrx_word' id='word_1_620' title='bbox 2450 3869 2504 3914; x_wconf 90' lang='lat' dir='ltr'><strong>et</strong></span> <span class='ocrx_word' id='word_1_621' title='bbox 2553 3875 2896 3914; x_wconf 74' lang='lat' dir='ltr'><strong>ast-ensorrm</strong></span> <span class='ocrx_word' id='word_1_622' title='bbox 2925 3901 2938 3924; x_wconf 93' lang='lat'><strong>,</strong></span> <span class='ocrx_word' id='word_1_623' title='bbox 2982 3859 3253 3930; x_wconf 91' lang='lat' dir='ltr'><strong>quomodo</strong></span> <span class='ocrx_word' id='word_1_624' title='bbox 3293 3869 3348 3914; x_wconf 89' lang='lat' dir='ltr'><strong>et</strong></span> <span class='ocrx_word' id='word_1_625' title='bbox 3389 3858 3446 3914; x_wconf 89' lang='lat' dir='ltr'><strong>in</strong></span> <span class='ocrx_word' id='word_1_626' title='bbox 3474 3856 3665 3914; x_wconf 76' lang='lat' dir='ltr'><strong>Exodo</strong></span> <span class='ocrx_word' id='word_1_627' title='bbox 3705 3849 3854 3904; x_wconf 75' lang='lat' dir='ltr'><strong>habes:</strong></span> 
     </span>
    </p>
   </div>
   <div class='ocr_carea' id='block_1_82' title="bbox 2316 3935 3853 4022">
    <p class='ocr_par' dir='ltr' id='par_1_82' title="bbox 2316 3935 3853 4022">
     <span class='ocr_line' id='line_1_82' title="bbox 2316 3935 3853 4022; baseline 0.001 -18"><span class='ocrx_word' id='word_1_628' title='bbox 2316 3949 2521 4022; x_wconf 84' lang='lat' dir='ltr'><strong>Equum</strong></span> <span class='ocrx_word' id='word_1_629' title='bbox 2569 3963 2616 4007; x_wconf 85' lang='lat' dir='ltr'><strong>et</strong></span> <span class='ocrx_word' id='word_1_630' title='bbox 2656 3971 2999 4008; x_wconf 81' lang='lat' dir='ltr'><strong>ascensorem.</strong></span> <span class='ocrx_word' id='word_1_631' title='bbox 3049 3952 3148 4010; x_wconf 87' lang='lat' dir='ltr'><strong>Ubi</strong></span> <span class='ocrx_word' id='word_1_632' title='bbox 3181 3964 3262 4009; x_wconf 85' lang='lat' dir='ltr'><strong>est</strong></span> <span class='ocrx_word' id='word_1_633' title='bbox 3291 3955 3437 4009; x_wconf 87' lang='lat' dir='ltr'><strong>enim</strong></span> <span class='ocrx_word' id='word_1_634' title='bbox 3477 3963 3756 4010; x_wconf 70' lang='lat' dir='ltr'><strong>ascensol&#39;.</strong></span> <span class='ocrx_word' id='word_1_635' title='bbox 3791 3935 3853 4006; x_wconf 73' lang='grc' dir='ltr'><strong>αυί</strong></span> 
     </span>
    </p>
   </div>
   <div class='ocr_carea' id='block_1_83' title="bbox 2316 4045 3854 4123">
    <p class='ocr_par' dir='ltr' id='par_1_83' title="bbox 2316 4045 3854 4123">
     <span class='ocr_line' id='line_1_83' title="bbox 2316 4045 3854 4123; baseline 0.001 -20"><span class='ocrx_word' id='word_1_636' title='bbox 2316 4063 2421 4103; x_wconf 89' lang='lat' dir='ltr'><strong>non</strong></span> <span class='ocrx_word' id='word_1_637' title='bbox 2455 4049 2815 4123; x_wconf 77' lang='lat' dir='ltr'><strong>potes1585</strong></span> <span class='ocrx_word' id='word_1_638' title='bbox 2841 4066 3036 4120; x_wconf 89' lang='lat' dir='ltr'><strong>equum</strong></span> <span class='ocrx_word' id='word_1_639' title='bbox 3071 4050 3345 4120; x_wconf 90' lang='lat' dir='ltr'><strong>proprium</strong></span> <span class='ocrx_word' id='word_1_640' title='bbox 3377 4052 3702 4121; x_wconf 84' lang='lat' dir='ltr'><strong>gubernare,</strong></span> <span class='ocrx_word' id='word_1_641' title='bbox 3728 4045 3854 4105; x_wconf 61' lang='lat'><strong>80&quot;“5</strong></span> 
     </span>
    </p>
   </div>
   <div class='ocr_carea' id='block_1_84' title="bbox 2314 4135 3849 4214">
    <p class='ocr_par' dir='ltr' id='par_1_84' title="bbox 2314 4135 3849 4214">
     <span class='ocr_line' id='line_1_84' title="bbox 2314 4135 3849 4214; baseline -0.002 -20"><span class='ocrx_word' id='word_1_642' title='bbox 2314 4157 2532 4214; x_wconf 91' lang='lat' dir='ltr'><strong>quoque</strong></span> <span class='ocrx_word' id='word_1_643' title='bbox 2557 4140 2730 4198; x_wconf 90' lang='lat' dir='ltr'><strong>fertur</strong></span> <span class='ocrx_word' id='word_1_644' title='bbox 2752 4144 2803 4197; x_wconf 90' lang='lat' dir='ltr'><strong>in</strong></span> <span class='ocrx_word' id='word_1_645' title='bbox 2839 4159 3100 4214; x_wconf 77' lang='lat' dir='ltr'><strong>praeceps,</strong></span> <span class='ocrx_word' id='word_1_646' title='bbox 3125 4143 3170 4198; x_wconf 91' lang='lat' dir='ltr'><strong>si</strong></span> <span class='ocrx_word' id='word_1_647' title='bbox 3201 4143 3464 4197; x_wconf 89' lang='lat' dir='ltr'><strong>indomito</strong></span> <span class='ocrx_word' id='word_1_648' title='bbox 3489 4143 3672 4196; x_wconf 86' lang='lat' dir='ltr'><strong>furore</strong></span> <span class='ocrx_word' id='word_1_649' title='bbox 3699 4135 3739 4187; x_wconf 89' lang='lat' dir='ltr'><strong>in</strong></span> <span class='ocrx_word' id='word_1_650' title='bbox 3755 4139 3849 4198; x_wconf 63' lang='grc' dir='ltr'><strong>ιπε-</strong></span> 
     </span>
    </p>
   </div>
   <div class='ocr_carea' id='block_1_85' title="bbox 2314 4217 3846 4307">
    <p class='ocr_par' dir='ltr' id='par_1_85' title="bbox 2314 4217 3846 4307">
     <span class='ocr_line' id='line_1_85' title="bbox 2314 4217 3846 4307; baseline -0.014 -13"><span class='ocrx_word' id='word_1_651' title='bbox 2314 4245 2468 4306; x_wconf 81' lang='lat' dir='ltr'><strong>rupta</strong></span> <span class='ocrx_word' id='word_1_652' title='bbox 2515 4247 2568 4291; x_wconf 90' lang='lat' dir='ltr'><strong>ct</strong></span> <span class='ocrx_word' id='word_1_653' title='bbox 2608 4237 2913 4306; x_wconf 83' lang='lat' dir='ltr'><strong>periculosa</strong></span> <span class='ocrx_word' id='word_1_654' title='bbox 2959 4238 3220 4305; x_wconf 84' lang='lat' dir='ltr'><strong>rapiatur.</strong></span> <span class='ocrx_word' id='word_1_655' title='bbox 3275 4235 3411 4304; x_wconf 86' lang='lat' dir='ltr'><strong>Quid</strong></span> <span class='ocrx_word' id='word_1_656' title='bbox 3467 4236 3629 4307; x_wconf 80' lang='lat' dir='ltr'><strong>igitur</strong></span> <span class='ocrx_word' id='word_1_657' title='bbox 3669 4224 3795 4282; x_wconf 87' lang='lat' dir='ltr'><strong>vobis</strong></span> <span class='ocrx_word' id='word_1_658' title='bbox 3813 4217 3846 4269; x_wconf 88' lang='lat' dir='ltr'><strong>in</strong></span> 
     </span>
    </p>
   </div>
   <div class='ocr_carea' id='block_1_86' title="bbox 2313 4319 3837 4402">
    <p class='ocr_par' dir='ltr' id='par_1_86' title="bbox 2313 4319 3837 4402">
     <span class='ocr_line' id='line_1_86' title="bbox 2313 4319 3837 4402; baseline -0.014 -15"><span class='ocrx_word' id='word_1_659' title='bbox 2313 4333 2469 4402; x_wconf 91' lang='lat' dir='ltr'><strong>cquis</strong></span> <span class='ocrx_word' id='word_1_660' title='bbox 2498 4333 2797 4400; x_wconf 88' lang='lat' dir='ltr'><strong>confiditis,</strong></span> <span class='ocrx_word' id='word_1_661' title='bbox 2831 4332 3061 4388; x_wconf 85' lang='lat' dir='ltr'><strong>divites?</strong></span> <span class='ocrx_word' id='word_1_662' title='bbox 3098 4333 3323 4388; x_wconf 82' lang='lat' dir='ltr'><strong>Mendax</strong></span> <span class='ocrx_word' id='word_1_663' title='bbox 3354 4346 3526 4401; x_wconf 86' lang='lat' dir='ltr'><strong>equus</strong></span> <span class='ocrx_word' id='word_1_664' title='bbox 3571 4325 3636 4382; x_wconf 90' lang='lat' dir='ltr'><strong>ad</strong></span> <span class='ocrx_word' id='word_1_665' title='bbox 3673 4319 3837 4402; x_wconf 69' lang='lat' dir='ltr'><strong>salutent</strong></span> 
     </span>
    </p>
   </div>
   <div class='ocr_carea' id='block_1_87' title="bbox 2316 4398 3839 4506">
    <p class='ocr_par' dir='ltr' id='par_1_87' title="bbox 2316 4398 3839 4506">
     <span class='ocr_line' id='line_1_87' title="bbox 2316 4398 3839 4506; baseline -0.004 -28"><span class='ocrx_word' id='word_1_666' title='bbox 2316 4398 2491 4496; x_wconf 52' lang='grc' dir='ltr'><strong>(ἔδεαι.</strong></span> <span class='ocrx_word' id='word_1_667' title='bbox 2523 4442 2672 4480; x_wconf 78' lang='lat' dir='ltr'><strong>xxxu</strong></span> <span class='ocrx_word' id='word_1_668' title='bbox 2698 4469 2711 4490; x_wconf 95' lang='lat'><strong>,</strong></span> <span class='ocrx_word' id='word_1_669' title='bbox 2746 4398 2858 4497; x_wconf 72' lang='grc' dir='ltr'><strong>Π).</strong></span> <span class='ocrx_word' id='word_1_670' title='bbox 2889 4425 3031 4494; x_wconf 84' lang='lat' dir='ltr'><strong>Quid</strong></span> <span class='ocrx_word' id='word_1_671' title='bbox 3064 4427 3115 4480; x_wconf 93' lang='lat' dir='ltr'><strong>in</strong></span> <span class='ocrx_word' id='word_1_672' title='bbox 3143 4398 3578 4481; x_wconf 27' lang='lat' dir='ltr'><strong>curribus-vobis</strong></span> <span class='ocrx_word' id='word_1_673' title='bbox 3611 4398 3839 4506; x_wconf 48' lang='lat' dir='ltr'><strong>plaudillfi</strong></span> 
     </span>
    </p>
   </div>
   <div class='ocr_carea' id='block_1_88' title="bbox 2318 4506 3843 4589">
    <p class='ocr_par' dir='ltr' id='par_1_88' title="bbox 2318 4506 3843 4589">
     <span class='ocr_line' id='line_1_88' title="bbox 2318 4506 3843 4589; baseline -0.014 -19"><span class='ocrx_word' id='word_1_674' title='bbox 2318 4513 2391 4570; x_wconf 82' lang='lat' dir='ltr'><strong>Hi</strong></span> <span class='ocrx_word' id='word_1_675' title='bbox 2425 4517 2479 4570; x_wconf 87' lang='lat' dir='ltr'><strong>in</strong></span> <span class='ocrx_word' id='word_1_676' title='bbox 2506 4517 2770 4584; x_wconf 87' lang='lat' dir='ltr'><strong>curribus,</strong></span> <span class='ocrx_word' id='word_1_677' title='bbox 2812 4528 2859 4572; x_wconf 91' lang='lat' dir='ltr'><strong>et</strong></span> <span class='ocrx_word' id='word_1_678' title='bbox 2899 4519 2955 4572; x_wconf 84' lang='lat' dir='ltr'><strong>lii</strong></span> <span class='ocrx_word' id='word_1_679' title='bbox 3003 4519 3056 4572; x_wconf 88' lang='lat' dir='ltr'><strong>in</strong></span> <span class='ocrx_word' id='word_1_680' title='bbox 3087 4519 3228 4589; x_wconf 87' lang='lat' dir='ltr'><strong>equis</strong></span> <span class='ocrx_word' id='word_1_681' title='bbox 3252 4560 3266 4580; x_wconf 93' lang='lat'><strong>,</strong></span> <span class='ocrx_word' id='word_1_682' title='bbox 3300 4534 3392 4571; x_wconf 88' lang='lat' dir='ltr'><strong>nos</strong></span> <span class='ocrx_word' id='word_1_683' title='bbox 3421 4527 3589 4570; x_wconf 89' lang='lat' dir='ltr'><strong>autem</strong></span> <span class='ocrx_word' id='word_1_684' title='bbox 3619 4513 3668 4564; x_wconf 87' lang='lat' dir='ltr'><strong>in</strong></span> <span class='ocrx_word' id='word_1_685' title='bbox 3696 4506 3843 4560; x_wconf 69' lang='lat' dir='ltr'><strong>nomine</strong></span> 
     </span>
    </p>
   </div>
   <div class='ocr_carea' id='block_1_89' title="bbox 2316 4595 3842 4683">
    <p class='ocr_par' dir='ltr' id='par_1_89' title="bbox 2316 4595 3842 4683">
     <span class='ocr_line' id='line_1_89' title="bbox 2316 4595 3842 4683; baseline -0.009 -19"><span class='ocrx_word' id='word_1_686' title='bbox 2316 4609 2527 4665; x_wconf 85' lang='lat' dir='ltr'><strong>Domini</strong></span> <span class='ocrx_word' id='word_1_687' title='bbox 2548 4610 3016 4683; x_wconf 79' lang='lat' dir='ltr'><strong>magniﬁcabimur.</strong></span> <span class='ocrx_word' id='word_1_688' title='bbox 3044 4610 3156 4682; x_wconf 84' lang='lat' dir='ltr'><strong>Ipsi</strong></span> <span class='ocrx_word' id='word_1_689' title='bbox 3179 4611 3393 4682; x_wconf 80' lang='lat' dir='ltr'><strong>obligati</strong></span> <span class='ocrx_word' id='word_1_690' title='bbox 3412 4619 3549 4672; x_wconf 85' lang='lat' dir='ltr'><strong>sunt,</strong></span> <span class='ocrx_word' id='word_1_691' title='bbox 3571 4615 3614 4660; x_wconf 87' lang='lat' dir='ltr'><strong>et</strong></span> <span class='ocrx_word' id='word_1_692' title='bbox 3639 4595 3842 4683; x_wconf 45' lang='lat' dir='ltr'><strong>cecidttfi</strong></span> 
     </span>
    </p>
   </div>
   <div class='ocr_carea' id='block_1_90' title="bbox 606 4677 3838 4772">
    <p class='ocr_par' dir='ltr' id='par_1_90' title="bbox 606 4677 3838 4772">
     <span class='ocr_line' id='line_1_90' title="bbox 606 4677 3838 4772; baseline -0.005 -9"><span class='ocrx_word' id='word_1_693' title='bbox 606 4706 738 4746; x_wconf 71' lang='lat' dir='ltr'><strong>“um</strong></span> <span class='ocrx_word' id='word_1_694' title='bbox 763 4689 972 4746; x_wconf 66' lang='lat' dir='ltr'><strong>Chris‘i</strong></span> <span class='ocrx_word' id='word_1_695' title='bbox 997 4708 1101 4747; x_wconf 77' lang='lat' dir='ltr'><strong>&quot;&quot;n</strong></span> <span class='ocrx_word' id='word_1_696' title='bbox 1124 4691 1422 4756; x_wconf 66' lang='lat' dir='ltr'><strong>d0l&#39;ll&#39;iumo</strong></span> <span class='ocrx_word' id='word_1_697' title='bbox 1455 4709 1560 4749; x_wconf 79' lang='lat'><strong>&quot;0&quot;</strong></span> <span class='ocrx_word' id='word_1_698' title='bbox 1594 4693 1795 4750; x_wconf 66' lang='lat' dir='ltr'><strong>“abem</strong></span> <span class='ocrx_word' id='word_1_699' title='bbox 1825 4692 2029 4750; x_wconf 50' lang='lat' dir='ltr'><strong>Chiis“</strong></span> <span class='ocrx_word' id='word_1_700' title='bbox 2057 4695 2210 4763; x_wconf 83' lang='lat' dir='ltr'><strong>‘luie-</strong></span> <span class='ocrx_word' id='word_1_701' title='bbox 2237 4697 2286 4758; x_wconf 89' lang='lat' dir='ltr'><strong>D</strong></span> <span class='ocrx_word' id='word_1_702' title='bbox 2313 4720 2407 4758; x_wconf 82' lang='lat' dir='ltr'><strong>nos</strong></span> <span class='ocrx_word' id='word_1_703' title='bbox 2437 4718 2604 4758; x_wconf 75' lang='lat' dir='ltr'><strong>autem</strong></span> <span class='ocrx_word' id='word_1_704' title='bbox 2636 4677 2957 4760; x_wconf 70' lang='lat' dir='ltr'><strong>surreximus</strong></span> <span class='ocrx_word' id='word_1_705' title='bbox 2984 4716 3030 4758; x_wconf 76' lang='lat' dir='ltr'><strong>et</strong></span> <span class='ocrx_word' id='word_1_706' title='bbox 3060 4677 3213 4759; x_wconf 81' lang='lat' dir='ltr'><strong>erecti</strong></span> <span class='ocrx_word' id='word_1_707' title='bbox 3243 4677 3414 4756; x_wconf 72' lang='lat' dir='ltr'><strong>stitnus</strong></span> <span class='ocrx_word' id='word_1_708' title='bbox 3439 4702 3458 4772; x_wconf 94' lang='lat'>(</span> <span class='ocrx_word' id='word_1_709' title='bbox 3483 4697 3620 4754; x_wconf 78' lang='lat' dir='ltr'><strong>Psal.</strong></span> <span class='ocrx_word' id='word_1_710' title='bbox 3653 4704 3762 4748; x_wconf 71' lang='lat' dir='ltr'><strong>III.</strong></span> <span class='ocrx_word' id='word_1_711' title='bbox 3786 4677 3838 4748; x_wconf 73' lang='grc'><strong>8)·</strong></span> 
     </span>
    </p>
   </div>
   <div class='ocr_carea' id='block_1_91' title="bbox 607 4785 2207 4857">
    <p class='ocr_par' dir='ltr' id='par_1_91' title="bbox 607 4785 2207 4857">
     <span class='ocr_line' id='line_1_91' title="bbox 607 4785 2207 4857; baseline 0.002 -18"><span class='ocrx_word' id='word_1_712' title='bbox 607 4793 757 4853; x_wconf 83' lang='lat' dir='ltr'><strong>tem,</strong></span> <span class='ocrx_word' id='word_1_713' title='bbox 806 4801 914 4840; x_wconf 92' lang='lat' dir='ltr'><strong>nou</strong></span> <span class='ocrx_word' id='word_1_714' title='bbox 961 4797 1188 4855; x_wconf 85' lang='lat' dir='ltr'><strong>surgunt</strong></span> <span class='ocrx_word' id='word_1_715' title='bbox 1219 4785 1421 4841; x_wconf 89' lang='lat' dir='ltr'><strong>Christi</strong></span> <span class='ocrx_word' id='word_1_716' title='bbox 1462 4789 1897 4852; x_wconf 86' lang='lat' dir='ltr'><strong>resurrectione;</strong></span> <span class='ocrx_word' id='word_1_717' title='bbox 1947 4787 2041 4857; x_wconf 85' lang='lat' dir='ltr'><strong>qui</strong></span> <span class='ocrx_word' id='word_1_718' title='bbox 2091 4789 2207 4842; x_wconf 89' lang='lat' dir='ltr'><strong>ait:</strong></span> 
     </span>
    </p>
   </div>
   <div class='ocr_carea' id='block_1_92' title="bbox 609 4877 2210 4953">
    <p class='ocr_par' dir='ltr' id='par_1_92' title="bbox 609 4877 2210 4953">
     <span class='ocr_line' id='line_1_92' title="bbox 609 4877 2210 4953; baseline 0.004 -21"><span class='ocrx_word' id='word_1_719' title='bbox 609 4877 724 4953; x_wconf 88' lang='lat' dir='ltr'><strong>Ego</strong></span> <span class='ocrx_word' id='word_1_720' title='bbox 751 4879 1004 4947; x_wconf 88' lang='lat' dir='ltr'><strong>dormivi,</strong></span> <span class='ocrx_word' id='word_1_721' title='bbox 1035 4889 1084 4934; x_wconf 90' lang='lat' dir='ltr'><strong>et</strong></span> <span class='ocrx_word' id='word_1_722' title='bbox 1113 4879 1313 4950; x_wconf 87' lang='lat' dir='ltr'><strong>quievi.</strong></span> <span class='ocrx_word' id='word_1_723' title='bbox 1343 4890 1389 4935; x_wconf 90' lang='lat' dir='ltr'><strong>et</strong></span> <span class='ocrx_word' id='word_1_724' title='bbox 1417 4882 1652 4947; x_wconf 77' lang='lat' dir='ltr'><strong>surrexi;</strong></span> <span class='ocrx_word' id='word_1_725' title='bbox 1678 4885 1920 4952; x_wconf 84' lang='lat' dir='ltr'><strong>quoniam</strong></span> <span class='ocrx_word' id='word_1_726' title='bbox 1951 4879 2210 4939; x_wconf 81' lang='lat' dir='ltr'><strong>Dominus</strong></span> 
     </span>
    </p>
   </div>
   <div class='ocr_carea' id='block_1_93' title="bbox 606 4971 1396 5044">
    <p class='ocr_par' dir='ltr' id='par_1_93' title="bbox 606 4971 1396 5044">
     <span class='ocr_line' id='line_1_93' title="bbox 606 4971 1396 5044; baseline -0.001 -18"><span class='ocrx_word' id='word_1_727' title='bbox 606 4972 849 5042; x_wconf 76' lang='lat' dir='ltr'><strong>suscipiet</strong></span> <span class='ocrx_word' id='word_1_728' title='bbox 879 4989 958 5026; x_wconf 87' lang='lat' dir='ltr'><strong>me</strong></span> <span class='ocrx_word' id='word_1_729' title='bbox 987 4971 1162 5043; x_wconf 78' lang='lat' dir='ltr'><strong>(l’sal.</strong></span> <span class='ocrx_word' id='word_1_730' title='bbox 1193 4987 1283 5037; x_wconf 87' lang='grc' dir='ltr'>ιιι,</span> <span class='ocrx_word' id='word_1_731' title='bbox 1317 4971 1396 5044; x_wconf 87' lang='lat'><strong>6).</strong></span> 
     </span>
    </p>
   </div>
   <div class='ocr_carea' id='block_1_94' title="bbox 678 5067 2208 5142">
    <p class='ocr_par' dir='ltr' id='par_1_94' title="bbox 678 5067 2208 5142">
     <span class='ocr_line' id='line_1_94' title="bbox 678 5067 2208 5142; baseline 0.001 -18"><span class='ocrx_word' id='word_1_732' title='bbox 678 5067 770 5125; x_wconf 79' lang='grc' dir='ltr'><strong>θι.</strong></span> <span class='ocrx_word' id='word_1_733' title='bbox 813 5067 868 5124; x_wconf 84' lang='lat' dir='ltr'><strong>lu</strong></span> <span class='ocrx_word' id='word_1_734' title='bbox 903 5067 1008 5122; x_wconf 89' lang='lat' dir='ltr'><strong>hoc</strong></span> <span class='ocrx_word' id='word_1_735' title='bbox 1039 5067 1240 5138; x_wconf 88' lang='lat' dir='ltr'><strong>quique</strong></span> <span class='ocrx_word' id='word_1_736' title='bbox 1270 5067 1473 5122; x_wconf 64' lang='lat' dir='ltr'><strong>satculo</strong></span> <span class='ocrx_word' id='word_1_737' title='bbox 1508 5067 1840 5136; x_wconf 84' lang='lat' dir='ltr'><strong>dormitant,</strong></span> <span class='ocrx_word' id='word_1_738' title='bbox 1868 5069 2016 5142; x_wconf 84' lang='lat' dir='ltr'><strong>digni</strong></span> <span class='ocrx_word' id='word_1_739' title='bbox 2041 5069 2208 5126; x_wconf 88' lang='lat' dir='ltr'><strong>habiti</strong></span> 
     </span>
    </p>
   </div>
   <div class='ocr_carea' id='block_1_95' title="bbox 610 5160 2211 5235">
    <p class='ocr_par' dir='ltr' id='par_1_95' title="bbox 610 5160 2211 5235">
     <span class='ocr_line' id='line_1_95' title="bbox 610 5160 2211 5235; baseline 0.001 -16"><span class='ocrx_word' id='word_1_740' title='bbox 610 5162 990 5235; x_wconf 84' lang='lat' dir='ltr'><strong>increpatione</strong></span> <span class='ocrx_word' id='word_1_741' title='bbox 1027 5161 1270 5229; x_wconf 69' lang='lat' dir='ltr'><strong>cmlesti,</strong></span> <span class='ocrx_word' id='word_1_742' title='bbox 1313 5160 1406 5232; x_wconf 92' lang='lat' dir='ltr'><strong>qui</strong></span> <span class='ocrx_word' id='word_1_743' title='bbox 1435 5161 1800 5218; x_wconf 88' lang='lat' dir='ltr'><strong>ascenderunt</strong></span> <span class='ocrx_word' id='word_1_744' title='bbox 1826 5180 2030 5235; x_wconf 86' lang='lat' dir='ltr'><strong>equos,</strong></span> <span class='ocrx_word' id='word_1_745' title='bbox 2071 5180 2211 5235; x_wconf 86' lang='lat' dir='ltr'><strong>quos</strong></span> 
     </span>
    </p>
   </div>
   <div class='ocr_carea' id='block_1_96' title="bbox 609 5255 2208 5327">
    <p class='ocr_par' dir='ltr' id='par_1_96' title="bbox 609 5255 2208 5327">
     <span class='ocr_line' id='line_1_96' title="bbox 609 5255 2208 5327; baseline 0.001 -15"><span class='ocrx_word' id='word_1_746' title='bbox 609 5260 884 5315; x_wconf 81' lang='lat' dir='ltr'><strong>refrenare</strong></span> <span class='ocrx_word' id='word_1_747' title='bbox 930 5273 1037 5310; x_wconf 90' lang='lat' dir='ltr'><strong>non</strong></span> <span class='ocrx_word' id='word_1_748' title='bbox 1071 5263 1345 5326; x_wconf 86' lang='lat' dir='ltr'><strong>poterant.</strong></span> <span class='ocrx_word' id='word_1_749' title='bbox 1392 5255 1648 5327; x_wconf 78' lang='lat' dir='ltr'><strong>Legimus</strong></span> <span class='ocrx_word' id='word_1_750' title='bbox 1680 5257 1806 5311; x_wconf 86' lang='lat' dir='ltr'><strong>alibi</strong></span> <span class='ocrx_word' id='word_1_751' title='bbox 1848 5257 2061 5312; x_wconf 82' lang='lat' dir='ltr'><strong>dicente</strong></span> <span class='ocrx_word' id='word_1_752' title='bbox 2103 5259 2208 5313; x_wconf 87' lang='lat' dir='ltr'><strong>Ec-</strong></span> 
     </span>
    </p>
   </div>
   <div class='ocr_carea' id='block_1_97' title="bbox 605 5350 2204 5425">
    <p class='ocr_par' dir='ltr' id='par_1_97' title="bbox 605 5350 2204 5425">
     <span class='ocr_line' id='line_1_97' title="bbox 605 5350 2204 5425; baseline -0.001 -15"><span class='ocrx_word' id='word_1_753' title='bbox 605 5354 774 5410; x_wconf 86' lang='lat' dir='ltr'><strong>clesia</strong></span> <span class='ocrx_word' id='word_1_754' title='bbox 796 5355 910 5409; x_wconf 87' lang='lat' dir='ltr'><strong>sive</strong></span> <span class='ocrx_word' id='word_1_755' title='bbox 937 5351 1115 5406; x_wconf 85' lang='lat' dir='ltr'><strong>anima</strong></span> <span class='ocrx_word' id='word_1_756' title='bbox 1152 5369 1165 5405; x_wconf 90' lang='lat'><strong>:</strong></span> <span class='ocrx_word' id='word_1_757' title='bbox 1200 5350 1388 5406; x_wconf 86' lang='lat' dir='ltr'><strong>Posuit</strong></span> <span class='ocrx_word' id='word_1_758' title='bbox 1411 5369 1493 5407; x_wconf 88' lang='lat' dir='ltr'><strong>me</strong></span> <span class='ocrx_word' id='word_1_759' title='bbox 1513 5369 1694 5407; x_wconf 85' lang='lat' dir='ltr'><strong>currus</strong></span> <span class='ocrx_word' id='word_1_760' title='bbox 1717 5353 2008 5408; x_wconf 81' lang='lat' dir='ltr'><strong>Aminadab</strong></span> <span class='ocrx_word' id='word_1_761' title='bbox 2033 5353 2204 5425; x_wconf 85' lang='lat' dir='ltr'><strong>(Cant.</strong></span> 
     </span>
    </p>
   </div>
   <div class='ocr_carea' id='block_1_98' title="bbox 605 5445 2208 5521">
    <p class='ocr_par' dir='ltr' id='par_1_98' title="bbox 605 5445 2208 5521">
     <span class='ocr_line' id='line_1_98' title="bbox 605 5445 2208 5521; baseline 0.002 -18"><span class='ocrx_word' id='word_1_762' title='bbox 605 5464 696 5516; x_wconf 76' lang='lat' dir='ltr'><strong>vr,</strong></span> <span class='ocrx_word' id='word_1_763' title='bbox 740 5449 851 5519; x_wconf 78' lang='lat' dir='ltr'><strong>ll).</strong></span> <span class='ocrx_word' id='word_1_764' title='bbox 885 5445 946 5503; x_wconf 89' lang='lat' dir='ltr'><strong>Si</strong></span> <span class='ocrx_word' id='word_1_765' title='bbox 976 5462 1107 5518; x_wconf 86' lang='lat' dir='ltr'><strong>ergo</strong></span> <span class='ocrx_word' id='word_1_766' title='bbox 1151 5448 1330 5503; x_wconf 88' lang='lat' dir='ltr'><strong>anima</strong></span> <span class='ocrx_word' id='word_1_767' title='bbox 1381 5465 1576 5504; x_wconf 84' lang='lat' dir='ltr'><strong>currus</strong></span> <span class='ocrx_word' id='word_1_768' title='bbox 1618 5458 1732 5513; x_wconf 85' lang='lat' dir='ltr'><strong>est,</strong></span> <span class='ocrx_word' id='word_1_769' title='bbox 1772 5449 1896 5504; x_wconf 63' lang='lat' dir='ltr'><strong>vade</strong></span> <span class='ocrx_word' id='word_1_770' title='bbox 1937 5467 2004 5504; x_wconf 88' lang='lat' dir='ltr'><strong>ne</strong></span> <span class='ocrx_word' id='word_1_771' title='bbox 2038 5465 2208 5521; x_wconf 89' lang='lat' dir='ltr'><strong>equus</strong></span> 
     </span>
    </p>
   </div>
   <div class='ocr_carea' id='block_1_99' title="bbox 607 5543 2206 5616">
    <p class='ocr_par' dir='ltr' id='par_1_99' title="bbox 607 5543 2206 5616">
     <span class='ocr_line' id='line_1_99' title="bbox 607 5543 2206 5616; baseline 0.003 -21"><span class='ocrx_word' id='word_1_772' title='bbox 607 5557 734 5596; x_wconf 89' lang='lat' dir='ltr'><strong>caro</strong></span> <span class='ocrx_word' id='word_1_773' title='bbox 756 5543 827 5599; x_wconf 90' lang='lat' dir='ltr'><strong>sit</strong></span> <span class='ocrx_word' id='word_1_774' title='bbox 866 5561 882 5599; x_wconf 88' lang='lat'><strong>:</strong></span> <span class='ocrx_word' id='word_1_775' title='bbox 911 5544 1146 5613; x_wconf 85' lang='lat' dir='ltr'><strong>agitator</strong></span> <span class='ocrx_word' id='word_1_776' title='bbox 1162 5553 1342 5599; x_wconf 88' lang='lat' dir='ltr'><strong>autem</strong></span> <span class='ocrx_word' id='word_1_777' title='bbox 1369 5548 1525 5616; x_wconf 83' lang='lat' dir='ltr'><strong>vigor</strong></span> <span class='ocrx_word' id='word_1_778' title='bbox 1548 5545 1767 5610; x_wconf 86' lang='lat' dir='ltr'><strong>mentis,</strong></span> <span class='ocrx_word' id='word_1_779' title='bbox 1809 5545 1896 5614; x_wconf 90' lang='lat' dir='ltr'><strong>qui</strong></span> <span class='ocrx_word' id='word_1_780' title='bbox 1921 5547 2054 5615; x_wconf 82' lang='lat' dir='ltr'><strong>regit</strong></span> <span class='ocrx_word' id='word_1_781' title='bbox 2090 5560 2206 5600; x_wconf 88' lang='lat' dir='ltr'><strong>car-</strong></span> 
     </span>
    </p>
   </div>
   <div class='ocr_carea' id='block_1_100' title="bbox 608 5639 2206 5711">
    <p class='ocr_par' dir='ltr' id='par_1_100' title="bbox 608 5639 2206 5711">
     <span class='ocr_line' id='line_1_100' title="bbox 608 5639 2206 5711; baseline 0.005 -22"><span class='ocrx_word' id='word_1_782' title='bbox 608 5649 755 5703; x_wconf 88' lang='lat' dir='ltr'><strong>nem,</strong></span> <span class='ocrx_word' id='word_1_783' title='bbox 781 5647 836 5691; x_wconf 93' lang='lat' dir='ltr'><strong>et</strong></span> <span class='ocrx_word' id='word_1_784' title='bbox 873 5647 1054 5693; x_wconf 91' lang='lat' dir='ltr'><strong>motus</strong></span> <span class='ocrx_word' id='word_1_785' title='bbox 1082 5640 1200 5708; x_wconf 88' lang='lat' dir='ltr'><strong>ejus</strong></span> <span class='ocrx_word' id='word_1_786' title='bbox 1227 5640 1374 5694; x_wconf 88' lang='lat' dir='ltr'><strong>velut</strong></span> <span class='ocrx_word' id='word_1_787' title='bbox 1401 5639 1664 5710; x_wconf 86' lang='lat' dir='ltr'><strong>quosdam</strong></span> <span class='ocrx_word' id='word_1_788' title='bbox 1698 5655 1866 5710; x_wconf 90' lang='lat' dir='ltr'><strong>equos</strong></span> <span class='ocrx_word' id='word_1_789' title='bbox 1909 5640 2206 5711; x_wconf 74' lang='lat' dir='ltr'><strong>prudentia:</strong></span> 
     </span>
    </p>
   </div>
   <div class='ocr_carea' id='block_1_101' title="bbox 682 5777 2206 5849">
    <p class='ocr_par' dir='ltr' id='par_1_101' title="bbox 682 5777 2206 5849">
     <span class='ocr_line' id='line_1_101' title="bbox 682 5777 2206 5849; baseline 0.001 -18"><span class='ocrx_word' id='word_1_790' title='bbox 682 5785 706 5813; x_wconf 71' lang='grc'>³</span> <span class='ocrx_word' id='word_1_791' title='bbox 745 5777 836 5832; x_wconf 86' lang='lat' dir='ltr'><strong>Sic</strong></span> <span class='ocrx_word' id='word_1_792' title='bbox 869 5793 998 5832; x_wconf 80' lang='lat' dir='ltr'><strong>niss.</strong></span> <span class='ocrx_word' id='word_1_793' title='bbox 1030 5793 1224 5848; x_wconf 85' lang='lat' dir='ltr'><strong>magno</strong></span> <span class='ocrx_word' id='word_1_794' title='bbox 1254 5794 1482 5834; x_wconf 82' lang='lat' dir='ltr'><strong>numero</strong></span> <span class='ocrx_word' id='word_1_795' title='bbox 1505 5821 1520 5846; x_wconf 85' lang='lat'><strong>,</strong></span> <span class='ocrx_word' id='word_1_796' title='bbox 1555 5779 1654 5835; x_wconf 88' lang='lat' dir='ltr'><strong>nisi</strong></span> <span class='ocrx_word' id='word_1_797' title='bbox 1688 5779 1829 5849; x_wconf 87' lang='lat' dir='ltr'><strong>quod</strong></span> <span class='ocrx_word' id='word_1_798' title='bbox 1866 5796 1960 5846; x_wconf 88' lang='lat' dir='ltr'><strong>pro</strong></span> <span class='ocrx_word' id='word_1_799' title='bbox 1995 5779 2206 5835; x_wconf 79' lang='lat' dir='ltr'><strong>dedica-</strong></span> 
     </span>
    </p>
   </div>
   <div class='ocr_carea' id='block_1_102' title="bbox 607 5849 2201 5918">
    <p class='ocr_par' dir='ltr' id='par_1_102' title="bbox 607 5849 2201 5918">
     <span class='ocr_line' id='line_1_102' title="bbox 607 5849 2201 5918; baseline 0.003 -18"><span class='ocrx_word' id='word_1_800' title='bbox 607 5856 740 5907; x_wconf 87' lang='lat' dir='ltr'><strong>tum.</strong></span> <span class='ocrx_word' id='word_1_801' title='bbox 779 5850 963 5918; x_wconf 85' lang='lat' dir='ltr'><strong>plures</strong></span> <span class='ocrx_word' id='word_1_802' title='bbox 995 5850 1194 5904; x_wconf 81' lang='lat' dir='ltr'><strong>habent</strong></span> <span class='ocrx_word' id='word_1_803' title='bbox 1237 5849 1472 5912; x_wconf 65' lang='lat' dir='ltr'><strong>dedicat;</strong></span> <span class='ocrx_word' id='word_1_804' title='bbox 1506 5853 1593 5904; x_wconf 88' lang='lat' dir='ltr'><strong>alii</strong></span> <span class='ocrx_word' id='word_1_805' title='bbox 1638 5854 1920 5910; x_wconf 89' lang='lat' dir='ltr'><strong>nonnulli.</strong></span> <span class='ocrx_word' id='word_1_806' title='bbox 1956 5855 2201 5917; x_wconf 80' lang='lat' dir='ltr'><strong>dicatur;</strong></span> 
     </span>
    </p>
   </div>
   <div class='ocr_carea' id='block_1_103' title="bbox 605 5920 2202 5997">
    <p class='ocr_par' dir='ltr' id='par_1_103' title="bbox 605 5920 2202 5997">
     <span class='ocr_line' id='line_1_103' title="bbox 605 5920 2202 5997; baseline 0.003 -22"><span class='ocrx_word' id='word_1_807' title='bbox 605 5920 842 5991; x_wconf 76' lang='lat' dir='ltr'><strong>denique</strong></span> <span class='ocrx_word' id='word_1_808' title='bbox 866 5935 1006 5976; x_wconf 85' lang='lat' dir='ltr'><strong>unus</strong></span> <span class='ocrx_word' id='word_1_809' title='bbox 1032 5929 1129 5976; x_wconf 85' lang='lat' dir='ltr'><strong>aut</strong></span> <span class='ocrx_word' id='word_1_810' title='bbox 1149 5921 1320 5992; x_wconf 84' lang='lat' dir='ltr'><strong>alter,</strong></span> <span class='ocrx_word' id='word_1_811' title='bbox 1353 5923 1637 5993; x_wconf 84' lang='lat' dir='ltr'><strong>possideret</strong></span> <span class='ocrx_word' id='word_1_812' title='bbox 1671 5925 1997 5997; x_wconf 78' lang='lat' dir='ltr'><strong>apostolatus</strong></span> <span class='ocrx_word' id='word_1_813' title='bbox 2022 5925 2202 5983; x_wconf 82' lang='lat' dir='ltr'><strong>collati</strong></span> 
     </span>
    </p>
   </div>
   <div class='ocr_carea' id='block_1_104' title="bbox 2315 4776 3844 4863">
    <p class='ocr_par' dir='ltr' id='par_1_104' title="bbox 2315 4776 3844 4863">
     <span class='ocr_line' id='line_1_104' title="bbox 2315 4776 3844 4863; baseline -0.014 -9"><span class='ocrx_word' id='word_1_814' title='bbox 2315 4798 2496 4855; x_wconf 84' lang='lat' dir='ltr'><strong>Nolite</strong></span> <span class='ocrx_word' id='word_1_815' title='bbox 2525 4816 2706 4854; x_wconf 89' lang='lat' dir='ltr'><strong>amare</strong></span> <span class='ocrx_word' id='word_1_816' title='bbox 2737 4801 3118 4855; x_wconf 82' lang='lat' dir='ltr'><strong>adtiinuieutes</strong></span> <span class='ocrx_word' id='word_1_817' title='bbox 3146 4817 3159 4851; x_wconf 88' lang='lat'>:</span> <span class='ocrx_word' id='word_1_818' title='bbox 3191 4797 3390 4863; x_wconf 90' lang='lat' dir='ltr'><strong>nolite,</strong></span> <span class='ocrx_word' id='word_1_819' title='bbox 3427 4793 3646 4855; x_wconf 76' lang='lat' dir='ltr'><strong>divites,</strong></span> <span class='ocrx_word' id='word_1_820' title='bbox 3681 4776 3844 4839; x_wconf 71' lang='lat' dir='ltr'><strong>fremitu</strong></span> 
     </span>
    </p>
   </div>
   <div class='ocr_carea' id='block_1_105' title="bbox 2314 4878 3842 4953">
    <p class='ocr_par' dir='ltr' id='par_1_105' title="bbox 2314 4878 3842 4953">
     <span class='ocr_line' id='line_1_105' title="bbox 2314 4878 3842 4953; baseline -0.018 -5"><span class='ocrx_word' id='word_1_821' title='bbox 2314 4892 2558 4948; x_wconf 77' lang='lat' dir='ltr'><strong>libidinis</strong></span> <span class='ocrx_word' id='word_1_822' title='bbox 2579 4895 2822 4949; x_wconf 77' lang='lat' dir='ltr'><strong>excitari.</strong></span> <span class='ocrx_word' id='word_1_823' title='bbox 2841 4892 3121 4949; x_wconf 59' lang='lat' dir='ltr'><strong>Terribilis</strong></span> <span class='ocrx_word' id='word_1_824' title='bbox 3145 4902 3230 4946; x_wconf 90' lang='lat' dir='ltr'><strong>est</strong></span> <span class='ocrx_word' id='word_1_825' title='bbox 3258 4891 3534 4953; x_wconf 87' lang='lat' dir='ltr'><strong>Dominus,</strong></span> <span class='ocrx_word' id='word_1_826' title='bbox 3558 4896 3607 4942; x_wconf 89' lang='lat' dir='ltr'><strong>et</strong></span> <span class='ocrx_word' id='word_1_827' title='bbox 3633 4879 3705 4936; x_wconf 90' lang='lat' dir='ltr'><strong>cui</strong></span> <span class='ocrx_word' id='word_1_828' title='bbox 3726 4878 3842 4927; x_wconf 83' lang='lat' dir='ltr'><strong>nemo</strong></span> 
     </span>
    </p>
   </div>
   <div class='ocr_carea' id='block_1_106' title="bbox 2315 4969 3841 5060">
    <p class='ocr_par' dir='ltr' id='par_1_106' title="bbox 2315 4969 3841 5060">
     <span class='ocr_line' id='line_1_106' title="bbox 2315 4969 3841 5060; baseline -0.001 -19"><span class='ocrx_word' id='word_1_829' title='bbox 2315 4986 2480 5056; x_wconf 63' lang='lat' dir='ltr'><strong>possit</strong></span> <span class='ocrx_word' id='word_1_830' title='bbox 2507 4996 2695 5054; x_wconf 88' lang='lat' dir='ltr'><strong>potens</strong></span> <span class='ocrx_word' id='word_1_831' title='bbox 2711 4998 2766 5042; x_wconf 90' lang='lat' dir='ltr'><strong>et</strong></span> <span class='ocrx_word' id='word_1_832' title='bbox 2785 4990 2936 5043; x_wconf 88' lang='lat' dir='ltr'><strong>dives</strong></span> <span class='ocrx_word' id='word_1_833' title='bbox 2962 4988 3218 5044; x_wconf 89' lang='lat' dir='ltr'><strong>resistere</strong></span> <span class='ocrx_word' id='word_1_834' title='bbox 3241 5003 3256 5040; x_wconf 89' lang='lat'><strong>:</strong></span> <span class='ocrx_word' id='word_1_835' title='bbox 3271 4985 3529 5060; x_wconf 87' lang='lat' dir='ltr'><strong>judicium</strong></span> <span class='ocrx_word' id='word_1_836' title='bbox 3549 4977 3725 5037; x_wconf 76' lang='lat' dir='ltr'><strong>caleste</strong></span> <span class='ocrx_word' id='word_1_837' title='bbox 3736 4969 3841 5039; x_wconf 59' lang='lat' dir='ltr'><strong>ian&quot;</strong></span> 
     </span>
    </p>
   </div>
   <div class='ocr_carea' id='block_1_107' title="bbox 2316 5079 2952 5154">
    <p class='ocr_par' dir='ltr' id='par_1_107' title="bbox 2316 5079 2952 5154">
     <span class='ocr_line' id='line_1_107' title="bbox 2316 5079 2952 5154; baseline 0.002 -20"><span class='ocrx_word' id='word_1_838' title='bbox 2316 5080 2454 5134; x_wconf 87' lang='lat' dir='ltr'><strong>latur</strong></span> <span class='ocrx_word' id='word_1_839' title='bbox 2479 5079 2654 5149; x_wconf 82' lang='lat' dir='ltr'><strong>(Psal.</strong></span> <span class='ocrx_word' id='word_1_840' title='bbox 2684 5097 2842 5151; x_wconf 72' lang='lat' dir='ltr'><strong>uxr,</strong></span> <span class='ocrx_word' id='word_1_841' title='bbox 2874 5082 2952 5154; x_wconf 88' lang='grc'><strong>9).</strong></span> 
     </span>
    </p>
   </div>
   <div class='ocr_carea' id='block_1_108' title="bbox 2908 5271 3316 5330">
    <p class='ocr_par' dir='ltr' id='par_1_108' title="bbox 2908 5271 3316 5330">
     <span class='ocr_line' id='line_1_108' title="bbox 2908 5271 3316 5330; baseline 0 0"><span class='ocrx_word' id='word_1_842' title='bbox 2908 5272 3138 5330; x_wconf 86' lang='lat' dir='ltr'><strong>CAPUT</strong></span> <span class='ocrx_word' id='word_1_843' title='bbox 3176 5271 3316 5330; x_wconf 77' lang='lat' dir='ltr'><strong>XVI.</strong></span> 
     </span>
    </p>
   </div>
   <div class='ocr_carea' id='block_1_109' title="bbox 2315 5439 3832 5534">
    <p class='ocr_par' dir='ltr' id='par_1_109' title="bbox 2315 5439 3832 5534">
     <span class='ocr_line' id='line_1_109' title="bbox 2315 5439 3832 5534; baseline 0.02 -26"><span class='ocrx_word' id='word_1_844' title='bbox 2315 5453 2541 5522; x_wconf 80' lang='lat' dir='ltr'><strong>Divites,</strong></span> <span class='ocrx_word' id='word_1_845' title='bbox 2572 5467 2626 5512; x_wconf 87' lang='lat' dir='ltr'><strong>ut</strong></span> <span class='ocrx_word' id='word_1_846' title='bbox 2654 5458 2917 5528; x_wconf 82' lang='lat' dir='ltr'><strong>quiescant</strong></span> <span class='ocrx_word' id='word_1_847' title='bbox 2944 5475 2974 5510; x_wconf 90' lang='lat' dir='ltr'><strong>a</strong></span> <span class='ocrx_word' id='word_1_848' title='bbox 3003 5459 3249 5530; x_wconf 82' lang='lat' dir='ltr'><strong>ﬂagitiis,</strong></span> <span class='ocrx_word' id='word_1_849' title='bbox 3281 5473 3342 5510; x_wconf 89' lang='lat' dir='ltr'><strong>ac</strong></span> <span class='ocrx_word' id='word_1_850' title='bbox 3373 5455 3585 5510; x_wconf 86' lang='lat' dir='ltr'><strong>Domino</strong></span> <span class='ocrx_word' id='word_1_851' title='bbox 3612 5439 3832 5534; x_wconf 30' lang='lat' dir='ltr'><strong>to&quot;)???</strong></span> 
     </span>
    </p>
   </div>
   <div class='ocr_carea' id='block_1_110' title="bbox 2389 5527 3825 5625">
    <p class='ocr_par' dir='ltr' id='par_1_110' title="bbox 2389 5527 3825 5625">
     <span class='ocr_line' id='line_1_110' title="bbox 2389 5527 3825 5625; baseline -0.037 -1"><span class='ocrx_word' id='word_1_852' title='bbox 2389 5559 2491 5612; x_wconf 65' lang='lat' dir='ltr'><strong>mro</strong></span> <span class='ocrx_word' id='word_1_853' title='bbox 2513 5527 2748 5618; x_wconf 64' lang='grc' dir='ltr'><strong>ίνηΡθΠίιο</strong></span> <span class='ocrx_word' id='word_1_854' title='bbox 2774 5527 3044 5618; x_wconf 64' lang='grc' dir='ltr'><strong>ρῑιυηιοάο</strong></span> <span class='ocrx_word' id='word_1_855' title='bbox 3064 5527 3192 5619; x_wconf 74' lang='lat' dir='ltr'><strong>ipsis</strong></span> <span class='ocrx_word' id='word_1_856' title='bbox 3219 5549 3418 5602; x_wconf 81' lang='lat' dir='ltr'><strong>dicatur</strong></span> <span class='ocrx_word' id='word_1_857' title='bbox 3430 5527 3825 5625; x_wconf 44' lang='lat' dir='ltr'><strong>Orateetredditct</strong></span> 
     </span>
    </p>
   </div>
   <div class='ocr_carea' id='block_1_111' title="bbox 2385 5623 3829 5714">
    <p class='ocr_par' dir='ltr' id='par_1_111' title="bbox 2385 5623 3829 5714">
     <span class='ocr_line' id='line_1_111' title="bbox 2385 5623 3829 5714; baseline -0.01 -15"><span class='ocrx_word' id='word_1_858' title='bbox 2385 5643 2570 5714; x_wconf 85' lang='lat' dir='ltr'><strong>quidve</strong></span> <span class='ocrx_word' id='word_1_859' title='bbox 2599 5645 2882 5698; x_wconf 83' lang='lat' dir='ltr'><strong>orationem</strong></span> <span class='ocrx_word' id='word_1_860' title='bbox 2908 5662 2969 5698; x_wconf 87' lang='lat' dir='ltr'><strong>ac</strong></span> <span class='ocrx_word' id='word_1_861' title='bbox 2995 5645 3132 5698; x_wconf 86' lang='lat' dir='ltr'><strong>dona</strong></span> <span class='ocrx_word' id='word_1_862' title='bbox 3161 5643 3266 5698; x_wconf 76' lang='lat' dir='ltr'><strong>Deo</strong></span> <span class='ocrx_word' id='word_1_863' title='bbox 3293 5632 3632 5696; x_wconf 80' lang='lat' dir='ltr'><strong>commendet?</strong></span> <span class='ocrx_word' id='word_1_864' title='bbox 3653 5623 3829 5686; x_wconf 69' lang='lat' dir='ltr'><strong>Dc’ﬁ’i’“</strong></span> 
     </span>
    </p>
   </div>
   <div class='ocr_carea' id='block_1_112' title="bbox 2309 5749 3820 5856">
    <p class='ocr_par' dir='ltr' id='par_1_112' title="bbox 2309 5749 3820 5856">
     <span class='ocr_line' id='line_1_112' title="bbox 2309 5749 3820 5856; baseline 0.005 -21"><span class='ocrx_word' id='word_1_865' title='bbox 2309 5798 2537 5856; x_wconf 76' lang='lat' dir='ltr'><strong>munere.</strong></span> <span class='ocrx_word' id='word_1_866' title='bbox 2590 5779 2728 5854; x_wconf 80' lang='lat' dir='ltr'><strong>Ergo</strong></span> <span class='ocrx_word' id='word_1_867' title='bbox 2769 5782 3006 5856; x_wconf 77' lang='lat' dir='ltr'><strong>princeps</strong></span> <span class='ocrx_word' id='word_1_868' title='bbox 3036 5783 3193 5856; x_wconf 80' lang='lat' dir='ltr'><strong>hujus</strong></span> <span class='ocrx_word' id='word_1_869' title='bbox 3243 5779 3422 5856; x_wconf 75' lang='lat' dir='ltr'><strong>mundi</strong></span> <span class='ocrx_word' id='word_1_870' title='bbox 3460 5777 3623 5856; x_wconf 55' lang='lat' dir='ltr'><strong>quasi;</strong></span> <span class='ocrx_word' id='word_1_871' title='bbox 3661 5749 3820 5856; x_wconf 35' lang='lat' dir='ltr'><strong>cui}!</strong></span> 
     </span>
    </p>
   </div>
   <div class='ocr_carea' id='block_1_113' title="bbox 2308 5839 3820 5927">
    <p class='ocr_par' dir='ltr' id='par_1_113' title="bbox 2308 5839 3820 5927">
     <span class='ocr_line' id='line_1_113' title="bbox 2308 5839 3820 5927; baseline -0.001 -20"><span class='ocrx_word' id='word_1_872' title='bbox 2308 5853 2441 5909; x_wconf 85' lang='lat' dir='ltr'><strong>edit.</strong></span> <span class='ocrx_word' id='word_1_873' title='bbox 2479 5839 3037 5910; x_wconf 58' lang='lat' dir='ltr'><strong>ilUll&#39;&quot;)UOIIt&#39;HliJUS&#39;ila</strong></span> <span class='ocrx_word' id='word_1_874' title='bbox 3069 5839 3237 5927; x_wconf 48' lang='lat' dir='ltr'><strong>bigas,</strong></span> <span class='ocrx_word' id='word_1_875' title='bbox 3267 5839 3694 5926; x_wconf 65' lang='lat' dir='ltr'><strong>possideicLETg”</strong></span> <span class='ocrx_word' id='word_1_876' title='bbox 3712 5839 3820 5901; x_wconf 57' lang='grc' dir='ltr'><strong>μηθ’</strong></span> 
     </span>
    </p>
   </div>
   <div class='ocr_carea' id='block_1_114' title="bbox 2305 5927 2995 5998">
    <p class='ocr_par' dir='ltr' id='par_1_114' title="bbox 2305 5927 2995 5998">
     <span class='ocr_line' id='line_1_114' title="bbox 2305 5927 2995 5998; baseline 0.003 -18"><span class='ocrx_word' id='word_1_877' title='bbox 2305 5941 2425 5998; x_wconf 84' lang='lat' dir='ltr'><strong>ceps</strong></span> <span class='ocrx_word' id='word_1_878' title='bbox 2453 5927 2614 5998; x_wconf 85' lang='lat' dir='ltr'><strong>hujus</strong></span> <span class='ocrx_word' id='word_1_879' title='bbox 2643 5929 2854 5998; x_wconf 84' lang='lat' dir='ltr'><strong>mundi,</strong></span> <span class='ocrx_word' id='word_1_880' title='bbox 2887 5935 2995 5985; x_wconf 88' lang='lat' dir='ltr'><strong>etc.</strong></span> 
     </span>
    </p>
   </div>
  </div>
