4066 6360
248 351 364 410 755
1185 343 1274 400 DE
1310 339 1641 399 NABUTHE
1679 338 2105 399 JEZRAELITA
2142 336 2346 396 LIBER
2387 335 2587 396 UNUS.

3437 331 3546 389 754

319 477 600 524 memorata
616 469 767 524 verba
789 468 938 523 etiam
962 465 1271 538 pauperibus
1295 462 1767 528 accommodantur,
1794 471 1840 516 et
1868 465 1924 525 Α
1945 462 2222 518 delector:
2253 460 2648 526 tantummodo,
2678 475 2711 514 ο
2739 459 2924 526 homo,
2955 457 3170 513 immola
3199 453 3310 512 Deo
3339 452 3547 522 sacriﬁ-

319 570 433 636 quis
461 582 490 618 a
524 563 630 618 Deo
660 564 897 628 recedat,
931 561 1234 616 ostenditur.

324 657 413 730 66.
450 657 654 711 Bonum
683 666 766 711 est
797 665 854 710 ttt
878 655 986 723 jam
1020 651 1342 724 quiescatis,
1373 657 1427 704 et
1456 665 1485 703 a
1517 647 1736 720 ﬂagitiis
1761 646 1842 702 fe-

245 754 456 810 riantes
483 752 838 808 revereamini
869 749 1083 806 Domini
1111 758 1456 819 potestatem.
1485 744 1610 799 Ideo
1639 744 1840 800 dictum

249 861 337 905 est
373 847 652 917 parricidae
682 843 846 900 Cain:
879 844 1144 906 I’ercasti,
1172 843 1371 912 quiesce
1399 837 1550 912 (Gen.
1574 854 1648 903 tv,
1679 837 1757 907 7),
1789 845 1847 890 ut

249 941 473 997 modum
521 949 742 1010 peccato
785 953 884 991 suo
933 945 1180 1005 poneret.
1235 931 1606 1002 Cogitationes
1651 938 1844 984 vestra:

250 1034 615 1091 coitliteantur
643 1033 890 1087 Domino.
922 1029 1037 1084 Non
1067 1029 1294 1082 dicatis:
1329 1027 1444 1081 Non
1478 1026 1842 1096 peccavimus.

250 1130 401 1185 Dixit
427 1128 655 1182 Paulus:
689 1125 802 1179 Etsi
826 1123 955 1179 n.th
984 1124 1110 1178 mihi
1137 1123 1375 1176 conscius
1402 1137 1515 1174 sum
1543 1120 1586 1188 (l
1616 1117 1735 1173 Cor.
1769 1133 1841 1184 tv,

249 1225 283 1278 4
304 1230 320 1293 )
341 1249 364 1288 ,ι
386 1221 589 1276 addidit
620 1229 837 1274 tamen:
872 1218 979 1272 Sed
1008 1234 1110 1270 non
1143 1217 1195 1269 in
1226 1216 1319 1268 hoc
1349 1213 1669 1284 justi/icatus
1710 1228 1841 1264 tum.

247 1316 320 1372 Et
351 1329 442 1369 ves
468 1314 676 1369 etiamsi
703 1312 837 1367 nihil
865 1313 991 1366 CSll.‘
1024 1309 1263 1373 conscii,
1296 1307 1632 1363 conﬁtemini
1667 1316 1843 1360 tamen

247 1407 502 1467 Domino,
533 1422 600 1460 ne
626 1405 754 1474 quid
783 1403 852 1459 sit
876 1403 1018 1475 quod
1049 1419 1143 1456 vos
1171 1411 1485 1473 praetereat.
1515 1397 1728 1453 Etenim
1756 1398 1847 1468 qui

245 1502 539 1557 conlitetur
579 1499 861 1554 Dominum
885 1539 899 1559 ,
942 1509 997 1553 et
1028 1497 1286 1566 reliquias
1317 1495 1662 1564 cogitationis
1689 1493 1846 1546 adbi-

245 1595 430 1650 buerit
466 1594 531 1648 ad
573 1591 972 1648 confessionem
997 1633 1010 1651 .
1045 1590 1187 1644 diem
1229 1593 1424 1644 l'estum
1469 1589 1668 1643 mentis
1704 1587 1848 1641 Cele-

247 1688 431 1744 brabit
460 1702 659 1743 arcano
691 1685 878 1760 (Psal.
911 1701 1070 1750 ωηεν,
1103 1685 1161 1739 ll
1191 1687 1247 1753 ),
1280 1694 1333 1738 et
1376 1683 1688 1753 epulabitnr
1737 1698 1844 1736 non

246 1782 302 1835 in
337 1782 604 1836 fet-mento
633 1780 852 1833 malitia:
879 1785 935 1833 et
965 1776 1255 1848 nequitiac;
1284 1775 1378 1830 sed
1412 1776 1464 1830 itt
1495 1775 1706 1847 azymis
1732 1776 1848 1830 sin-

243 1874 490 1928 Ceritatis
517 1883 571 1926 ct
600 1871 864 1926 veritatis.

323 1965 412 2020 67.
456 1966 638 2034 Itaque
680 1965 729 2016 in
774 1961 1123 2017 conclusione
1151 1975 1454 2016 conversus
1484 1960 1550 2014 ad
1584 1975 1680 2014 vos
1713 1960 1847 2014 Pro-

247 2062 410 2135 pheta
465 2060 640 2114 dicit:
697 2058 886 2120 Orate,
938 2067 984 2112 et
1029 2057 1232 2111 reddite
1272 2055 1493 2109 Domino
1533 2055 1640 2110 Deo
1685 2067 1849 2110 t'estro

253 2155 440 2226 (lbid.,
471 2153 595 2223 1‘2),
627 2152 676 2206 id
706 2163 826 2207 est:
857 2151 1034 2206 Nolite
1063 2150 1441 2209 dissimulare.
1473 2150 1704 2212 divites,
1735 2149 1850 2204 dies

253 2249 445 2314 instat,
473 2257 628 2302 orate
658 2263 752 2315 pro
786 2245 1022 2316 peccatis
1053 2243 1276 2306 vestris,
1311 2242 1526 2296 reddite
1554 2258 1652 2313 pro
1683 2241 1850 2296 bette-

253 2343 389 2398 ﬂeiis
427 2359 547 2412 quae
589 2331 798 2396 habetis
840 2355 1084 2394 munera.
1116 2338 1198 2393 Ab
1230 2339 1348 2408 ipso
1379 2336 1668 2406 accepistis
1706 2335 1851 2407 quod

250 2433 532 2489 offeratis:
577 2434 746 2504 ipsius
787 2441 871 2487 est
913 2431 1056 2502 quod
1099 2431 1146 2484 ei
1192 2431 1423 2485 solvitis.
1460 2430 1605 2484 Dona
1631 2471 1644 2493 ,
1680 2429 1854 2499 inquit

254 2527 298 2598 (1
330 2527 510 2581 Paral.
537 2525 836 2596 xx1x,M),
869 2540 986 2579 mea
1006 2568 1019 2586 ,
1049 2535 1104 2578 et
1130 2523 1250 2577 data
1280 2537 1398 2577 mea
1419 2564 1433 2588 ,
1463 2521 1564 2575 hoc
1587 2531 1701 2586 est,
1732 2535 1853 2591 qua:

251 2623 458 2679 oﬂ'crtis
486 2624 615 2676 mihi
645 2622 783 2675 dona
803 2663 818 2688 ,
842 2621 966 2674 data
996 2628 1123 2673 sunt
1149 2634 1266 2672 mea
1291 2635 1302 2670 :
1332 2632 1431 2686 ego
1455 2633 1516 2672 ea
1549 2615 1672 2671 dedi
1705 2614 1856 2669 \obis

251 2729 415 2790 atque
444 2715 664 2771 donavi.
701 2717 938 2784 Denique
970 2713 1241 2782 Propheta
1273 2715 1348 2765 ait
1375 2730 1388 2764 :
1423 2711 1683 2764 Bonorum
1713 2726 1854 2762 meo-

250 2830 369 2867 rum
411 2829 511 2866 non
550 2811 748 2882 indiges
791 2807 978 2879 (Psal.
1008 2821 1103 2872 xv,
1134 2807 1168 2860 2
1191 2808 1230 2875 ),
1268 2805 1389 2859 ideo
1419 2815 1504 2858 tua
1541 2802 1636 2856 tibi
1664 2803 1856 2867 oﬂ'ero,

253 2906 510 2977 quoniam
539 2904 668 2958 nihil
702 2903 872 2956 habeo
901 2901 1041 2970 quod
1069 2916 1174 2953 non
1198 2899 1418 2953 dedisti.
1443 2896 1604 2953 Fides
1631 2905 1714 2951 est
1739 2910 1858 2966 quae

253 3003 394 3057 dena
425 2999 716 3061 conciliat,
753 2995 1031 3050 humilitas
1070 3007 1154 3049 est
1195 3011 1313 3063 quze
1353 2994 1532 3047 oblata
1578 3008 1859 3047 commen-

256 3097 368 3152 dat.
396 3095 527 3150 Fide
550 3093 685 3149 Abel
718 3091 1004 3163 plttrimam
1035 3089 1268 3143 hostium
1299 3088 1492 3141 obtulit
1525 3087 1636 3140 Deo
1658 3106 1671 3142 :
1697 3101 1862 3155 super

257 3190 388 3245 Cain
433 3186 616 3242 fratris
655 3199 880 3240 munera
925 3182 1126 3252 placuit
1167 3196 1364 3234 munus
1397 3180 1568 3241 Abel,
1603 3179 1723 3247 quia
1757 3177 1860 3232 title

1948 559 2082 611 cium
2111 559 2312 623 laudis,
2347 568 2394 612 et
2423 558 2580 613 redde
2609 557 2876 613 Altissimo
2908 566 3025 611 vota
3057 565 3144 609 tua
3179 551 3380 613 “bitt.
3413 547 3480 604 14
3501 549 3544 619 )υ

2019 649 2108 705 68.
2143 653 2245 704 Aut
2274 663 2443 717 certe,
2474 650 2520 704 si
2549 651 2754 718 placet,
2787 651 2866 704 sic
2893 650 3245 719 accipiamus.
3275 643 3545 712 Quoniam

1946 741 2084 797 dixit
2110 743 2452 798 obdormisse
2481 759 2732 798 somnum
2763 758 2919 797 suum
2952 742 3178 804 divites,
3214 737 3544 808 increpatio-

1946 852 2044 891 nes
2089 837 2350 904 przemisit
2398 837 2605 891 Domini
2649 836 2700 891 in
2749 851 2874 902 eos,
2924 844 3186 890 terrorem
3229 829 3544 893 subtexuit,

1947 931 2244 1000 potentiam
2277 928 2618 998 praedicavit,
2643 929 2726 984 eoi
2758 944 2857 984 nec
2881 928 3079 983 divites
3107 928 3392 988 resiSIant;
3421 938 3548 977 con-

1947 1036 2138 1076 versus
2167 1022 2232 1075 ad
2276 1023 2563 1076 universos
2603 1022 2718 1076 ait:
2756 1021 2961 1076 Divites
2988 1021 3320 1081 dormitent,
3354 1016 3553 1071 divites

1949 1115 2333 1183 increpeutur:
2366 1129 2464 1168 vos
2492 1124 2656 1178 orate,
2685 1121 2730 1166 et
2762 1115 2960 1167 reddite
2991 1111 3215 1166 Domino
3240 1109 3351 1164 Deo
3376 1115 3545 1162 vestro

1949 1225 2152 1269 omnes,
2184 1207 2270 1277 qui
2296 1207 2348 1259 in
2375 1206 2595 1260 circuitu
2624 1210 2735 1279 ejus
2760 1204 2957 1272 offertis
2989 1220 3204 1258 munera
3236 1201 3353 1275 (Ps.
3385 1215 3547 1266 LXXV,

1949 1300 2092 1372 19.).
2129 1300 2177 1353 id
2219 1310 2295 1353 est
2319 1341 2335 1365 ,
2377 1298 2576 1369 gratias
2617 1299 2790 1368 agite,
2837 1311 3133 1367 pauperes,
3169 1295 3295 1365 quia
3328 1309 3437 1348 non
3469 1302 3555 1348 est

1950 1411 2302 1467 personarum
2333 1406 2592 1466 acceptor
2616 1395 2778 1450 Deus.
2809 1393 2888 1448 Illi
2913 1393 3132 1447 divitias
3159 1399 3401 1456 struant,
3425 1404 3559 1444 cou-

1949 1489 2079 1548 dant
2111 1492 2390 1563 pecuniam
2412 1534 2428 1559 ,
2456 1491 2574 1546 auri
2603 1499 2862 1563 aggerem
2890 1498 2944 1543 et
2973 1487 3182 1558 argenti
3218 1487 3508 1541 thesauros
3535 1503 3551 1538 :

1947 1604 2046 1644 Vos
2071 1598 2246 1654 orate,
2272 1589 2362 1658 qui
2392 1587 2536 1642 aliud
2567 1603 2673 1642 nou
2704 1585 2913 1640 habetis
2936 1602 2948 1638 :
2975 1596 3073 1636 vos
3097 1590 3271 1642 orate,
3298 1582 3420 1649 quia
3451 1579 3556 1635 hoc

1949 1683 2124 1737 solum
2158 1682 2368 1736 habetis
2389 1723 2402 1744 ,
2436 1681 2578 1751 quod
2610 1691 2692 1734 est
2722 1694 2855 1733 auro
2887 1675 3178 1747 pretiosius
3208 1682 3263 1729 et
3294 1681 3548 1742 argento.

1950 1777 2061 1833 Vos
2088 1776 2300 1832 reddite
2332 1791 2554 1831 munera
2583 1774 2674 1845 qui
2701 1789 2728 1827 a
2763 1773 2988 1827 Domino
3015 1785 3122 1824 non
3152 1765 3428 1830 receditis,
3455 1765 3551 1837 qui

1876 1875 2080 1942 Bestis
2124 1873 2175 1926 in
2222 1872 2488 1936 circuitu;
2536 1869 2790 1940 quoniam
2839 1867 2926 1938 qui
2972 1865 3138 1920 eratis
3183 1864 3376 1933 longe,
3424 1859 3558 1915 lacti

1955 1967 2086 2021 estis
2127 1980 2313 2033 pr0pe.
2354 1965 2453 2031 Qui
2497 1973 2674 2016 autem
2707 1975 2873 2028 prOpe
2904 1958 3003 2014 sibi
3035 1957 3287 2012 videntur
3313 1967 3434 2008 esse
3460 1965 3560 2023 per

1953 2059 2171 2114 divitias
2201 2075 2261 2111 ac
2297 2056 2590 2126 potentiam
2618 2097 2632 2122 ,
2661 2056 2819 2125 longe
2851 2052 2974 2108 lacti
3008 2057 3136 2104 sunt
3163 2057 3384 2120 propter
3426 2059 3558 2099 ava-

1953 2153 2152 2208 ritiam.
2181 2149 2350 2206 Nemo
2376 2150 2516 2205 enim
2548 2147 2682 2203 loris
2708 2157 2792 2202 est
2813 2188 2828 2212 ,
2859 2145 2960 2198 nisi
2989 2158 3148 2214 quem
3178 2143 3339 2210 culpa
3365 2136 3553 2192 exclu-

1954 2245 2116 2312 serit,
2149 2256 2204 2300 ut
2234 2245 2394 2313 eiecit
2424 2244 2591 2298 Adam
2621 2243 2688 2296 de
2716 2240 2998 2311 paradiso,
3029 2245 3082 2290 et
3105 2233 3335 2288 exclusit
3367 2231 3558 2286 Evam.

1956 2339 2125 2395 Nemo
2154 2340 2339 2408 longe,
2376 2337 2476 2390 nisi
2507 2352 2667 2404 quem
2700 2333 2895 2403 ﬂagitia
2929 2332 3143 2402 propria
3174 2324 3556 2396 relegaverint.

2029 2436 2118 2489 09.
2151 2435 2291 2504 Ergo
2321 2448 2413 2486 vos
2444 2446 2611 2501 prope
2639 2430 2797 2499 pOsili
2829 2436 2980 2480 orate
3011 2434 3062 2479 et
3090 2422 3303 2479 reddite
3332 2433 3562 2474 munera

1960 2527 2217 2594 terribili,
2253 2536 2300 2580 et
2330 2527 2374 2580 ei
2405 2526 2494 2596 qui
2524 2524 2692 2594 aufert
2724 2522 3016 2592 principum
3049 2522 3323 2587 spiritum,
3349 2511 3568 2568 terribili

1958 2624 2100 2692 apud
2127 2638 2269 2693 reges
2297 2631 2447 2676 teme
2467 2619 2660 2693 (Ibid.,
2685 2619 2794 2685 15);
2823 2631 2888 2671 eo
2916 2613 3060 2685 quod
3089 2613 3238 2666 nullo
3266 2608 3564 2664 redimatur

1959 2717 2140 2772 divitis
2173 2715 2426 2786 praemio,
2460 2713 2608 2768 nullo
2637 2712 2944 2766 inﬂectatnr
2981 2707 3282 2778 potentium
3314 2700 3564 2772 superci-

1959 2811 2055 2878 lio,
2080 2811 2166 2879 qui
2197 2809 2371 2878 culpae
2402 2807 2570 2877 pretia
2599 2804 2965 2869 discriminat,
2995 2801 3084 2868 qtti
3115 2815 3222 2868 quo
3252 2796 3374 2867 plus
3400 2793 3565 2849 alicui

1961 2904 2286 2970 contulerit,
2322 2917 2388 2956 eo
2420 2901 2538 2970 plus
2565 2899 2730 2969 exigit
2755 2898 2822 2949 ab
2853 2911 2940 2949 eo.
2972 2892 3099 2948 Suul
3127 2891 3338 2961 privato
3366 2897 3565 2942 eontu-

1963 3000 2025 3054 lit
2057 3013 2315 3068 regnum,
2353 2994 2447 3048 5ιά
2479 2994 2602 3064 quia
2638 2992 2953 3046 mandatum
2986 3003 3091 3040 non
3135 2981 3469 3046 custodivit,
3510 2990 3568 3036 et

1965 3107 2192 3161 regnum
2231 3089 2416 3141 amisit
2442 3097 2495 3141 et
2532 3085 2804 3153 spiritum.
2839 3093 2861 3120 ο
2890 3080 3086 3135 Multos
3126 3092 3280 3147 reges
3325 3074 3566 3144 gentium

1965 3193 2188 3256 propter
2231 3180 2509 3251 perlidiam
2545 3179 2668 3232 fecit
2711 3193 2740 3230 e
2783 3175 2981 3246 populo
3018 3182 3233 3244 patrum
3272 3185 3395 3224 esse
3435 3181 3568 3237 cap-

257 3282 408 3337 vicit.
441 3279 573 3335 Nam
604 3277 747 3331 unde
777 3276 1028 3347 pauperis
1057 3275 1231 3327 hostia
1265 3272 1457 3342 magis.
1485 3287 1644 3342 quam
1673 3271 1857 3324 divitis

1969 3289 2122 3338 litos.
2177 3282 2244 3335 Et
2299 3289 2355 3334 ttt
2403 3279 2513 3349 jam
2563 3278 2632 3332 de
2679 3275 2952 3345 proposita
3006 3272 3287 3339 loquamur
3338 3266 3566 3321 historia

259 3372 480 3445 placet?
511 3371 643 3439 Quia
673 3385 876 3439 pauper
907 3367 1010 3421 ﬁde
1039 3367 1204 3420 ditior
1231 3376 1314 3421 est
1334 3408 1349 3432 ,
1383 3365 1678 3419 sobrietate
1708 3363 1856 3416 locu-

259 3469 498 3538 pletior;
527 3475 583 3520 et
610 3480 728 3518 cum
762 3465 833 3518 sit
862 3476 1088 3532 pauper,
1118 3475 1183 3515 ex
1217 3461 1321 3514 illis
1347 3469 1432 3512 est
1459 3458 1526 3512 de
1553 3457 1748 3527 quibus
1774 3457 1856 3511 di-

260 3563 431 3616 citur:
466 3558 578 3612 Tibi
607 3556 823 3624 offerent
849 3570 992 3625 reges
1019 3569 1233 3607 munera
1258 3551 1376 3622 (Ps.
1403 3566 1543 3606 vatt
1561 3593 1573 3613 ,
1598 3548 1712 3620 '50).
1741 3548 1856 3602 Non

261 3657 404 3710 enim
450 3651 757 3722 purpuratis
803 3645 1194 3711 offerentibus,
1241 3647 1336 3700 sed
1387 3659 1564 3699 metus
1611 3643 1860 3712 proprios

263 3747 574 3820 regentibus
619 3745 878 3800 Dominus
916 3742 1077 3798 Jesus
1115 3741 1434 3806 delectatur,
1467 3739 1559 3808 qui
1589 3738 1859 3808 corporali

264 3845 504 3902 lascivize
537 3843 730 3899 mentis
761 3841 1111 3895 dominentur
1141 3838 1568 3907 imperio.0rate
1599 3851 1750 3906 ergo,
1785 3835 1864 3888 di-

266 3937 436 3990 vites!
467 3935 581 3989 Non
622 3934 835 3987 habetis
873 3934 924 3986 in
965 3932 1224 4002 operibus
1262 3929 1403 3997 quod
1439 3932 1668 3999 placeat.
1701 3929 1864 4001 586

270 4032 430 4087 Orate
460 4047 554 4101 pro
584 4029 824 4098 peccatis
852 4029 1050 4081 vestris
1077 4037 1239 4096 atque
1267 4024 1483 4094 ﬂagitiis
1505 4066 1518 4089 ,
1558 4034 1609 4075 et
1655 4024 1863 4076 reddite

272 4128 501 4182 Domino
543 4126 653 4180 Deo
684 4135 867 4178 vestro
905 4138 1149 4175 munera.
1193 4130 1218 4156 ει
1254 4117 1478 4172 Rctltiite
1510 4117 1560 4171 itt
1597 4132 1862 4186 paupere,

272 4221 322 4275 in
351 4234 522 4290 egeno
551 4218 744 4272 solvite
765 4257 780 4281 ,
813 4217 864 4269 in
896 4216 988 4270 illo
1021 4215 1181 4282 inope
1220 4212 1461 4267 lenerate
1484 4253 1497 4275 ,
1540 4225 1700 4280 quem
1746 4209 1861 4278 pla-

271 4329 394 4367 care
423 4322 644 4383 prepter
671 4321 848 4365 vestra
879 4309 1075 4378 ﬂagitia
1103 4308 1260 4360 aliter
1288 4323 1394 4360 nou
1425 4306 1669 4374 potestis.
1695 4305 1864 4372 Quem

271 4407 499 4463 ultorem
548 4408 786 4471 timetis,
830 4404 988 4459 facite
1031 4403 1357 4456 debitorem.
1401 4398 1524 4454 Non
1571 4403 1861 4469 accipiam,

273 4501 476 4572 inquit,
520 4502 582 4555 de
623 4502 774 4555 domo
818 4511 903 4553 tua
942 4498 1160 4562 vitulos,
1205 4514 1364 4565 neque
1404 4497 1466 4549 de
1496 4496 1733 4566 gregibus
1764 4495 1866 4548 tuis

271 4594 473 4660 hircos;
497 4594 733 4661 quoniam
759 4608 882 4646 metu
908 4602 1028 4645 sunt
1055 4607 1230 4645 omnes
1259 4592 1382 4660 ferte
1409 4589 1653 4642 silvarum
1685 4585 1861 4658 (Psal.

275 4705 444 4744 XLVIII
467 4732 480 4750 ,
514 4688 546 4744 9
576 4700 621 4741 et
654 4689 760 4758 10).
795 4686 1062 4753 Quid-illiti
1094 4682 1416 4747 obtttleritis,
1444 4683 1637 4752 inquit,
1690 4696 1864 4733 meum

273 4792 388 4847 est,
421 4785 542 4854 quia
577 4793 722 4837 totus
752 4781 900 4836 orbis
931 4795 1085 4833 meus
1114 4789 1216 4832 est.
1261 4777 1375 4832 Non
1406 4778 1561 4846 exigo
1594 4791 1714 4844 quae
1745 4789 1865 4828 mea

275 4886 397 4932 sunt
423 4896 436 4933 :
469 4887 551 4932 est
579 4875 718 4944 quod
748 4875 814 4928 de
843 4883 1028 4928 vestro
1060 4871 1189 4924 mihi
1219 4871 1442 4940 possitis
1470 4866 1732 4932 ol'lerre,b
1756 4878 1869 4921 stu-

277 4975 421 5029 dium
446 4971 746 5028 devotionis
768 4981 822 5025 et
849 4969 994 5023 tidei.
1025 4966 1142 5021 Non
1166 4965 1551 5019 sacrificiorum
1576 4962 1871 5016 ambitione

348 5123 374 5150 ει
410 5112 532 5164 Vet.
565 5108 696 5162 edit.
725 5116 780 5162 et
807 5123 939 5162 mss.
959 5107 1121 5175 longe
1144 5099 1384 5174 plurimi,
1413 5097 1626 5152 Reddite
1654 5097 1718 5175 in.
1738 5114 1868 5164 pou-

277 5202 443 5257 peres,
462 5184 730 5257 iiuegenos
751 5180 945 5240 solvite,
974 5179 1023 5231 iu
1048 5169 1225 5257 inopes
1255 5177 1500 5257 [citet-ate,
1523 5185 1638 5257 quae
1666 5169 1872 5236 placare

280 5245 473 5328 possint
509 5245 670 5306 Deum
701 5249 856 5328 (mss.
879 5245 1146 5328 “aliquot,
1165 5245 1229 5299 In
1255 5247 1373 5328 ill-os
1402 5245 1578 5326 inapes
1606 5245 1870 5328 feueratq,

279 5313 364 5398 qui
401 5328 602 5395 placere
641 5313 1012 5398 pO‘SSilU-Dtﬂi
1057 5330 1262 5388 propter
1291 5315 1730 5398 ﬂagitidvestrq';
1779 5313 1875 5364 ali-

282 5387 353 5454 ter
382 5387 518 5452 eum
548 5387 651 5448 non
680 5395 907 5460 potestis.
936 5387 1072 5462 Ergo
1093 5407 1237 5458 quem
1263 5387 1379 5443 .....
1415 5388 1568 5454 facile
1593 5387 1730 5462 uobis
1760 5400 1875 5436 eum

281 5472 578 5525 debitorem.
613 5457 768 5520 Rom.
805 5465 936 5520 edit.
987 5457 1112 5516 cum
1139 5474 1319 5516 nostra
1351 5476 1524 5529 u~que
1551 5457 1615 5512 ad
1647 5472 1832 5510 vocmu
1859 5496 1874 5516 ,

286 5547 532 5616 fenerate,
563 5539 876 5616 consentit;
923 5548 1116 5616 cratera
1147 5549 1267 5614 cum
1298 5531 1702 5616 \"t‘l.nNOSll‘alll
1748 5541 1878 5616 vero

287 5600 419 5670 'mss.
444 5600 567 5666 octo
605 5607 844 5662 moli-tris
875 5610 973 5660 ξιινὶ
1007 5605 1361 5658 eottstitnttut.
1399 5604 1527 5656 Eant
1570 5617 1730 5670 porro
1763 5600 1879 5650 aliis

288 5687 444 5741 facile
472 5683 795 5752 pra-tuleris,
825 5675 1280 5752 siattitttatlt'e_t't'_ts
1312 5676 1594 5727 relativum
1621 5686 1880 5752 quantae-

289 5758 417 5812 ferri
449 5741 514 5808 ad
552 5755 750 5814 Deum,
780 5749 872 5817 qui
895 5754 945 5803 in
978 5745 1204 5815 singulis
1225 5745 1408 5798 incisis
1460 5741 1884 5817 subintelligitur

292 5829 396 5885 hoc
419 5839 609 5898 pacto:
643 5815 1220 5898 liedditejnpttupere,
1263 5819 1452 5898 sup-ple
1473 5815 1592 5898 Pco
1621 5829 1837 5867 munera
1863 5829 1882 5876 ;

294 5911 348 5954 et
369 5888 448 5954 sic
475 5899 544 5952 de
577 5895 808 5952 caeteris.
853 5888 973 5948 Sed
997 5893 1118 5946 licet
1136 5891 1298 5944 etiam
1330 5888 1628 5957 simplicius
1667 5901 1766 5954 per
1791 5897 1885 5937 vo—

1961 3379 2058 3449 (ΙΙΙ
2089 3377 2214 3446 Reg.
2247 3373 2388 3445 χιχ),
2418 3376 2505 3444 qui
2532 3370 2717 3427 Achab
2746 3384 2926 3437 regem
2952 3365 3267 3422 caelestibus
3296 3364 3566 3432 ingratum

1965 3469 2241 3525 beneticiis
2267 3469 2334 3522 ita
2364 3465 2522 3536 jussit
2552 3463 2721 3519 occidi
2743 3504 2757 3526 ,
2791 3472 2846 3515 ut
2876 3476 2904 3514 a
2933 3461 3160 3514 canibus
3190 3457 3309 3524 ejus
3338 3454 3564 3509 vulnera

1963 3564 2351 3619 lambereulur.
2406 3561 2616 3614 Etenim
2657 3557 2780 3626 quia
2822 3556 3071 3626 pauperis
3112 3554 3323 3606 vineam
3365 3564 3566 3603 concu-

1966 3658 2168 3726 pierat.
2211 3668 2546 3724 nequaquam
2589 3651 2752 3705 tantis
2790 3648 2982 3721 opibus
3021 3646 3270 3717 expletus
3315 3641 3564 3710 imperii,

1965 3750 2100 3805 infra
2141 3765 2356 3804 omnem
2399 3747 2636 3816 inopiam
2681 3743 2933 3800 redactus
2969 3749 3054 3796 est
3091 3755 3120 3793 a
3164 3738 3412 3793 Domino.
3446 3733 3566 3790 Non

1966 3846 2055 3916 qui
2089 3846 2308 3897 vulnera
2338 3843 2454 3912 ejus
2485 3845 2684 3896 lavaret
2709 3882 2724 3906 ,
2755 3839 3006 3893 inventus
3035 3842 3152 3900 est,
3186 3849 3291 3886 non
3322 3830 3412 3901 qui
3445 3844 3568 3884 eor-

1970 3953 2068 4007 pus
2093 3937 2348 4005 operiret.
2378 3934 2581 3989 Deiecit
2610 3933 2753 3987 circa
2775 3945 2898 3985 euut
2930 3927 3208 3982 hominum
3239 3919 3569 3983 humanitas,

1967 4044 2162 4084 canum
2187 4026 2452 4082 successit
2472 4025 2751 4095 asperitas.
2782 4022 2976 4092 Dignos
2999 4019 3156 4090 plane
3183 4014 3265 4069 sui
3294 4013 3572 4068 ministros

1969 4121 2173 4178 funeris
2199 4137 2396 4175 avarus
2425 4120 2648 4175 invenit.

2457 4258 2615 4333 537
2655 4253 2883 4312 CAPUT
2923 4250 3089 4307 xvu.

1976 4375 2079 4432 Cur
2117 4374 2328 4441 Achab,
2360 4374 2444 4427 cui
2477 4371 2615 4426 Deus
2645 4371 2707 4424 ob
2736 4367 3086 4441 paenitentiam
3118 4363 3230 4434 ejus
3261 4359 3572 4434 promiserat

2045 4471 2241 4524 veniam
2258 4509 2273 4534 ,
2303 4478 2470 4521 tamen
2499 4466 2656 4518 victus
2681 4472 2831 4534 atque
2857 4459 3058 4514 occisus
3087 4457 3281 4528 fuerit:
3307 4453 3466 4528 hujus
3491 4453 3570 4506 rei

2047 4563 2244 4633 duplex
2267 4562 2400 4614 ratio
2423 4576 2440 4613 :
2467 4558 2602 4612 unde
2628 4554 2982 4619 concluditur,
3011 4551 3166 4606 etiam
3191 4548 3421 4620 indignis
3448 4561 3572 4619 pro-

2045 4660 2200 4713 missa
2227 4675 2323 4711 sua
2353 4655 2518 4709 Deum
2557 4667 2774 4707 servare.

2047 4775 2133 4828 70.
2168 4759 2282 4827 lloe
2309 4771 2431 4826 loco
2457 4769 2627 4822 oritur
2657 4765 2785 4820 illud
2816 4760 3164 4835 qttmslionis,
3192 4753 3466 4830 quomodo
3495 4751 3580 4809 le-

1976 4870 2148 4940 gimus
2186 4866 2388 4919 dixisse
2426 4861 2707 4915 Dominum
2740 4858 2806 4912 ad
2841 4857 3056 4912 Ellam:
3098 4850 3283 4904 Vidisti
3322 4844 3573 4917 quemad-

1982 4961 2191 5014 modum
2223 4963 2503 5010 commotus
2532 4962 2607 5006 est
2638 4950 2810 5005 Achab
2837 4967 2868 5003 a
2902 4947 3036 5020 {acie
3066 4941 3222 4998 mea?
3254 4937 3378 4994 Non
3416 4935 3577 4991 indu-

1974 5110 2064 5150 ces
2086 5096 2141 5148 in
2170 5108 2413 5162 paupere,
2443 5093 2497 5145 in
2527 5104 2703 5160 egeno,
2733 5084 3011 5142 Christum
3037 5077 3379 5148 designatum
3409 5073 3574 5128 intel-

1975 5169 2163 5222 littere.

2016 5185 2182 5292 “griis
2209 5251 2340 5291 mss.
2365 5235 2564 5304 aliquot
2590 5229 2976 5304 antiquissimae
3004 5220 3317 5304 manus.“th
3335 5218 3434 5304 hoc
3454 5231 3578 5272 cer~

1980 5322 2031 5365 te
2078 5291 2198 5364 cum
2256 5291 2626 5375 superitiribus
2678 5291 2847 5370 magis
2897 5295 3158 5375 concinit.
3217 5291 3328 5375 Nec
3393 5297 3577 5375 tamen

1979 5367 2338 5447 aspernanda.
2364 5380 2590 5431 aliorum
2624 5388 2757 5447 mss.
2772 5367 2951 5447 'atqoe
2980 5367 3111 5447 edit.
3145 5367 3305 5419 lectio
3347 5377 3467 5447 qua:
3495 5370 3581 5442 est

1984 5432 2330 5521 lt‘tt'jttstnudi:
2366 5449 2556 5503 Studia
2593 5432 2879 5521 devgiouis'
2899 5453 2946 5496 et
2979 5438 3123 5521 ﬁdei,
3165 5453 3268 5489 non
3294 5432 3579 5500 sacriﬁcio-

1981 5511 2096 5578 rum
2123 5523 2398 5577 ambitione
2426 5522 2668 5574 delector.
2701 5511 3074 5569 Tantummodo
3092 5550 3107 5573 ,
3147 5519 3252 5562 etc.

2059 5576 2080 5631 έε
2126 5576 2253 5648 Mss.
2289 5593 2528 5646 nonnulli
2554 5631 2568 5650 ,
2620 5600 2781 5655 atque
2811 5599 2999 5638 omnes
3029 5581 3185 5655 edin.
3215 5576 3405 5655 multos
3432 5591 3577 5644 reges

1997 5670 2221 5737 gentium
2247 5676 2453 5734 propter
2481 5650 2748 5737 perﬁdia-nt
2781 5652 3289 5737 feci_t_populo(tluss.
3319 5650 3446 5713 duo,
3477 5664 3577 5718 po-

1986 5727 2120 5810 puli)
2157 5727 2361 5806 patrum
2392 5727 2788 5810 essecaptivos.’
2825 5727 2929 5810 alii
2972 5740 3102 5780 tttss.
3139 5727 3320 5792 plutes
3362 5736 3423 5773 ac
3453 5734 3578 5800 pro—

1992 5794 2261 5868 batiores.
2298 5847 2310 5859 .
2346 5845 2360 5857 .
2392 5844 2404 5856 .
2443 5845 2457 5859 .
2489 5794 2609 5873 fecit
2638 5818 2664 5854 e
2691 5801 2876 5873 populo
2928 5810 3129 5867 patrum
3179 5811 3286 5873 esse
3327 5794 3574 5873 captiuos.

1992 5882 2190 5936 Verum
2214 5889 2308 5934 aut
2348 5878 2433 5931 hic
2474 5868 2766 5929 alibrartis
2793 5871 2929 5925 facta
2973 5868 3318 5936 tranSpositio
3346 5906 3360 5931 ,
3413 5868 3503 5915 aut
3548 5869 3577 5910 tt
