4066 6360
236 325 366 381 757
1268 334 1353 391 DE
1392 335 1593 392 TOBIA
1637 334 1839 394 LIBER
1880 337 2079 398 UNUS.
2127 342 2519 401 ADMONITIO.
3452 349 3555 405 758

230 442 349 496 riri
371 459 394 509 ;
413 442 604 517 quippe
626 442 717 516 qui
734 444 925 501 astutia
956 462 1051 502 sua
1080 447 1573 519 spoliarefaleatores
1591 494 1604 513 ,
1628 460 1675 505 et
1699 450 1917 508 Hunnos
1947 453 2311 523 ferocissimam
2340 457 2571 512 omnium
2594 457 2860 513 nationum
2887 455 3041 532 (Cap.
3074 456 3169 533 ﬂ)
3192 454 3293 515 sibi
3309 458 3559 530 subjicere

234 536 535 603 potuerint.
565 535 903 605 Quamobrem
930 541 997 592 ad
1019 552 1195 594 eorum
1220 541 1606 602 descriptionem
1628 544 1757 597 redit
1781 541 1933 617 (Cap.
1955 544 2025 599 12
2048 556 2097 599 et
2117 544 2227 617 i3),
2255 565 2369 618 qua!
2389 551 2625 605 oriuntur
2644 565 2706 606 ex
2732 558 2874 605 tanta
2892 552 3029 606 malo
3045 568 3065 619 ;
3084 552 3221 622 quod
3238 549 3438 621 quidem
3451 560 3557 604 tum

232 637 425 681 vetere
460 639 568 682 tum
612 645 741 684 novo
767 628 1088 687 Testamento
1118 633 1362 702 proscribi
1390 632 1655 699 Achilleis,
1678 646 1731 687 ut
1760 646 1961 702 vocant,
1993 640 2310 707 argumentis
2337 640 2647 695 demonstrat
2668 638 2820 712 (Cap.
2851 640 2961 712 14).
2994 642 3075 696 Ad
3100 640 3210 697 hac
3248 644 3558 713 feneratores

236 717 321 771 ad
355 719 505 773 aliud
528 720 746 774 utilioris
769 736 941 777 usnrte
964 739 1121 794 genus
1146 724 1460 792 cohortatus,
1487 726 1544 780 in
1573 743 1675 796 quo
1703 743 1862 784 usura
1894 737 1948 786 et
1988 731 2183 801 pignus
2220 734 2462 801 spiritale
2490 736 2765 790 consistant
2790 778 2803 798 .
2836 736 2950 804 [use
2975 737 3202 792 declarat
3229 737 3383 805 (Cap.
3420 734 3487 791 i8
3510 744 3560 790 et

237 809 412 882 seq.).
451 811 582 865 Tum
606 812 928 884 reprehensis
957 816 1022 868 iis
1046 818 1133 881 qui
1154 815 1485 889 [idejnssores
1513 822 1764 875 inducant
1791 823 1859 876 ad
1885 823 2241 895 spondendum
2266 843 2285 891 ;
2312 827 2502 881 eisdem
2523 829 2910 899 fidejussoribus
2936 846 3085 899 quam
3133 831 3276 900 ipsos
3302 832 3361 884 in
3397 842 3557 897 spon-

239 903 429 993 dendo
454 908 595 975 sequi
621 906 865 993 rationem
889 908 1172 971 conveniat,
1215 909 1547 979 aperithap.
1572 912 1684 984 ‘23).
1712 912 1935 982 Denique
1954 924 2007 967 ut
2038 916 2088 967 in
2115 915 2213 969 hoc
2243 917 2381 971 unde
2403 921 2630 987 profecta
2647 926 2736 983 est,
2765 919 2930 974 oratio
2948 922 3169 986 desinat,
3187 921 3371 993 repetit
3399 918 3557 991 (Cap.

237 991 351 1062 94)
376 997 693 1064 propositum
725 992 898 1048 Tobias
925 1001 1234 1067 exeinptum,
1269 1008 1316 1053 et
1342 1016 1469 1068 quas
1500 1003 1816 1070 potissimum
1839 1005 2047 1058 virtutes
2076 1007 2273 1060 discere
2295 1024 2358 1061 es:
2383 1024 2440 1061 eo
2461 1009 2751 1074 debeamus,
2784 1012 2960 1076 paucis
2986 1013 3198 1067 indicat.

330 1081 462 1176 Non
478 1084 660 1137 mirari
684 1093 819 1137 certe
844 1098 944 1138 non
971 1103 1260 1155 possumus,
1285 1090 1409 1158 quid
1430 1092 1692 1146 eeneritin
1716 1104 1931 1148 mentem
1962 1095 2183 1151 Erasmo
2226 1106 2273 1152 et
2320 1109 2432 1172 post
2462 1116 2574 1153 eum
2605 1101 2724 1154 aliis
2745 1103 3026 1164 nonnullis.
3065 1114 3130 1158 ut.
3147 1103 3552 1176 pulcherrimum

239 1176 396 1268 hunc
422 1173 609 1230 librum
633 1193 737 1247 quo
764 1188 1030 1251 tantopere
1049 1184 1269 1254 permoti
1299 1183 1442 1252 fuere
1467 1186 1780 1244 teneratores
1807 1185 1962 1259 (Cap.
1993 1190 2083 1255 25,
2111 1206 2256 1245 num.
2286 1191 2401 1263 87).
2443 1191 2737 1257 Ambrosio,
2766 1173 3197 1258 quemadmodum
3218 1193 3382 1250 Coeus
3412 1195 3557 1268 (Lib.

234 1266 489 1325 Censura
513 1273 859 1340 quorumdam
878 1276 1088 1346 script.,
1114 1280 1241 1348 etc.)
1269 1295 1333 1332 ac
1358 1277 1568 1332 Rivetus
1592 1276 1792 1351 (Critici
1823 1284 1960 1337 sacri
1982 1283 2070 1338 lib.
2096 1300 2178 1348 tu,
2202 1303 2245 1338 ο(
2264 1303 2317 1357 p.
2346 1285 2435 1356 i8)
2465 1293 2723 1349 asserunt,
2750 1284 3130 1348 abiudicarent.
3164 1271 3380 1342 Minime
3426 1266 3553 1341 sane

232 1363 527 1420 obscurum
553 1378 626 1422 est
646 1385 706 1422 eo
729 1368 860 1424 nihil
887 1373 1094 1425 omnino
1123 1374 1375 1427 contineri
1429 1375 1567 1442 quod
1596 1376 1657 1427 ab
1678 1377 1887 1450 ingenio
1914 1388 1960 1432 et
1987 1382 2283 1432 charactere
2302 1378 2638 1432 Ambrosiano
2663 1378 2930 1431 dissideat.
2959 1377 3164 1433 Etenim
3190 1381 3422 1448 φησι»ωῆ
3439 1381 3562 1435 illic

228 1458 521 1515 verborum
546 1463 692 1517 lusus
716 1464 877 1536 paulo
901 1468 1286 1535 frequentiores.
1317 1484 1475 1535 quam
1498 1470 1553 1522 in
1573 1470 1691 1525 aliis
1735 1476 1901 1526 sancti
1932 1470 2181 1527 Prcsulis
2206 1472 2504 1528 tractatibus
2524 1474 2779 1527 advertere
2804 1472 2891 1536 sit,
2922 1472 2974 1524 id
2992 1472 3199 1541 quidem
3238 1471 3317 1526 vrl
3342 1473 3558 1526 materia

234 1570 369 1626 quae
391 1558 549 1611 etiam
566 1574 671 1612 non
694 1564 945 1625 quarenti
960 1563 1223 1615 interdum
1240 1564 1523 1618 allusiones
1544 1566 1901 1638 hujuscemodi
1924 1569 2237 1640 suppeditat,
2263 1568 2340 1622 uel
2364 1568 2454 1622 alii
2482 1571 2642 1621 alicui
2657 1583 2826 1621 causa:
2851 1566 3006 1621 tribui
3026 1575 3207 1635 potest.
3222 1563 3409 1619 Verum
3430 1564 3557 1634 quid

235 1662 475 1722 opponet
505 1650 753 1717 Erasmus
773 1657 1071 1708 auctoritati
1101 1656 1267 1709 sancti
1298 1657 1571 1727 Augustini
1604 1658 1742 1724 (Lib.
1771 1674 1787 1712 ι
1813 1671 1981 1714 contr.
2012 1656 2126 1714 Jul.
2159 1659 2321 1730 Pelag
2372 1677 2418 1714 c.
2445 1657 2523 1731 5),
2555 1677 2589 1714 a
2614 1676 2711 1730 quo
2733 1658 2819 1712 hic
2843 1658 2970 1713 liber
2989 1658 3241 1728 expressis
3261 1658 3425 1711 verbis
3450 1658 3547 1712 sub

235 1742 289 1796 Α
313 1744 511 1798 abrasii
536 1746 741 1798 nomine
763 1746 1063 1815 allegatur?
1093 1747 1452 1819 Negaturusne
1480 1761 1553 1803 est
1581 1749 1759 1804 Tobia!
1784 1753 2051 1807 occasione
2075 1765 2255 1806 contra
2276 1757 2590 1824 feneratores
2608 1754 2761 1805 verba
2787 1754 2965 1821 fecisse
2989 1755 3193 1805 beatum
3215 1749 3508 1803 Antistitent
3533 1769 3554 1815 ,-

234 1852 371 1891 cum
401 1838 539 1891 idem
564 1840 675 1907 ipse
692 1839 927 1910 exemplo
949 1842 1090 1894 illius
1114 1841 1377 1911 prophetes
1401 1844 1471 1896 ad
1509 1861 1592 1898 eos
1614 1846 2035 1917 compugnandos
2078 1859 2295 1901 conatus
2322 1846 2473 1910 fuerit
2507 1845 2701 1918 (Epist.
2724 1847 2798 1901 ‘25
2820 1845 2890 1899 ad
2928 1843 3107 1918 Vigit.)
3150 1843 3403 1917 Vigilium
3428 1842 3557 1898 Tri-

234 1931 391 1983 denti
421 1933 717 2001 episcopum
746 1934 1050 1999 impellere?
1074 1933 1264 2003 Ecquis
1293 1937 1450 1989 etiam
1471 1952 1573 1992 non
1615 1940 1959 2011 deprehendat
1991 1949 2189 2011 quanta
2214 1942 2279 1995 sit
2306 1955 2485 1995 eorum
2499 1956 2613 2011 qua:
2635 1941 2691 1993 iu
2718 1956 2780 1994 ea
2797 1940 3017 2008 epistola
3038 1938 3280 1994 dicuntur
3308 1948 3551 1992 contrac-

236 2026 374 2091 tius,
397 2040 510 2078 cum
539 2027 640 2079 hac
669 2035 774 2080 tota
800 2031 1228 2082 commentatione
1263 2031 1529 2084 consensio
1549 2032 1575 2085 .9
1604 2030 1684 2085 Ad
1715 2042 1999 2088 extremum
2044 2034 2167 2105 quid
2215 2034 2535 2105 repositurus
2572 2041 2647 2087 est
2667 2030 3025 2106 objicientibus
3046 2032 3357 2087 immeritos
3382 2031 3548 2094 locos.

239 2121 334 2189 qui
366 2134 429 2173 ea;
454 2118 653 2174 Basilio
680 2120 910 2192 (Haurit.
944 2119 981 2174 2
1011 2125 1065 2174 in
1088 2139 1165 2191 ps.
1192 2122 1300 2195 xlv)
1327 2124 1589 2190 translati,
1613 2124 1713 2179 hoc
1738 2126 1794 2180 in
1822 2135 2045 2182 tractata
2065 2142 2159 2199 pro
2176 2144 2314 2181 more
2337 2126 2596 2181 Ambrosii
2615 2127 2811 2195 passim
2830 2136 3104 2181 occurrunt
3125 2125 3152 2179 i

339 2212 579 2270 Videmus
598 2232 779 2290 reapse
809 2217 1083 2272 Ductorem
1106 2229 1337 2272 nostrum
1358 2230 1559 2292 partem
1575 2220 1734 2295 hujus
1758 2221 1875 2276 libri
1890 2224 2096 2276 minime
2126 2221 2549 2276 contemnendam
2569 2237 2633 2275 ea:
2647 2220 2880 2275 secunda
2898 2218 3086 2273 Basilii
3100 2218 3314 2273 homiiia
3342 2218 3397 2272 in
3418 2217 3560 2288 psal-

246 2322 393 2360 mum
414 2322 527 2373 xw.
552 2309 640 2361 ubi
662 2310 726 2362 de
753 2311 863 2363 sola
898 2312 1318 2365 αεσηεπιαιρτὶα
1339 2321 1615 2377 tractatur,
1648 2324 1937 2367 mutuatum
1983 2330 2113 2369 esse.
2146 2314 2286 2382 Quin
2330 2315 2491 2368 etiam
2516 2312 2847 2367 observamus
2873 2312 3019 2367 locos
3044 2311 3340 2380 aﬂquot,iu
3367 2309 3554 2380 quibus

239 2403 453 2460 verbum
477 2403 542 2458 de
567 2404 723 2460 verba
742 2406 963 2460 reditum
990 2419 1084 2461 est.
1117 2405 1483 2461 Verumtamen
1501 2417 1561 2462 ut
1580 2411 1744 2462 multa
1772 2407 1912 2477 apud
1943 2406 2201 2462 Basiliam
2221 2408 2474 2478 reperias,
2498 2418 2614 2478 qua
2641 2406 2997 2479 praetermissa
3042 2405 3200 2461 notuit
3232 2402 3555 2471 Ambrosius,

239 2496 318 2549 ita
354 2497 407 2548 in
434 2496 512 2549 Itis
540 2497 670 2565 ipsis
689 2513 803 2567 qua:
827 2514 888 2551 ex
909 2497 1125 2552 ltomilia
1152 2497 1414 2553 Basiliana
1434 2501 1701 2571 desumpta
1718 2512 1857 2565 sunt,
1885 2518 1987 2554 non
2008 2517 2172 2570 pauca
2201 2502 2418 2554 mutavit
2447 2501 2524 2554 vel
2547 2500 2886 2571 transposuit,
2918 2507 2977 2552 ut
2995 2514 3057 2552 ea
3077 2499 3559 2552 commodiussuunt

241 2589 565 2657 quadrarent
600 2591 669 2644 ad
701 2593 1037 2661 propositum.
1083 2592 1348 2647 Postremo
1375 2594 1521 2647 haud
1562 2595 1718 2663 plura
1740 2610 1766 2647 e
1798 2595 1937 2664 fonte
1962 2594 2055 2648 illo
2080 2593 2284 2661 Graeco,
2308 2606 2460 2664 quam
2489 2609 2516 2646 e
2560 2594 2769 2663 proprio
2821 2594 3012 2658 hausit,
3072 2607 3176 2645 non
3218 2591 3391 2645 solum
3420 2592 3466 2646 si
3495 2607 3559 2646 ea

246 2694 443 2758 spectes
474 2703 586 2752 qua:
630 2693 693 2742 de
719 2685 887 2741 Tabia
911 2688 1025 2742 istic
1061 2686 1357 2753 traduntur,
1396 2687 1485 2742 sed
1506 2687 1668 2741 etiam
1720 2689 1767 2741 si
1797 2704 1855 2742 ea
1897 2704 2013 2758 qua:
2036 2690 2409 2760 prtccipiuntur
2462 2687 2526 2741 de
2564 2703 2722 2740 usura
2768 2696 2814 2739 et
2866 2686 3077 2755 pignore
3131 2683 3407 2753 spiritali;
3454 2700 3557 2753 quo

248 2781 365 2834 loco
386 2780 534 2854 (Cap.
563 2778 658 2854 20)
693 2780 787 2834 Vir
803 2789 1009 2836 sanctus
1038 2782 1316 2855 quamdam
1342 2783 1487 2852 sequi
1513 2782 1711 2838 videtur
1732 2780 1976 2836 Philonis
1996 2781 2172 2836 Judtei
2202 2780 2343 2854 (Lib.
2373 2781 2439 2834 de
2465 2779 2719 2849 Samnis)
2752 2778 3074 2842 sentem,
3096 2792 3248 2848 quam
3275 2777 3557 2833 admodum

248 2873 529 2928 christiane
560 2884 856 2944 pertractat.
3028 2874 3035 2879 ’

323 2965 403 3020 De
433 2976 658 3036 tempore
677 2983 777 3037 quo
806 2966 1070 3022 lucubrata
1087 2977 1164 3023 est
1190 2968 1526 3024 Ambrosiam
1544 2969 1653 3027 hate
1668 2970 1970 3041 disputata,
1987 2969 2123 3024 nihil
2149 2972 2270 3024 certi
2297 2970 2537 3025 habemus
2553 2968 2992 3039 :conjecturarum
3011 2976 3181 3021 autem
3205 2983 3322 3039 quae
3343 2969 3469 3023 solte
3486 2970 3557 3022 ad

249 3061 382 3115 illud
408 3060 820 3129 investigandum
848 3060 992 3114 nobis
1018 3072 1316 3130 suppetunt,
1333 3048 1596 3135 judicium
1625 3063 1856 3117 volumus
1885 3080 1990 3116 esse
2014 3079 2164 3135 penes
2192 3062 2449 3115 lectorem.
2474 3061 2618 3117 Satis
2643 3059 2847 3128 quidem
2869 3068 3065 3114 constat
3099 3072 3331 3115 sanctum
3363 3060 3555 3116 Docto-

252 3172 358 3209 rem
380 3156 624 3209 adversus
651 3156 958 3222 feneratores
979 3164 1254 3226 antequam
1273 3158 1340 3210 ad
1356 3152 1603 3229 Vigilium
1623 3158 1677 3211 in
1701 3155 2004 3212 Tridentina
2026 3157 2145 3210 sede
2165 3172 2338 3211 recens
2361 3154 2668 3211 collocatum
2690 3154 2927 3209 scriberet
2942 3151 3136 3225 (Epist.
3162 3152 3235 3206 ΞΒ
3254 3153 3323 3205 ad
3342 3151 3552 3224 Vigil.),

254 3263 538 3301 sermonem
564 3247 818 3301 habuisse.
865 3246 1078 3303 Nemini
1109 3249 1240 3302 enim
1272 3249 1543 3303 verisimile
1563 3251 1627 3303 sit
1652 3267 1764 3304 eum
1787 3246 2070 3315 laborasse,
2102 3260 2155 3304 ut
2176 3251 2579 3325 juvenemillum
2606 3250 2902 3321 episcOpum
2925 3250 2993 3305 ad
3029 3246 3434 3323 impugnandum
3479 3248 3557 3320 [e-

256 3358 351 3394 nus
382 3342 624 3395 excitaret
656 3356 675 3406 ;
706 3359 818 3394 cum
853 3343 1056 3395 interim
1086 3342 1294 3413 ipsemet
1320 3342 1418 3395 hac
1446 3343 1498 3395 in
1527 3360 1583 3398 re
1608 3344 1769 3403 altum
1816 3353 2037 3398 servaret
2066 3343 2350 3397 silentium.
2374 3341 2439 3395 At
2469 3358 2586 3395 vero
2607 3358 2756 3395 suum
2783 3340 2945 3395 eidem
2972 3339 3205 3411 epistola
3223 3354 3418 3392 annum
3464 3355 3550 3394 as-

255 3434 455 3506 signare
478 3436 571 3488 etsi
591 3451 693 3488 non
718 3435 791 3489 ita
813 3437 880 3489 sit
900 3437 952 3488 in
985 3446 1221 3507 promptu
1246 3454 1266 3501 ;
1294 3436 1639 3490 nihilominus
1658 3448 1824 3490 tamen
1852 3436 1981 3490 alibi
2008 3435 2251 3490 non'sine
2275 3435 2530 3507 probabili
2556 3437 2758 3490 ratione
2782 3435 2970 3489 dicturi
2997 3447 3176 3488 sumus
3205 3448 3319 3486 eum
3360 3448 3556 3486 annum

255 3530 414 3584 videri
437 3546 538 3584 non
566 3531 731 3583 alium
753 3531 931 3601 fuisse,
962 3547 1116 3602 quam
1146 3529 1210 3583 ab
1241 3533 1591 3604 octuagesimo
1629 3532 1808 3603 quinto
1834 3532 2269 3596 trecentesimum,
2295 3541 2385 3586 aut
2414 3533 2575 3585 alium
2599 3531 2827 3598 aliquem
2856 3529 2916 3582 ab
2942 3530 3115 3583 eodem
3144 3527 3353 3582 minime
3387 3540 3556 3581 remo-

258 3633 379 3679 tum.
405 3624 632 3678 Aliunde
655 3641 772 3695 qua:
798 3625 860 3678 de
884 3623 1194 3679 Hunnorum
1231 3625 1347 3679 alea
1376 3634 1560 3679 narrat
1588 3626 1888 3679 Ambrosius
1910 3623 2062 3696 (Cap.
2100 3626 2212 3697 11),
2238 3641 2338 3680 non
2368 3628 2533 3697 potuit
2563 3635 2680 3678 ante
2704 3636 2984 3678 extremum
3020 3622 3247 3678 Valentis
3280 3621 3556 3693 imperium

259 3713 505 3783 accipere,
559 3714 654 3768 hoc
698 3725 794 3779 est,
828 3727 941 3785 post
988 3731 1182 3769 annum
1207 3716 1331 3781 576,
1386 3732 1483 3785 quo
1508 3719 1719 3771 tradunt
1757 3717 1987 3773 historici
2044 3720 2254 3791 ctepisse
2304 3720 2575 3774 barbaram
2629 3721 2761 3771 hanc
2806 3729 3003 3791 gentem
3039 3716 3371 3772 innotescere.
3414 3714 3558 3769 Hinc

259 3811 581 3877 consequitur
615 3811 837 3881 apellant
884 3813 1016 3865 hanc
1056 3812 1362 3865 intermedio
1417 3814 1637 3882 tempori
1668 3812 1808 3867 haud
1857 3813 2082 3869 absurde
2130 3815 2323 3869 ascribi
2370 3831 2538 3884 posse,
2566 3830 2626 3867 ac
2669 3812 2849 3883 forsan
2874 3828 3011 3866 anno
3056 3810 3184 3878 377,
3216 3810 3294 3864 vel
3322 3810 3416 3863 alii
3442 3809 3556 3864 cui-

262 3902 398 3973 piam
434 3912 461 3955 e
492 3902 725 3970 proxime
752 3903 1098 3971 sequentibus.
1140 3901 1324 3972 Neque
1372 3906 1505 3957 enim
1536 3905 1688 3973 facile
1730 3904 1844 3972 quis
1876 3906 2052 3958 credat
2074 3906 2415 3976 episcopatem
2460 3904 2714 3959 Ambrosii
2743 3903 3062 3974 vigilantiam
3100 3905 3172 3955 ita
3215 3899 3554 3973 obtorpuisse,

263 4002 317 4049 ut
346 4010 445 4049 non
489 3992 577 4047 ubi
632 3992 853 4065 primum
897 3995 1119 4061 licuerit,
1172 3995 1225 4048 in
1272 3994 1622 4049 exscindenda
1665 3995 1789 4049 vitio
1843 3995 1981 4066 quod
2035 3996 2282 4068 regnabat
2326 4006 2470 4050 tanta
2523 4012 2637 4049 cum
2663 3994 2931 4049 atrocitate
2975 4010 3036 4047 ac
3062 3992 3365 4057 insolentia,
3398 3990 3553 4045 desu-

266 4093 421 4146 daret.

332 4187 652 4242 Arbitrantur
690 4204 716 4241 e
740 4182 1021 4243 Catholicis’
1050 4191 1162 4260 fore
1189 4188 1462 4254 neminem,
1490 4186 1577 4257 qui
1606 4184 1880 4259 Ambrosii
1895 4187 2144 4241 doctrina:
2169 4186 2233 4242 de
2264 4202 2425 4241 usura
2453 4184 2629 4241 libenti
2679 4182 2852 4239 animo
2882 4199 2983 4237 non
3012 4176 3329 4248 subscribat;
3356 4197 3469 4235 cum
3493 4197 3556 4236 ea

267 4299 361 4336 non
386 4282 538 4335 modo
564 4279 745 4335 Basilii
769 4290 818 4336 et
842 4282 1061 4336 aliorum
1090 4281 1334 4348 Patrum,
1367 4296 1540 4337 verum
1575 4284 1732 4336 etiam
1758 4298 2026 4336 sacrorum
2049 4282 2283 4335 codicum
2305 4283 2613 4335 auctoritate
2641 4280 2925 4333 muniatur.
2947 4277 3054 4335 Sed
3096 4277 3383 4350 cujusmodi
3401 4276 3555 4351 judi-

267 4375 389 4431 cium
429 4377 651 4444 feremus
696 4374 761 4428 de
810 4371 876 4428 cl.
913 4373 1173 4430 Salmasio
1200 4372 1337 4444 (Lib.
1363 4374 1425 4429 de
1451 4372 1658 4439 Usuris,
1707 4384 1755 4428 et
1783 4375 1871 4428 lib.
1906 4376 1970 4428 de
2002 4373 2159 4429 Modo
2199 4390 2372 4440 usur.,
2403 4385 2450 4429 et
2477 4372 2692 4428 Dissert.
2730 4373 2796 4429 de
2822 4374 2998 4442 [enare
3046 4370 3315 4444 Trapez.),
3339 4382 3382 4422 et
3408 4372 3554 4427 novis

267 4464 555 4542 quibusdam
584 4468 819 4542 ejusdem
849 4471 1223 4524 communionis
1252 4471 1568 4532 auctoribus,
1585 4469 1673 4540 qui
1701 4470 1894 4523 doctori
1927 4480 2104 4523 nostro
2127 4469 2379 4540 [rantibus
2402 4468 2629 4523 adversis
2650 4468 2934 4540 pugnantia
2960 4466 3233 4535 defendere
3257 4463 3377 4519 ausi
3396 4465 3554 4521 sunt?

268 4566 531 4623 Enimvero
562 4566 705 4618 docet
735 4564 1032 4619 Ambrosias
1055 4562 1209 4637 (Cap.
1238 4562 1324 4629 14,
1358 4580 1500 4618 num.
1522 4563 1612 4631 48,
1640 4576 1685 4617 et
1713 4580 1826 4634 cap.
1856 4560 2212 4634 15,ηωη.51)
2241 4562 2481 4616 creditori
2506 4563 2783 4631 quidquam
2830 4570 3017 4631 praeter
3053 4570 3243 4615 sortem
3277 4559 3546 4628 accipere;

270 4660 450 4714 licitam
479 4670 581 4711 non
607 4670 750 4711 esse"
777 4656 1067 4711 Salmasius
1096 4656 1189 4709 hac
1213 4656 1382 4727 ipsum
1402 4657 1553 4711 licere
1582 4666 1837 4710 asseverat
1864 4656 1963 4727 (De
1976 4654 2193 4724 Trapez.
2224 4659 2353 4726 fen.,
2382 4658 2585 4725 prtefat.
2619 4666 2666 4707 et
2692 4653 2863 4723 alibi).
2893 4654 3195 4707 Ambrosius
3214 4653 3407 4723 legibus
3432 4666 3551 4706 cum

271 4755 439 4811 veteris
462 4762 569 4806 tam
593 4749 715 4804 novi
741 4748 1051 4804 Testamenti
1078 4747 1174 4801 hoc
1204 4767 1480 4822 numquam
1511 4768 1609 4804 non
1638 4752 1845 4805 vetitum
1886 4751 2045 4806 fuisse
2088 4751 2269 4805 asserit
2304 4749 2452 4821 (Cap.
2491 4748 2577 4806 M.
2610 4750 2697 4814 95,
2725 4746 2854 4819 etc.)
2887 4766 2899 4801 :
2935 4748 3231 4803 Salmasius
3260 4748 3313 4800 id
3338 4748 3395 4800 in
3416 4746 3554 4800 anti-

272 4863 360 4920 quo
383 4846 570 4917 [cedere
589 4842 971 4897 intolerandum
994 4843 1152 4911 fuisse
1168 4844 1377 4914 jugum,
1397 4844 1602 4912 quodin
1626 4861 1753 4898 novo
1777 4846 1930 4913 fuerit
1948 4860 1978 4897 a
1997 4842 2199 4897 Christo
2228 4842 2487 4898 sublatum
2512 4843 2697 4896 acriter
2718 4841 2977 4896 contendit
3004 4838 3106 4913 (De
3137 4841 3353 4911 Τηρεῖ.
3379 4844 3548 4914 (tutor.

276 4960 382 5016 pag.
513 4936 810 4993 Ambrosius
840 4953 1053 4991 usuram
1074 4935 1305 5006 afﬁrmat
1325 4941 1511 4991 crimen
1536 4955 1641 4991 esse
1662 4939 1805 4993 haud
1840 4942 1999 4993 multo
2029 4941 2205 5000 levius,
2240 4938 2395 4992 immo
2422 4948 2471 4992 et
2495 4935 2872 5008 quodammodo
2899 4937 3124 4990 deterius
3170 4935 3445 4991 homicidio
3471 4940 3557 4991 ai-

274 5059 358 5114 que
381 5038 680 5094 idololatria
695 5030 849 5111 (Cap.
866 5039 956 5094 iet
976 5036 1202 5106 i4,'etc.)
1224 5052 1235 5085 :
1265 5032 1895 5108 Salmasiuswe'l'raptz.
1918 5039 2106 5105 fruor"
2130 5053 2237 5107 pag
2277 5032 2401 5104 718)
2421 5050 2531 5088 eam
2553 5037 2776 5089 naturali
2787 5036 2913 5107 jure
2931 5049 3129 5104 semper
3156 5032 3316 5097 fuisse
3340 5032 3559 5098 permis-

277 5151 373 5190 sam
399 5138 563 5210 jarat.
598 5134 896 5187 Ambrosius
940 5132 1117 5190 inanes
1146 5131 1617 5199 compensationum
1655 5139 1943 5198 praetextas-
1957 5128 2121 5202 rejicit
2164 5128 2313 5200 (Cap.
2348 5126 2401 5191 5,
2434 5145 2574 5180 nunt.
2604 5130 2687 5198 ιυ)
2714 5144 2731 5181 ;
2764 5126 3053 5180 Salmasius
3091 5122 3209 5178 illos
3240 5123 3464 5177 admittit
3490 5138 3556 5179 ac

280 5240 556 5302 pmpugnat
589 5225 692 5299 (De
716 5222 936 5295 Trapez.
968 5227 1120 5297 {en.).
1152 5224 1368 5279 Domum
1403 5224 1552 5277 alteri
1582 5240 1740 5277 usura
1766 5222 2209 5277 innumerabilium
2236 5220 2495 5277 malorum
2516 5223 2777 5290 scaturigo
2798 5232 2869 5274 est
2892 5218 3043 5290 (Cap.
3065 5218 3119 5282 5,
3152 5228 3272 5282 etc.,
3298 5225 3351 5270 et
3375 5234 3427 5270 c.
3461 5218 3551 5284 i2,

282 5325 360 5389 i5,
381 5325 479 5395 etc)
510 5342 522 5378 :
557 5322 706 5378 alteri
730 5331 898 5374 autem
940 5321 1080 5391 origo
1108 5328 1183 5375 est
1222 5328 1322 5373 tam
1353 5318 1717 5387 multiplicium
1742 5318 2021 5384 bonorum,
2048 5328 2102 5370 ut
2146 5334 2206 5370 ea
2246 5317 2445 5370 sublata
2469 5323 2616 5385 neget
2639 5311 2749 5385 (De
2779 5312 2936 5369 Usur.
2972 5330 3086 5385 cap.
3112 5313 3173 5367 2|
3212 5321 3257 5366 et
3279 5308 3425 5379 alibi)
3454 5309 3553 5363 im-

285 5426 410 5490 peria
456 5437 515 5473 ac
565 5418 878 5489 respublicas
908 5432 1056 5485 posse
1099 5418 1390 5471 consistere.
1438 5415 1574 5481 Quid
1601 5432 1817 5486 usquam
1840 5415 2101 5471 amborum
2130 5415 2390 5470 sententiis
2418 5412 2840 5482 discrepantius?
2872 5408 2993 5464 Non
3039 5421 3111 5467 est
3141 5412 3302 5464 nostri
3332 5408 3556 5463 instituti

286 5514 368 5568 hoc
390 5513 500 5565 loco
531 5509 815 5563 doctrinam
847 5507 908 5562 8.
941 5508 1199 5562 Antistitis
1223 5509 1554 5578 conﬁrmare,
1583 5524 1647 5561 ac
1702 5507 1927 5580 ejusdem
1950 5523 2071 5560 cum
2113 5506 2337 5560 aliorum
2370 5505 2583 5559 Patrum
2617 5505 2822 5574 placitis
2850 5519 3102 5557 summum
3131 5503 3303 5575 hacin
3334 5503 3552 5557 materia

286 5622 571 5666 consensum
596 5618 866 5672 exponere.
894 5600 1006 5659 Hoc
1023 5604 1136 5673 jam
1160 5606 1442 5671 prwstilum
1467 5613 1537 5657 est
1566 5618 1598 5655 a
1625 5603 1772 5655 docto
1796 5602 2017 5671 quodam
2040 5596 2302 5672 Theologo
2326 5600 2379 5653 in
2403 5611 2624 5653 tractatu
2649 5599 2829 5665 (ωηερε
2850 5598 3062 5669 scripto,
3091 5610 3137 5651 et
3174 5596 3391 5653 Parisiis
3416 5613 3554 5653 anno

288 5700 399 5760 16η
438 5699 496 5751 in
525 5695 688 5750 lucem
715 5692 955 5749 editosub
977 5694 1072 5747 hac
1103 5695 1435 5763 inscrip‘ione
1468 5713 1478 5747 ε
1516 5692 1772 5749 Lactantii
1803 5692 2046 5747 defensio
2074 5695 2216 5747 circa
2244 5708 2494 5755 usurum;
2524 5710 2615 5746 nec
2629 5709 2727 5747 non
2756 5710 2786 5744 a
2816 5691 3021 5746 domino
3044 5688 3319 5745 dttTertre
3346 5692 3399 5744 in
3422 5690 3555 5748 libro

288 5798 358 5850 cui
388 5794 603 5848 titulus:
638 5789 811 5846 Usum
834 5788 1075 5856 esposita
1097 5798 1153 5842 et
1179 5788 1535 5842 condemnata
1560 5806 1576 5853 ;
1614 5798 1864 5849 postremo
1891 5789 2077 5841 secutis
2108 5789 2256 5841 annis
2284 5787 2422 5855 quod
2444 5801 2573 5841 esset
2606 5789 2657 5840 in
2688 5787 2785 5841 hac
2812 5789 3023 5839 materia
3044 5784 3450 5839 Christianorum
3470 5791 3557 5855 or-

295 5888 457 5967 ﬁcium
485 5886 539 5944 in
568 5883 745 5941 ethicis
783 5884 1085 5954 quibusdam
1127 5881 1630 5938 commentationibus
1660 5884 1969 5954 patefactam
2002 5891 2092 5936 est.
2129 5880 2303 5937 Unum
2327 5884 2482 5954 igitur
2526 5883 2611 5937 hic
2637 5881 2831 5938 addere
2851 5878 2996 5934 nobis
3023 5880 3152 5934 satis
3177 5888 3249 5934 est
3275 5878 3567 5945 ;nimitusn
