4066 6360
604 302 707 359 759
1918 300 2166 359 SANCTI
2203 299 2298 357 AM
2309 299 2526 356 83031!
3796 301 3875 360 ἴω

600 419 927 478 Ambrosium
956 431 1105 493 atque
1123 425 1255 479 alios
1287 423 1470 479 Patres
1490 425 1541 478 in
1563 420 1880 493 penetrantia
1909 419 2200 491 Scriptura:
2229 435 2377 473 sensu
2405 433 2506 472 non
2532 416 2704 472 minus
2728 426 2906 470 acutos
2929 416 3087 488 fuisse
3105 429 3268 486 quam
3293 414 3429 469 illos
3453 427 3629 467 usurte
3653 422 3877 485 patronos,

599 519 687 588 qui
717 521 848 573 nihil
872 521 978 590 [ere
1003 522 1150 575 aliud
1173 538 1329 591 quam
1347 521 1698 576 cavillationes
1727 519 1910 589 quibus
1939 516 2196 571 Ambrosii
2222 526 2443 585 tempore
2465 513 2776 583 feneratores
2795 511 3088 576 utebantur,
3118 510 3275 580 quasi
3299 509 3646 582 frigefactam
3669 511 3878 568 crambent

597 623 922 666 recoxerunt.

672 706 810 773 Quid
834 711 1055 763 restabat
1080 710 1226 764 aliud
1253 711 1363 764 istis
1391 711 1760 777 trapezitarum
1791 708 2119 780 apologistis,
2155 706 2254 760 nisi
2279 715 2333 759 ut
2366 705 2434 758 ad
2464 702 2796 757 minuendum
2835 702 3304 756 Ambrosianorum
3359 712 3782 772 argumentorum
3811 721 3882 758 nu-

596 817 792 856 merum
811 822 1010 858 sacram
1039 805 1155 858 libri
1184 803 1359 858 Tobiae
1389 806 1752 858 auctoritatem
1782 803 1834 855 in
1883 803 2038 855 dubio
2089 813 2333 870 ponerent
2362 800 2386 853 ?
2415 798 2463 852 11
2473 816 2532 853 oc
2556 800 2592 853 ii
2621 815 2811 867 magna
2837 801 3002 869 fecere
3021 813 3136 851 cum
3178 795 3452 850 audacia.
3497 793 3682 850 Verum
3719 799 3880 867 quidem

591 903 664 947 est
682 896 912 948 eumdem
944 898 1127 950 librum
1154 915 1185 949 a
1212 895 1458 950 Pambus
1507 896 1774 949 nonnullis
1803 893 2077 966 (At/ranas.
2133 895 2186 945 in
2241 892 2480 964 Synop.;
2510 892 2664 963 (ἐπα.
2702 891 2838 946 Nos.
2867 890 2987 945 Car.
3014 891 3077 945 de
3107 891 3196 944 lib.
3243 908 3400 956 snc.;
3435 890 3627 946 Melita
3642 903 3686 945 et
3710 893 3881 964 Origen.

585 991 726 1060 apud
753 987 941 1044 Euseb.
974 989 1118 1044 llist.
1151 991 1238 1044 lib.
1271 1007 1345 1055 tv,
1370 1007 1488 1062 cup.
1516 990 1606 1048 ‘26.
1642 1001 1690 1043 et
1714 992 1803 1043 lib.
1831 1005 1904 1048 γι.
1941 1006 1986 1042 c.
2019 989 2122 1051 9.5;
2154 986 2310 1041 Conc.
2337 987 2580 1060 Laodac.)
2619 989 2853 1058 catalogo
2874 989 2926 1041 in
2953 1004 3107 1058 quem
3131 989 3431 1042 canonicos
3480 988 3688 1043 codices
3736 993 3882 1046 retule-

591 1097 734 1150 runt,
767 1087 1070 1158 inscriptum
1099 1104 1199 1140 non
1231 1104 1341 1140 esse
1370 1103 1389 1150 ;
1419 1090 1555 1158 quod
1577 1087 1809 1138 videlicet
1839 1101 1890 1137 tn
1925 1083 2144 1138 Ilebrteo
2173 1099 2368 1136 canone
2393 1083 2793 1136 desideraretur.
2828 1081 2934 1136 Sed
2960 1085 3049 1152 qui
3078 1083 3401 1135 nominatim
3427 1082 3570 1136 illud
3592 1085 3756 1151 operis
3781 1088 3881 1152 reje-

589 1184 732 1248 cerit,
764 1185 848 1237 vix
871 1202 1178 1254 quemquam
1210 1185 1465 1239 invenias.
1499 1181 1736 1237 Testatur
1765 1183 1956 1252 alicubi
1985 1181 2335 1253 Hieronymus
2359 1182 2449 1253 (In
2479 1182 2629 1236 Prol.
2655 1180 2775 1236 Gal.
2802 1180 2970 1252 Praef.
2999 1183 3051 1236 in
3076 1182 3166 1236 lib.
3194 1181 3501 1254 Salomon)
3521 1186 3580 1236 in
3610 1198 3792 1237 canone
3813 1183 3882 1238 ls-

589 1276 738 1329 daico
765 1278 897 1330 illud
941 1280 1083 1332 inter
1112 1278 1409 1332 Canonicas
1439 1278 1750 1346 Scripturus
1778 1293 1879 1330 non
1908 1276 2151 1331 admitti:
2177 1292 2348 1330 verum
2397 1278 2502 1330 alio
2552 1278 2664 1331 loco
2714 1279 2882 1346 ipsum
2914 1279 3017 1342 Itis,
3050 1278 3214 1350 inquit
3263 1277 3477 1348 (Praef.
3511 1279 3566 1331 in
3594 1276 3768 1346 Tob.),
3793 1296 3881 1349 qua:

589 1367 952 1439 bagiograplta
987 1381 1311 1433 memorant,
1343 1371 1513 1424 Judu-i
1551 1382 1947 1439 manetparunt.
1981 1367 2129 1423 Idem
2160 1372 2388 1438 ejusdem
2443 1369 2619 1426 Patris
2676 1373 2966 1425 testimonio
3024 1374 3227 1443 publice
3257 1375 3316 1425 in
3344 1370 3601 1426 Ecclesia
3625 1372 3881 1443 legebatur;

584 1481 676 1520 nec
706 1481 806 1517 non
835 1467 1201 1535 thurpabatur
1231 1466 1299 1519 ab
1326 1467 1713 1520 ecclesiasticm
1745 1465 1874 1520 viris
1897 1463 2090 1537 (Prtef.
2114 1466 2168 1518 in
2190 1463 2433 1534 lanam).
2472 1463 2621 1518 Unde
2639 1465 2840 1532 liquido
2869 1467 3222 1536 cognoscimus
3252 1467 3405 1519 hunc
3439 1465 3637 1519 librum
3655 1466 3708 1518 id
3729 1477 3881 1536 tenipo—

584 1558 656 1612 ris
685 1560 916 1613 nondum
957 1565 1026 1612 ab
1059 1560 1294 1614 Ecclesia
1339 1561 1390 1614 in
1420 1561 1526 1613 ullo
1557 1561 1796 1621 concilio,
1830 1570 1881 1613 ut
1909 1569 2089 1627 pastca
2130 1563 2327 1628 factum
2369 1571 2464 1626 est,
2497 1560 2762 1626 probatum
2797 1562 2977 1630 fuisse.
3010 1572 3062 1614 at
3085 1563 3315 1632 quodam
3347 1561 3525 1614 tacito
3551 1576 3793 1615 consensu
3813 1564 3878 1615 ad.

588 1653 817 1706 missum.
854 1655 1150 1707 Ambrosius
1179 1655 1326 1708 illum
1373 1671 1468 1724 pro
1495 1655 1668 1708 divino
1690 1664 1736 1707 et
1783 1657 2038 1707 canonico
2062 1651 2191 1724 (llic
2214 1670 2329 1723 cap.
2363 1654 2416 1717 l,
2456 1671 2598 1707 num.
2633 1656 2683 1719 I,
2717 1667 2763 1708 et
2788 1653 3067 1722 Hexaem.,
3102 1655 3191 1710 lib.
3223 1673 3300 1722 vr,
3336 1674 3389 1709 c.
3419 1654 3482 1726 ό)
3512 1671 3785 1724 numquam
3807 1673 3877 1708 non

589 1749 790 1811 habuit,
814 1752 896 1804 cui
921 1750 1019 1802 Itac
1045 1750 1098 1801 in
1128 1767 1183 1801 re
1218 1750 1500 1819 suffragati
1525 1765 1552 1800 e
1581 1748 1835 1802 veteribus
1871 1747 2118 1800 l’atribus
2172 1747 2340 1819 (lren.
2373 1747 2412 1802 l.
2453 1763 2490 1810 ι,
2518 1763 2564 1800 c.
2596 1745 2663 1801 54
2691 1765 2709 1811 ;
2742 1745 3020 1819 Polycarp.
3051 1764 3133 1816 ep.
3151 1751 3218 1803 ad
3243 1747 3527 1818 Philyp.;
3562 1749 3799 1816 Cyprum.
3832 1749 3877 1800 at

591 1844 826 1912 Quirin.,
847 1844 882 1896 l.
916 1859 996 1900 ιιι.
1031 1861 1076 1898 c.
1124 1843 1186 1898 16
1217 1856 1261 1896 et
1288 1843 1378 1909 δὲ,
1403 1854 1449 1897 et
1471 1841 1594 1896 alibi
1621 1859 1639 1896 :
1674 1841 1878 1904 Hilar.,
1926 1841 2221 1911 Cltrysost..
2254 1840 2415 1895 Clem.
2441 1841 2614 1902 Alex"
2651 1841 2811 1908 Anq,
2839 1849 2964 1909 etc.)
2990 1841 3136 1914 longe
3165 1843 3388 1910 plurimi
3442 1845 3662 1910 synodis
3687 1858 3716 1894 a
3735 1840 3874 1908 quibus

587 1942 643 1996 in
672 1937 844 1991 album
877 1955 1137 1991 sacrorum
1167 1939 1397 1990 codicum
1425 1949 1662 2004 receptus
1693 1938 1813 2005 fuit,
1835 1935 2098 2003 prwiuere.
2131 1935 2304 2007 Adjici
2327 1935 2479 1987 etiam
2511 1935 2591 1986 hic
2615 1943 2779 2004 potest
2806 1935 2964 1986 videri
2993 1947 3227 1988 sanctum
3274 1935 3596 1989 Antistitem
3617 1931 3731 1984 huic
3749 1933 3872 1986 eidem

586 2030 716 2084 libro
733 2049 833 2084 non
855 2030 1016 2083 alium
1045 2032 1344 2102 scriptorem
1360 2030 1659 2093 inhibuere,
1685 2046 1840 2096 quam
1881 2032 2049 2091 ipsum
2081 2027 2294 2082 Tobiam
2319 2045 2537 2096 patrem.
2578 2028 2679 2093 Qui
2701 2040 3056 2099 argumentum
3084 2027 3180 2081 hoc
3215 2039 3588 2082 tractaverunt
3607 2028 3865 2090 accuratius,

585 2127 754 2195 prima
812 2139 879 2178 λιι
909 2124 1079 2191 cup.'ta
1111 2125 1246 2194 patri
1297 2122 1559 2176 ascribunt
1588 2120 1843 2192 (Serrar.,
1886 2117 2097 2188 lluet.),
2152 2120 2261 2188 [ilio
2310 2121 2414 2172 duo
2466 2120 2688 2187 reliqua,
2713 2136 2818 2173 exc.
2838 2131 2940 2189 ptis
2970 2121 3161 2174 ultimis
3190 2119 3403 2174 duobus
3436 2119 3709 2173 versiculis
3735 2119 3803 2181 qui
3823 2119 3864 2170 cl

582 2227 792 2273 auctore
817 2218 1060 2288 quopiam
1085 2227 1278 2291 ignoto,
1313 2228 1359 2270 et
1390 2219 1564 2288 aliqua
1605 2215 1824 2285 fortasse
1855 2257 1870 2279 ,
1915 2215 2178 2284 inquiunt,
2210 2231 2273 2269 ex
2309 2213 2488 2268 Tobia:
2540 2214 2808 2284 nepotibus
2847 2215 3010 2268 additi
3063 2224 3206 2269 sunt.
3244 2213 3405 2270 Unus
3444 2232 3473 2269 e
3523 2214 3839 2269 recentioribus

584 2313 917 2380 scriptoribus
976 2310 1144 2384 (Huy)
1185 2320 1517 2366 memoratum
1564 2312 1751 2364 librum
1797 2311 1860 2364 ab
1892 2323 2110 2380 utroque
2150 2309 2305 2364 simul
2337 2351 2352 2374 ,
2411 2323 2556 2378 patre
2606 2309 2850 2364 nimirum
2875 2320 2922 2365 et
2949 2310 3061 2381 ﬁlio
3109 2323 3348 2366 autumat
3391 2329 3512 2368 esse
3551 2312 3844 2381 compositust.

585 2408 693 2463 Sed
721 2425 837 2462 cum
865 2425 1020 2479 super
1052 2410 1147 2464 hoc
1172 2411 1302 2465 nihil
1330 2409 1629 2480 usquedum
1659 2409 2066 2480 pronuntiaverit
2095 2407 2350 2476 Ecclesia,
2373 2411 2458 2463 hic
2482 2409 2762 2479 unicuique
2783 2409 2998 2463 liberant
3015 2422 3087 2464 est
3104 2411 3158 2464 in
3185 2427 3338 2464 sensu
3364 2410 3594 2481 proprio
3625 2410 3832 2463 abradere.

1087 2722 1955 2889 SANCTI
2159 2720 3536 2887 AMBROSII

1709 2977 2288 3064 MEDIOLANENSIS
2354 2980 2683 3064 EPISCOPI

1648 3145 1944 3289 DE
2093 3142 2823 3294 TOBIA

1874 3386 2199 3473 LIBER
2265 3400 2409 3474 UN
2415 3397 2537 3472 US
2557 3390 2618 3471 ’³.

1735 3567 2729 3606 E=====

943 3701 1100 3776 591
1129 3698 1358 3758 CAPUT
1387 3695 1674 3754 PRIMUM.
2215 3700 2264 3757 Α
2291 3695 2550 3750 virtutum
2571 3694 2831 3766 prmditus
2858 3696 3050 3762 choro,
3080 3697 3248 3753 subiit
3276 3713 3580 3755 :erumnam
3610 3691 3822 3763 captivita-

2296 3788 2383 3852 tis,
2411 3805 2572 3858 quam
2604 3789 2809 3844 ferebat
2831 3788 3110 3847 humiliter
3133 3803 3294 3863 atque
3327 3794 3623 3864 patienter,
3647 3795 3819 3843 commil-

2292 3897 2415 3936 nem
2447 3897 2619 3954 magis
2660 3883 2935 3952 injuriam,
2961 3900 3121 3956 quam
3156 3887 3422 3956 privatam
3451 3885 3642 3942 dolens
3668 3877 3820 3951 (70M

2288 3976 2322 4030 2
2346 3987 2391 4030 et
2410 3981 2543 4050 seq.)
2570 3993 2584 4043 ;
2617 3993 2714 4033 nec
2740 3978 2841 4033 sibi
2874 3981 3132 4035 virtutum
3167 3981 3428 4052 suffragia
3464 3979 3596 4037 nihil
3621 3969 3830 4048 profui-se

2287 4071 2602 4141 deplorans,
2628 4073 2723 4128 sed
2771 4075 2938 4145 magis
2969 4090 3087 4130 eam
3118 4077 3216 4130 sibi
3263 4075 3650 4132 contumeliam
3699 4065 3828 4121 tttino'

2290 4181 2404 4219 rem
2457 4175 2804 4236 peccatorum
2843 4183 3067 4223 suorum
3101 4170 3280 4240 pretio
3337 4169 3542 4224 illatam
3593 4161 3828 4220 arbitratus

2289 4259 2440 4330 (Tob.
2472 4276 2552 4325 ιιι,
2584 4261 2607 4315 1
2637 4272 2682 4314 et
2720 4263 2877 4332 seq.).

2359 4354 2413 4410 5.
2443 4350 2468 4390 ἀ
2498 4353 2689 4409 Meruit
2711 4355 2972 4422 edictum,
3007 4366 3030 4394 ο
3064 4374 3131 4413 ne
3157 4358 3276 4429 quis
3304 4373 3370 4413 ex
3411 4359 3533 4414 [iliis
3559 4341 3828 4424 captivitatis

659 4455 715 4509 1.
740 4452 904 4508 Lecto
937 4449 1252 4521 prophetico
1278 4448 1418 4504 libro
1461 4449 1548 4518 qui
1573 4447 1883 4503 inscribitur
1912 4445 1939 4484 δ
1961 4446 2181 4512 Tobias,
2287 4460 2558 4504 mortuum
2589 4452 2878 4520 sepultum
2908 4450 3062 4506 daret
3091 4451 3248 4525 (Tob.
3278 4470 3317 4519 ι,
3341 4453 3461 4525 22).
3493 4454 3558 4509 At
3599 4448 3682 4504 ille
3703 4445 3828 4498 inter-

587 4546 834 4617 quamris
864 4547 1020 4614 plene
1049 4543 1202 4600 vobis
1225 4545 1451 4598 virtutes
1483 4546 1652 4597 sancti
1681 4541 1958 4611 propheta:
1991 4540 2177 4612 Scrip-
2287 4543 2560 4598 dictonon
2595 4545 2956 4600 revocabatur
3002 4546 3172 4618 magis
3222 4561 3382 4617 quam
3438 4543 3754 4602 incitabatur.
3777 4543 3825 4585 ne

589 4653 708 4698 tura
755 4642 1143 4702 insinuaverit,
1195 4650 1371 4694 tamen
1417 4639 1826 4708 eontpendiario
1874 4638 2004 4693 mihi
2060 4654 2181 4692 ser-
2287 4637 2538 4694 deserere
2564 4640 2800 4694 ol‘liciunt
2854 4641 3088 4709 pietatis,
3145 4643 3334 4697 mortis
3387 4655 3531 4699 metu
3563 4637 3821 4693 ι’ἱάθῐθῑυτῖ

588 4751 750 4790 moue
779 4735 846 4789 de
883 4736 1001 4802 ejus
1043 4735 1251 4788 meritis
1285 4733 1632 4788 recensendis
1665 4739 1718 4786 et
1751 4733 2008 4802 operibus
2039 4729 2177 4800 apud
2287 4747 2400 4787 erat
2424 4735 2567 4790 enim
2597 4733 2986 4791 misericordia:
3013 4738 3272 4807 pretium,
3307 4739 3494 4792 mortis
3517 4746 3684 4807 pinna.
3712 4720 3822 4779 Τ³¹ί⁵

588 4843 686 4884 ros
755 4829 1011 4884 utendum
1091 4827 1378 4891 arbitror;
1447 4835 1505 4878 ut
1571 4839 1633 4880 ea
1697 4839 1815 4893 quae
1899 4825 2179 4894 Scriptura
2286 4823 2474 4894 ﬂagitii
2505 4827 2877 4896 deprehensus
2905 4843 3052 4893 reus,
3104 4829 3194 4883 vix
3250 4829 3463 4884 tandem
3507 4843 3598 4898 per
3635 4818 3822 4876 altricum

565 4923 846 4979 historico
900 4937 1053 4978 more
1104 4920 1328 4992 digessit
1381 4921 1578 4986 latius,
1636 4935 1735 4974 nos
1775 4918 2010 4973 strictius
2033 4933 2182 4973 eum-
2286 4920 3253 4993 potuitdireptupatrimonioegenus
3276 4935 3328 4979 et
3351 4909 3818 4981 exsttlrestiluisuis-

560 5018 1007 5089 -prehendamus,
1049 5019 1306 5070 virtutum
1341 5015 1460 5084 ejus
1498 5028 1695 5085 genera
1742 5013 1887 5068 Velut.
1945 5014 2176 5084 quodam
2358 5012 2518 5088 592
2543 5015 2594 5068 i.
2626 5013 2822 5070 lterum
2845 5017 2895 5070 in
2919 5016 3003 5072 bis
3023 5018 3335 5072 verSabalur
3352 5019 3543 5075 ofﬁciis
3566 5033 3582 5083 ;
3605 4997 3818 5070 ειδὶηυίδ

592 5111 865 5170 breviat-io
891 5112 1230 5174 eolli,:entes.
2284 5105 2527 5161 alitm-nti
2560 5108 2717 5174 foret,
2746 5112 3089 5182 peregrinum
3122 5128 3244 5168 cum
3271 5129 3378 5184 quo
3407 5115 3578 5169 cibum
3607 5102 3813 5164 summi.

656 5207 711 5261 2.
741 5206 866 5261 Fuit
891 5207 970 5260 vir
992 5207 1192 5276 justus,
1226 5204 1562 5269 misericors,
1600 5201 1902 5272 bOSpitalis,
1932 5214 1951 5239 π
1985 5211 2038 5258 et
2071 5200 2175 5257 boc
2209 5195 2252 5255 Β
2281 5203 2813 5276 qnmrebatJtaque‘
2846 5223 2967 5262 cum
3001 5207 3226 5264 lessusa
3252 5210 3540 5279 sepultura:
3561 5195 3817 5262 revertisset

587 3843 844 3916 Pr0ponit
861 3858 914 3898 se
931 3843 996 3896 de
1021 3839 1196 3896 Tobiae
1224 3838 1492 3892 virtutibus
1514 3853 1638 3907 quas
1659 3835 1899 3889 historice
1915 3832 2190 3903 Scriptura

656 3946 1039 4004 commemorat,
1071 3935 1267 3990 brevius
1293 3933 1552 3988 dicturum
1576 3941 1660 3986 :et
1717 3931 1881 3998 primo
1908 3930 1994 3997 qui
2021 3931 2186 4001 capti-

574 4011 582 4020 .
653 4034 881 4098 nitatem,
901 4041 944 4085 et
975 4031 1024 4084 in
1067 4032 1179 4102 ipsa
1203 4030 1264 4083 ob
1285 4027 1560 4083 exltibitam
1582 4026 1920 4098 sepulturam,
1944 4024 2184 4078 exsilium

658 4132 849 4186 tulerit.
868 4141 1062 4185 narrat.
1086 4126 1281 4180 Deinde
1301 4125 1556 4194 quomodo
1581 4139 1812 4176 reversus
1833 4121 1894 4174 ab
1909 4121 2084 4175 eodem
2104 4122 2185 4191 of-

660 4225 777 4294 ﬁcio
801 4239 898 4275 non
928 4221 1172 4275 destiterit
1194 4236 1212 4274 :
1231 4218 1317 4272 ubi
1348 4226 1394 4272 et
1417 4217 1511 4270 hoc
1532 4227 1762 4270 mortuos
1774 4215 2052 4286 sepeliendi
2069 4230 2184 4268 mu-

663 4335 758 4371 nus
781 4315 1110 4387 pt'tedicatur.

655 5381 680 5408 α
710 5371 954 5439 Scriptus
973 5369 1109 5422 forte
1136 5369 1265 5422 circ.
1301 5383 1386 5421 an.
1412 5367 1538 5423 5'77.
1607 5437 1636 5439 μ
1889 5434 1902 5439 Α
1982 5437 1992 5439 4
2100 5437 2136 5439 η
2290 5378 2468 5421 autem
2493 5368 2632 5422 idem
2653 5367 2888 5434 estquod
2907 5370 3150 5438 sequenti
3172 5385 3334 5426 versu
3350 5367 3657 5426 interdictum
3674 5353 3810 5409 τοωίν

652 5442 680 5480 b
704 5434 1027 5505 Masg'fobis.
1050 5440 1181 5492 Vide
1196 5446 1374 5494 notam
1394 5441 1456 5490 ad
1477 5439 1572 5492 I.vr
1605 5434 2180 5510 ilexaem.,'c.4,n.l7.
2288 5453 2481 5493 nemno
2511 5440 2844 5510 promulgata
2877 5434 3020 5510 regis
3044 5442 3355 5509 prohibitio.

657 5526 680 5553 c
710 5502 852 5569 Edit,
887 5528 1075 5566 omnes
1103 5529 1224 5584 cum
1257 5511 1395 5564 Vict.
1426 5512 1573 5584 and,
1599 5508 1750 5584 ob
1769 5508 1976 5584 virtutes
2000 5511 2182 5584 quibus
2359 5520 2381 5546 ε
2411 5502 2612 5567 Omnes
2633 5502 2789 5572 θὼῖ..
2809 5529 2870 5566 ne
2892 5502 3056 5584 quem.
3073 5531 3136 5570 ex
3165 5515 3286 5582 [iliis
3312 5502 3805 5584 captivitatistomlif‘f

583 5588 830 5656 prtrditus
861 5589 1042 5652 fuerat.
1078 5583 1252 5656 subiit,
1295 5575 1603 5656 etc.leex
1634 5581 1868 5656 Tutiam.
1897 5577 1963 5632 Et
1993 5578 2053 5631 ob
2079 5583 2184 5656 nir-
2284 5596 2440 5656 mss,
2475 5600 2536 5656 ne
2587 5589 2724 5650 quis,
2753 5597 2858 5638 etc.
2887 5583 3040 5641 Unde
3069 5575 3339 5653 intelligas
3363 5575 3506 5656 regio
3541 5579 3693 5637 edicto
3723 5575 3804 5621 ιιοη

585 5651 746 5711 tutum
770 5674 982 5721 quorum
1009 5655 1279 5716 prtrditus,
1309 5655 1484 5719 subiit,
1511 5665 1639 5717 ctc.,
1675 5655 1932 5706 mendose
1955 5667 1974 5715 ;
1997 5663 2046 5703 at
2078 5651 2178 5706 ltuc
2282 5655 2456 5727 Solum
2491 5654 2711 5709 Tobiam
2745 5674 2864 5709 esse
2896 5674 3097 5727 cmnprt
3121 5651 3368 5712 hensum.

585 5709 1483 5798 VlliIIIll'emeudtlllll‘t"i‘immsg"
1732 5797 1735 5798 ν
1845 5797 1849 5798 '
2075 5795 2101 5798 ⁸
2160 5795 2172 5798 ’

2358 5723 2374 5762 ι
2409 5726 2633 5780 meum
2660 5741 2767 5780 vel.
2800 5743 2864 5782 ac
2908 5709 3036 5783 ιιιςέ
3062 5709 3486 5798 ἠιιῖιιᾶιιέέλῖίῖ
3515 5733 3668 5798 εδΨθω
3701 5709 3797 5798 dig’

659 5779 686 5838 ἀ
716 5799 958 5852 Latinim
990 5779 1270 5869 legendmit
1301 5779 1538 5870 cutijicit.
1579 5797 1759 5870 Metuit
1791 5797 2036 5870 edictu_m.
2069 5795 2175 5851 Sed
2277 5813 2392 5851 cum
2420 5817 2451 5850 a
2473 5779 3528 5870 sepultura
3551 5779 3796 5853 Rom-edi"

587 5882 644 5928 et
667 5885 802 5928 mss.
836 5877 891 5923 et
913 5867 1058 5924 edit.
1076 5879 1132 5926 et
1155 5883 1349 5925 sensus
1401 5869 1519 5936 ipse
1546 5868 1902 5937 refragantur.
1934 5867 2176 5924 Edictum
2424 5871 2706 5926 reuertisset
2746 5867 2852 5926 una
2884 5871 2988 5927 die.
