4066 6360
69 5815 124 5835 κ

125 415 264 473 765

1411 415 1496 471 DE
1541 413 1738 470 TOBIA
1779 413 1979 471 LIBER
2023 416 2218 472 UNUS.

3361 415 3462 471 7:“6

221 537 464 609 accepit,
506 538 675 591 statim
716 536 1020 590 nebulonum
1065 513 1264 589 turbam
1312 535 1379 587 ad
1431 551 1484 589 se
1532 532 1768 600 attrahit;
1795 533 1848 592 A
1875 531 2225 601 degustamus
2270 533 2488 604 epulas,
2526 533 2621 587 sed
2671 531 2933 588 cavendas
2972 531 3094 586 aliis
3124 531 3468 586 demonstre-

219 628 329 682 ubi
355 639 403 682 et
457 629 519 684 de
547 630 764 683 sortibus
803 629 1064 694 utriusque
1089 625 1414 682 Testamenti.
1446 624 1759 706 Consumpta

222 739 337 791 per
376 722 814 794 intemperantiam
861 721 955 775 illa
983 721 1221 791 pecunia,
1253 736 1494 773 miserunt
1542 719 1610 770 ad
1640 735 1760 771 ren-

220 815 462 868 dendam
487 815 849 886 supellectilem
880 817 1136 883 fenerator
1174 813 1354 882 adigit,
1385 821 1474 866 aut
1522 811 1759 865 inducias

221 909 494 969 concedit,
520 907 607 960 sed
635 904 827 959 bellicis
855 906 977 975 ipsis
995 905 1279 958 tristiores:
1303 905 1528 976 sequitur
1557 904 1760 958 demum

221 1002 394 1054 nimis
426 1016 538 1054 sera
560 999 786 1053 stultitia:
803 997 1115 1068 pwnitentia.

230 1095 332 1150 t6.
369 1095 479 1148 Non
506 1093 651 1153 novit
685 1091 908 1162 pecunia
941 1091 1388 1146 feneratorisuno
1411 1091 1610 1145 diutius
1638 1090 1759 1144 loco

129 1174 334 1248 Stare.
379 1189 534 1243 solita
563 1197 792 1242 trans;re
825 1202 920 1255 per
950 1168 1230 1255 plurimus.
1259 1185 1377 1240 Uno
1424 1186 1594 1239 teneri
1642 1199 1762 1239 sac-

129 1286 281 1336 culo
316 1283 507 1345 nescit,
560 1279 762 1333 versari
794 1294 856 1333 ac
888 1279 1157 1332 numerari
1195 1281 1398 1348 expetit
1427 1295 1439 1331 :
1475 1293 1625 1329 usum
1677 1294 1761 1330 re-

127 1372 262 1442 qui!
287 1375 351 1437 it,
387 1383 438 1426 ut
491 1388 520 1424 a
558 1375 733 1442 quirat
764 1387 1004 1424 usuram.
1035 1369 1254 1424 Fluctus
1295 1370 1511 1439 quidam
1539 1380 1621 1423 est
1649 1387 1763 1422 tua-

126 1457 248 1531 τις,
290 1482 399 1518 non
422 1464 646 1518 fructm.
668 1463 898 1518 Peeunia
928 1479 1127 1533 numqu
1149 1479 1217 1515 tm
1241 1463 1486 1532 quiescit.
1515 1462 1756 1528 Labitur,

126 1557 310 1610 velut
345 1558 567 1628 scopulo
600 1556 760 1629 596
781 1558 938 1618 illisa,
965 1555 1034 1608 ita
1053 1558 1319 1624 gremium
1347 1555 1610 1610 debitoris
1641 1569 1762 1624 per—

125 1648 316 1713 Ctttit,
363 1662 416 1703 et
468 1665 725 1704 ουιιιιιιιιυ
757 1648 1015 1703 relabitur
1045 1665 1111 1702 eo
1143 1649 1282 1701 unde
1308 1651 1592 1718 proces~it.
1625 1648 1759 1701 Cum

129 1759 444 1796 murmure
477 1745 641 1805 venit,
671 1757 794 1795 cum
835 1743 1037 1810 gemitu
1086 1741 1392 1794 revertitur.
1429 1739 1762 1811 Frequenter

126 1843 341 1891 tamen
398 1833 664 1903 placidum
706 1843 812 1887 stat
864 1835 1036 1888 ventis
1071 1849 1238 1892 mare.
1292 1849 1507 1902 semper
1559 1835 1761 1888 ft'llOl'lS

1864 639 2003 676 mus.
2027 623 2298 679 Oneratur
2331 641 2514 680 mensa
2549 625 2852 696 peregrinis
2875 632 2930 680 et
2961 623 3240 694 exquisitis
3275 624 3410 678 cibis
3445 641 3460 680 :

1861 717 2188 772 adhibentur
2231 720 2466 774 nitentes
2498 721 2754 783 ministri,
2793 736 2988 791 magno
3034 720 3200 789 empti
3263 718 3460 788 pretio,

1861 825 2076 884 sumptu
2108 816 2566 884 pascendimajori
2595 836 2606 870 :
2641 815 2838 871 bibitur
2867 818 2918 870 in
2940 815 3306 878 no«.-tem,dies
3334 829 3464 868 cpu—

1865 908 2004 963 vivio
2033 909 2320 973 clauditur,
2353 911 2602 965 ebrietati
2645 911 2850 967 delieit.
2884 911 3068 981 Surgit
3094 909 3185 965 ille
3216 909 3321 963 viui
3352 907 3463 977 ple-

1863 1019 1985 1062 nus.
2015 1019 2214 1057 vacuus
2256 1020 2442 1074 opum,
2493 1005 2695 1058 dormit
2724 1007 2775 1059 in
2809 1008 3002 1070 lucem,
3038 1005 3266 1074 vigilans
3316 1017 3462 1056 som-

1863 1096 2010 1150 nium
2035 1103 2208 1166 putat.
2241 1093 2450 1149 Etenim
2478 1105 2534 1148 ut
2560 1097 2609 1148 in
2643 1099 2870 1149 somniis
2912 1096 3011 1149 sibi
3049 1096 3147 1148 vitb
3170 1104 3256 1149 tur
3282 1093 3461 1146 subito

1862 1187 2014 1241 divos
2046 1203 2110 1241 ex
2161 1203 2415 1254 paupere,
2448 1186 2522 1240 sic.
2555 1188 2716 1242 etiam
2755 1203 2960 1255 egenus
2992 1204 3056 1242 ex
3102 1188 3287 1242 divite.
3327 1187 3458 1240 Dutn

1862 1281 2050 1336 deﬂuit
2092 1283 2304 1336 interim
2357 1282 2613 1351 pecunia,
2668 1297 2827 1335 u~ura
2886 1281 3165 1351 superﬂuit
3199 1299 3210 1335 :
3247 1291 3460 1350 tempus

1864 1380 2145 1444 mutuitur,
2175 1376 2327 1430 fenus
2366 1386 2592 1442 attat-itur
2619 1393 2631 1430 :
2664 1379 2945 1431 thesaurus
2988 1378 3315 1440 cxinanitur,
3341 1391 3463 1433 sors

1863 1474 2260 1525 accumulatur:
2293 1471 2546 1539 paulatim
2570 1470 2812 1526 Conviva:
2838 1486 2896 1525 se
2927 1471 3276 1535 subtrahunt,
3301 1486 3466 1541 spon—

1864 1579 2016 1620 SUI't'S
2041 1567 2372 1621 conveniunt
2405 1581 2601 1620 :niaue
2645 1565 2917 1619 fenerator
2941 1564 3196 1634 pul~atad
3247 1567 3457 1629 ianuas,

1864 1660 2107 1727 queritur
2127 1657 2241 1712 dies
2267 1658 2524 1712 Solutioni
2557 1658 2836 1712 trausiissc
2872 1656 3240 1726 pta-scriptos,
3264 1653 3290 1691 δ
3324 1654 3468 1723 inju-

1865 1751 1960 1804 riis
1992 1752 2299 1820 vigilantem
2351 1750 2618 1814 adoritur,
2663 1752 2712 1803 in
2748 1752 2954 1804 somnis
2983 1749 3342 1804 dormientem
3371 1762 3468 1800 ex-

1864 1845 2013 1896 citat.
2052 1842 2166 1895 Non
2202 1851 2385 1896 noctes
2419 1844 2635 1910 quietae.
2673 1859 2775 1896 non
2825 1843 2943 1896 dies
2991 1843 3172 1895 suavis
3222 1849 3327 1902 est,
3359 1855 3465 1894 non

131 1929 297 1981 unda
327 1928 584 1996 jaCtatur.
616 1927 803 1996 Mergit
833 1929 1140 1996 naufragus,
1170 1928 1384 1999 exspuit
1418 1929 1610 1992 nudos,
1644 1944 1763 1982 VCs-
1793 1945 1837 2004 Β
1867 1934 1946 1987 sol
1995 1933 2286 2000 jucundius.
2351 1935 2713 1988 Detrabuntur
2769 1935 3022 2002 paulatim
3073 1934 3354 2000 deant-sitm
3402 1946 3466 1986 ac

129 2019 280 2074 titos
313 2020 490 2083 t'XIlit,
511 2018 808 2088 insepultus
836 2021 1106 2086 relinquit.
1135 2017 1421 2072 Nummum
1451 2036 1578 2088 ergo
1605 2021 1761 2087 petis,

135 2125 193 2169 et
234 2112 588 2182 naufragium
615 2112 863 2182 suscipis.
909 2112 1039 2166 llinc
1070 2110 1372 2185 Charybdis
1415 2124 1764 2169 c:rcumstrc-

139 2211 254 2278 pit,
284 2207 416 2260 hinc
445 2206 652 2259 Sirena:
697 2221 814 2276 qua:
862 2206 1149 2274 voluptatis
1181 2206 1362 2275 specie
1388 2249 1402 2268 ,
1446 2219 1500 2261 et
1545 2223 1762 2261 canui-re

140 2303 466 2358 dulcedinis
495 2300 758 2356 suavitate
791 2305 840 2355 in
871 2303 1001 2356 vada
1033 2302 1292 2356 deductos
1318 2319 1482 2363 ca-ca,
1511 2312 1765 2370 repeten-

135 2396 230 2449 da:
268 2396 566 2452 domus.ut
593 2394 771 2448 ferunt
805 2393 1028 2460 fabulae,
1064 2410 1161 2466 spe
1200 2402 1255 2449 et
1281 2397 1577 2466 cupiditate
1617 2395 1764 2449 frau-

136 2487 362 2541 dabant
389 2487 632 2555 (Homer.
669 2488 858 2559 Odyss.
887 2488 1006 2560 M.).

217 2578 317 2634 Π.
365 2583 558 2633 Statim
614 2580 920 2634 venditores
951 2589 976 2615 ιι
1010 2583 1266 2651 unguenti
1315 2593 1368 2634 et
1421 2582 1761 2639 diversarum

133 2679 468 2745 specierum
503 2686 730 2737 trruunt,
759 2675 1146 2744 velutquidaut
1179 2692 1340 2729 canes
1362 2679 1537 2748 sagaci
1567 2680 1761 2746 pra-da:

134 2770 408 2839 vagantis
460 2770 626 2821 odore
680 2768 999 2838 perstricti,
1050 2777 1378 2830 venatores.
1439 2772 1758 2838 piscatores,

135 2875 418 2932 aucupes,
453 2875 727 2928 caupones
762 2874 976 2928 quoque
1026 2863 1314 2936 miscentes
1347 2877 1494 2914 mero
1539 2877 1759 2930 aquarii,

138 2971 245 3024 qui
274 2951 621 3005 nobilitatem
661 2953 854 3006 vetusti
883 2949 1097 3022 generis
1128 2963 1179 3006 et
1199 2954 1418 3022 ,patrite,
1441 2963 1495 3008 et
1521 2955 1760 3007 natalem

139 3051 303 3105 diem
342 3049 451 3102 viui
500 3047 1379 3102 circumsonent:'eircumstantes
1421 3059 1644 3117 repente
1671 3064 1762 3118 pa-

139 3142 312 3197 rasiti
339 3158 497 3212 quem
543 3151 668 3195 ante
715 3142 964 3195 solebant
988 3156 1268 3209 Sperat-re,
1298 3141 1556 3204 salutant,
1586 3140 1760 3194 dedu-

142 3243 324 3300 cunt,
377 3233 442 3288 ad
469 3233 707 3287 lanitium
737 3241 1072 3304 promi-aut,
1125 3235 1190 3286 ad
1225 3243 1495 3302 sumptum
1537 3232 1762 3286 incitant

1868 2030 2056 2082 sericae
2115 2037 2312 2094 vestes,
2349 2036 2402 2082 et
2448 2037 2693 2082 va-neunt
2743 2027 2963 2081 dimidio
3010 2026 3249 2081 mium-is.
3311 2025 3468 2078 l’oott

1867 2137 1986 2175 cum
2036 2123 2286 2193 lat-tymis
2315 2137 2630 2176 ornamenta
2661 2122 2818 2194 597
2850 2121 3045 2190 conjux
3077 2122 3187 2190 jam
3233 2119 3461 2186 tristior,

1867 2221 2048 2282 empta
2097 2216 2332 2274 cltaritts,
2378 2214 2651 2268 vendenda
2701 2215 2879 2267 ιὶηιιδ.
2929 2213 2984 2268 ltt
3017 2217 3265 2266 auctione
3313 2210 3467 2281 put-ri

1866 2304 2269 2358 Constituuntur
2322 2321 2522 2358 mensa:
2581 2307 2852 2367 ministri,
2906 2316 2928 2343 ε
2974 2317 3027 2358 et
3074 2305 3214 2359 male
3264 2304 3467 2358 assueti

1867 2412 2166 2467 emptorem
2190 2407 2459 2452 avertunt.
2485 2398 2723 2452 Ull'ertur
2744 2401 2968 2467 pecunia
3013 2398 3267 2453 creditori
3298 2416 3312 2452 ;
3342 2397 3461 2464 Vix,

1867 2489 2057 2558 inquit,
2096 2492 2206 2543 haec
2231 2490 2390 2543 solvit
2423 2506 2665 2557 usuram,
2699 2501 2858 2559 caput
2889 2491 3073 2546 debes.

1939 2582 2033 2638 ‘20.
2076 2582 2235 2636 Redit
2285 2582 2548 2637 exhausto
2597 2585 2920 2653 patrimottio
2967 2582 3161 2650 capitis
3195 2600 3350 2649 reus;
3410 2589 3466 2640 et

1868 2673 2154 2729 illitisittttln
2190 2676 2400 2739 leuiore,
2434 2679 2624 2744 accipit
2658 2677 2902 2732 inducias
2932 2678 3200 2734 tristiores
3226 2679 3458 2746 bellicis,

1867 2768 2018 2837 quasi
2049 2780 2168 2835 post
2197 2768 2413 2822 biduum
2439 2770 2802 2840 prwliaturus.
2833 2771 2888 2825 lu
2922 2772 3063 2825 bello
3084 2773 3225 2824 enim
3253 2775 3452 2824 incerta

1868 2861 2089 2913 victoria
2113 2901 2128 2926 ,
2175 2862 2259 2914 bic
2301 2875 2445 2914 certa
2476 2862 2656 2931 inopia
2690 2881 2702 2914 :
2735 2864 2845 2916 illic
2876 2879 2936 2917 se
2964 2864 3154 2934 clypeo
3181 2863 3342 2932 tegit,
3378 2861 3467 2917 hic

1868 2954 2045 3005 nudus
2075 2953 2344 3005 oceurrit:
2378 2954 2486 3006 illic
2521 2954 2638 3006 lorit
2661 2969 2687 3006 a
2721 2967 2910 3022 peetus
2939 2953 3164 3006 includit
3217 2953 3302 3006 lnc
3328 2965 3470 3008 totus

1867 3059 2084 3097 eaicere
2137 3046 2470 3097 includitur:
2511 3045 2616 3098 illic
2644 3062 2834 3099 manus
2868 3047 2990 3101 telis
3035 3053 3256 3109 onerat,
3291 3053 3467 3101 armat

1868 3137 2108 3202 Sagittis,
2164 3139 2249 3191 hic
2300 3156 2407 3192 :t-re
2453 3156 2646 3192 vacuas
2689 3139 2846 3193 offert
2894 3139 3118 3194 vinculis
3143 3141 3459 3209 albgandas.

1875 3233 1963 3286 lluv
1990 3234 2095 3285 itur
2120 3244 2435 3302 plet-ltitique
2454 3241 2683 3301 uterque
2708 3234 2950 3299 captivus
2977 3251 2988 3285 :
3016 3235 3101 3287 ille
3119 3233 3282 3286 baln-t
3303 3249 3458 3299 quem

138 3330 436 3383 dicentes:
476 3326 674 3386 Venite.
703 3338 748 3380 et
774 3332 1006 3396 fruamur
1028 3325 1171 3380 bonis
1190 3342 1303 3397 qua:
1329 3337 1467 3388 sunt,
1495 3340 1539 3379 et
1562 3337 1766 3382 utamur
1793 3327 1838 3390 C
1870 3336 2087 3382 accusrt
2113 3329 2396 3382 ιιι1ι’ρι-›ιιιιι
2434 3331 2553 3382 belli
2581 3337 2856 3389 eventum,
2890 3327 2976 3381 hic
3003 3341 3197 3398 pra-ter
3220 3344 3276 3383 se
3302 3345 3460 3397 quem

138 3434 396 3474 creatura
425 3431 680 3489 tamquam
705 3427 755 3472 in
777 3423 1046 3492 jureutute
1074 3419 1338 3472 Celeriter:
1383 3419 1498 3472 vino
1539 3422 1760 3488 pretioso

139 3525 190 3568 ct
225 3515 513 3586 unguentis
536 3530 627 3566 nos
658 3514 983 3584 impleamus,
1014 3523 1059 3565 et
1092 3529 1190 3565 non
1218 3521 1484 3583 pra’tereat
1529 3529 1618 3566 nos
1664 3515 1761 3582 ﬂos

143 3610 422 3677 temporis.
469 3603 782 3659 Coronemus
815 3623 906 3660 nos
947 3607 1077 3660 rosis
1115 3618 1387 3676 antequam
1420 3616 1758 3671 marcescunt,

143 3699 358 3754 nullum
390 3710 593 3769 pratum
626 3698 689 3752 sit
720 3702 856 3766 quod
903 3716 1008 3752 non
1054 3710 1371 3766 pertranseat
1405 3697 1612 3751 luxuria
1645 3715 1763 3750 nos-

144 3805 265 3857 tra,
307 3787 494 3858 ubique
540 3792 889 3859 relinquamus
929 3792 1077 3860 signa
1109 3792 1322 3854 ltctititc,
1380 3793 1622 3853 quoniam
1651 3789 1762 3843 lucc

142 3895 218 3939 est
254 3901 399 3950 pars,
432 3890 479 3935 et
509 3881 616 3936 hazc
646 3894 716 3936 cst
749 3900 858 3936 sors
890 3896 1065 3936 nostra
1105 3883 1259 3951 (δίῳ.
1297 3897 1353 3945 ιι,
1389 3881 1421 3935 6
1443 3893 1489 3934 et
1514 3885 1666 3952 seq.).
1697 3882 1761 3936 Et

144 3992 281 4031 vere
316 3989 438 4029 sors
467 3975 644 4029 munis
684 3975 900 4028 illormn
932 3975 1070 4028 facta
1109 3986 1230 4029 est:
1268 3984 1324 4028 tu
1346 3987 1526 4029 autem
1581 3990 1760 4028 rema-

147 4085 251 4125 nes
281 4082 475 4122 exsors
504 4068 790 4122 bonorum.

229 4162 325 4214 18.
370 4158 485 4212 Νοιι
539 4160 672 4213 tales
723 4165 898 4212 Sortes
943 4158 1039 4213 tibi
1086 4157 1364 4228 Scriptura
1417 4159 1760 4213 monstravit.

148 4252 272 4307 Non
305 4255 447 4305 inter
468 4252 604 4305 tales
644 4263 821 4305 sortes
851 4251 1015 4304 David
1062 4263 1279 4306 sanctus
1325 4261 1593 4306 memorat
1634 4251 1762 4305 dor-

149 4346 437 4400 mieuuum
485 4345 698 4398 dicens:
756 4342 818 4398 Si
867 4345 1134 4398 dormiatis
1185 4349 1316 4398 inter
1365 4346 1557 4398 medias
1603 4353 1764 4398 sortes

152 4436 333 4509 (Psal.
369 4451 530 4501 vau,
558 4437 670 4508 14).
698 4434 830 4492 Nam
856 4437 900 4491 si
929 4437 982 4491 in
1007 4438 1186 4492 medio
1209 4439 1421 4492 illarum
1464 4439 1762 4492 dormisses

151 4532 412 4595 sortium,
455 4532 509 4586 id
555 4543 658 4601 est,
694 4535 894 4589 veteris
933 4545 985 4588 et
1017 4536 1138 4589 novi
1170 4534 1521 4600 Testamenti,
1566 4551 1674 4590 non
1709 4545 1761 4590 te

156 4631 407 4695 pet-unite
447 4629 715 4696 cupiditas
757 4628 807 4681 in
859 4629 1170 4699 voraginem
1227 4628 1505 4684 deterrimi
1556 4627 1762 4683 fenoris

1866 3433 2116 3478 accuset.
2162 3437 2268 3475 non
2305 3421 2483 3476 liabet.
2513 3419 2660 3474 Niltil
2693 3434 2766 3475 eSI
2805 3421 3201 3474 intolerabilius
3227 3424 3324 3475 Itac
3357 3422 3460 3473 tui-

1865 3514 2035 3573 seria.
2082 3533 2200 3584 qua:
2226 3517 2473 3569 excusari
2509 3531 2612 3568 non
2648 3525 2841 3584 potest.
2874 3514 3109 3568 Acerbat
3132 3515 3461 3569 conscientia

1867 3611 2076 3677 pondus
2108 3608 2338 3678 injurire.

1933 3702 2025 3757 21.
2069 3702 2218 3758 Tunc
2247 3721 2427 3758 Secum
2455 3715 2686 3774 reputat,
2717 3714 2840 3760 tunc
2865 3705 3177 3776 Seripturas
3211 3708 3462 3760 t'eeortla-

1867 3808 1950 3850 tur
1983 3838 1997 3861 ,
2029 3810 2152 3850 tunc
2196 3799 2325 3852 dicit
2373 3817 2385 3851 :
2441 3799 2630 3854 Nonne
2678 3799 2806 3853 milii
2857 3802 3114 3866 scriptum
3172 3809 3255 3854 est
3289 3817 3300 3828 ’
3339 3795 3464 3853 Bibe

1863 3907 2048 3957 aquam
2099 3891 2160 3942 de
2187 3893 2284 3943 tuis
2312 3893 2475 3954 vasis,
2533 3901 2576 3944 et
2605 3892 2667 3944 de
2695 3904 2902 3945 tuorum
2933 3903 3198 3962 puteorum
3235 3892 3462 3962 faucbus

1866 3980 2052 4053 (Prov.
2085 3998 2150 4046 v,
2358 3982 2496 4049 Quid
2556 3984 2686 4037 tttilti
2732 4001 2852 4036 (.‘llllt
2909 3999 3073 4054 puteo
3120 3983 3464 4049 feneratoris,

1867 4073 1953 4128 ubi
1987 4083 2040 4128 et
2072 4090 2206 4144 aqua
2239 4073 2532 4130 includitur
2556 4075 2740 4144 (Pt'or.
2772 4093 2858 4132 xv.
2891 4078 3002 4144 Π).
3031 4076 3290 4140 Suaviora
3313 4087 3466 4131 erant

1865 4170 2012 4222 olera
2065 4184 2185 4221 cum
2234 4153 2545 4234 securitate,
2609 4167 2632 4205 ἀ
2675 4187 2833 4238 ιμιιιιιι
2868 4173 3060 4225 alienae
3097 4171 3266 4240 epulte
3302 4181 3468 4239 pasta}

1866 4275 1986 4315 cum
2049 4262 2432 4319 sollicitudine.
2491 4264 2605 4319 Non
2671 4269 2916 4334 Oportuit
2972 4266 3146 4320 aliena
3197 4283 3464 4335 quaerere.

1866 4353 2074 4409 Deinde
2104 4354 2405 4410 incideram
2439 4358 2656 4422 debita,
2693 4359 2761 4412 de
2795 4359 2932 4413 meis
2962 4361 3195 4428 Oportuit
3231 4359 3464 4413 fontibus

1865 4447 2168 4502 remedium
2213 4465 2484 4518 quairere.
2539 4451 2708 4505 Erant
2757 4452 2902 4506 dotttt
2946 4467 3077 4508 vasa
3124 4457 3411 4508 utinuttora
3449 4473 3464 4508 :

1865 4543 2058 4596 melius
2086 4551 2202 4596 erat
2247 4543 2609 4598 ministerium
2642 4548 2864 4611 deesse,
2905 4563 3063 4617 quam
3089 4547 3266 4602 cibum
3298 4565 3308 4599 :
3347 4563 3463 4601 me-

1867 4636 1968 4689 lius
2022 4651 2224 4692 Vtstem
2275 4639 2521 4692 venalem
2576 4655 2899 4709 proponere,
2952 4657 3112 4711 quam
3159 4641 3462 4696 libertatem

153 4720 532 4784 demersisset,
560 4724 730 4790 gratia
779 4724 1037 4793 spiritalis
1079 4724 1202 4778 ﬁdei
1259 4725 1354 4778 tibi
1387 4724 1627 4778 dedisset
1675 4741 1763 4776 ar-
1787 4722 1840 4782 D
1865 4733 2139 4787 addicere.
2174 4733 2310 4801 Quid
2358 4733 2558 4802 proluit
2590 4734 2730 4802 quod
2767 4737 3040 4803 publicare
3087 4742 3459 4804 paupertatem

156 4828 404 4888 genlum,
438 4831 489 4873 et
515 4819 565 4872 in
595 4821 832 4890 speciem
861 4823 975 4876 auri
997 4823 1189 4876 divina:
1216 4824 1495 4889 sapientia:
1537 4823 1756 4877 institu-

157 4915 303 4966 tione
351 4911 658 4967 formasset.
709 4915 919 4969 Etenim
952 4917 996 4969 si
1026 4931 1124 4969 nos
1170 4933 1334 4970 unum
1386 4918 1754 4971 tesumouimn

158 5003 353 5059 divina:
411 5005 707 5075 Scripturac
763 5008 1074 5075 posuimus,
1126 5019 1181 5063 et
1235 5010 1567 5064 luxuriosum
1627 5010 1755 5064 illud

158 5097 460 5152 COnvivittnt
486 5101 894 5168 declinavimus,
923 5107 1104 5174 utique
1130 5106 1303 5173 potuit
1329 5114 1382 5158 et
1410 5087 1507 5158 iste
1535 5104 1754 5170 salv’ari,

161 5189 204 5243 si
235 5194 466 5247 oraculis
495 5194 808 5248 etelestibus
836 5196 1162 5251 iulttc~isset.
1688 5197 1690 5199 ’

235 5287 322 5341 l9.
356 5287 712 5342 Revertantur
741 5301 918 5343 tamen
947 5289 1012 5344 ad
1044 5289 1374 5357 convivium,
1408 5307 1512 5346 non
1547 5301 1602 5345 ιιι
1641 5291 1758 5362 ejus

237 5457 262 5485 ἰ
288 5448 388 5502 Per
425 5458 766 5517 unguentum,
804 5449 1045 5518 intelligo
1086 5451 1267 5505 oleum
1283 5452 1538 5506 aromatis
1574 5452 1766 5506 condi-

167 5526 299 5584 tum;
333 5528 388 5573 et
409 5536 502 5589 per
528 5521 741 5590 species,
766 5521 961 5572 odores
988 5531 1148 5590 atque
1180 5532 1444 5587 aromata,
1478 5523 1673 5589 quibus
1696 5524 1763 5579 ad

169 5590 390 5644 delicias
423 5592 717 5644 abutuntur
748 5591 1072 5660 voluptuosi.

239 5683 266 5721 δ
310 5686 434 5758 lira.
479 5695 534 5740 et
578 5685 712 5740 edit.
738 5700 875 5753 seq.,
921 5687 1114 5758 jurgiis
1165 5689 1459 5756 vigilantem
1501 5690 1756 5744 adoritur.

175 5751 392 5812 Amerb.
424 5772 544 5812 cum
581 5771 736 5822 mss.,
762 5751 989 5829 injuriis,
1016 5751 1120 5816 etc.

249 5881 270 5908 ο
315 5871 456 5926 litate
484 5875 692 5934 assueti.
737 5874 838 5928 hoc
882 5886 998 5951 est,
1049 5879 1378 5951 nonedocti
1411 5895 1437 5933 a
1472 5897 1756 5951 mangone,

181 5956 282 6016 quo
327 5957 485 6016 pacto
533 5953 830 6016 emptorem
857 5946 1076 6004 allicere
1102 5949 1336 6008 debeant
1362 5971 1374 6007 :
1406 5954 1492 6011 vel
1522 5946 1654 6018 male
1677 5946 1763 6011 asi-

1866 4843 2040 4881 meam
2068 4827 2464 4882 Verecundatus
2486 4827 2643 4880 sum?
2677 4827 2813 4881 Ecce
2844 4828 2976 4881 alius
3010 4827 3321 4896 publicavit.
3352 4825 3462 4895 Ego

1865 4923 2010 4978 uolui
2044 4932 2066 4959 ο
2097 4924 2388 4977 nutritores
2416 4923 2672 4987 vendere,
2704 4937 2829 4976 ecce
2858 4923 2994 4976 alius
3022 4922 3219 4990 adjodit
3239 4931 3314 4973 at.

1934 5014 2023 5069 22.
2067 5014 2199 5070 Sera
2248 5017 2359 5067 “(PC
2397 5017 2780 5070 consideratio.
2813 5014 2962 5067 Tune
2995 5013 3173 5067 decuit
3201 5011 3461 5082 metuisse

1863 5110 2005 5174 tuis,
2065 5124 2185 5162 cum
2244 5109 2517 5178 acciperes
2563 5108 2736 5162 aliena
2773 5127 2785 5161 :
2819 5119 2946 5162 tunc
3002 5109 3183 5161 decuit
3233 5121 3456 5159 succur-

1865 5219 2006 5266 rere,
2054 5218 2174 5258 cum
2209 5203 2431 5256 vulnera
2465 5205 2635 5272 prima
2686 5212 3085 5272 proserperettt.
3117 5201 3308 5255 Melius
3333 5200 3451 5251 lue-

1868 5307 1946 5350 rat
1994 5296 2046 5350 itt
2103 5297 2366 5367 principio
2419 5307 2643 5352 tenuare
2686 5307 2998 5365 sumptum,
3057 5305 3110 5347 et
3162 5295 3457 5348 necessita-

1870 5456 2022 5517 sueti,
2048 5453 2153 5511 hoc
2183 5464 2264 5511 est
2286 5455 2498 5512 deliciis
2519 5498 2533 5520 ,
2583 5471 2690 5509 non
2715 5464 2892 5509 autem
2923 5453 3232 5509 utilioribus
3255 5453 3464 5510 artibus

1872 5542 2099 5580 aSSllell.

1943 5595 1968 5633 ἀ
2014 5599 2083 5651 Ita
2109 5598 2242 5653 edit.
2277 5600 2426 5663 Am.,
2479 5598 2603 5652 Era.
2661 5605 2715 5650 et
2739 5596 2904 5650 Rom.
2955 5614 3072 5648 cum
3123 5596 3296 5650 tribus
3327 5612 3462 5652 mss.

1869 5665 1993 5722 Gill.
2026 5685 2147 5723 cunt
2175 5673 2295 5724 aliis
2341 5669 2599 5730 totidem,
2631 5685 2784 5735 quem
2811 5668 2979 5720 alieno
3006 5683 3104 5720 trre
3130 5668 3317 5734 epultr,
3353 5677 3458 5722 etc.

1869 5739 2078 5794 Tbuan.
2111 5743 2280 5809 solus,
2312 5758 2463 5811 quant
2488 5739 2652 5792 alieno
2683 5740 2866 5811 epultc,
2904 5749 3006 5793 etc.
3034 5737 3133 5794 Ubi
3167 5740 3302 5793 forte
3332 5743 3462 5794 sub-

1869 5811 2272 5870 intelligendum
2300 5813 2578 5868 domicilio.
2605 5813 2684 5863 vel
2711 5812 2956 5863 convivio.

1897 5894 1964 6013 de
2009 5885 2303 5967 Nati-iteres
2335 5885 2500 5952 servi,
2534 5885 2687 5955 queis
2714 5882 3459 5940 liberorumcommittebatur

1937 5969 2133 6013 ucatto.

1866 5969 2133 6015 CGUCaUO.
