4066 6360
557 5873 582 5892 ο

697 347 807 406 767

2053 331 2298 390 SANCTI
2337 331 2664 390 AMBROSII
3837 337 3900 396 763

697 469 808 518 tem
828 458 996 516 debiti
1024 457 1100 512 rei
1135 454 1414 514 familiaris
1439 453 1704 526 angustiis
1729 451 1968 506 allevare
1997 491 2011 516 ,
2045 465 2206 518 quam
2235 459 2294 503 ut
2321 454 2368 514 Α
2399 449 2456 506 Si
2487 466 2593 504 non
2627 449 2817 516 habes,
2847 463 2947 506 cur
2977 449 3174 504 malum
3205 447 3364 503 malo
3389 445 3630 518 adiungis
3651 486 3665 510 .
3697 455 3742 503 et
3761 447 3814 505 de
3831 454 3902 508 rul-

703 553 768 609 ad
797 553 986 610 horam
1015 550 1218 608 ditatus
1265 547 1460 604 alienis
1485 588 1502 614 ,
1545 555 1729 619 postea
1777 544 2057 602 exuereris
2087 553 2142 600 ct
2173 559 2300 616 pro-

703 645 864 720 priis.

1292 733 1522 794 CAPUT
1573 733 1661 790 Vl.

777 895 986 965 Quanta
1009 893 1291 948 moliantur
1317 895 1658 964 feneratores:
1683 901 1741 946 ut
1765 892 2002 946 incautos
2022 891 2224 946 adoles-

1213 997 1382 1042 centes
1416 985 1798 1058 deprtedentur.

767 1104 858 1160 25.
901 1103 1238 1158 Accusamus
1279 1098 1582 1154 debitorem
1625 1096 1768 1168 quod
1817 1096 2209 1167 imprudentius
2237 1111 2296 1153 se

710 1196 944 1270 gesserit
986 1214 998 1249 :
1036 1195 1132 1248 sed
1185 1200 1364 1248 tamen
1411 1191 1543 1246 nihil
1595 1191 1824 1259 nequius
1873 1189 2292 1256 feneratoribus,

702 1291 796 1363 qui
826 1289 1001 1345 aliena
1045 1287 1242 1342 damna
1287 1286 1434 1340 lucra
1477 1299 1571 1339 sua
1597 1285 1959 1350 arbitrantur;
1991 1294 2042 1338 et
2073 1283 2297 1354 dispen-

695 1385 789 1441 dio
816 1398 914 1438 suo
938 1383 1202 1454 deputant
1227 1378 1488 1451 quidquid
1511 1379 1577 1434 ab
1605 1377 1726 1432 aliis
1757 1377 2086 1444 possidetur.
2118 1381 2296 1431 Ancu-

696 1491 898 1553 pantnr
929 1477 1175 1532 hmredcs
1195 1491 1386 1538 novos,
1418 1473 1852 1528 adolescentulos
1879 1471 2073 1525 divites
2103 1471 2294 1540 explo-

697 1583 824 1632 rant
852 1589 950 1643 per
979 1585 1132 1634 suos,
1164 1569 1466 1640 atljungunt
1492 1583 1572 1634 se,
1603 1567 1918 1621 simulantes
1939 1577 2214 1635 paternam
2242 1573 2298 1620 et

699 1669 901 1726 avitam
927 1665 1243 1728 amicitiam,
1290 1665 1478 1718 volunt
1499 1663 1826 1717 domesticas
1845 1675 2032 1715 eorum
2063 1673 2294 1730 cognos-

693 1777 825 1818 cere
853 1761 1226 1816 necessitates.
1259 1758 1498 1828 Siquam
1527 1771 1744 1811 causam
1777 1755 2105 1818 invenerint,
2139 1771 2297 1810 accu-

2401 561 2530 601 nere
2579 545 2877 600 remedimn
2925 544 3174 616 quaeris?
3229 542 3346 598 Cur
3393 541 3632 610 quotidie
3663 541 3902 600 Obsitliouem

2400 641 2603 710 pateris
2663 639 3024 704 feneratoris,
3078 635 3552 706 expugnationem
3589 635 3758 688 times?
3801 637 3904 694 Velia

2398 735 2665 790 sententia
2701 745 2782 788 est
2813 749 2828 789 :
2864 731 3194 788 Feneratoris
3233 743 3286 785 et
3313 729 3564 784 dibitoris
3591 729 3676 782 sibi
3719 747 3906 786 occurres.

2399 829 2547 888 tium,
2573 843 2898 898 prospectum
2919 829 3128 881 ontboru
3139 845 3185 878 m
3217 827 3351 896 facit
3375 823 3628 878 Dominus
3647 823 3904 896 (Pronum

2401 922 2514 990 15).
2548 921 2699 977 Alter
2721 921 2874 992 quasi
2922 921 3072 974 canis
3123 919 3372 990 pra-dam
3400 917 3650 988 requirit,
3685 917 3798 971 alter
3817 925 3904 984 quasi

2397 1013 2510 1070 fera
2541 1015 2848 1084 przedonein
2875 1015 3114 1068 declinat
3143 1031 3157 1068 :
3195 1015 3290 1068 ille
3325 1012 3484 1082 quasi
3517 1011 3599 1064 leo
3627 1009 3790 1080 quum-it
3811 1027 3906 1081 quem

2397 1105 2643 1172 devoret,
2695 1108 2798 1162 istc
2845 1105 2996 1176 quasi
3035 1107 3134 1160 bos
3161 1105 3502 1175 juvenenlus
3551 1103 3908 1172 praidunisinipe.

2401 1209 2507 1254 tum
2539 1201 2900 1254 reformidat:
2935 1201 3024 1254 ille
3068 1199 3220 1266 quasi
3273 1199 3546 1262 accipiter
3589 1197 3818 1265 unguibus
3843 1199 3906 1252 ala
3946 1263 3947 1270 γ

2397 1309 2511 1348 rem
2542 1295 2736 1363 qua-rit
2760 1293 3034 1358 invadere,
3063 1293 3162 1348 iste
3189 1293 3351 1362 quasi
3389 1306 3555 1344 anser
3578 1299 3664 1343 aut
3687 1290 3828 1354 fulica,
3845 1309 3907 1344 ne.

2399 1387 2510 1441 vult
2545 1403 2604 1442 se
2639 1388 2722 1442 vel
2751 1387 2800 1442 in
2833 1398 3103 1458 pt‘tet'ttpla
3127 1387 3402 1455 dejicere,
3429 1386 3518 1440 vel
3547 1385 3598 1436 in
3628 1383 3906 1452 profumlade-

2398 1499 2650 1552 mergere
2679 1524 2694 1550 ,
2749 1500 2906 1554 quam
2945 1485 3106 1537 istum
3142 1481 3371 1536 humani
3407 1479 3654 1548 corporis
3689 1478 3902 1544 accipitres

2397 1575 2844 1642 sustinere.Qnid
2875 1577 3116 1646 quotidie
3141 1575 3328 1645 fugis?
3363 1573 3434 1627 Et
3451 1574 3496 1627 si
3531 1587 3636 1626 non
3659 1573 3902 1626 occurrite-

2399 1677 2638 1728 neralor.
2665 1670 2904 1724 occurrit
2939 1669 3030 1722 tibi
3059 1669 3238 1736 inopia
3277 1675 3565 1736 tamquam
3599 1665 3754 1718 bonus
3775 1681 3897 1718 cuna.

2399 1763 2600 1818 Ambos
2643 1779 2774 1834 ergo
2803 1763 2944 1818 videt
2981 1763 3242 1818 Dominus
3267 1805 3280 1826 ,
3313 1761 3679 1816 feneratorem
3703 1800 3716 1824 ,
3751 1771 3792 1814 et
3818 1761 3894 1812 deii-

701 1868 826 1912 sant
855 1852 1256 1916 verecundiam,
1289 1851 1548 1922 pudorem
1579 1857 1831 1914 arguunt,
1865 1847 2006 1918 quod
2033 1863 2140 1901 non
2175 1859 2297 1902 ante

2406 1867 2600 1912 torem:
2625 1869 2976 1912 occurrentes
2999 1857 3098 1911 sibi
3127 1866 3340 1926 spectat
3363 1854 3583 1916 ambos,
3614 1853 3886 1907 testisaherir

702 1947 771 2004 de
811 1963 871 2003 se
901 1959 1176 2012 Speraium
1213 1943 1376 1998 fuerit
1405 1951 1566 2010 atque
1597 1954 2010 2012 ιπωςηηιιιιυηι.
2045 1941 2138 1996 Sin
2171 1957 2298 1996 vero

702 2041 880 2096 nullos
903 2040 1125 2109 laqueos
1175 2036 1400 2102 alienius
1448 2036 1785 2090 necessitatis
1824 2033 2172 2096 offenderint,
2217 2035 2300 2090 in—

703 2149 889 2194 texunt
919 2137 1130 2193 tabulas
1153 2179 1166 2200 ,
1217 2136 1369 2190 aiunt
1416 2134 1598 2188 nobile
1631 2133 1890 2203 pra-dium
1933 2147 2054 2187 esse
2081 2131 2296 2196 venale,

701 2234 936 2302 amplam
989 2231 1254 2284 domum:
1281 2227 1624 2282 accumulant
1663 2234 1958 2296 proventus
2001 2225 2296 2291 fruetuum,

698 2343 910 2382 annuos
957 2325 1166 2380 reditus
1206 2331 1558 2393 exaggerant,
1613 2321 1896 2374 hortantur
1937 2327 1996 2372 ut
2025 2309 2294 2373 coemant.

700 2423 965 2479 Similiter
987 2419 1192 2474 faciunt
1235 2419 1501 2487 pretiosas
1531 2427 1710 2468 vestes
1734 2457 1749 2480 ,
1803 2423 1856 2469 et
1887 2413 2106 2466 monilia
2140 2413 2296 2466 nobi-

697 2517 770 2574 lia
799 2515 1173 2586 prtedicantes.
1203 2510 1428 2580 Neganti
1467 2526 1526 2564 se
1551 2509 1748 2562 habere
1779 2507 2059 2578 pecuniam
2081 2548 2094 2570 ,
2137 2505 2300 2580 598

697 2607 957 2680 ingerunt
997 2621 1149 2659 suam
1187 2603 1470 2658 dicentes:
1503 2601 1666 2656 Utere
1697 2613 1749 2654 ut
1783 2612 1868 2655 tua
1897 2620 1908 2654 :
1943 2600 2011 2654 de
2039 2600 2300 2655 fructibus

703 2712 904 2770 emptae
952 2695 1313 2770 possessionis
1340 2699 1574 2767 pretium
1611 2692 2019 2764 multiplicabis,
2063 2693 2298 2748 debitam

705 2797 924 2856 reddes.

773 2887 866 2944 ‘24.
895 2887 1260 2944 Praetendunt
1309 2887 1518 2942 alienos
1565 2883 1760 2940 fundos
1809 2883 2172 2948 adolescenti,
2242 2891 2301 2938 ut

695 2999 820 3042 cum
851 2985 962 3040 suis
986 2983 1566 3056 exspolientztendunt
1593 2981 1752 3050 retia,
1776 2980 1934 3036 simul
1965 2987 2022 3032 ut
2045 2978 2300 3046 indagine

697 3083 876 3136 cincta
907 3080 1080 3148 spatia
1124 3078 1288 3135 fuerit
1315 3077 1594 3148 ingressus
1619 3120 1632 3141 ,
1689 3087 1884 3147 cogunt
1923 3092 2045 3130 eum
2079 3077 2129 3128 in
2165 3075 2298 3128 retia

697 3173 1034 3239 cantionum,
1069 3171 1296 3242 laqueos
1337 3186 1621 3226 usurarum
1653 3186 1666 3222 :
1703 3177 1892 3238 petunt
1936 3167 2168 3239 obligari
2199 3169 2300 3224 sibi

699 3268 903 3320 avitum
929 3273 954 3301 α
985 3264 1321 3334 ρι’τειοτὶυῐη.
1360 3273 1644 3333 paternum
1683 3263 1990 3330 sepulcrum
2027 3277 2041 3314 :

701 3362 869 3416 tuitur
891 3359 1012 3414 dies
1041 3359 1322 3424 solutioni,
1354 3357 1725 3413 dissimulatur
1746 3357 2055 3420 conventio,
2083 3354 2298 3426 quando

703 3465 884 3528 potest
925 3453 1126 3508 solutio
1154 3451 1408 3507 sustineri
1435 3468 1450 3515 ;
1486 3451 1573 3505 tibi
1608 3455 1740 3506 satis
1768 3466 2017 3504 Securum
2049 3449 2300 3504 reddide—

703 3547 833 3612 rint,
869 3559 1096 3614 repente
1120 3547 1410 3615 ingruunt.
1436 3554 1490 3599 et
1516 3546 1722 3599 instant
1747 3543 2144 3606 vehementius,
2173 3559 2300 3598 cau-

705 3641 848 3696 santi
899 3639 1220 3694 incumbunt
1251 3637 1499 3692 dicentes
1528 3655 1541 3690 :
1574 3637 1652 3691 Tn
1685 3637 1934 3708 possides
1957 3651 2042 3690 tua
2077 3637 2297 3705 praedia,

705 3748 807 3788 nos
845 3741 1085 3788 nostram
1117 3732 1398 3800 pecuniam
1437 3745 1542 3784 non
1585 3729 1891 3784 habemus:
1927 3747 2116 3784 aurum
2146 3729 2300 3784 dedi-

707 3841 850 3891 mus,
873 3824 901 3863 ι)
932 3827 1134 3896 lignum
1168 3834 1415 3878 tenemus
1443 3841 1455 3876 :
1491 3823 1583 3877 tibi
1629 3823 1894 3877 fructuum
1937 3824 2298 3878 emolumenta

701 3919 1026 3990 procedunt,
1053 3917 1208 3972 nobis
1238 3919 1366 3972 nihil
1391 3917 1657 3972 accrescit
1681 3918 1941 3988 pecuniae.
1970 3915 2155 3972 Otiosa
2175 3935 2301 3973 cau-

697 4013 840 4070 satio
869 4022 988 4080 est,
1021 4013 1216 4068 saltem
1245 4023 1539 4067 renovetur
1566 4011 2014 4083 chirographum.

1301 4147 1532 4205 CAPUT
1577 4133 1684 4203 vu’.

707 4269 871 4335 Quam
904 4267 1126 4322 sollicite
1169 4269 1510 4339 feneratorem
1554 4267 1722 4338 fugiat
1760 4267 1991 4332 debitor,
2041 4275 2090 4321 et
2121 4271 2301 4340 cujus-

779 4361 917 4413 modi
948 4361 1014 4414 sit
1047 4363 1309 4426 utriusque
1333 4376 1580 4413 occursus
1612 4375 1630 4412 :
1658 4363 1912 4428 quomodo
1945 4361 2029 4413 hic
2056 4360 2305 4414 dilatione

781 4462 992 4522 accepta
1013 4455 1179 4524 magis
1203 4453 1432 4506 irretitus
1456 4453 1524 4505 ad
1548 4451 1812 4506 vendenda
1835 4454 2030 4522 praedia
2044 4455 2308 4526 adigatur:

779 4561 840 4598 ac
872 4544 1078 4598 tandem
1115 4545 1346 4599 omnibus
1399 4545 1668 4599 destitutus
1699 4555 1743 4599 et
1775 4545 1843 4598 ad
1871 4545 2072 4600 vincula
2095 4559 2306 4616 paratus

775 4639 832 4693 in
862 4638 1272 4706 desperationem
1297 4639 1514 4693 incidat.

778 4755 871 4810 25.
915 4753 1099 4824 Itaque
1126 4755 1254 4808 dum
1296 4755 1525 4824 primum
1553 4755 1873 4811 adolescens
1901 4755 2033 4809 nihil
2067 4755 2305 4828 putatde

709 4849 949 4904 veStibus
981 4849 1130 4915 suis,
1173 4861 1263 4902 aut
1317 4849 1480 4902 etiam
1535 4850 1970 4918 possessionibus
2021 4865 2142 4904 esse
2177 4865 2305 4902 ven-

707 4943 946 4998 dendum
967 4985 982 5007 ,
1029 4941 1096 4996 ad
1127 4944 1240 4996 tunc
1269 4941 1513 4998 facienda
1548 4944 1721 5012 poscit
1744 4943 2082 4997 dilationem.
2113 4942 2304 4998 Usurze

710 5039 1048 5108 applicantur
1069 5036 1134 5090 ad
1159 5046 1360 5091 sortem
1383 5078 1398 5104 ,
1450 5037 1827 5094 accumulatur
1848 5038 2164 5092 centesima.
2189 5037 2306 5092 Jam

709 5133 988 5202 suSpirare
1033 5133 1240 5200 incipit,
1289 5133 1398 5202 jam
1453 5133 1651 5186 malum
1681 5148 1834 5186 somn
1868 5148 2184 5202 agnoscere.
2210 5132 2308 5186 Dic

707 5240 772 5279 ac
801 5236 960 5280 nocte
989 5241 1207 5279 usuram
1236 5229 1438 5294 cogitat
1463 5243 1474 5278 :
1508 5225 1767 5295 quidquid
1799 5229 2118 5289 occurrerit,
2153 5227 2307 5280 fene-

709 5329 950 5376 ratorem
994 5327 1146 5390 putat
1178 5337 1190 5372 :
1224 5319 1486 5389 quidquid
1517 5320 1829 5390 crepuerit,
1876 5335 2061 5374 vocem
2096 5321 2196 5374 sibi
2229 5321 2308 5375 vi.

707 5415 870 5472 detur
909 5414 1236 5470 feneratoris
1279 5413 1490 5469 audire.
1525 5413 1582 5470 Si
1618 5413 1804 5480 habes,
1838 5429 1935 5468 cur
1965 5429 2072 5468 non
2099 5414 2307 5470 solvis?

697 5621 700 5624 ’
785 5631 812 5660 α
854 5621 1164 5679 Prtetarium
1195 5621 1300 5679 hoc
1328 5623 1450 5678 loco
1469 5622 1702 5680 sumitur
1731 5639 1835 5677 non
1860 5637 1958 5692 pro
1987 5621 2150 5676 domo
2175 5636 2309 5688 prat-

657 5695 660 5698 ’
697 5695 873 5761 toris,
919 5705 1010 5751 aut
1035 5697 1154 5762 ejus
1180 5697 1268 5765 qui
1295 5709 1554 5764 pra-esset
1584 5695 1871 5760 exercitui,
1903 5696 1995 5749 sed
2027 5709 2122 5763 pro
2143 5693 2303 5765 domo

705 5767 830 5839 [uri
862 5767 1177 5839 addelicias
1199 5763 1498 5834 a-ditieata;
1522 5783 1630 5839 qUo
1657 5784 1819 5824 sensu
1849 5783 1954 5822 non
1979 5763 2306 5835 scmclapud

711 5835 896 5893 Titum
925 5837 1135 5894 Livium
1160 5839 1456 5894 invenitur.

783 5906 812 5942 ι’
854 5907 968 5962 Hoc
989 5912 1113 5976 est;
1147 5909 1350 5979 ligneas
1387 5909 1599 5966 tabulas
1629 5915 1748 5966 cera
1776 5899 2066 5975 obductas.
2097 5907 2152 5964 in
2183 5907 2304 5977 qui-

2401 1953 2733 2024 iniquilatis,
2784 1953 3012 2008 alterius
3065 1951 3280 2020 injuria:
3314 1969 3328 2003 :
3367 1951 3519 2004 illius
3552 1949 3800 2002 avaritiam
3831 1963 3888 1999 ma:-

2399 2045 2639 2112 demnat,
2679 2047 2838 2112 hujus
2869 2047 3176 2101 stultitiam.
3209 2046 3302 2098 llle
3343 2057 3574 2112 gressus
3595 2041 3815 2096 debitoris
3835 2043 3892 2092 sin-

2397 2141 2550 2212 gulos
2603 2151 2844 2195 numerat
2871 2183 2884 2206 ,
2940 2148 3236 2198 aucupatur
3267 2139 3528 2193 deflexus
3561 2153 3575 2189 :
3605 2137 3700 2190 iste
3731 2137 3892 2188 continui

2401 2245 2522 2305 post
2550 2235 2828 2288 columnas
2855 2243 3014 2304 caput
3059 2233 3374 2289 obumbrat.
3421 2231 3638 2286 Nullam
3667 2230 3780 2282 enim
3803 2227 3892 2280 liabet

2399 2328 2614 2384 debitor
2665 2331 3065 2384 auctoritatem.
3121 2327 3408 2383 Ambobus
3481 2329 3534 2380 in
3589 2326 3889 2392 digitisusara-

2399 2437 2516 2476 rum
2549 2421 2814 2492 repetitur
2867 2425 3066 2493 smpius
3091 2421 3408 2476 calculatio.
3463 2419 3570 2474 Par
3595 2413 3882 2480 cura,seildis—

2403 2531 2498 2588 par
2521 2515 2764 2572 affectus.
2809 2517 2964 2572 Alter
2991 2518 3202 2570 la'tatur
3229 2517 3580 2569 incremento
3611 2507 3882 2570 fenoris,tlter

2400 2611 2620 2664 cumulo
2649 2609 2942 2664 debitionis
2982 2609 3258 2682 affligitur.
3319 2611 3419 2664 Ille
3463 2617 3696 2680 quaestus
3721 2609 3882 2664 cantent,

2401 2701 2490 2758 hic
2519 2719 2808 2757 :erumnas.

2471 2795 2563 2852 26.
2604 2797 2740 2864 Quid
2789 2797 2926 2868 fugis
2961 2795 3230 2850 hominem
3267 2813 3430 2868 quem
3465 2805 3676 2866 poteras
3697 2799 3742 2846 et
3770 2787 3882 2844 nunti-

2403 2892 2591 2946 mere?
2617 2891 2752 2958 Quid
2785 2892 2942 2962 fugis,
2971 2902 3060 2944 aut
3086 2907 3369 2960 quousque
3395 2888 3608 2962 fugies?
3632 2887 3679 2942 Si
3695 2880 3886 2954 quis599

2407 2984 2698 3051 pulsaverit
2735 2995 2914 3052 nocte,
2950 2984 3316 3039 feneratOrem
3361 2995 3544 3055 putas,
3571 2981 3663 3036 sub
3691 2975 3882 3032 lectionil-

2405 3080 2506 3134 lico
2538 3102 2550 3134 :
2586 3081 2630 3134 si
2661 3097 2820 3150 quem
2851 3079 3030 3134 subito
3063 3081 3265 3134 intrare
3296 3079 3566 3142 senseris,
3599 3087 3649 3130 tu
3675 3073 3788 3128 foras
3809 3063 3886 3120 etsi

2407 3175 2494 3228 lis.
2523 3171 2684 3228 Canis
2719 3175 2878 3228 latrat
2910 3216 2925 3240 ,
2957 3183 3012 3230 et
3042 3190 3138 3227 cor
3165 3183 3314 3228 tuum
3345 3173 3606 3244 palpitat,
3633 3167 3766 3222 sudor
3789 3159 3885 3214 eff-1i

2087 3263 2264 3331 pra-sti
2283 3293 2296 3302 -
2327 3248 2370 3310 C
2406 3267 2574 3332 ditur,
2603 3257 2874 3320 anhelitus
2895 3267 3066 3336 quatit
3097 3282 3144 3318 ai
3163 3275 3246 3320 tus
3267 3307 3281 3330 ,
3313 3265 3519 3334 qua-ris
3539 3261 3656 3332 quid
3683 3249 3882 3311 mentiaris.

2403 3371 2458 3414 ut
2484 3359 2847 3414 feneratorem
2877 3358 3098 3414 differas
3123 3376 3137 3424 ;
3167 3368 3222 3413 et
3249 3374 3373 3412 cum
3409 3359 3705 3412 dilationem
3727 3351 3884 3414 impr!”-

2401 3455 2566 3518 veris,
2598 3455 2819 3524 gaudes.
2847 3451 3056 3508 Fenore
3079 3462 3172 3505 tuo
3197 3453 3422 3507 simulat
3457 3451 3710 3505 fenerator
3727 3434 3882 3512 grata-“ii

2402 3549 2497 3603 sed
2529 3547 2760 3602 libenter
2791 3547 3052 3617 impertit,
3081 3547 3235 3616 quasi
3268 3557 3508 3599 Venator
3530 3543 3615 3613 qui
3637 3538 3765 3592 feram
3779 3529 3880 3584 θῖιηιέ·

2405 3643 2496 3708 rit,
2525 3657 2749 3696 securus
2773 3649 2854 3696 est
2887 3641 3103 3710 prredie.
3132 3641 3211 3696 Tn
3244 3641 3519 3696 oscularis
3545 3643 3718 3705 caput,
3741 3622 3880 3688 annisc-

2407 3734 2534 3789 leris
2579 3749 2756 3804 genua
2781 3776 2796 3800 ,
2843 3747 2896 3788 et
2925 3735 3078 3804 quasi
3120 3749 3312 3788 cervus
3339 3735 3541 3804 sagitta
3579 3717 3871 3784 toxicauii-ms.
3945 3737 3947 3740 ι

2406 3829 2680 3898 paululum
2705 3828 3028 3898 procedens,
3059 3828 3276 3882 tandem
3309 3833 3494 3882 victus
3523 3835 3712 3880 veneno
3729 3817 3878 3884 imm"

2405 3925 2488 3978 his
2522 3942 2534 3976 :
2565 3933 2655 3976 aut
2695 3923 2846 3992 Quasi
2874 3924 3038 3992 Piscis
3069 3922 3158 3991 qui
3187 3921 3396 3974 fuscina
3433 3919 3592 3975 fuerit
3623 3909 3883 3996 infimiin?“

2404 4032 2634 4085 cumque
2683 4015 2879 4083 fugerit
2929 4018 3124 4070 vulnus
3167 4015 3337 4068 vehit.
3367 4014 3437 4068 Et
3483 4027 3608 4065 vere
3639 4003 3765 4077 piscis
3785 3993 3882 4085 illata

2409 4125 2532 4166 esca
2567 4118 2795 4164 ¹¹¹⁰¹⁷ίί¹¹η
2839 4110 3098 4173 (Ῑθνυτίιῑς
3150 4109 3238 4162 ille
3274 4109 3491 4162 hamum
3524 4103 3701 4175 glutit,
3745 4092 3884 4146 duma-
3946 4115 3947 4130 κ

2411 4205 2534 4257 bum
2559 4203 2780 4272 quau-it;
2811 4202 2904 4257 sed
2942 4214 3118 4258 tamen
3163 4201 3379 4256 hamum
3411 4217 3520 4254 non
3553 4195 3692 4255 vidit,
3719 4197 3829 4256 quem
3848 4185 3886 4226 ιε·

2409 4295 2486 4366 git
2516 4297 2692 4366 prazda
2733 4315 2745 4350 :
2779 4306 2836 4350 tu
2867 4295 3084 4349 hamum
3119 4297 3320 4360 cernis,
3351 4304 3409 4350 et
3435 4293 3616 4364 glutis.
3647 4285 3802 4340 llanius
3822 4279 3888 4323 tum

2409 4389 2566 4444 fenus
2623 4399 2707 4444 est
2752 4389 3078 4444 creditoris:
3116 4389 3332 4444 hamum
3362 4405 3540 4450 voras,
3594 4379 3677 4436 sed
3703 4367 3846 4428 vermis
3863 4369 3888 4410 lt

2410 4497 2627 4552 semper
2654 4483 2893 4538 Obl'ttdil.
2941 4484 3056 4553 Ipsa
3083 4491 3167 4536 est
3187 4497 3308 4536 esca
3339 4497 3462 4552 quae
3493 4473 3693 4544 decipit.
3720 4461 3888 4558 llaqtlei‘:l

2414 4575 2508 4630 tibi
2541 4578 2742 4631 fenoris
2767 4591 2866 4632 nec
2897 4577 3049 4630 cibus
3076 4579 3194 4630 usui
3223 4586 3328 4638 est,
3362 4586 3417 4630 et
3449 4575 3630 4628 hamus
3655 4546 3886 4637 vulneri.“

2329 4660 2383 4722 Ι)
2410 4670 2627 4740 igiinras
2659 4671 2782 4740 quia
2825 4671 2990 4724 semel
3026 4670 3347 4739 illaqueatus
3400 4669 3540 4721 nodo
3565 4705 3580 4730 ,
3624 4673 3675 4712 se
3701 4656 3838 4740 ina-glsi
3869 4646 3889 4684 εί

2412 4763 2598 4832 fugiat,
2637 4763 2751 4833 ipse
2781 4763 3137 4830 eoustriiigit;
3162 4771 3216 4815 et
3241 4762 3379 4814 intra
3411 4760 3542 4814 retia
3567 4736 3888 4833 positusfiigiea

2413 4854 2483 4909 do
2529 4858 2699 4924 magis
2737 4853 2924 4922 dejicit
2969 4869 3132 4924 super
3185 4868 3244 4907 se
3275 4852 3450 4906 retia?
3484 4851 3534 4904 In
3585 4845 3757 4915 Nam“
3797 4824 3888 4936 fuit:

2413 4965 2534 5004 cum
2568 4951 2703 5002 intra
2736 4951 2972 5019 parietes
2995 4958 3139 5002 tutus
3168 4963 3290 5001 esse
3313 4963 3417 5000 non
3450 4943 3631 5016 possis.
3661 4921 3884 5022 lavet-NN"-e

2412 5059 2533 5098 cum
2564 5045 2804 5097 voluerit
2837 5041 3133 5098 fenerator.
3183 5042 3420 5110 Denique
3453 5040 3536 5092 ubi
3570 5035 3748 5094 tempus
3774 5005 3890 5110 initiis

2411 5137 2592 5202 veris,
2640 5139 2782 5191 sicut
2822 5136 2982 5205 lupos
3016 5145 3174 5190 nocte,
3201 5135 3398 5198 irruit,
3441 5125 3658 5186 dormire
3695 5103 3884 5205 “"‘i'ﬁmli
3946 5149 3947 5170 ‘

2413 5243 2434 5270 θ
2465 5241 2780 5300 θκειῖθοιτιῑο
2811 5231 2899 5286 die
2927 5231 2991 5283 ad
3029 5230 3304 5296 publicum
3340 5227 3522 5290 trahit,
3538 5204 3795 5300 auttabulis
3813 5203 3886 5300 lii"
3946 5267 3947 5300 ἡ

2408 5327 2627 5380 ditionis
2657 5327 2802 5396 cogit
2833 5324 3162 5379 suscribcrc.
3206 5323 3270 5378 Ut
3305 5321 3500 5376 fureris
3529 5305 3716 5387 pudoris
3745 5295 3884 5396 (bibe—tt-

2407 5419 2580 5486 dium,
2596 5419 2898 5474 subscrihis
2919 5418 3090 5484 illico,
3117 5416 3432 5472 venditurus
3452 5414 3634 5467 avitum
3653 5387 3884 5464 sepulcrm"

2417 5621 2519 5678 bus
2549 5624 2750 5679 fenoris
2779 5625 2958 5678 cantio
2979 5621 3138 5678 serihi
3171 5619 3399 5676 solebat.

2491 5705 2514 5734 ο
2549 5697 2687 5752 Eilii.
2720 5711 2932 5759 omiies,
2959 5713 3020 5749 ea:
3051 5699 3176 5749 leitu
3206 5693 3274 5746 ad
3293 5693 3542 5762 publicum
3569 5697 3633 5739 tm

2415 5751 2735 5835 conititude;
2912 5751 3090 5824 (amen
3129 5751 3317 5822 contra
3343 5767 3656 5819 communem
3681 5751 3780 5800 11³⁵⁵·

2414 5854 2511 5896 seu
2517 5857 2637 5898 sum
2645 5880 2662 5896 ι

3636 5676 3713 5731 na.
3731 5662 3816 5720 Non
3833 5651 3880 5702 ω’

3801 5737 3880 5780 εοιι-
