4066 6360
109 367 223 422 769

1387 363 1476 420 DE
1513 361 1714 418 TOBIA
1755 357 1957 417 LIBER
1999 358 2201 416 UNUS.

3339 349 3448 407 770

108 493 374 550 paterna:
437 501 574 541 sane
608 496 633 524 ει
667 495 724 541 tit
750 491 1080 556 prcctexatur
1110 481 1311 553 aliquid
1355 478 1732 534 verecundimz
1769 481 1815 538 Α
1847 486 2029 529 mento
2053 473 2471 543 chirographum
2494 471 2760 534 dimittat,
2795 481 2894 538 pro
2921 465 3292 523 emolumento
3327 463 3444 519 ha:-

107 578 331 629 euiitur
362 579 620 649 jejunum
645 583 840 644 solum,
868 578 1102 647 jaCtalnr
1129 574 1268 646 quod
1301 571 1582 627 infecunda
1608 588 1735 624 ven-

109 667 364 732 diderit,
405 672 710 740 dispendiis
762 669 1067 725 oneraverit
1110 667 1441 723 debitorem,
1491 675 1544 718 et
1571 679 1732 731 snpe-

111 761 294 817 I'im'is
349 767 626 834 temporis
675 764 1022 817 ascribnntnr
1055 759 1355 830 dispendiis
1381 757 1574 812 damna
1605 773 1741 826 prm-

113 857 326 912 sentis.
350 857 480 914 Mox
510 868 564 913 et
590 857 798 912 laudata
828 857 1169 922 vendantur,
1216 861 1270 909 et
1302 850 1606 907 inferuntur
1629 853 1736 922 jam

112 965 233 1003 non
262 951 670 1014 instrumenta.
701 953 795 1007 sed
825 951 1061 1006 vincula.

193 1044 271 1098 ‘27
347 1046 563 1101 Tamen
619 1047 791 1100 adhuc
847 1045 1122 1116 qtuerendi
1190 1046 1558 1116 fidejussores.
1623 1042 1742 1098 Tri-

117 1137 380 1192 buuntur
435 1139 666 1193 itiilncia:
696 1155 801 1194 non
834 1148 889 1192 ιιι
916 1140 1150 1207 pra-dam
1188 1139 1450 1194 libertatis
1484 1139 1737 1201 inveniat,

119 1231 220 1285 sed
249 1240 312 1286 tit
345 1243 662 1287 consortem
696 1233 975 1288 servitutis
1006 1234 1256 1304 adjungat
1286 1276 1301 1298 ,
1359 1232 1449 1302 qui
1491 1248 1548 1285 se
1575 1229 1744 1286 sm'iet

117 1339 478 1379 naruntnoso.
515 1331 578 1379 At
607 1325 734 1395 quid
774 1327 961 1394 juvare
993 1336 1172 1395 potest
1207 1327 1396 1380 :tlit‘lttl}
1427 1325 1746 1380 ealatnitalis

113 1418 424 1473 accessio?
459 1419 575 1473 Jaui
619 1431 671 1474 et
703 1419 862 1474 ainit-i
906 1422 1148 1490 fugiunt,
1185 1422 1426 1475 Convivae
1461 1437 1563 1474 non
1596 1434 1746 1474 reco-

113 1523 412 1579 gnoscunt
449 1531 463 1566 :
493 1513 612 1582 ipse
639 1530 855 1584 quoque
897 1522 1225 1582 conspectus
1255 1514 1493 1567 omnium
1526 1513 1743 1584 refugit,

115 1613 174 1656 ct
211 1617 269 1658 ut
308 1606 467 1676 pugil
526 1608 661 1660 ictus
693 1606 877 1662 Vatios
921 1607 1377 1668 concertantium,
1420 1607 1487 1660 ita
1514 1606 1617 1659 i~te
1647 1611 1744 1659 ho-

118 1710 431 1754 nestornm
463 1702 704 1756 vitatoct
719 1717 892 1765 ursus,
927 1714 978 1756 et
1000 1703 1284 1768 sollicitus,
1315 1701 1404 1756 tibi
1430 1701 1480 1755 in
1513 1702 1744 1770 aliquem

114 1791 462 1858 offenderit,
485 1795 722 1864 vigilanti
749 1795 866 1850 exit
886 1795 1094 1848 obtutu.
1123 1795 1275 1849 Redit
1304 1806 1522 1864 paratus
1544 1794 1608 1848 ad
1633 1795 1750 1847 vin-

1842 568 2082 621 reditatis
2110 569 2470 640 syngrapham
2505 567 2867 636 ohligationis.
2894 562 3035 632 Quid
3069 563 3167 616 sibi
3202 562 3320 615 vult
3342 574 3442 630 pa-

1841 661 1976 714 terni
2005 660 2052 711 itt
2086 659 2287 714 ltbet'os
2317 661 2582 728 scriptura
2614 658 2904 722 maledicti,
2937 656 3024 709 ubi
3048 655 3189 709 nulla
3221 663 3302 706 est
3331 653 3437 705 im-

1845 751 1914 822 pii
1944 752 2151 806 offen-a
2203 752 2447 822 peccati?
2495 754 2574 806 Att
2623 759 2799 821 potest
2832 747 3020 802 durius
3069 744 3288 816 aliquod
3321 757 3444 798 esse

1843 846 2210 912 maledictum,
2244 843 2622 916 bgraviusque
2663 841 2988 901 servilium?
3046 841 3111 895 Et
3160 839 3250 894 illa
3298 853 3445 908 smpe

1842 951 1966 1012 post
1988 952 2214 995 mortem
2251 941 2410 995 habet
2437 940 2725 994 defunctus
2754 934 3112 1009 compendia.
3159 932 3304 1006 quod
3335 949 3443 988 non

1845 1045 2052 1104 SpCClal.
2084 1034 2329 1087 miserias
2363 1034 2657 1110 liliormn.‘

1915 1128 2004 1184 30.
2054 1127 2247 1182 \‘endit
2278 1127 2595 1198 plerumque
2625 1135 2679 1182 et
2712 1136 2864 1196 pater
2889 1127 3091 1181 liberos
3121 1122 3448 1180 anotoritate

1845 1222 2232 1293 generationis,
2248 1221 2341 1276 sed
2370 1237 2472 1275 non
2491 1237 2622 1276 vere
2641 1221 2856 1290 pietatis
2877 1240 2887 1274 :
2911 1222 2974 1274 ad
2997 1221 3299 1275 auctionem
3320 1228 3341 1256 ο
3361 1233 3450 1286 pu-

1847 1315 2090 1368 dibuudo
2111 1317 2254 1368 vultu
2280 1315 2509 1370 miseros
2535 1314 2937 1369 trahitdicens:
2961 1314 3172 1369 Solvite
3196 1312 3286 1366 lilii
3311 1310 3449 1381 gula:

1849 1426 1984 1466 mete
2034 1422 2329 1478 sumptum,
2379 1411 2571 1464 solvite
2617 1421 2852 1486 paterna:
2904 1423 3106 1461 mensa:
3157 1403 3386 1475 pretium
3429 1417 3446 1458 :

1847 1514 2050 1557 vonttte
2073 1505 2212 1573 quod
2241 1520 2347 1557 non
2380 1503 2702 1567 tlevorastis,
2735 1502 2945 1556 reddite
2975 1501 3114 1570 quod
3150 1516 3255 1553 non
3295 1511 3451 1552 acce-

1853 1597 2038 1667 pislis;
2084 1597 2186 1652 hoc
2235 1596 2508 1662 meliores,
2564 1595 2706 1665 quod
2741 1608 2919 1648 vesu-o
2959 1593 3134 1663 pretio
3182 1588 3450 1646 redimitis

1850 1702 2078 1762 patrem,
2109 1702 2283 1746 vestra
2311 1693 2568 1745 servitute
2600 1700 2876 1758 paternam
2910 1688 3090 1743 emitis
3119 1685 3448 1741 libertatem.

1922 1787 2010 1840 51.
2062 1787 2187 1839 Esto
2216 1795 2273 1840 ut
2320 1785 2514 1856 aliquis
2547 1785 2635 1855 qui
2659 1785 2948 1839 subvenire
2972 1781 3172 1854 possit,
3202 1778 3450 1835 accedat.

115 1886 271 1947 Cuia,
300 1887 454 1940 redit
483 1897 710 1942 mortem
739 1897 953 1958 aptans,
980 1889 1224 1959 eogitans
1247 1905 1367 1943 eam
1401 1891 1528 1955 sibi,
1561 1892 1605 1945 si
1632 1905 1748 1945 mo—

1863 1877 1984 1944 Quis
2007 1887 2208 1932 tantam
2229 1873 2454 1948 expleat
2477 1876 2849 1949 Charybdim?
2878 1875 2999 1947 quis
3031 1875 3269 1929 rationes
3299 1873 3452 1928 fene-

118 1989 376 2046 reretnr,
428 1983 670 2049 quietem
707 1982 927 2038 inferre.
959 1983 1119 2038 Redit
1164 1985 1360 2038 misere
1384 2001 1442 2036 se
1472 1986 1585 2053 ipse
1611 2001 1744 2039 con-

118 2075 438 2140 demnatis,
475 2076 619 2146 quod
653 2076 888 2130 alienant
921 2077 1204 2146 pecuniam
1238 2094 1344 2133 non
1375 2077 1661 2149 refugerit,
1694 2089 1748 2135 et

129 2166 474 2222 feneratoris
505 2185 564 2221 se
593 2185 700 2224 :rre
729 2169 1061 2225 devinxerit.

203 2260 298 2316 9.8.
341 2261 643 2328 Oquantos
668 2265 896 2318 miseros
921 2263 1094 2318 aliena
1117 2264 1360 2319 fecerunt
1391 2264 1560 2321 bona!
1587 2264 1744 2332 Quid,

127 2355 308 2424 inquit
349 2353 576 2424 (Jrrem.
608 2372 666 2423 ιι,
703 2357 817 2427 18),
869 2358 961 2410 tibi
1009 2367 1065 2412 ιιι
1112 2357 1265 2413 bibas
1313 2374 1505 2428 aquam
1559 2359 1751 2414 Geon?

128 2449 273 2514 Quid
296 2492 312 2517 ,
343 2450 596 2521 inquam,
633 2452 751 2517 tibi,
777 2461 833 2505 ιιι
863 2452 1084 2509 biberes
1121 2453 1345 2508 calicem
1379 2452 1750 2506 feneratoris?

124 2545 282 2599 Multi
310 2585 326 2611 ,
366 2545 590 2616 inquit,
622 2547 846 2601 mutuati
880 2546 945 2600 ad
979 2556 1189 2616 tempus
1210 2589 1224 2612 ,
1251 2557 1304 2600 et
1337 2547 1750 2601 necessitatibus

127 2640 543 2693 Consultterunt
607 2641 756 2703 suis,
805 2648 860 2691 et
910 2638 1192 2708 peruoiam
1249 2638 1624 2692 reddiderunt.
1684 2637 1751 2692 Et

125 2734 327 2802 quanti
366 2748 430 2786 se
477 2742 702 2801 propter
735 2730 890 2786 fenus
922 2731 1425 2800 strangulaverunt!
1460 2730 1588 2785 lllos
1620 2745 1752 2784 con-

129 2826 355 2881 sitleras
383 2867 399 2892 ,
451 2824 550 2879 bos
596 2841 701 2879 non
733 2839 1022 2879 enumeras
1056 2843 1070 2880 :
1105 2824 1473 2879 reminisceris
1514 2825 1752 2879 evasisse

131 2917 395 2986 aliquos.
443 2933 551 2970 non
587 2917 953 2971 reminisceris
996 2916 1274 2985 oppetisse
1305 2934 1318 2969 ε
1355 2931 1607 2971 nummos
1632 2915 1754 2969 red-

132 3009 288 3066 ditos
347 3010 618 3079 imputas,
677 3008 902 3078 lat-pices
959 3010 1228 3078 appetitus
1288 3024 1393 3064 non
1451 3018 1752 3078 computus,

135 3120 282 3174 quos
314 3102 654 3158 deformitati
701 3114 806 3157 tam
840 3103 1184 3158 dedecorosa:
1216 3105 1596 3158 conventionis
1641 3101 1753 3172 ple-

136 3202 307 3268 rique
332 3200 763 3254 verecundiores
794 3199 858 3252 ad
890 3199 1273 3253 contumeliam
1295 3240 1307 3259 ,
1364 3198 1666 3268 fragiliores
1688 3197 1754 3251 ad

1851 1973 2047 2026 ratoris
2069 1984 2324 2042 agnoscat
2347 1973 2371 2026 ?
2395 1972 2512 2042 quis
2541 1972 2819 2026 avaritiam
2847 1969 3041 2025 Satiet?
3067 1971 3186 2040 q'uze
3215 1984 3322 2023 non
3353 1968 3456 2024 iste

1852 2067 2021 2136 pretia
2051 2077 2366 2136 cxztegeret,
2393 2082 2514 2121 cum
2543 2065 2738 2119 viderit
2761 2061 3455 2133 redemptores?Nonenim

1849 2172 1950 2212 suo
1997 2158 2167 2228 magis
2212 2160 2361 2212 lucro
2411 2176 2571 2230 quam
2620 2159 2800 2213 alieno
2831 2156 3161 2212 detrimento
3190 2156 3453 2226 pascitur.

1851 2249 1989 2305 Vera
2017 2253 2278 2320 profecto,
2308 2267 2434 2305 vera
2461 2262 2564 2320 est,
2588 2260 2776 2322 utpote
2804 2250 2924 2319 Dei,
2953 2250 3135 2305 divina
3162 2248 3459 2317 sententia,

1851 2347 1938 2416 qui
1975 2363 2098 2401 cum
2137 2345 2312 2401 iratus
2347 2355 2493 2402 eSset
2522 2358 2746 2418 propter
2778 2346 3112 2417 impietatem
3151 2344 3334 2416 populi
3358 2342 3456 2398 Juo

1851 2439 2115 2508 datorum,
2149 2442 2290 2512 quod
2319 2452 2442 2512 post
2472 2444 2606 2498 deos
2634 2441 3039 2497 abiretalicnos
3068 2461 3081 2494 :
3114 2442 3230 2509 Cui,
3263 2442 3456 2513 inquit,

1850 2536 2055 2588 vendidi
2099 2552 2183 2589 vos
2226 2537 2508 2605 feneratori
2537 2534 2719 2607 (Esai.
2750 2553 2815 2604 ι,
2874 2534 2965 2604 1)?
3010 2533 3272 2589 Vendilur
3308 2535 3454 2589 enim

1851 2631 1942 2699 qui
1975 2631 2241 2700 obligatus
2272 2629 2566 2685 feneratori
2601 2630 2762 2686 fuerit
2792 2673 2806 2698 ,
2853 2641 2909 2686 et
2938 2631 3190 2685 venditur
3209 2645 3315 2684 non
3346 2643 3456 2685 uno

1855 2727 2053 2797 pretio,
2107 2725 2201 2781 sed
2247 2728 2606 2798 quotidiana:
2641 2726 2892 2781 venditur
2934 2742 3040 2780 non
3092 2741 3216 2780 cunt
3254 2723 3456 2780 delini-

1854 2821 2016 2883 tionc,
2045 2819 2137 2874 sed
2168 2835 2287 2874 cum
2319 2820 2632 2876 accessione
2661 2819 2935 2874 diuturna.
2981 2819 3129 2874 Nova
3163 2832 3451 2872 usurarum

1853 2913 2033 2966 auctio
2067 2928 2159 2980 per
2186 2929 2400 2968 menses
2423 2913 2685 2983 singulos,
2709 2929 2848 2967 nova
2875 2913 2975 2967 sub
2997 2911 3311 2983 quotidiana
3337 2911 3458 2966 lici-

1859 3005 2062 3059 tatioue
2095 3005 2354 3060 venditio.
2389 3005 2489 3074 Qui
2526 3008 2642 3072 plus
2673 3006 2953 3070 obtulerit,
3009 3004 3177 3060 trahit
3215 3020 3457 3077 semper,

1857 3099 2062 3152 venalis
2088 3097 2356 3153 addicitur
2379 3141 2393 3165 ,
2435 3107 2722 3169 numquam
2753 3099 2906 3170 quasi
2941 3099 3194 3153 venditus
3217 3095 3460 3154 testium-

1861 3201 1967 3246 tur.
2019 3192 2208 3262 Magna
2259 3193 2422 3262 igitur
2453 3191 2533 3247 vis
2565 3192 2804 3247 caele~tis
2841 3193 3145 3246 sementim.
3176 3189 3292 3245 Non
3322 3190 3458 3246 satis

139 3294 434 3363 injuriam,
463 3295 703 3363 expetito
734 3293 955 3347 interitu
989 3293 1344 3364 pra-tulerunt
1366 3334 1380 3358 ,
1409 3292 1756 3362 opprobrium
1784 3284 1830 3349 C
1858 3286 2120 3357 judieawt
2152 3289 2411 3341 Dominus
2457 3287 2677 3342 dicere:
2709 3287 2804 3342 Cui
2832 3287 3036 3341 vendidi
3059 3302 3184 3352 vos;
3211 3287 3304 3342 sed
3356 3285 3458 3341 ad-

140 3390 274 3446 vita:
321 3391 560 3462 amplius
596 3407 756 3462 quam
785 3391 975 3446 mortis
1000 3391 1324 3462 supplicium
1361 3391 1758 3461 pertimescen-

143 3493 251 3542 tes.

662 3602 826 3676 eoo
851 3602 1078 3660 CAPUT
1116 3602 1251 3659 vui.

148 3735 370 3795 Liberos
418 3754 515 3809 pro
544 3741 769 3809 paternis
796 3739 976 3794 debitis
1005 3756 1096 3808 per
1128 3755 1378 3793 summam
1404 3737 1762 3809 indignitatem

224 3835 320 3888 sub
349 3836 500 3888 hasta
531 3836 750 3890 vteiiire:
779 3837 866 3890 sed
893 3835 1016 3890 huic
1045 3838 1180 3889 malo
1204 3837 1469 3891 subvenire
1498 3853 1645 3905 posse
1675 3853 1763 3890 ne-

227 3929 455 3991 minem,
495 3945 614 3982 cum
653 3930 853 4000 expleri
902 3940 1112 3998 nequeat
1163 3928 1468 3997 feneratoris
1512 3929 1759 3993 avaritia;

228 4037 386 4087 quam
421 4020 473 4073 in
506 4037 610 4074 rem
642 4019 932 4090 Scriptura:
961 4021 1108 4075 locus
1137 4022 1428 4088 explicatur
1454 4063 1468 4087 ,
1511 4021 1764 4083 simulque

229 4115 524 4169 ostenditur
566 4115 832 4168 materiam
873 4115 1318 4179 prrevaricationis
1356 4131 1463 4169 esse
1489 4114 1765 4184 feneratio-

230 4226 368 4263 nem.

229 4321 323 4375 9.9.
371 4319 491 4375 Vidi
520 4335 621 4392 ego
658 4321 973 4378 miserabile
1002 4323 1399 4394 spectacuinm,
1434 4322 1636 4378 liberos
1666 4339 1762 4393 pro

158 4424 390 4484 paterno
418 4412 601 4467 debito
624 4413 674 4467 in
705 4416 1012 4470 auctioiietn
1058 4415 1275 4483 deduti,
1327 4428 1382 4471 et
1411 4397 1588 4471 teneri
1613 4416 1765 4471 cala-

158 4506 364 4561 mitatis
402 4507 666 4571 haeredcs,
707 4507 799 4578 qui
833 4526 937 4563 non
979 4520 1163 4566 essent
1214 4512 1504 4581 participes
1547 4527 1764 4567 succes-

161 4600 359 4667 sionis;
393 4610 450 4656 et
479 4603 579 4658 hoc
608 4611 713 4656 tam
743 4603 977 4658 immane
1015 4604 1273 4676 ﬂagitium
1304 4623 1408 4660 non
1437 4605 1762 4662 erubescere

1867 3381 2000 3436 didit
2033 3384 2314 3451 feneratori
2341 3383 2367 3436 Σ)
2389 3382 2642 3438 Offensus
2691 3381 2820 3436 nihil
2867 3384 3039 3452 potuit
3060 3383 3275 3452 gravius
3302 3381 3459 3437 inve-

1871 3481 2009 3546 nire,
2043 3494 2148 3549 quo
2196 3478 2498 3532 vindicaret
2543 3479 2594 3532 in
2624 3479 2881 3548 perfidos.
2930 3479 3227 3534 Derclictus
3267 3491 3467 3547 expos—

1868 3573 2020 3638 tulat,
2041 3589 2138 3627 cur
2162 3572 2231 3627 ita
2269 3572 2506 3643 fugerint
2535 3571 2720 3625 salutis
2748 3558 3048 3636 auctorem,
3077 3568 3102 3608 ά
3133 3572 3284 3642 quasi
3314 3571 3462 3628 fene-

1865 3665 2030 3722 ratori
2084 3681 2177 3721 eos
2205 3665 2366 3721 alicui
2403 3665 2660 3719 Dominus
2709 3665 3045 3720 Vendidisset
3086 3665 3245 3736 digna
3277 3680 3455 3733 pinna.

1865 3757 2153 3815 Dowinum
2203 3760 2576 3829 relinquentes
2625 3757 2824 3815 habent
2877 3761 3020 3815 servi
3062 3759 3203 3832 quod
3227 3759 3459 3830 amplius

1867 3870 2025 3924 quam
2060 3853 2295 3908 carceris
2330 3868 2516 3922 pinnas
2545 3863 2596 3908 et
2617 3853 2827 3906 vincula
2854 3854 3238 3908 reformident:
3263 3853 3462 3910 habent

1868 3947 2021 4001 liberi
2047 3947 2187 4017 quod
2221 3955 2447 4017 paveant
2474 3963 2569 4015 pro
2604 3946 2866 4001 libertatis
2897 3947 3123 4001 incuria.

1894 4041 2097 4112 1'60].
2111 4041 2196 4095 39..
2217 4041 2388 4096 Simul
2414 4041 2540 4094 illud
2561 4040 2800 4108 adverte,
2825 4041 2967 4110 quod
2988 4039 3251 4095 feneratio
3266 4055 3464 4108 prmva-

1866 4133 2141 4187 ricatonis
2169 4133 2388 4188 materia
2409 4133 2645 4203 judicata
2677 4136 2778 4199 sit;
2810 4133 2951 4204 quod
2978 4133 3022 4188 is
3053 4133 3211 4188 facile
3240 4133 3463 4190 recedat

1867 4241 1895 4278 a
1925 4224 2154 4280 Domino
2175 4265 2191 4292 ,
2241 4227 2327 4296 qui
2360 4225 2652 4281 feneratori
2693 4242 2753 4281 se
2789 4227 3022 4296 potuerit
3052 4227 3309 4300 obligare.
3358 4227 3462 4285 Fe-

1867 4336 1968 4376 ttus
1998 4321 2142 4376 enim
2173 4319 2326 4375 radix
2358 4319 2653 4386 mendacii,
2693 4335 2853 4376 causa
2894 4321 3134 4390 perfidia:
3163 4330 3267 4378 est.
3320 4320 3459 4392 Ego,

1868 4416 2058 4487 inquit,
2088 4432 2176 4469 vos
2197 4431 2300 4469 non
2325 4416 2561 4481 vendidi;
2589 4415 2679 4470 sed
2705 4415 2926 4485 peccatis
2956 4416 3134 4471 vestris
3157 4416 3347 4470 uenditi
3378 4433 3462 4470 es-

1868 4509 1932 4564 tis
1958 4513 1977 4582 (
2007 4510 2144 4563 Ibid.
2176 4507 2219 4582 ).
2269 4509 2412 4580 Ergo
2438 4509 2526 4580 qui
2557 4526 2614 4563 se
2644 4508 2939 4565 feneratori
2981 4510 3206 4581 obligat,
3247 4510 3362 4580 ipse
3399 4524 3463 4565 se

1866 4606 2084 4670 vendit;
2127 4612 2184 4659 et
2211 4602 2356 4675 quod
2401 4603 2552 4675 pejus
2595 4614 2701 4670 est,
2742 4604 2931 4660 vendit
2967 4620 3025 4662 se
3058 4621 3164 4661 non
3195 4621 3325 4674 aere,
3363 4603 3462 4661 sed

160 4697 509 4752 creditorem.
545 4697 710 4752 Instat
733 4740 747 4763 ,
784 4710 973 4768 urget,
1010 4699 1229 4754 addicit.
1267 4699 1400 4760 Mea.
1435 4699 1627 4770 inquit,
1660 4717 1759 4754 nu-
1789 4697 1842 4758 D
1867 4702 2044 4772 culpa.

165 4791 279 4846 triti
309 4793 534 4862 pecunia
559 4834 574 4859 ,
622 4810 719 4863 pro
750 4791 1006 4848 alimonia
1039 4795 1318 4848 servitium
1347 4802 1759 4864 recognoscant,

165 4901 263 4957 pro
307 4899 528 4956 sumptu
575 4885 926 4942 licitationem
955 4887 1204 4940 subeant.
1236 4886 1483 4956 Agitetur
1515 4886 1663 4940 hasm
1697 4889 1764 4942 de

169 4982 359 5049 pretiis
384 4982 745 5052 singulorum.
766 4980 880 5037 Non
907 4983 1176 5036 immerito
1207 4981 1353 5034 hasta
1386 4982 1635 5052 agitatur,
1673 4981 1761 5036 ubi

169 5084 330 5144 caput
361 5077 623 5144 queritur
649 5093 668 5148 _:
698 5092 804 5130 non
849 5075 1120 5130 innnerito
1149 5075 1213 5128 ad
1238 5076 1543 5129 auctionem
1571 5091 1765 5144 perve-

173 5167 318 5222 nitur
347 5211 362 5235 ,
414 5167 505 5222 ubi
536 5182 654 5224 sors
687 5169 944 5236 poscitur.
987 5169 1109 5223 llaec
1134 5179 1218 5222 est
1258 5167 1580 5222 feneratoris
1608 5169 1766 5222 inhu-

177 5263 423 5325 manitas,
458 5262 572 5317 ltarc
601 5262 865 5318 debitoris
895 5263 1161 5331 stultitia,
1194 5277 1244 5317 ut
1283 5262 1405 5317 filiis
1437 5263 1630 5334 quibus
1655 5280 1762 5318 non

179 5354 430 5426 relinquit
463 5358 780 5425 pecuniam,
833 5356 1136 5412 libertatem
1165 5355 1413 5420 auferat,
1465 5372 1563 5427 pro
1597 5365 1795 5442 testae

255 5505 277 5531 “
317 5494 517 5554 Omnes
547 5496 774 5559 edit.,ut
808 5507 1050 5563 parcatur
1071 5498 1268 5563 aliquid
1297 5497 1630 5552 verecundiae.
1655 5495 1766 5563 Ap-

185 5565 287 5640 tius
337 5584 486 5631 mss.,
537 5581 587 5623 ut
622 5579 952 5636 prwtexatur,
1002 5577 1106 5623 etc.
1140 5569 1545 5640 Consequenter
1585 5577 1763 5640 autem

185 5637 336 5691 Rom.
395 5641 548 5705 edit.,
602 5641 882 5708 dispendiis
929 5643 1209 5694 oneraverit
1253 5637 1528 5710 emptorem
1567 5660 1578 5694 :
1625 5639 1766 5694 haud

187 5713 346 5774 male,
380 5714 421 5764 si
451 5716 533 5767 vel
567 5731 702 5766 unus
733 5728 834 5767 ms.
874 5713 947 5764 illi
979 5714 1280 5768 accedi-ret.

261 5785 284 5824 Ῑι
328 5783 482 5838 linit).
505 5784 636 5841 edit.
666 5786 801 5849 Sola,
831 5786 1136 5855 graviusque
1162 5801 1310 5852 quam
1337 5786 1571 5840 servitus.

263 5859 524 5930 {Diones
546 5859 698 5924 edit.,
743 5856 1018 5930 furibundo
1050 5859 1233 5921 vultu;
1277 5872 1574 5928 omnesque
1613 5871 1771 5924 mss.,

197 5925 489 5994 pudibunda
517 5931 677 5985 vultu.

2465 4790 2708 4850 .CAPUT
2759 4790 2852 4850 IX.

1869 4889 2078 4944 Peccoti
2133 4888 2469 4959 feneratorem
2536 4888 2798 4944 diabolum
2852 4907 2997 4959 esse,
3051 4890 3138 4958 qui
3202 4887 3466 4945 Saluatori

1940 4986 2092 5040 etiam
2131 4984 2334 5039 divitias
2378 5001 2498 5038 suas
2536 4986 2841 5051 ostentarit;
2869 4986 2916 5041 ei
2946 4989 3283 5053 (cneratorem
3323 4984 3466 5038 haud

1943 5079 2268 5146 absimilem;
2314 5090 2466 5149 atque
2507 5079 2694 5135 ibidem
2739 5080 2802 5135 de
2845 5081 3119 5135 centesima
3166 5095 3358 5146 usurw,
3404 5096 3467 5134 ac

1945 5175 2222 5228 centesima
2263 5192 2353 5230 ore
2375 5193 2395 5243 ;
2442 5177 2601 5248 deque
2644 5176 2910 5232 creditoris
2955 5176 3162 5230 nomine
3199 5175 3336 5247 quod
3370 5173 3468 5230 sibi

1943 5266 2159 5336 imponit
2187 5282 2335 5322 verus
2363 5280 2595 5325 exactor.

1942 5359 2030 5416 33.
2072 5359 2204 5428 Quis
2233 5361 2332 5416 iste
2368 5364 2574 5430 peccati
2605 5370 2690 5419 est
2718 5361 3016 5431 fenerator,
3051 5361 3156 5416 nisi
3197 5359 3465 5430 diabolus,

1943 5498 1971 5535 ά
2012 5499 2107 5554 Hie
2127 5511 2237 5558 vet.
2263 5503 2392 5560 edit.
2423 5519 2487 5558 ac
2529 5502 2684 5558 Rom.
2717 5501 2771 5559 in
2803 5519 2870 5560 eo
2921 5513 3128 5560 tantum
3174 5503 3466 5568 dissident,

1872 5573 2014 5640 quod
2063 5573 2171 5627 illae
2222 5581 2418 5629 omissa
2462 5591 2612 5639 voce,
2661 5593 2764 5641 eos,
2797 5591 3017 5632 se-isuin
3067 5593 3174 5632 non
3210 5577 3309 5630 nisi
3346 5585 3467 5645 post.

1873 5657 2087 5709 Vocem,
2113 5647 2477 5715 relinquentes,
2505 5648 2815 5701 ttbSﬂl\‘UItt.
2849 5649 2977 5702 Mss.
3008 5665 3142 5703 vero
3170 5650 3222 5702 in
3258 5649 3469 5715 punctis

1878 5715 2104 5782 ligendts
2129 5733 2312 5786 parum
2355 5727 2667 5772 constantes
2691 5758 2710 5785 ,
2745 5718 2943 5774 habent
2981 5735 3190 5785 vocem,
3215 5738 3320 5787 eos,
3345 5736 3468 5774 cum

1879 5788 2009 5842 edit.
2042 5787 2198 5842 Rom.
2227 5790 2385 5844 Solus
2412 5789 2566 5842 Colh.
2595 5790 2663 5843 ita
2694 5791 2872 5845 locum
2903 5789 3127 5845 exhibet
3151 5791 3331 5846 forsan
3365 5808 3472 5846 non

1884 5862 2056 5935 ti_iab--_,_
2077 5863 2217 5935 quasi
2260 5861 2538 5935 [erieratori
2562 5878 2842 5918 eos........
2878 5863 3142 5918 dominum
3178 5865 3473 5935 relinquen-

1886 5931 1971 5984 tis.
2004 5931 2211 5988 Habent
2235 5933 2386 5999 servi,
2416 5946 2522 5988 etc.
