4066 6360
566 229 668 296 711

1923 227 2170 292 SANCTI
2209 223 2534 290 AMBROSll

3807 219 3900 284 τῖε

567 368 594 406 a
619 369 724 424 quo
757 353 868 408 Eva
903 362 1138 410 muluata
1173 365 1449 424 peccatum
1481 353 1730 410 obnoxia:
1767 353 2152 418 succesuonis,
2181 355 2234 414 Α
2261 353 2358 408 bus
2385 351 2666 418 duriores;
2691 351 2942 424 quoniam
2969 365 3136 422 quem
3161 363 3266 412 vos
3299 349 3537 414 tenetis,
3559 359 3770 400 career
3801 365 3898 400 iam

569 449 746 500 usuris
773 445 1102 502 du-feneravit
1133 463 1293 500 nume
1335 462 1506 516 genus
1547 446 1836 500 lmntauutn
1887 447 1904 514 (
1941 444 2058 500 Vid.
2093 446 2152 500 δ.

573 538 786 610 August.
835 539 924 594 lib.
955 549 1127 596 tcont.
1173 537 1286 594 Jul.
1339 537 1548 610 Pelag,
1597 557 1714 608 cap.
1758 541 1792 596 5
1822 539 1872 608 )ἳ
1921 539 2160 608 Denique

569 631 719 700 quasi
774 635 944 686 malus
999 631 1266 687 fenerator
1310 631 1724 702 chirographum
1773 631 1964 688 tenuit.
2017 630 2160 701 quod

571 734 753 792 postea
805 722 1066 784 Dominus
1107 739 1204 778 suo
1251 739 1444 780 ernore
1485 724 1706 778 delevit.
1763 723 1978 778 Etenim
2019 721 2160 792 quod

569 817 761 872 mortis
783 827 898 872 erat
923 818 1182 888 scriptum
1212 819 1472 888 apicibus.
1505 817 1686 872 debuit
1717 829 1888 872 morte
1918 815 2160 872 dissolvi.

565 909 862 970 Fenerator
890 927 1019 982 ergo
1048 911 1314 965 diabolus.
1357 911 1598 976 Denique
1630 911 1948 966 ostendi-bat
1979 910 2166 964 Salva-

567 1005 670 1060 tori
717 1005 933 1068 divitias
987 1021 1116 1060 suas
1155 1005 1344 1060 dicens
1377 1023 1389 1058 :
1422 1005 1547 1060 tlwc
1587 1005 1758 1058 omnia
1795 1003 1882 1058 tibi
1929 1002 2090 1072 dabo,
2121 1003 2166 1054 si

567 1097 836 1168 procidens
866 1099 1162 1152 adoraucris
1191 1115 1268 1150 me
1295 1097 1314 1170 (
1351 1097 1536 1151 Matth.
1571 1113 1641 1164 Iv,
1673 1099 1704 1150 9
1811 1095 1878 1150 At
1905 1112 2032 1150 Vero
2065 1095 2168 1150 Do-

570 1191 748 1243 minus
777 1191 898 1242 :t-ris
927 1192 1134 1244 solutor
1157 1191 1344 1252 alieni,
1377 1191 1510 1244 nihil
1540 1191 1638 1256 ipsi
1679 1189 1931 1254 debebat,
1960 1189 2048 1260 qui
2073 1205 2168 1258 po-

571 1292 706 1336 terat
737 1283 922 1338 dict-re
950 1301 960 1334 :
993 1282 1124 1336 Ecce
1154 1284 1285 1336 venit
1315 1281 1473 1354 hujus
1509 1283 1685 1335 mundi
1729 1283 1998 1348 princeps,
2031 1293 2076 1335 et
2115 1283 2168 1336 in

570 1393 650 1430 me
675 1386 700 1412 ³
728 1395 878 1430 suum
915 1395 1018 1430 non
1061 1377 1252 1428 invenit
1285 1377 1414 1430 nihil
1451 1375 1650 1444 (Joau.
1681 1391 1802 1438 XIV,
1849 1377 1917 1430 5U
1953 1377 1990 1442 ).
2029 1373 2170 1428 Niltil

573 1472 828 1536 debebat,
861 1470 954 1524 scd
987 1470 1232 1524 Solvebat
1263 1487 1356 1538 pro
1381 1469 1656 1534 Ollllllbll‘,
1689 1469 1828 1522 sicut
1855 1469 1968 1532 ipse
1999 1473 2166 1522 testa-

575 1577 662 1624 tur
687 1565 872 1618 dicens
903 1584 916 1617 :
955 1564 1082 1632 Qua:
1123 1581 1222 1618 non
1253 1565 1422 1636 rapui,
1463 1577 1582 1618 tunc
1613 1561 1934 1620 exsolvebam
1977 1561 2168 1632 (Psal.

580 1673 769 1726 vam,
801 1659 832 1712 5

559 1757 563 1760 ’
651 1752 741 1806 54.
778 1750 915 1816 Quid
949 1751 1114 1803 distat
1139 1749 1335 1802 malitia
1363 1747 1519 1818 hujus
1543 1747 1800 1818 priiici,.is
1829 1745 2050 1800 mundi?
2071 1743 2175 1798 Fe-

580 1856 800 1900 nerator
835 1848 1074 1910 pecunia:
1095 1859 1252 1914 caput
1278 1843 1500 1912 obligat,
1529 1841 1555 1880 δ
1583 1860 1800 1896 manum
1829 1853 1999 1906 tenet,
2031 1849 2178 1894 sorte

525 1969 528 1972 -
581 1939 746 1993 dttcit.
780 1939 823 1994 0
853 1955 1045 1992 nomen
1079 1939 1230 1992 triste
1259 1939 1326 1992 de
1357 1937 1533 1991 dulci!
1571 1937 1834 1991 Dominus
1869 1951 2022 1988 ovem
2053 1949 2180 1988 Cen-

581 2029 830 2084 tesitnatu
867 2031 1142 2092 liberavit;
1175 2029 1259 2084 illa
1293 2033 1590 2084 centesima
1629 2029 1816 2082 salutis
1839 2070 1851 2090 ,
1889 2027 2002 2080 ba-c
2031 2043 2176 2078 utor-

579 2123 648 2176 tis
677 2135 790 2186 est;
826 2133 880 2176 et
911 2134 1054 2176 terra
1089 2124 1226 2176 b0na
1257 2123 1570 2184 contunlnm
1601 2121 1830 2174 fructum
1867 2119 2062 2172 reddit.
2087 2117 2180 2172 Vae

581 2215 646 2268 iis
689 2217 776 2282 qui
825 2215 1006 2268 dicunt
1059 2215 1200 2284 quod
1252 2231 1493 2268 antarmu
1545 2224 1648 2278 est,
1697 2213 1888 2278 dulce;
1941 2225 1994 2268 et
2035 2213 2176 2284 quod

579 2309 758 2370 doleo,
805 2309 1080 2364 amarum!
1123 2309 1260 2374 Quid
1301 2309 1536 2364 amarius
1565 2308 1934 2388 nsuratquid
1967 2308 2180 2362 dulcius

579 2403 782 2470 gratia?
832 2403 1022 2458 Nonne
1062 2403 1092 2455 b
1121 2419 1162 2458 Ic
1218 2404 1332 2471 ipso
1386 2417 1640 2457 sermone
1683 2417 1790 2470 quo
1825 2401 2178 2454 centesimam

581 2495 888 2562 appellant,
923 2510 1180 2550 reVot-are
1219 2494 1474 2548 deberent
1507 2496 1558 2546 in
1596 2492 1910 2547 memmium
1951 2491 2182 2546 Redem-

586 2595 818 2652 ptoretu,
864 2589 952 2656 qui
996 2586 1143 2641 venit
1191 2589 1540 2641 centesimam
1588 2601 1746 2640 ovem
1797 2585 2028 2650 salvare,
2073 2599 2178 2638 non

499 2679 856 2748 ..,perdere?

661 2771 750 2826 55.
793 2771 924 2839 Quis
967 2772 1183 2841 gravior
1221 2781 1442 2826 exactor
1479 2773 1596 2828 est?
1632 2771 1696 2826 Et
1739 2771 1841 2826 ltoc
1885 2772 2040 2827 tri~te
2078 2788 2178 2826 no-

589 2881 732 2920 men.
791 2866 1031 2934 [lenique
1073 2866 1330 2920 Dominus
1359 2868 1430 2920 ait
1459 2885 1472 2920 :
1499 2865 1735 2938 Populus
1780 2885 1944 2930 meus,
1976 2878 2182 2920 exacto-

583 2975 665 3012 res
707 2961 861 3024 uestri
908 2960 1328 3014 circumscribunt
1371 2978 1459 3014 vos
1493 2960 1664 3032 (Esui.
1715 2977 1804 3026 ιιι,
1853 2959 1980 3032 14).
2033 2962 2094 3016 Et
2129 2963 2178 3012 in

589 3051 877 3122 Evangelia
927 3053 1088 3106 babes
1114 3071 1126 3106 :
1155 3051 1288 3104 Dum
1332 3053 1476 3106 vadis
1505 3071 1618 3106 cum
1664 3052 1958 3106 adversario
1989 3063 2076 3106 tuo
2112 3053 2181 3104 ad

2259 447 2522 516 suscipit,
2573 459 2794 510 examor
2849 443 3118 510 absolvit;
3176 451 3542 512 peccatorum
3597 455 3734 494 reos
3793 455 3902 508 post

2263 547 2492 598 mortem
2523 553 2710 592 carcer
2738 539 2960 604 emittit,
2993 553 3090 592 vos
3123 535 3432 602 clauditis;
3477 534 3674 604 legum
3705 535 3902 588 severi-

2265 643 2374 688 tate
2401 634 2686 688 defuuctus
2723 631 3050 698 absolvitur,
3085 631 3246 686 Vobis
3291 637 3542 684 tenetur.
3599 625 3780 680 Certe
3827 629 3898 680 Lit:
3970 635 3971 698 ξ

2264 741 2464 784 sortem
2491 743 2644 786 suam
2669 729 2782 798 jam
2815 737 3148 782 memoratur
3187 725 3496 794 implesse;
3531 735 3652 776 non
3689 720 3898 774 invideo

2267 831 2470 884 tamen,
2517 823 2705 890 pignus
2735 831 2970 876 vestrum
3004 827 3310 874 reservate.
3355 815 3508 870 Nihil
3543 814 3798 870 interest
3829 817 3896 870 in-

2267 923 2351 968 tcr
2383 915 2542 968 funus
2571 923 2624 968 et
2651 913 2826 976 fenus,
2859 912 2986 968 nihil
3019 911 3162 966 inter
3197 919 3434 964 mortem
3473 907 3664 960 diStal
3705 917 3760 960 et
3793 922 3896 958 sor-

2270 1015 2376 1060 tem
2413 1030 2424 1057 :
2457 1017 2732 1076 pet-Sonat,
2775 1011 3030 1076 personat
3059 1004 3344 1058 funebrem
3385 999 3676 1054 ululatum
3713 999 3898 1052 teucris

2269 1115 2450 1154 usura.
2493 1097 2644 1153 Nunc
2675 1113 2798 1151 Vere
2828 1107 2849 1135 ε
2875 1098 3050 1164 capite
3081 1097 3326 1150 minutus
3357 1103 3444 1148 est
3485 1106 3670 1162 quem
3705 1105 3896 1144 £01th-

2273 1192 2430 1258 nitis;
2473 1191 2972 1246 vehementioribus
3011 1197 3194 1242 tamen
3243 1187 3492 1241 nexibus
3533 1183 3808 1254 alligate,
3847 1201 3895 1238 ne

2273 1287 2482 1342 vincula
2513 1295 2693 1340 vestra
2731 1300 2838 1340 non
2875 1285 3074 1340 sentiat
3101 1301 3114 1336 :
3147 1283 3322 1336 durus
3358 1293 3414 1336 et
3443 1279 3680 1350 rigidus
3709 1291 3798 1334 est
3823 1280 3892 1334 dt-

2276 1380 2440 1444 bitur,
2463 1389 2518 1432 et
2541 1379 2630 1448 qui
2661 1393 2765 1432 nou
2795 1379 2906 1448 jam
2933 1376 3146 1432 noverit
3171 1375 3538 1430 erubescere.
3569 1371 3768 1428 Unum

2275 1485 2358 1528 ρει
2400 1475 2540 1540 quod
2575 1491 2677 1527 non
2711 1475 2900 1528 timere
2931 1471 3188 1542 possitis,
3235 1471 3360 1542 quia
3393 1483 3646 1538 poscere
3677 1483 3794 1528 nun
3821 1485 3882 1522 uc-

2275 1567 2352 1622 \'it
2381 1569 2656 1620 alimenta.

2348 1662 2438 1716 Ξῖ.
2479 1661 2622 1716 Jussi
2669 1659 2832 1730 igitur
2871 1659 3037 1714 levari
3077 1672 3316 1726 corpus,
3355 1665 3413 1710 et
3455 1655 3532 1712 ad
3573 1654 3876 1710 fenei-alarii

2205 1747 2254 1816 B
2281 1757 2498 1810 domum
2529 1759 2906 1820 exsequiarum
2935 1754 3184 1808 ordinem
3209 1753 3336 1808 duci
3361 1767 3382 1806 :
3401 1751 3504 1806 sed
3525 1753 3710 1806 etiam
3741 1751 3866 1804 inde

2282 1849 2588 1904 clausorum
2639 1849 2842 1916 mugitu
2869 1848 2991 1902 talin
3029 1847 3422 1916 personabant.
3459 1845 3543 1904 lbi
3585 1860 3814 1916 quoque
3833 1863 3866 1896 τε

2283 1957 2384 1996 nus
2415 1957 2536 1996 esse
2577 1942 2852 2008 crederes,
2885 1941 2954 1994 ibi
2985 1951 3226 1994 mortuos
3271 1939 3464 2010 plangi
3505 1953 3748 2012 putares
3775 1959 3789 1992 :
3813 1957 3876 1992 ne:

2281 2033 2504 2088 fallebat
2551 2033 2842 2096 Sententia,
2893 2033 2994 2088 nisi
3031 2033 3172 2102 quod
3215 2033 3402 2098 plures
3453 2035 3764 2087 constabat
3801 2033 3876 2084 illa:

2283 2143 2405 2182 esse
2458 2127 2769 2184 morituros.
2827 2125 3008 2182 Victus
3051 2126 3332 2196 religionis
3379 2126 3794 2180 consuetudine
3823 2123 3878 2178 ie-

2283 2220 2544 2292 neratnr(
2575 2236 2696 2274 nam
2727 2219 2854 2272 alibi
2879 2218 3082 2284 suscipi
3115 2221 3348 2287 pignora
3377 2219 3562 2272 etiam
3593 2217 3694 2272 iSIa
3721 2217 3876 2270 «licun-

2285 2313 2393 2384 ιυι)
2425 2325 2574 2382 rogat
2607 2321 2664 2368 ut
2698 2313 2762 2368 ad
2799 2314 2988 2366 tutunli
3029 2313 3204 2366 locum
3237 2311 3502 2380 reliquiae
3551 2310 3864 2370 deierantur;

2284 2416 2410 2461 tunc
2455 2417 2660 2460 tantum
2696 2407 2800 2460 vidi
2842 2405 3104 2460 humanos
3145 2405 3502 2460 feneratores
3535 2405 3734 2476 gravari
3765 2419 3860 2462 me;

2285 2511 2462 2554 tanien
2503 2517 2604 2570 ego
2633 2515 2818 2556 comm
2851 2499 3242 2552 humanitatem
3275 2500 3674 2554 memorabam
3701 2497 3870 2568 prospi-

2283 2608 2432 2654 cere,
2483 2609 2551 2646 ne
2582 2603 2770 2663 postea
2802 2607 2860 2646 se
2901 2597 3258 2662 quererentur
3295 2587 3602 2646 fraudatos
3633 2605 3766 2652 esse,
3800 2591 3870 2640 do-

2284 2701 2385 2740 nec
2417 2687 2616 2740 feretro
2645 2687 2785 2740 colla
2817 2685 3074 2753 subjecti,
3121 2685 3218 2754 ipsi
3251 2682 3588 2738 defuntcum
3621 2685 3688 2738 ad
3729 2682 3869 2752 sepul-

2283 2795 2374 2835 cra
2401 2779 2750 2848 tit-ducerent,
2795 2779 3028 2850 graviori
3075 2792 3310 2834 maerore
3349 2777 3642 2838 deflentes
3671 2775 3868 2848 pecuni:

2284 2891 2396 2930 sua:
2428 2875 2608 2930 funus.

2899 3009 3128 3066 CAPI‘T
3169 3009 3260 3065 XI.

585 3149 962 3218 magistratum,
993 3148 1060 3199 da
1087 3164 1291 3219 operam
1319 3146 1400 3200 lib.
1423 3147 1527 3200 ruri
1557 3147 1620 3200 ab
1648 3149 1780 3212 illo;
1813 3165 1874 3200 uc
1899 3146 2032 3217 forte
2057 3163 2176 3216 per-
2207 3144 2252 3206 C
2289 3126 2460 3183 U-‘m'a
2503 3128 2656 3180 θίίσίπ
2698 3127 2762 3179 ab
2799 3125 3110 3180 "(caloribus
3148 3126 3394 3200 “igitur.
3437 3142 3676 3195 quam"!
3703 3124 3862 3219 ίη-ιεκ

584 3243 732 3294 ducat
765 3250 811 3295 te
847 3243 914 3293 ad
941 3241 1187 3306 judicent,
1233 3251 1279 3294 et
1321 3240 1490 3312 judux
1536 3242 1704 3294 tradat
1758 3253 1804 3294 te
1844 3243 2094 3306 exartori,
2135 3250 2182 3294 et

582 3345 792 3388 exactor
827 3335 992 3387 mittat
1033 3345 1078 3387 te
1107 3335 1158 3386 in
1201 3351 1458 3388 carcerem
1502 3337 1520 3404 (
1553 3333 1680 3388 Luc.
1731 3351 1840 3394 xu.
1889 3333 2018 3408 58).
2051 3334 2183 3402 Quis

584 3429 689 3482 iste
721 3429 788 3482 sit
813 3439 1034 3482 exactor
1061 3443 1314 3496 agnosce,
1361 3431 1450 3498 qui
1483 3430 1644 3482 etiam
1675 3429 2028 3482 novissimum
2052 3445 2182 3498 qua-

587 3521 831 3576 drantem
859 3524 1044 3591 exigit,
1093 3533 1140 3576 ct
1179 3521 1318 3576 idt'lll
1353 3538 1412 3576 se
1449 3523 1772 3577 creditorem
1805 3534 1990 3584 vocat,
2023 3535 2184 3591 atque

581 3615 638 3669 in
672 3617 770 3670 boc
815 3617 977 3668 etiam
1019 3615 1236 3668 nomine
1267 3615 1508 3669 fraudem
1553 3613 1721 3669 facit:
1767 3625 1822 3668 ut
1863 3616 1952 3684 qui
1990 3613 2184 3670 veneni

586 3711 774 3779 pocula
808 3711 969 3766 melle
999 3711 1158 3766 illiuit
1184 3754 1197 3775 ,
1233 3721 1286 3765 ut
1317 3711 1419 3765 Sul)
1448 3723 1600 3779 grato
1629 3709 1797 3765 odore
1823 3727 1966 3763 mors
1997 3710 2180 3776 lateat,

582 3819 744 3874 atque
772 3803 902 3859 illita
931 3805 1115 3859 colicis
1141 3821 1237 3859 ora
1269 3813 1373 3858 vim
1407 3804 1614 3859 fraudis
1656 3805 2010 3860 abScondaut.
2049 3803 2182 3858 Cre-

581 3899 727 3954 ditor
771 3899 1082 3970 prietexitur
1109 3903 1258 3972 quasi
1295 3901 1504 3968 fidelis;
1547 3914 1600 3956 et
1646 3902 1798 3972 quasi
1843 3900 2177 3966 incredulus,

583 3995 648 4050 ad
678 4011 835 4066 quem
865 3995 1038 4051 ﬁdelis
1068 3999 1411 4068 oppignorat.

1047 4130 1458 4203 meum
1499 4129 1568 4188 Χ.

584 4239 934 4311 Feneratoris,
975 4261 1036 4299 ne
1065 4246 1311 4299 debitoris
1333 4246 1552 4302 cadaver
1579 4246 1646 4301 ad
1677 4248 1993 4316 sepulturam
2031 4243 2182 4314 e/fer-

997 4349 1160 4406 retttr,
1187 4339 1501 4412 prohibentis
1531 4343 1770 4398 historia.

655 4453 742 4508 56.
785 4453 1006 4524 Quoties
1043 4457 1150 4510 vidi
1185 4475 1210 4508 a
1246 4457 1642 4532 feneraturibus
1683 4459 1853 4512 teneri
1897 4457 2180 4511 defunctos

2355 3221 2498 3275 varia
2523 3225 2728 3288 fortuna
2757 3229 2848 3286 est,
2873 3219 2963 3274 sed
2989 3221 3184 3272 lucrum
3213 3219 3344 3271 Crdtl
3376 3221 3692 3284 feneratori.
3729 3216 3864 3279 "nisi

2355 3319 2408 3368 in
2449 3315 2568 3368 illos
2606 3323 2800 3384 quanta
2843 3315 3110 3384 tyrannis,
3155 3323 3202 3365 et
3237 3327 3352 3383 qua:
3393 3312 3542 3384 leges
3587 3313 3860 3366 aleatorum.

2355 3405 2622 3461 Postremo
2663 3406 2996 3460 barbarorum
3036 3405 3378 3476 quorumdam
3427 3409 3592 3472 [uror
3637 3407 3688 3458 iu
3727 3405 3854 3456 atrata

2355 3501 2684 3556 describitur.

2355 3617 2445 3672 58.
2489 3613 2648 3672 Aliud
2691 3630 2796 3668 non
2841 3612 3066 3668 minoris
3107 3611 3424 3666 acerbitatis
3471 3613 3716 3684 accipite.
3753 3607 3834 3661 0b-

2282 3721 2498 3764 servaut
2557 3707 2642 3762 isti
2693 3708 2994 3764 aleatorum
3036 3705 3453 3770 conventicula,
3508 3717 3566 3760 et
3621 3701 3828 3774 tardantis

2283 3817 2577 3858 :crmunant
2613 3801 3052 3856 eouunoditatent
3097 3815 3249 3852 suam
3286 3797 3544 3868 indit-ant
3579 3817 3594 3853 :
3625 3799 3838 3864 spondent

2285 3913 2380 3968 pro
2409 3897 2655 3968 singulis.
2685 3894 2876 3950 Varios
2907 3895 3077 3966 primo
3106 3909 3227 3946 sors
3259 3893 3392 3948 lttdit
3422 3905 3674 3958 eventus,
3699 3891 3758 3944 ad
3781 3889 3842 3938 iii-

2283 4005 2472 4047 versos
2507 4005 2654 4060 swpe
2689 3987 3012 4042 transfertur
3049 3987 3302 4052 victoria,
3349 3986 3724 4056 stipendiaque
3753 3981 3844 4048 ejus

2283 4085 2516 4138 vicissim
2548 4093 2706 4152 atque
2738 4097 2976 4134 ειιιύιιιιιει
3019 4090 3296 4134 mutantur
3330 4100 3341 4132 :
3373 4095 3568 4133 omnes
3599 4081 3846 4132 vincuntur

2283 4189 2338 4236 et
2393 4179 2648 4242 vincunt,
2699 4175 2972 4230 fenerator
3019 4177 3168 4228 Solus
3218 4174 3448 4243 acquirit
3481 4191 3494 4226 :
3529 4187 3692 4244 penes
3737 4170 3848 4224 alios

2283 4276 2442 4328 inane
2469 4287 2664 4326 nomen
2706 4270 2848 4340 quod
2895 4267 3146 4332 vicerint,
3189 4251 3353 4338 pet-es
3399 4266 3750 4322 feneratorem
3777 4277 3848 4317 εο-

2283 4368 2392 4420 lum
2425 4367 2628 4420 frui-tus
2655 4374 2758 4426 est,
2795 4380 2898 4416 non
2931 4377 3166 4426 annuus,
3199 4361 3292 4415 sed
3332 4363 3744 4422 momentarius;
3787 4357 3846 4410 illi

2285 4461 2381 4514 Soli
2411 4458 2608 4513 faciunt
2633 4457 2843 4512 lucrum
2875 4457 2926 4512 in
2953 4457 3192 4510 omnium
3222 4455 3574 4516 detrimento,
3621 4454 3718 4506 tllis
3739 4451 3848 4506 solis

581 4562 678 4616 pro
723 4547 964 4618 pignore,
1011 4557 1066 4604 et
1097 4551 1277 4620 negari
1317 4553 1600 4617 tumulum,
1648 4553 1773 4605 dum
1822 4549 1977 4604 fenus
2013 4565 2178 4617 expo-
2205 4539 2258 4599 D
2283 4569 2362 4609 est
2404 4563 2428 4590 ε
2461 4567 2626 4606 usura
2665 4549 2930 4606 victoriae.
2976 4548 3169 4602 Vide-as
3211 4545 3450 4617 reliquos
3491 4545 3666 4600 Subito
3708 4559 3848 4610 egen-

577 4643 788 4698 scitur?
817 4643 1026 4712 Qubus
1055 4659 1154 4714 ego
1184 4646 1425 4716 acquievi
1465 4647 1729 4706 libenter.
1765 4653 1822 4698 ut
1847 4659 2000 4698 suum
2039 4659 2170 4697 con-

575 4738 908 4806 stringereut
938 4738 1261 4804 debitorem,
1309 4751 1364 4791 ut
1394 4739 1569 4794 elueto
1599 4754 1686 4804 eo,
1733 4738 2017 4806 lidcjussor
2049 4751 2173 4790 eva-

573 4831 760 4896 deret;
807 4832 888 4886 bzc
915 4847 1041 4888 sunt
1068 4831 1212 4886 enim
1249 4832 1566 4887 feneratoris
1597 4833 1760 4904 lvgt-s.
1803 4833 1916 4886 Dixi
1951 4835 2169 4902 itaque:

575 4924 616 4980 Τ
621 4935 775 4981 enete
804 4943 952 4981 reum
987 4935 1258 4992 vestrum;
1312 4935 1367 4981 et
1400 4944 1465 4982 ne
1495 4928 1645 4981 vobis
1673 4929 1842 4996 possit
1875 4927 2037 4989 elabi,
2068 4925 2168 4980 do-

573 5036 717 5076 mum
749 5021 948 5086 ducite,
996 5021 1234 5077 claudite
1267 5021 1317 5076 in
1355 5021 1607 5076 cubiculo
1641 5027 1847 5085 vestro,
1897 5019 2168 5075 carnifici-

640 5211 666 5239 κ
705 5200 907 5257 Omnes
937 5202 1069 5257 cdit.
1103 5218 1165 5257 ac
1197 5217 1328 5256 mss.
1362 5199 1585 5264 alitum,
1615 5215 1760 5252 suum
1791 5197 1922 5252 nihil
1952 5199 2159 5252 invenit.

567 5273 918 5344 Atttiqntores
945 5290 1096 5334 Vero,
1126 5290 1276 5332 suum
1305 5288 1406 5326 non
1441 5269 1822 5344 iuuenit_uihtl.
1859 5271 2026 5336 Quam
2057 5271 2165 5344 lec-

568 5340 768 5400 tionem
801 5347 1117 5401 Ambrosius
1146 5347 1382 5414 explicat
1409 5343 1500 5397 lib.
1531 5341 1600 5396 de
1627 5341 1768 5412 Fuga
1798 5344 2003 5406 saeculi,
2026 5356 2076 5395 c.
2104 5340 2161 5408 4,

567 5433 718 5474 nutu.
747 5417 837 5472 ‘24.
1435 5426 1437 5428 ‘

637 5485 668 5526 δ
709 5488 924 5543 illituum
949 5498 1100 5556 tenet,
1133 5485 1188 5541 id
1217 5497 1301 5542 est
1323 5485 1684 5556 syngrapham
1713 5483 1976 5539 debitoris
2003 5499 2163 5538 manu

568 5561 947 5627 subscriptam.

645 5642 664 5668 ο
707 5626 882 5698 Capite
901 5633 1148 5694 ntiuuttts,
1181 5631 1286 5684 hoc
1315 5640 1418 5690 est.
1452 5628 1748 5684 nobilitatis
1767 5626 2009 5698 dcjeetus
2035 5643 2161 5695 gra-

569 5702 674 5830 (ἆυ.
730 5697 888 5770 atque
936 5705 989 5758 in
1047 5703 1382 5772 plebeiorum
1435 5699 1712 5754 hominum
1775 5697 2020 5753 ordinem
2073 5715 2160 5752 re-

611 5781 785 5828 actus.

611 5781 785 5828 actus.

2281 4657 2383 4712 tcs,
2418 4655 2640 4714 repente
2669 4643 2885 4706 divites,
2917 4641 3114 4696 deinde
3145 4641 3316 4692 nudus
3337 4679 3350 4700 ,
3382 4638 3610 4708 singulis
3635 4635 3847 4706 jactittus

2279 4749 2476 4794 statum
2725 4743 3016 4794 tt‘tttuttttGS.
3061 4731 3320 4786 Versatur
3349 4730 3493 4785 enim
3523 4745 3700 4784 eorum
3735 4729 3842 4789 vita,

2281 4845 2339 4891 ut
2369 4847 2608 4898 tessera;
2657 4833 2888 4886 volvitur
2925 4845 3122 4885 census
3161 4831 3213 4882 in
3255 4827 3458 4896 tabula,
3509 4826 3567 4880 fit
3605 4825 3747 4878 ludus
3789 4825 3844 4876 de

2278 4929 2546 5000 periculo,
2581 4935 2636 4981 et
2662 4925 2727 4980 de
2753 4925 2879 4979 ludo
2919 4921 3216 4992 periculum
3247 4939 3264 4980 :_
3293 4930 3422 4991 quot
3451 4918 3838 4998 propositiones,

2279 5027 2358 5078 tot
2387 5019 2832 5094 proscriptiones.
2875 5017 3092 5082 Clamor
3139 5013 3529 5088 plaudentiunt,
3581 5011 3724 5072 ﬂetus
3763 5009 3839 5064 de-

2341 5197 2367 5236 d
2409 5200 2566 5254 Rom.
2611 5197 2770 5262 edit.,
2814 5199 3108 5253 clausorum
3138 5200 3359 5268 mugitus
3396 5199 3466 5252 ad
3489 5199 3596 5252 alta
3627 5211 3834 5262 persona-

2272 5272 2413 5324 bant.
2469 5276 2532 5323 At.
2585 5272 2869 5325 nobiseum
2901 5281 3012 5325 vel.
3043 5271 3175 5325 edit.
3217 5283 3270 5325 et
3311 5285 3442 5324 mss.
3491 5271 3830 5329 consentiunt,

2273 5335 2372 5396 nisi
2419 5343 2562 5412 quod
2611 5343 2717 5396 illa!
2761 5344 3044 5410 scriptoris
3090 5343 3220 5396 vitio
3269 5359 3385 5410 pro,
3413 5345 3720 5402 clausorum,
3747 5343 3828 5404 ba-

2271 5414 2422 5478 bent,
2449 5417 2769 5479 pluuiarum.
2803 5413 2973 5468 Porro
2997 5423 3117 5484 post
3145 5429 3321 5474 Voces,
3351 5415 3478 5467 talia
3503 5412 3824 5482 personabant,

2272 5487 2483 5540 videtur
2529 5485 3069 5558 subintelligendutu,
3111 5485 3287 5555 qualia
3315 5485 3370 5538 in
3395 5484 3640 5554 exsequiis
3679 5496 3828 5550 perso-

2271 5568 2392 5610 nam
2399 5597 2412 5609 .

2346 5639 2368 5664 ι’
2407 5629 2608 5710 Omnes
2625 5628 2795 5710 .edit.,
2819 5645 2992 5684 usurae
3009 5629 3244 5696 uictoria;
3273 5643 3404 5684 mss.
3439 5631 3548 5684 fere
3571 5625 3634 5682 ad
3661 5637 3819 5686 unum,

2270 5717 2429 5755 usura
2455 5711 2702 5754 victorum.
