4066 6360
620 346 726 401 775

618 478 754 533 quos
801 463 1307 532 eooiprelienderit,
1341 462 1504 533 ligat,
1530 463 1649 517 solo
1691 463 1870 532 capite
1918 463 2214 518 iuterlicit:

618 559 767 610 salvo
817 560 1024 627 capite,
1067 561 1227 612 etiam
1270 558 1314 612 si
1363 557 1571 628 reliqua
1616 573 1738 628 pars
1770 557 1886 626 ejus
1923 557 2212 628 dilapidata

617 651 801 719 fuerit,
834 655 1128 709 reviviscit.

686 746 777 800 42.
821 747 1041 802 Diversa
1069 764 1284 818 quoque
1316 749 1664 817 serpentibus
1691 758 1818 802 sunt
1854 747 2212 803 conveniendi

616 845 670 894 et
693 839 1020 906 parturiendi
1051 849 1291 910 tempora
1319 859 1331 894 :
1365 846 1585 910 pecunia
1627 841 1865 895 leuebris
1893 857 1920 891 a
1948 839 2036 894 die
2069 841 2214 894 iniu:

616 934 995 989 conventionis
1021 935 1394 991 crescentibus
1421 937 1590 1005 serpit
1623 938 1799 989 usuris
1819 976 1835 1002 ,
1865 951 1983 1005 qua:
2028 947 2210 1004 partu-

615 1026 723 1082 rire
764 1042 872 1081 non
921 1027 1112 1093 novit;
1166 1032 1288 1099 quia
1340 1028 1562 1083 dolores
1612 1029 1781 1095 magis
1825 1028 1934 1098 ipsa
1984 1028 2034 1082 in
2078 1027 2217 1082 alios

616 1119 966 1176 transfundit.
1014 1122 1091 1177 Ibi
1119 1122 1337 1176 dolores
1368 1134 1424 1176 ut
1453 1124 1835 1193 parturientis;
1874 1121 2012 1174 unde
2053 1122 2213 1174 etiam

613 1215 794 1277 τόκους
824 1215 999 1272 Grtnci
1031 1216 1443 1287 appellaverunt
1477 1232 1668 1270 usuras
1689 1256 1704 1280 ,
1734 1232 1800 1270 eo
1828 1215 1968 1285 quod
2000 1215 2215 1269 dolores

615 1319 800 1377 partus
847 1309 1043 1364 anima:
1083 1310 1349 1366 debitoris
1378 1311 1617 1365 excitare
1649 1311 1952 1364 videantur.
1984 1307 2214 1364 Veniunt

616 1400 896 1470 kalendze,
938 1407 1073 1474 parit
1131 1421 1252 1460 sors
1297 1405 1650 1459 centesimam
1685 1423 1696 1457 :
1733 1403 1950 1458 veniunt
2000 1419 2216 1458 menses

621 1483 840 1572 singuli,
868 1513 1199 1572 generantur
1227 1518 1428 1570 usurm,
1469 1501 1734 1556 malorum
1764 1512 2043 1570 parentum
2078 1500 2216 1554 mala

617 1596 823 1666 proles.
855 1596 980 1652 Haac
1006 1605 1092 1652 est
1116 1596 1396 1668 generatio
1428 1597 1751 1666 viperarum.
1781 1596 1963 1650 Crevit
1985 1593 2217 1652 centesi-

618 1706 738 1759 ma,
769 1693 972 1761 petitur
1013 1707 1112 1746 nec
1154 1693 1405 1756 solvitur,
1439 1692 1740 1761 applicatur
1767 1690 1832 1744 ad
1863 1703 2085 1744 sortem.
2133 1687 2219 1742 Fit

619 1784 964 1840 maledictum
994 1784 1157 1857 605
1190 1784 1562 1856 propheticum
1598 1785 1616 1857 (
1642 1783 1736 1838 Ps.
1768 1800 1878 1850 LIV,
1924 1781 2037 1854 I32),
2058 1781 2215 1837 dolus

1971 345 2217 400 SANCTI
2257 343 2584 402 AMBROSII

3839 347 3935 401 776

2309 464 2586 534 prenilant
2611 462 2784 517 :‘cum
2811 462 3147 532 prenderint.
3178 472 3313 519 tunc
3338 463 3626 518 virescere
3652 461 3934 532 incipiunt,

2317 563 2505 627 postea
2539 554 2834 623 pullulare:
2871 567 2924 610 at
2957 572 3084 611 vero
3110 555 3343 626 pecunia
3381 555 3635 610 feuebris
3666 555 3755 610 vix
3787 557 3935 625 plau-

2317 650 2556 718 tatijam
2602 651 2847 719 pullulat.
2891 651 3113 707 Semina
3143 663 3392 721 tempore
3425 663 3782 722 erumpunt,
3829 653 3937 709 ani-

2315 743 2476 799 malia
2530 754 2772 812 tempore
2819 746 3060 814 pariunt:
3118 745 3344 818 Tempus
3383 747 3532 800 enim
3579 747 3857 816 pariendi,
3897 758 3936 802 et

2315 847 2514 906 ιειηριιδ
2545 839 2833 907 moriendi;
2876 851 3074 908 tempus
3115 841 3423 913 plantandi,
3472 850 3526 894 et
3569 850 3784 900 ternuit:
3817 843 3936 894 πάι

2316 934 2455 988 leudi
2484 936 2808 1006 plumatum;
2835 950 3031 1007 tempus
3058 936 3363 1002 occidendi,
3398 948 3448 991 et
3477 947 3695 1008 tempus
3724 937 3933 989 sanandi

2317 1029 2516 1102 (Ercle.
2558 1046 2636 1092 ιιι,
2666 1030 2701 1084 9.
2731 1043 2777 1084 et
2810 1031 2890 1094 ὅ).
2935 1031 2999 1085 Et
3028 1031 3204 1086 infra:
3258 1030 3487 1099 Tempus
3522 1029 3870 1097 acquirendi,
3898 1044 3933 1084 α

2317 1135 2516 1197 tempus
2539 1124 2820 1178 reddendi:
2846 1133 3045 1192 tempus
3067 1125 3420 1189 custodiendi,
3448 1135 3500 1178 et
3524 1135 3746 1192 tempus
3775 1127 3932 1192 apet-

2316 1216 2455 1271 leudi
2485 1216 2674 1287 (Ibid.,
2701 1217 2782 1287 6),
2816 1229 2871 1272 ut
2899 1218 3260 1273 Ecclesiastes
3278 1219 3386 1272 ait:
3419 1216 3671 1288 pecunia
3707 1215 3931 1271 fencbris

2317 1310 2476 1364 bodie
2513 1311 2830 1376 seminatur,
2869 1328 2997 1367 cras
3037 1311 3356 1368 lructilicat:
3402 1326 3637 1382 semper
3679 1310 3850 1380 parit,
3889 1323 3931 1364 et

2319 1419 2610 1475 numquam
2644 1404 2865 1459 interit:
2908 1420 3126 1474 semper
3164 1405 3476 1472 plantatur,
3508 1409 3606 1458 vix
3654 1404 3926 1458 evellztur.

2324 1496 2447 1551 Vult
2469 1513 2685 1567 semper
2709 1495 2986 1553 fenerator
3007 1498 3313 1568 acquirere,
3339 1513 3650 1567 numquam
3681 1499 3925 1568 perdere:

2319 1607 2615 1664 numquam
2644 1594 2918 1648 custodire
2958 1590 2982 1628 ἀ
3019 1593 3304 1659 pecuniam
3346 1608 3541 1659 suam,
3591 1607 3831 1664 semper
3856 1609 3925 1648 ex-

2321 1686 2554 1755 pellere:
2591 1701 2884 1757 numquam
2915 1701 3132 1750 sanare,
3161 1700 3380 1756 semper
3413 1684 3712 1740 occidere.

2389 1778 2482 1835 Η.
2530 1781 2593 1834 Et
2617 1781 2736 1849 quia
2762 1779 2937 1835 bonus
2964 1781 3029 1834 ad
3053 1779 3235 1835 omnia
3265 1779 3529 1850 magister
3578 1779 3917 1834 Ecclesiaste

613 1876 669 1934 in
699 1878 849 1947 dolo,
871 1895 1030 1934 usura
1057 1880 1284 1949 improbi
1309 1881 1536 1936 seminis
1555 1879 1726 1935 fetura
1747 1879 2011 1935 deterior.
2035 1878 2220 1948 Itaque
2248 1872 2296 1934 B
2326 1884 2348 1912 ε
2381 1875 2520 1930 liber
2549 1884 2633 1930 est
2675 1875 2984 1929 Salomonis
3011 1915 3024 1934 ,
3069 1873 3338 1944 paulisper
3369 1874 3473 1939 ipsi
3517 1873 3912 1928 inhaereamus;

618 1982 728 2029 non
777 1974 888 2044 jam
939 1976 1234 2030 centesima
1286 1975 1471 2043 incipit
1525 1990 1677 2037 esse,
1708 1973 1803 2029 sed
1846 1988 2085 2037 summa,
2115 1971 2217 2028 hoc

619 2076 736 2137 est,
766 2082 874 2124 non
914 2067 1118 2125 fenoris
1144 2070 1442 2124 centesima
1461 2110 1475 2135 ,
1502 2069 1598 2123 sed
1627 2068 1785 2122 fenus
1808 2067 2141 2123 centesimae.

1209 2205 1440 2264 CAPUT
1480 2205 1619 2262 XIII.

619 2321 805 2383 Usurae
846 2323 1207 2399 etymologiam
1243 2339 1554 2396 prosequens
1596 2320 1817 2376 ostendit
1853 2321 1998 2376 illam
2026 2319 2217 2386 lepori-

685 2419 778 2474 bus
821 2421 968 2493 ipsis,
1010 2437 1070 2474 ac
1107 2421 1298 2494 plantis
1343 2418 1652 2488 quibuslibet
1695 2417 2044 2489 fecundiorem
2084 2433 2211 2482 esse,

685 2514 1088 2585 feneratorisque
1110 2513 1351 2567 aviditate
1381 2527 1580 2566 omnem
1606 2511 1766 2564 aliam
1793 2509 2031 2580 superari
2056 2525 2073 2561 :
2101 2507 2215 2562 dein

689 2609 759 2662 ad
807 2610 1096 2682 institutam
1133 2624 1304 2662 usurte
1369 2623 1484 2661 cum
1514 2605 1864 2677 “animalibus
1927 2622 1988 2658 ac
2027 2603 2218 2675 plantis

694 2704 1129 2774 comparationem
1169 2702 1324 2756 redit.

693 2821 785 2877 45.
835 2819 1065 2877 Usuram
1097 2833 1311 2891 quoque
1339 2817 1407 2872 ab
1434 2833 1536 2874 usu
1563 2817 1796 2873 arbitror
1821 2815 2042 2880 dictam,
2073 2815 2216 2886 quod

2322 1969 2445 2024 Non
2467 1969 2739 2024 satiabitur
2769 1969 2980 2032 oculus,
3011 1967 3218 2036 inquit,
3251 1966 3506 2031 videndo,
3539 1978 3594 2020 et
3637 1983 3749 2020 non
3784 1969 3918 2021 satie-

2319 2063 2454 2117 bitur
2480 2062 2623 2115 auris
2652 2063 2830 2116 auditu
2862 2064 2878 2126 (
2907 2059 3050 2114 Eccl.
3084 2076 3120 2126 ι,
3152 2058 3218 2130 8)
3244 2075 3262 2113 :
3296 2074 3398 2113 nec
3430 2059 3734 2112 fenerator
3763 2060 3918 2122 exple

2320 2165 2406 2212 tur
2441 2156 2790 2226 accipiendo,
2829 2171 2928 2210 nec
2961 2155 3187 2210 allectus
3219 2153 3338 2224 ejus
3378 2153 3724 2224 quotidiana
3757 2171 3915 2208 nume-

2314 2252 2470 2308 randi
2512 2252 2639 2307 agris
2670 2251 2901 2307 satiatur
2941 2249 3144 2304 auditu.
3197 2249 3262 2303 Et
3291 2249 3554 2305 iterum:
3596 2248 3768 2304 Omne
3790 2251 3907 2318 quod

2316 2349 2436 2420 fuit,
2476 2349 2648 2417 ipsum
2691 2357 2766 2401 est
2797 2346 2937 2417 quod
2977 2345 3071 2398 erit
3108 2341 3300 2414 (Ibid.,
3325 2345 3419 2415 9):
3464 2343 3696 2398 Crescit
3721 2358 3906 2408 semper

2318 2443 2571 2514 pecunia,
2615 2438 2784 2493 otium
2819 2437 2991 2492 nescit
3038 2437 3289 2501 avaritia,
3322 2437 3502 2491 nescit
3543 2450 3712 2490 usura
3741 2435 3889 2489 ferias.

2324 2536 2534 2602 Omnes,
2566 2535 2740 2607 inquit
2759 2577 2772 2598 ,
2802 2543 3050 2588 torrentes
3076 2533 3266 2586 vadunt
3296 2532 3348 2585 in
3377 2549 3546 2600 mare,
3583 2545 3638 2587 et
3671 2550 3788 2586 mare
3813 2549 3896 2583 non

2319 2633 2635 2702 adimpletur
2680 2629 2883 2702 (Ibid.,
2930 2627 3022 2703 7).
3072 2628 3220 2684 Mare
3289 2630 3429 2683 istud
3479 2629 3772 2684 fenerator
3806 2638 3902 2683 est;

2320 2727 2562 2782 omnium
2585 2724 2750 2796 σω
2771 2722 3091 2795 patrimonia
3121 2732 3394 2793 tamquam
3423 2721 3636 2778 fluctus
3659 2721 3904 2784 absiiibet,

2323 2833 2378 2876 et
2409 2823 2524 2890 ipse
2553 2830 2724 2874 nescit
2753 2818 2991 2887 expleri.
3039 2817 3172 2872 Mari
3207 2825 3388 2871 tamen
3422 2816 3687 2888 plerique
3715 2827 3909 2871 utuntur

621 2923 680 2970 ιιι
723 2926 903 2969 νεδῐεε
943 2931 1076 2978 US".
1120 2913 1193 2968 ila
1235 2913 1414 2968 usuris
1455 2912 1778 2983 patrimonia
1812 2911 2148 2966 scindantur.
2191 2919 2218 2947 ⁸
2246 2921 2290 2985 C
2323 2915 2390 2971 ad
2415 2923 2679 2984 quiestum
2700 2954 2715 2978 ,
2745 2913 3054 2968 feneratore
3083 2925 3244 2966 nemo
3269 2912 3440 2966 utitur
3469 2912 3577 2966 nisi
3614 2912 3685 2966 ad
3718 2911 3907 2980 disiice.

617 3007 870 3081 Lugubre
894 3023 1034 3065 cene
1064 3008 1234 3078 prima
1257 3008 1437 3062 littera
1462 3016 1638 3061 sonat.
1669 3006 1900 3061 Parturit
1926 3019 2024 3060 vox
2055 3003 2214 3058 dolo-

617 3105 694 3159 ris
721 3113 832 3160 est:
875 3102 1003 3175 quid
1044 3102 1136 3159 tibi
1181 3111 1361 3174 potest
1399 3117 1523 3158 esse
1566 3101 1692 3157 boni
1720 3143 1734 3166 ,
1776 3101 1917 3173 quod
1959 3116 1988 3154 a
2027 3100 2217 3156 dolore

617 3198 808 3270 incipit
825 3208 879 3253 et
907 3199 978 3252 ab
998 3198 1366 3269 obligatione?
1390 3195 1416 3235 ιι
1443 3197 1681 3268 Lepores
1729 3199 1911 3252 lerunt
1949 3212 2215 3265 generare

618 3239 879 3270 ....,.,,...,.
907 3239 1359 3269 .....,....,.,.....,.....
1443 3239 1681 3268 ...,,,...ν.,
1730 3239 1911 3252 .........
1949 3239 2215 3265 0-..“-.-

613 3293 774 3348 simul
798 3301 854 3348 et
877 3291 1134 3357 educare,
1168 3302 1222 3347 et
1251 3293 1515 3347 continuo
1547 3292 1845 3359 parturire:
1883 3303 1903 3330 ε
1935 3291 2054 3344 isns
2081 3239 2249 3362 quo-1,

617 3400 724 3457 que
749 3385 1154 3456 anaglypltariis
1178 3401 1463 3440 usurarum
1491 3396 1784 3456 generatur
1805 3397 1860 3440 et
1884 3401 2213 3455 supergene-
2247 3407 2253 3422 ν

616 3491 769 3534 ratur
801 3494 998 3541 usura,
1026 3477 1300 3532 enutritur
1329 3492 1391 3532 ac
1423 3476 1683 3544 nascitur,
1713 3487 1768 3532 et
1797 3489 1918 3531 nata
1951 3480 2059 3544 jam
2091 3495 2213 3547 par-

614 3571 766 3628 turit.
808 3570 1040 3627 Radices
1066 3585 1282 3642 quoque
1308 3570 1571 3626 arborum
1605 3571 1781 3641 primo
1811 3572 2121 3642 plantantur
2154 3582 2211 3628 ut

692 3777 718 3806 ι
758 3765 904 3822 Edit.
937 3773 1050 3820 ant.
1076 3779 1201 3821 cum
1244 3779 1375 3819 mss.
1422 3765 1717 3826 nonnullis,
1768 3764 1982 3835 lugubre
2023 3775 2208 3821 caetera

619 3841 786 3909 prima
817 3839 986 3894 littera
1015 3848 1197 3901 sonat,
1247 3837 1466 3908 parturit
1503 3854 1598 3892 vox
1628 3839 1820 3892 doloris
1851 3849 1942 3892 est.
1988 3839 2112 3892 Era.
2151 3851 2206 3894 et

617 3911 742 3970 Gill.
789 3912 964 3980 posito
999 3910 1232 3980 asterico
1269 3909 1334 3962 ad
1368 3925 1550 3964 vocem
1589 3919 1808 3964 ca'tera.
1851 3919 2105 3964 notarunt
2151 3911 2204 3964 in

616 3979 890 4054 margine,
931 3985 1063 4054 forte
1092 3979 1274 4038 erca
1305 3982 1550 4052 primum,
1581 3981 1711 4054 Gill.
1742 3981 1888 4036 addit
1913 4027 1924 4042 ,
1959 3983 2034 4036 vel
2055 3998 2202 4037 certe.

615 4052 758 4111 Cum
783 4071 911 4110 vero
932 4052 1089 4110 Visuec
1121 4057 1298 4108 minus
1332 4054 1656 4121 placuissent
1680 4052 1743 4106 ii~
1770 4056 1860 4122 qui
1887 4054 2042 4107 Rom.
2071 4055 2203 4109 edit.

617 4128 982 4198 pra'fueruut,
1015 4127 1114 4194 ipsi
1146 4140 1316 4198 marte
1350 4127 1567 4192 proprio
1594 4126 1768 4198 locum
1798 4126 2091 4180 einemlare
2116 4142 2209 4179 co-

618 4196 729 4254 itati
762 4209 886 4253 sunt
908 4204 960 4252 in
989 4199 1129 4252 lmnc
1162 4197 1563 4264 modum,réxo;
1586 4196 1762 4252 Grmce
1787 4198 2000 4268 lugubre
2018 4210 2200 4252 sonat:

620 4283 800 4341 partus
825 4272 958 4325 enim
985 4273 1071 4340 qui
1098 4285 1196 4324 vox
1213 4270 1410 4341 doloris
1430 4280 1522 4332 est,
1551 4270 1828 4339 signiﬁcat.
1854 4269 1958 4323 Sed
1985 4282 2204 4341 praeter-

659 4359 780 4398 uatn
811 4341 952 4413 qvod
982 4344 1092 4408 jam
1121 4346 1174 4395 in
1201 4340 1305 4394 ﬁne
1334 4342 1528 4408 capitis
1551 4341 1847 4411 Superioris
1878 4341 2079 4395 dictum
2110 4340 2205 4395 fuit

659 4359 780 4398 uatn
811 4359 952 4413 ψοιι
982 4359 1092 4408 μιῐιι
1121 4359 1174 4395 III
1201 4359 1305 4394 une
1334 4359 1528 4408 capitis
1551 4359 1847 4411 superioris
1878 4359 2079 4395 (IlCllllll
2110 4359 2205 4395 ιιιιῐ

618 4359 688 4471 de
715 4430 846 4470 voce
886 4414 1060 4476 τόκος,
1095 4428 1224 4466 mss.
1259 4428 1447 4467 omnes
1485 4415 1606 4467 huic
1637 4413 1999 4467 emendationi
2040 4414 2207 4467 recla-

625 4497 795 4542 mant.
839 4485 914 4539 Ex
951 4488 1031 4538 nis
1060 4485 1228 4539 codex
1273 4484 1374 4539 Tli.
1420 4495 1546 4538 ante
1585 4486 1734 4538 mille
1775 4499 1944 4537 anuos
1975 4484 2207 4553 scriptus

621 4569 865 4614 nostram
900 4557 1184 4610 lectionem
1226 4555 1479 4609 distincte
1523 4556 1760 4625 prmlert.
1808 4555 2085 4610 Arceituut
2123 4555 2208 4610 alii

620 4630 846 4694 alimot,
884 4645 943 4682 ac
975 4627 1102 4684 Gill.
1135 4630 1186 4681 in
1221 4632 1499 4696 margine;
1544 4639 1595 4680 at
1625 4629 1677 4681 in
1714 4642 1845 4681 mss.
1888 4627 2207 4694 quibusdam

619 4701 923 4773 ignorantia
954 4700 1276 4773 scriptorum
1317 4700 1515 4773 aliquid
1542 4701 1654 4752 vitii
1687 4699 1948 4773 obrepsit,
1972 4715 2022 4773 v.
2046 4719 2119 4762 ειη
2155 4700 2207 4754 in

621 4769 793 4830 Eaud.
829 4789 926 4841 pro
955 4772 1171 4834 lunubre
1202 4785 1332 4824 certe
1354 4811 1368 4831 ,
1415 4771 1610 4840 legitur
1639 4788 1744 4824 uno
1776 4771 1942 4824 verbo
1971 4769 2211 4840 lugubre-

620 4863 779 4908 scere,
812 4843 956 4913 (mod
986 4844 1202 4914 quidem
1232 4853 1429 4914 aperte
1462 4843 1778 4898 mendosum
1804 4854 1906 4898 est.
1942 4841 2108 4898 Porro
2130 4913 2133 4914 ν
2154 4852 2212 4896 ut

622 4917 989 4983 corruptionis
1007 4913 1176 4970 causa
1196 4913 1495 4968 obscuritas
1519 4925 1852 4979 amoveatur,
1877 4915 2100 4968 observa
2127 4913 2214 4968 hic

622 4991 706 5062 agi
734 4991 804 5045 de
827 4989 1091 5062 vocabulo
1121 5003 1300 5062 usura,
1325 4987 1480 5062 cuiu:
1507 4987 1681 5062 prima
1703 4988 1877 5062 littera
1902 5004 1935 5037 u
1955 4986 2208 5041 eumdem

622 5057 751 5118 olim
782 5077 972 5115 sonum
1005 5058 1234 5112 habebat
1259 5074 1416 5128 quem
1443 5057 1628 5113 Graeca
1652 5058 1981 5128 diplttongus
2001 5080 2083 5121 oo,
2109 5073 2214 5122 quo

623 5137 919 5190 etiamnum
943 5133 1009 5185 ab
1039 5129 1184 5184 Italis
1205 5170 1219 5194 ,
1247 5127 1528 5184 Germanis
1552 5172 1564 5191 ,
1598 5131 1824 5200 aliisque
1857 5134 2064 5198 populis
2091 5144 2213 5196 pro-

624 5207 922 5261 nuntiatur.
980 5201 1029 5257 Ις
1069 5211 1246 5256 autem
1278 5215 1442 5256 sonus
1482 5217 1601 5255 cum
1634 5214 1844 5256 noctua:
1870 5219 2052 5255 vocem
2092 5201 2214 5256 iuti-

625 5283 789 5340 tetur,
818 5278 1014 5331 dicitur
1052 5275 1290 5341 lugubris
1329 5288 1424 5327 seu
1456 5275 1671 5340 feralis;
1705 5275 1847 5329 unde
1876 5282 1959 5328 est
1988 5274 2131 5328 istud
2159 5273 2212 5327 in

624 5350 850 5406 Ausonii
881 5345 1277 5416 Teciiopteguio
1303 5362 1316 5398 :

879 5448 1133 5511 Cecropiis
1153 5453 1316 5509 ignota
1333 5449 1466 5499 sonis
1482 5448 1638 5498 ferale
1660 5460 1875 5498 sonans..

628 5559 842 5617 Videsis
863 5559 912 5614 J.
946 5556 1112 5626 Lipsii
1146 5556 1240 5610 lib.
1271 5556 1338 5610 de
1369 5567 1510 5611 recta
1547 5558 1802 5612 Proonnt.
1837 5555 1957 5610 Lat.
1991 5556 2206 5625 linguae,

625 5633 717 5688 ubi
751 5636 922 5702 agitur
949 5631 1016 5684 de
1046 5630 1143 5682 hac
1178 5628 1375 5682 littera.
1411 5628 1562 5702 Quod
1595 5644 1722 5682 vero
1744 5629 1808 5680 ad
1839 5644 2031 5702 mw",
2054 5643 2206 5702 “rw,

622 5703 764 5760 idem
787 5700 852 5758 ea
884 5705 1025 5754 valet
1057 5703 1160 5752 lioc
1183 5702 1333 5763 loco,
1365 5716 1427 5752 ac.
1448 5700 1491 5753 si
1525 5702 1848 5753 >Cllllel‘ﬂllll'
1877 5700 2033 5753 cerati
2061 5701 2176 5752 codi
2194 5732 2205 5739 -

619 5778 716 5842 cis,
749 5787 841 5828 aut.
867 5773 1191 5833 tabellarum,
1225 5787 1333 5842 quo
1361 5787 1519 5823 seu~u
1551 5787 1750 5840 passm
1777 5774 1914 5838 apud
1952 5773 2204 5837 probatos

619 5859 874 5902 auctores
901 5849 1191 5897 invenitur.
1224 5841 1404 5910 Itaque
1435 5844 1581 5894 locus
1609 5859 1674 5896 ex
1704 5845 1979 5897 sali-liroso
2010 5843 2199 5911 planus

617 5916 741 5990 ﬂet,
791 5919 839 5976 si
865 5931 989 5974 eum
1027 5917 1130 5971 hoc
1161 5913 1322 5969 modo
1349 5913 1759 5981 interpreteris:
1809 5914 1987 5972 Prima
2021 5914 2197 5974 littera

2319 3010 2502 3065 dium:
2535 3009 2641 3063 illic
2678 3008 2970 3062 multorum
2996 3006 3341 3062 commodum
3370 3015 3473 3071 est,
3515 3006 3610 3062 liic
3641 3008 3904 3062 universo-

2317 3118 2438 3158 rum
2484 3100 2846 3172 naufragium.

2389 3197 2479 3251 45.
2522 3196 2686 3250 Multa
2719 3206 2843 3249 sunt
2877 3195 3169 3250 animantia
3196 3210 3318 3266 qua:
3346 3196 3459 3250 cito
3488 3212 3767 3266 generare
3795 3197 3907 3251 inci-

2318 3291 2473 3361 pittnt
2501 3332 2516 3357 ,
2549 3291 2644 3345 sed
2677 3289 2786 3344 cito
2811 3294 2973 3344 etiam
3015 3305 3278 3361 generare
3309 3290 3628 3346 desistunt:
3674 3307 3797 3347 Sors
3821 3291 3908 3346 cito

2317 3400 2580 3458 generat,
2610 3396 2666 3442 et
2693 3403 2982 3456 numquam
3014 3385 3217 3441 desinit
3243 3403 3259 3450 ;
3286 3387 3455 3442 immo
3479 3403 3609 3442 cum
3644 3386 3900 3443 exordium

2317 3481 2598 3538 crescendi
2627 3481 2931 3549 acceperit,
2967 3481 3018 3533 in
3047 3477 3316 3533 inlinitum
3362 3479 3619 3534 extendit
3671 3495 3897 3550 augmen.

2318 3583 2453 3631 tum.
2478 3573 2652 3630 Omne
2680 3573 2880 3630 deinde
2911 3573 3055 3644 quod
3081 3574 3302 3641 crescit,
3329 3590 3452 3629 cum
3479 3573 3550 3629 ad
3575 3586 3780 3630 natura:
3800 3588 3890 3628 sua

2314 3767 2636 3822 tabellarum
2678 3765 2730 3821 iu
2782 3780 3016 3835 quarum
3055 3765 3199 3821 ceris
3239 3779 3418 3820 usura:
3457 3779 3564 3820 vox
3604 3765 3874 3821 inscribitur

2310 3839 2536 3908 lugubre
2564 3849 2743 3893 sonit.
2789 3843 2907 3904 Qui)
2938 3836 3076 3894 forte
3122 3852 3282 3892 sensu
3315 3853 3435 3906 cap.
3495 3839 3587 3902 I0,
3630 3856 3766 3894 nutu.
3797 3835 3877 3896 ⁸55.

2314 3911 2519 3966 dictum
2568 3921 2690 3964 est:
2741 3909 3021 3974 Personat,
3064 3918 3304 3978 personat
3338 3909 3611 3980 funebrem
3659 3911 3884 3965 ululatum

2315 3983 2511 4054 fenoris
2540 3999 2720 4054 usura.

2387 4053 2414 4093 ι)
2454 4055 2605 4122 Quod
2656 4053 2742 4108 bic
2785 4056 2854 4112 de
2896 4054 3189 4128 leporibus
3214 4069 3281 4108 ex
3328 4053 3720 4128 Basiliiyllom.
3761 4053 3814 4118 ἲ,
3849 4056 3890 4108 in

2315 4127 2522 4182 Psalm.
2562 4142 2674 4191 xrv,
2719 4129 2795 4182 uti
2842 4126 2963 4183 alia
2989 4127 3252 4198 permulta
3290 4126 3564 4180 trausmlit
3596 4127 3894 4181 Ambrosius

2319 4208 2525 4260 noster,
2559 4199 2608 4251 id
2643 4201 2916 4266 pra-cipue
2946 4199 3211 4254 cuniculis
3238 4198 3524 4261 convenit;
3557 4201 3701 4254 umle
3730 4212 3891 4252 natum

2311 4283 2394 4327 ρει
2426 4269 2698 4342 adagium,
2725 4272 2925 4342 sarpius
2955 4270 3192 4342 pariunt,
3225 4286 3382 4339 quini
3415 4270 3675 4324 cuniculi.

2388 4353 2410 4380 ο
2454 4341 2610 4395 Rom.
2646 4345 2806 4404 eilit.,
2853 4341 2978 4397 Istis
3021 4358 3217 4414 quoque
3261 4342 3892 4414 tocoglyphisgeneratar,

2314 4425 2445 4472 elc..
2494 4414 2583 4466 ubi
2625 4415 2810 4477 proetil
2850 4413 3288 4482 dubiorespexit
3323 4417 3388 4464 ad
3435 4414 3563 4466 illud
3594 4413 3794 4469 Basilii.
3828 4418 3895 4468 καὶ

2313 4494 2421 4547 τοῖς
2438 4486 2760 4564 conﬂoreat;
2771 4489 2835 4542 τὰ
2855 4492 3105 4564 χρήματα
3123 4485 3247 4558 ὁμοῦ
3262 4483 3546 4551 δανείζεται
3558 4491 3642 4541 καὶ
3653 4492 3892 4560 γεννᾶται,

2316 4561 2400 4612 καὶ
2439 4557 2766 4631 ὐποφύειιὲοιι.Δ
2792 4557 2911 4613 Sed
2943 4557 3072 4613 mnil
3120 4557 3205 4631 est
3241 4573 3418 4611 causa:
3458 4573 3559 4612 cur
3589 4557 3718 4610 mss.
3748 4567 3892 4625 atque

2317 4631 2451 4682 edit.
2485 4629 2724 4682 omnium
2757 4629 3043 4684 lec1ioneni
3071 4629 3418 4693 alidicetnus,
3461 4645 3582 4682 cum
3617 4643 3745 4684 voce
3778 4647 3894 4681 ana-

2317 4702 2604 4771 glyphariis
2633 4701 2774 4755 idem
2799 4702 3080 4766 aptissime
3114 4699 3447 4768 Significelur
3470 4716 3484 4764 ;
3511 4711 3734 4769 utraque
3758 4699 3888 4754 enim

2316 4788 2414 4826 vos
2441 4778 2494 4848 lit
2517 4774 2617 4826 ἀπὸ
2637 4780 2733 4828 τοῦ
2750 4773 2970 4848 ﬁdem.
2994 4773 3043 4826 id
3059 4783 3139 4826 est
3177 4776 3422 4848 sculpere
3434 4789 3527 4826 seu
3545 4773 3744 4828 fodeie.
3764 4774 3892 4848 unde

2317 4847 2685 4915 anaglypliarii
2716 4844 2821 4898 dici
2852 4844 3075 4912 possunt
3100 4848 3189 4914 qui
3219 4844 3526 4898 debitorum
3557 4848 3768 4898 nomina
3797 4845 3888 4899 ile-

2317 4931 2435 4986 rum
2466 4927 2558 4968 aut
2583 4915 2780 4984 swpius
2808 4933 2857 4970 in
2887 4916 3093 4971 tabellis
3119 4917 3232 4968 suis
3261 4919 3398 4986 stylo
3431 4917 3755 4981 insculpunt.

2389 4982 2416 5022 ἀ
2458 4986 2604 5040 Eilit.
2635 4982 2745 5040 aut.
2777 5004 2900 5041 cum
2931 4988 3095 5043 Torn.
3131 4987 3277 5053 cod.,
3309 4982 3578 5055 pecuniam
3601 5005 3741 5042 suam
3769 5004 3887 5042 scm-

2320 5074 2409 5126 per
2442 5057 2668 5128 explere.
2707 5059 2888 5124 Ilom.,
3045 5061 3281 5130 fundere.
3316 5059 3480 5128 Magis
3507 5062 3782 5114 commode
3805 5061 3884 5113 alii

2319 5132 2504 5201 scripti
2536 5131 2659 5184 cod.
2696 5145 2748 5184 ut
2781 5136 2832 5185 in
2861 5141 3028 5186 textu.
3064 5131 3160 5185 llic
3186 5132 3327 5185 enim
3357 5131 3546 5186 Ambr.
3576 5131 3799 5199 respexit
3827 5132 3882 5184 ad

2319 5201 2448 5256 illud
2475 5202 2832 5265 Ecclesiastis,
2861 5215 3057 5275 tempus
3077 5203 3364 5272 expellendi
3387 5215 3478 5275 ;ret
3508 5203 3608 5256 hoc
3634 5203 3882 5272 significa-

2321 5279 2430 5326 tum
2462 5275 2629 5328 voluit
2675 5274 2969 5329 feneratori
2995 5275 3126 5330 nihil
3165 5287 3268 5329 tam
3297 5274 3445 5328 Cordi
3476 5290 3618 5336 esse,
3661 5291 3808 5344 quam
3831 5284 3882 5328 ut

2320 5348 2602 5414 pecuniam
2632 5363 2784 5402 suam
2818 5347 2960 5401 foras
2991 5348 3246 5416 expellat,
3275 5361 3395 5402 eam
3427 5345 3598 5402 fenori
3625 5348 3878 5402 collocan-

2317 5417 2406 5482 do,
2440 5435 2505 5470 ιιι·
2530 5419 2674 5471 (Ionii
2701 5419 2872 5472 otiosa
2904 5428 3196 5474 remaneat.

2395 5498 2418 5525 ε
2458 5490 2557 5557 Qui
2588 5505 2744 5544 secus
2779 5494 3044 5546 senserint
3075 5533 3090 5558 ,
3123 5507 3244 5544 eum
3278 5490 3474 5546 librum
3499 5491 3581 5546 vel
3613 5489 3839 5545 Ezechizc
3861 5531 3874 5551 .

2317 5560 2399 5612 vel
2433 5560 2607 5624 Isair,
2635 5562 2713 5615 vel
2749 5561 3065 5618 Zorobabeli
3097 5563 3484 5626 attribumites,
3518 5563 3639 5616 vide
3665 5562 3788 5628 apud
3817 5561 3873 5615 P.

2319 5630 2457 5705 Dan.
2480 5633 2724 5687 lluetiutu
2753 5636 2802 5687 iu
2829 5634 3293 5689 Demonstratione
3319 5636 3656 5705 evangelica,
3678 5634 3822 5702 Prop.
3842 5634 3871 5685 ὁ

2315 5701 2380 5778 tle
2402 5705 2494 5758 lib.
2517 5705 2875 5778 Ecclesiastis,
2907 5722 3030 5778 pag.
3057 5708 3160 5763 I92
3179 5747 3194 5771 ,
3219 5707 3306 5760 ubi
3335 5701 3524 5761 eorum
3558 5701 3782 5766 nationes
3798 5706 3872 5778 di-

2311 5773 2552 5840 luuntur,
2581 5792 2642 5829 ac
2673 5773 2946 5832 Salomoni
2976 5773 3236 5834 aSseritur
3264 5780 3403 5834 idem
3434 5781 3518 5831 hic
3548 5778 3713 5838 liber:
3737 5775 3868 5843 Cl'l'ls

2310 5849 2471 5922 etiam
2501 5847 3061 5922 dignitas/confutatis
3101 5852 3535 5908 adversariorum
3565 5845 3866 5922 argumentis

2308 5915 2508 5976 ibidem
2539 5920 2862 5976 vindicatur.
