4066 6360
173 383 291 440 777

1457 377 1549 440 DE
1587 376 1796 439 TOBIA
1834 378 2037 439 LIBER
2075 380 2274 445 UNUS.

3378 394 3484 453 778

174 499 420 555 formam
449 506 613 571 atque
638 514 986 570 mensuram,
1020 502 1555 574 magnitudinemque
1588 521 1780 575 perve-
1806 500 1862 562 A
1888 502 2014 569 vito,
2070 520 2177 561 nox
2222 504 2379 560 irruit
2425 504 2566 562 sicut
2600 506 2776 576 ludar,
2823 509 2913 581 qui
2962 523 3084 566 cum
3132 508 3380 566 diabolus
3424 528 3486 568 se

176 592 367 655 nerit,
402 604 555 648 vacat
597 594 975 652 incremento:
1025 597 1117 653 sed
1159 596 1520 653 feneratorum
1556 600 1789 669 pecunia

178 692 440 756 tempore
466 702 683 759 semper
705 701 967 761 augetur,
999 702 1052 747 et
1089 692 1227 746 ultra
1266 690 1495 747 formam
1527 705 1788 751 materna:

181 780 358 833 sortis
390 780 661 837 excedens
690 783 910 839 modum
949 800 1054 839 non
1101 793 1264 841 tenet.
1316 785 1581 857 Pleraque
1623 787 1785 844 etiam

184 874 551 929 animantium
587 890 708 931 cum
738 880 1004 945 cmperiul.
1033 894 1093 934 ea
1121 894 1243 949 quae
1270 896 1333 935 es
1383 879 1467 935 his
1504 889 1621 935 orta
1663 890 1791 938 sunt

183 978 477 1036 generare,
504 975 776 1039 tamquam
800 971 975 1027 effetis
1001 970 1207 1027 vitibus
1228 988 1386 1029 usum
1414 972 1789 1045 generationis

184 1061 449 1118 amittunt
472 1081 487 1119 :
509 1077 627 1119 sors
652 1072 833 1121 autem
861 1067 1059 1121 fenoris
1082 1082 1203 1121 cum
1229 1067 1393 1123 fuerit
1416 1069 1790 1124 crescentibus

184 1164 473 1225 cxmquata
503 1157 815 1215 centesimis
834 1202 850 1225 ,
880 1167 937 1214 et
963 1170 1295 1219 vetustatem
1323 1161 1409 1218 sui
1447 1169 1703 1231 renovat,
1736 1169 1792 1218 et

185 1254 384 1317 partus
408 1248 600 1305 solitos
627 1250 980 1323 adjunctione
1012 1255 1358 1326 multiplicat.

786 1370 1014 1429 CAPUT
1054 1373 1195 1430 XIV.

184 1480 421 1542 Usuram
467 1488 726 1559 prohiberi
762 1490 870 1562 lege
913 1492 1107 1555 diuina,
1153 1495 1292 1550 unde
1330 1504 1379 1550 et
1419 1507 1680 1570 sumptum
1717 1507 1791 1556 est

267 1578 398 1634 illud
446 1580 693 1650 Catonis,
750 1582 1001 1642 fenerare
1050 1596 1134 1642 est
1186 1587 1459 1647 hominem
1516 1594 1790 1651 occidere.

276 1672 643 1731 Vestimentum
667 1680 873 1750 pignori
904 1691 1170 1752 acceptum
1199 1694 1319 1738 ante
1345 1697 1545 1741 noctem
1576 1689 1795 1744 redden-

265 1768 393 1823 dum
420 1787 568 1837 esse;
594 1788 655 1825 ac
681 1774 874 1843 fenoris
909 1777 1111 1831 nomine
1133 1776 1519 1850 intelligendum
1546 1782 1795 1853 quidquid

262 1874 453 1933 printer
481 1873 665 1918 sortem
693 1868 919 1935 exigitur
942 1884 961 1922 :
997 1880 1109 1939 post
1138 1886 1256 1939 qua:
1279 1874 1510 1942 sequitur
1539 1876 1794 1933 extorsio-

262 1969 387 2008 num
417 1954 657 2010 divitibus
685 1959 1025 2029 familiarium
1051 1964 1401 2031 reprehensio.

259 2069 353 2127 46.
397 2070 513 2127 Non
559 2088 755 2129 novum
805 2092 904 2132 nec
946 2077 1380 2148 perfunctorium
1430 2082 1535 2139 hoc
1583 2083 1789 2141 malum

178 2170 313 2230 est,
345 2165 490 2234 quod
519 2168 722 2222 veteris
753 2176 916 2240 atque
944 2169 1148 2227 divina:
1197 2176 1517 2245 prmscripto
1546 2177 1681 2248 legis
1709 2179 1794 2233 in-

180 2255 429 2314 hibetur.
481 2258 716 2331 Populus
754 2264 843 2332 qui
888 2264 1293 2336 despoliaverat
1336 2269 1653 2343 Egyptum,
1699 2273 1794 2343 qui

180 2350 331 2420 pede
380 2354 674 2409 transierat
719 2372 887 2420 mare.
939 2368 1194 2416 monetur
1236 2378 1265 2415 a
1314 2362 1519 2420 fenoris
1561 2366 1792 2436 pecunia

173 2455 385 2499 cavere
422 2445 723 2519 naufragia.
762 2450 828 2505 Et
864 2466 986 2507 cum
1028 2452 1097 2509 de
1137 2454 1263 2511 aliis
1286 2442 1535 2526 peccatis
1569 2467 1595 2496 λ
1622 2459 1792 2516 semel

172 2547 282 2594 aut
329 2542 556 2597 multum
602 2542 793 2600 iterata
837 2546 1213 2606 admonitione
1260 2552 1681 2623 praescripserit,
1723 2555 1793 2612 de

171 2634 381 2690 fenore
418 2638 615 2707 saepius
650 2639 939 2696 iutimavit.
982 2643 1159 2700 llabes
1203 2646 1253 2700 in
1285 2646 1508 2704 Exodo:
1559 2650 1711 2717 Quod
1747 2651 1792 2705 si

173 2730 465 2799 pecuniam
493 2734 799 2802 (eneraveris
839 2735 1061 2805 pupillo,
1092 2740 1348 2811 orphano,
1377 2747 1611 2816 pauperi,
1652 2742 1792 2817 apud

172 2831 226 2876 te
251 2840 361 2878 non
390 2824 663 2893 sulfocabis
687 2844 824 2893 eum,
855 2846 955 2884 non
983 2831 1213 2903 impones
1240 2835 1321 2888 illi
1346 2853 1556 2892 usuram
1590 2836 1789 2910 (Exod.

135 2976 152 2993 ο
172 2934 327 2983 xxu,
354 2917 467 2991 25).
498 2922 741 2977 Ostendit
768 2926 896 2996 quid
923 2926 990 2982 sit
1020 2929 1316 2997 suffocare,
1349 2932 1400 2986 id
1432 2944 1537 3001 est,
1570 2950 1790 2992 usuram

176 3011 512 3083 imponere;
546 3019 849 3089 strangulat
874 3021 1016 3077 cnim
1037 3064 1051 3087 ,
1085 3035 1138 3080 et
1169 3026 1312 3096 quod
1344 3029 1498 3099 pejus
1525 3041 1641 3095 est,
1673 3031 1792 3087 ani-

176 3120 332 3160 mam
361 3106 583 3177 laqueus
612 3110 947 3168 creditoris:
994 3131 1102 3187 quo
1130 3132 1385 3177 sermone
1421 3132 1475 3177 et
1515 3123 1790 3192 praedonis

175 3198 503 3256 violentiam
530 3243 544 3265 ,
594 3212 651 3260 et
696 3205 959 3264 deformis
1004 3211 1206 3268 nodum
1256 3217 1451 3272 mortis
1494 3220 1785 3290 expressit.

1891 597 2129 653 misisset
2154 599 2208 654 in
2230 616 2325 655 cor
2347 600 2484 672 ejus.
2513 604 2751 659 surrexit
2773 606 2840 659 ad
2867 605 3249 671 proditionem,
3275 618 3325 662 et
3347 607 3485 661 facta

1891 698 1974 744 est
2003 704 2105 745 nos
2128 706 2144 756 ;
2175 692 2253 746 sol
2284 694 2427 748 enim
2445 694 2671 763 justitiaa
2697 696 2976 752 occiderat
2996 698 3067 761 ei,
3092 710 3141 754 et
3165 700 3488 753 recubucrat

1891 797 2053 852 super
2074 798 2218 839 eum.
2244 785 2344 852 Qui
2370 788 2423 840 in
2445 802 2541 842 cor
2561 789 2680 858 ejus
2702 788 2942 856 intravit,
2969 790 3097 845 fecit
3114 791 3187 845 illi
3212 790 3487 856 tenebras,

1892 886 1952 933 ιιι
1984 878 2117 933 lucis
2163 894 2267 935 non
2310 881 2519 938 videret
2559 895 2858 941 auctorem.
2909 885 2985 941 lbi
3032 886 3196 942 miser
3238 887 3399 957 periit
3434 887 3487 940 in

1892 971 1988 1027 illo
2030 972 2281 1032 comivio
2326 975 2377 1031 in
2425 994 2531 1048 quo
2574 979 2667 1035 alii
2710 980 3006 1036 Salvantur.
3060 982 3285 1037 Reddite
3328 982 3491 1052 igitur

1892 1068 2278 1125 vestimentum
2303 1069 2559 1140 debitori,
2590 1073 2641 1127 in
2673 1090 2778 1141 quo
2803 1072 3058 1141 dormiat,
3089 1087 3137 1132 et
3162 1078 3374 1148 quietus
3397 1076 3486 1130 sit.

1894 1161 1957 1218 Si
1987 1163 2259 1219 nolueritis
2299 1165 2513 1221 reddere
2546 1182 2565 1220 :
2596 1168 2892 1234 exaudiam,
2937 1168 3145 1238 inquit,
3186 1185 3302 1225 eum
3325 1184 3344 1233 ;
3370 1163 3494 1239 quia

1894 1254 2184 1312 misericors
2205 1273 2319 1312 sum
2347 1255 2560 1329 (lbid.).
2595 1256 2650 1315 Si
2682 1274 2777 1314 vos
2808 1276 2914 1315 non
2945 1261 3230 1326 exauditis,
3265 1277 3367 1331 ego
3393 1248 3503 1315 ex;

1894 1349 2137 1417 audiam,
2181 1366 2281 1423 ego
2327 1352 2648 1422 miserebor,
2698 1368 2798 1425 ego
2838 1370 2945 1409 non
2983 1354 3275 1426 desiiiciam
3315 1355 3492 1427 inopis

1894 1458 2135 1515 precem.

1968 1535 2060 1591 48.
2100 1535 2156 1591 In
2198 1536 2620 1597 Deuteronomio
2650 1554 2866 1613 qucque
2904 1541 3165 1611 scriptum
3205 1548 3321 1597 est:
3368 1538 3493 1597 Non

1897 1632 2068 1703 exiges
2106 1648 2138 1684 α
2174 1634 2335 1703 fratre
2364 1644 2452 1688 tuo
2480 1651 2690 1690 usuram
2721 1636 2973 1707 pecuniw,
3009 1644 3055 1689 et
3093 1651 3304 1689 usuram
3334 1651 3496 1689 esca-

1900 1741 2036 1789 rum,
2069 1733 2114 1778 et
2136 1740 2345 1780 usuram
2373 1731 2604 1782 omnium
2633 1745 2804 1783 rerum
2823 1745 3167 1801 quascumque
3186 1727 3496 1797 {etteraveris

1897 1818 2051 1886 fratri
2081 1831 2191 1873 tuo.
2234 1819 2295 1876 Si
2334 1820 2643 1894 alienigena:
2667 1823 2967 1891 credideris,
2998 1839 3208 1877 usuram
3239 1822 3409 1895 exiges
3437 1820 3499 1875 ab

1820 1909 1870 1972 Β
1897 1930 1956 1968 eo
1982 1929 2000 1968 :
2028 1931 2060 1967 a
2097 1915 2255 1982 fratre
2277 1927 2447 1970 autem
2478 1928 2564 1971 tuo
2595 1934 2697 1971 non
2723 1918 2896 1990 exiges
2932 1917 3121 1990 (Deut.
3155 1934 3313 1979 xxiii,
3354 1916 3419 1972 19
3446 1926 3495 1971 et

1895 2007 2008 2079 20).
2042 2006 2207 2063 Vides
2246 2017 2504 2079 quantum
2544 2009 2754 2080 pondus
2784 2011 2835 2065 in
2874 2011 3057 2067 verbis
3091 2012 3182 2067 sit.
3234 2008 3386 2074 Noli,
3418 2010 3499 2064 in-

1895 2100 2041 2172 quit,
2080 2103 2287 2174 exigere
2316 2119 2532 2158 usuram
2559 2121 2590 2158 a
2630 2108 2792 2176 fratre
2817 2114 2935 2171 tuo,
2968 2107 3068 2160 hoc
3089 2114 3203 2171 est,
3236 2119 3357 2159 cum
3390 2118 3499 2174 quo

1896 2194 2096 2252 habere
2141 2197 2311 2254 debes
2353 2200 2533 2253 omnia
2584 2199 2915 2263 communia,
2962 2199 3029 2255 ab
3066 2214 3133 2257 eo
3175 2208 3231 2254 tu
3281 2213 3500 2253 usuram

1896 2289 2107 2361 exigis?
2138 2288 2328 2345 Frater
2350 2301 2471 2346 tuus
2494 2307 2717 2347 consors
2749 2302 2984 2362 natura},
3030 2302 3086 2349 et
3108 2291 3354 2348 cohaeres
3378 2306 3503 2363 gra-

1896 2382 2017 2445 ιῑιε,
2058 2382 2167 2437 noli
2199 2382 2269 2436 ab
2310 2398 2376 2439 eo
2405 2383 2623 2455 exigere
2653 2384 2915 2456 amplius,
2964 2402 2995 2439 a
3041 2402 3148 2454 quo
3179 2384 3372 2440 durum
3410 2391 3497 2439 est

1895 2483 2142 2546 repetere
2196 2476 2341 2548 quod
2398 2478 2615 2535 dederis
2648 2521 2662 2545 ,
2720 2477 2824 2536 nisi
2879 2496 3001 2537 cum
3058 2478 3309 2535 habuerit
3358 2476 3503 2535 unde

1893 2572 2085 2628 solvat.

1963 2665 2057 2720 49.
2100 2667 2168 2723 Et
2206 2670 2328 2740 quia
2373 2668 2621 2741 plerique
2659 2669 2992 2742 refugientes
3026 2677 3294 2741 prmcepta
3338 2667 3499 2740 Legis

1897 2761 2024 2833 (Η,
2059 2774 2243 2833 quiest.
2277 2764 2313 2820 5
2334 2806 2349 2831 ,
2377 2782 2423 2819 c.
2460 2763 2763 2838 Plerique),
2794 2782 2916 2821 cum
2945 2766 3193 2820 dederint
3222 2766 3504 2835 pecuniam

1896 2856 2365 2927 negotiatoribus,
2398 2872 2505 2912 non
2555 2858 2607 2913 in
2640 2860 2869 2928 pecunia
2898 2873 3092 2913 usuras
3121 2858 3380 2929 exigunt,
3410 2856 3506 2912 sed

1895 2945 1964 3002 de
1997 2948 2270 3004 mercibus
2297 2963 2484 3003 eorum
2512 2958 2780 3020 tamquam
2817 2967 3101 3006 usurarum
3135 2952 3505 3006 emolumenta

1896 3040 2231 3110 percipiunt;
2264 3041 2384 3097 ideo
2409 3042 2633 3097 audiant
2660 3043 2787 3112 quid
2817 3043 2928 3099 Lex
2960 3040 3141 3098 dicat:
3176 3043 3356 3115 Neque
3380 3061 3504 3098 usu-

1895 3151 2031 3200 ram,
2073 3135 2272 3206 inquit,
2311 3152 2548 3191 escarum
2588 3138 2831 3206 accipies,
2872 3153 3028 3208 neque
3071 3138 3299 3192 omnium
3333 3154 3507 3192 rerum

1894 3247 2243 3302 quascumque
2285 3230 2603 3301 feneraueris
2640 3230 2794 3301 fratri
2835 3240 2943 3287 tuo.
2996 3230 3165 3285 Fraus
3205 3233 3350 3286 enim
3404 3232 3506 3286 ista

179 3291 341 3359 Quod
378 3296 434 3394 si.
460 3297 647 3368 pignus
683 3305 940 3373 acceperis
981 3307 1331 3365 vestimentum
1370 3313 1650 3386 propinqui
1684 3317 1783 3385 lui,
1812 3313 1859 3380 C
1893 3291 1948 3379 et
1980 3291 2418 3393 circumscriptio
2448 3323 2608 3394 Legis
2639 3291 2723 3379 est
2748 3365 2764 3389 ,
2799 3339 2905 3379 nou
2937 3322 3204 3379 custodia.
3250 3322 3317 3378 Et
3351 3330 3506 3392 putas

186 3396 318 3440 ante
335 3389 461 3443 solis
488 3406 727 3448 occasum
750 3399 987 3454 restitues
1012 3400 1175 3468 illud;
1196 3415 1270 3458 est
1296 3407 1432 3461 enim
1460 3410 1555 3464 hoc
1575 3426 1791 3484 coaper-

172 3480 374 3535 torium
400 3485 511 3557 ejus
540 3494 757 3553 tantum,
775 3490 937 3565 607
960 3494 1056 3550 hoc
1078 3499 1430 3557 vestimentum
1453 3480 1792 3575 turpitudinis

170 3577 294 3648 ejus
326 3576 378 3631 in
407 3593 508 3648 quo
545 3580 781 3638 dormiet.
821 3588 973 3653 Quod
1011 3591 1056 3645 si
1094 3593 1265 3664 itaque
1292 3599 1689 3667 proclamaverit
1721 3602 1792 3657 ad

174 3687 281 3732 me.
304 3674 582 3729 exaudiam
606 3693 721 3732 eum
752 3678 941 3752 (Ibid.,
974 3683 1089 3754 25).
1114 3686 1383 3755 Audistis,
1417 3690 1780 3763 feneratores,

175 3766 313 3836 quid
365 3768 474 3825 Lex
517 3770 685 3841 dicat,
730 3773 798 3831 de
849 3794 952 3848 qua
994 3780 1131 3837 dixit
1170 3783 1467 3842 Dominus:
1514 3789 1639 3846 Non
1680 3792 1791 3848 ueni

174 3858 373 3953 Legem
404 3865 619 3931 solvere,
652 3868 743 3923 sed
772 3870 1055 3945 adimplere
1092 3874 1307 3947 (Matth.
1352 3896 1406 3948 v,
1450 3882 1574 3951 l7)?
1616 3886 1791 3953 Quam

179 3952 454 4013 Dominus
480 3975 587 4014 non
620 3960 780 4017 solvit
808 4006 822 4030 ,
851 3981 949 4020 vos
979 3968 1235 4025 solvitis?
1272 3971 1499 4029 Usuram
1530 4018 1545 4041 ,
1576 3977 1750 4049 inquit
1773 4022 1790 4046 ,

182 4058 381 4120 petere
402 4095 416 4117 ,
447 4053 717 4113 suffocare
743 4067 847 4115 est.
890 4058 1003 4116 Hoc
1037 4079 1250 4135 quoque
1280 4067 1416 4124 foris
1446 4085 1571 4127 sero
1602 4084 1685 4129 est
1709 4075 1796 4133 di-

181 4154 340 4239 ctum
385 4162 412 4199 a
463 4150 788 4221 quibusdam
836 4166 1027 4211 eorum
1066 4161 1461 4229 prudentibus:
1505 4167 1644 4235 Quid
1685 4180 1792 4239 est,

183 4236 485 4299 fenerare?
528 4244 846 4317 Hominem,
888 4250 1064 4322 inquit
1113 4253 1345 4325 (Cicero,
1394 4257 1481 4313 lib.
1526 4276 1563 4315 ιι
1615 4236 1789 4333 0fﬁc.,

176 4335 236 4390 in
286 4334 422 4408 ﬁne)
442 4380 457 4405 ,
496 4339 769 4398 occidere.
798 4343 906 4400 Sed
940 4346 1124 4416 utique
1154 4363 1258 4403 non
1290 4349 1426 4407 Cato
1454 4353 1602 4424 prior
1623 4371 1785 4427 quam

178 4429 420 4503 Moyses,
446 4432 539 4503 qui
567 4435 742 4507 legem
767 4439 996 4509 accepit.
1026 4439 1195 4497 Multo
1226 4442 1320 4499 ille
1350 4447 1645 4514 posterior.

255 4523 349 4582 47.
395 4527 457 4584 Si
484 4530 673 4600 pignus
705 4534 966 4602 acceperis
1000 4536 1357 4592 vestimentum
1383 4542 1659 4613 propinqui
1690 4545 1788 4613 tui,

182 4632 305 4676 ante
343 4622 468 4677 solis
494 4640 730 4681 occasum
759 4630 993 4683 restitues
1024 4629 1159 4683 illud
1178 4672 1192 4694 ,
1226 4648 1287 4686 ne
1318 4633 1502 4689 nudati
1543 4646 1790 4710 appareat

1898 3427 1953 3473 te
1978 3417 2064 3487 pie
2087 3418 2286 3480 facere,
2316 3417 2439 3489 quia
2462 3434 2490 3471 a
2523 3417 2861 3487 negotiatore
2882 3416 2909 3457 δ
2940 3417 3086 3474 velut
3113 3432 3310 3473 munus
3331 3416 3509 3473 susci-

1897 3512 2028 3583 pis?
2059 3511 2185 3567 Inde
2214 3512 2304 3567 ille
2336 3511 2579 3567 fraudem
2614 3510 2739 3566 facit
2772 3512 2826 3568 in
2854 3510 3114 3568 mercium
3144 3513 3339 3583 pretio,
3366 3512 3510 3569 unde

1896 3606 1992 3662 tibi
2023 3605 2187 3660 solvit
2215 3621 2453 3661 usuram.
2484 3605 2715 3661 Fraudis
2743 3605 2889 3660 illius
2920 3616 2974 3661 tu
3007 3615 3214 3674 auctor,
3244 3614 3298 3661 tu
3333 3606 3505 3677 parti-

1895 3715 2055 3771 ceps,
2089 3699 2184 3753 tibi
2215 3699 2434 3769 proficit
2461 3699 2723 3770 quidquid
2754 3701 2846 3755 ille
2890 3698 3239 3754 fraudaverit.
3282 3698 3349 3754 lit
3376 3714 3503 3755 esca

1895 3809 2057 3850 usura
2085 3802 2212 3861 est,
2245 3802 2301 3848 et
2334 3794 2503 3848 vestis
2532 3808 2694 3849 usura
2726 3802 2809 3847 est
2834 3837 2848 3861 ,
2880 3801 2937 3849 et
2969 3792 3351 3864 quodcumque
3376 3788 3511 3846 sorti

1896 3888 2124 3951 accedit,
2168 3903 2333 3943 usura
2378 3896 2505 3943 est:
2552 3887 2697 3958 quod
2741 3887 2875 3943 velis
2915 3887 2963 3943 ei
3006 3904 3199 3943 nomen
3236 3888 3507 3956 imponas,

1896 3998 2058 4038 usura
2084 3992 2187 4037 est.
2215 3981 2272 4037 Si
2304 3981 2507 4036 licitum
2531 3992 2635 4047 εει,
2666 3996 2763 4037 cur
2792 3981 3112 4038 vocabulum
3143 3980 3370 4051 refugis.
3405 3996 3505 4035 cur

1897 4074 2143 4129 velamen
2181 4073 2435 4130 obiexis?
2466 4074 2522 4130 Si
2551 4074 2801 4131 illicitum
2829 4084 2949 4144 est,
2978 4090 3077 4131 cur
3105 4075 3509 4130 incrementum

1897 4164 2131 4238 requiris
2144 4165 2169 4219 ?

1970 4262 2062 4317 50.
2102 4260 2256 4330 Quod
2303 4260 2456 4332 pejus
2488 4271 2606 4330 est,
2648 4261 2753 4319 hoc
2780 4260 2968 4319 vitium
2999 4259 3357 4333 plurimorum
3387 4270 3469 4317 est
3490 4302 3507 4329 ,

1896 4366 1952 4414 et
1997 4358 2233 4414 maxime
2279 4358 2525 4423 divitum,
2577 4358 2770 4429 quibus
2811 4358 2914 4414 hoc
2955 4360 3175 4415 nomine
3223 4366 3509 4414 struuntur

1897 4450 2137 4507 cellaria.
2182 4449 2238 4506 Si
2266 4451 2388 4522 quis
2418 4451 2833 4507 instaurandum
2867 4450 3172 4537 conviviqm
3205 4458 3390 4523 putat,
3434 4450 3505 4507 ad

1896 4543 2290 4615 negotiatorem
2320 4543 2503 4613 mittit,
2537 4554 2559 4583 ο
2590 4552 2651 4599 ιιι
2681 4543 3012 4615 absynthiati
3043 4543 3210 4617 608
3233 4542 3501 4613 cupellam

1896 4636 1998 4693 sibi
2021 4635 2189 4708 gratis
2220 4634 2458 4692 deferat:
2490 4635 2557 4692 ad
2585 4651 2885 4708 cauponem
2919 4636 3125 4706 dirigit,
3157 4644 3214 4690 ιιι
3241 4635 3501 4692 Picenum

175 4716 451 4787 turpitudo
487 4715 695 4788 (Exod.
728 4736 867 4788 χχιι,
895 4722 965 4778 ‘26
993 4732 1043 4777 et
1070 4723 1199 4797 27).
1253 4724 1363 4782 Vos
1414 4744 1544 4786 vero
1587 4732 1789 4791 exuitis
1820 4723 1873 4791 D
1900 4732 2106 4798 vinum,
2129 4739 2221 4786 aut
2243 4730 2529 4802 Tyriacum
2561 4731 2833 4801 requirat:
2863 4730 2929 4785 ad
2951 4730 3175 4797 lanium,
3201 4740 3259 4784 ut
3284 4731 3502 4784 vulvam

174 4818 340 4882 atque
377 4808 613 4875 nudatis,
643 4822 698 4868 et
728 4828 832 4868 non
867 4814 1112 4870 redditis.
1154 4815 1343 4874 Videte
1370 4836 1440 4877 ne
1464 4824 1543 4877 snl
1566 4828 1782 4887 occidat

179 4918 346 4973 super
370 4906 649 4961 avaritiam
674 4921 909 4964 veStram
931 4949 947 4976 ,
997 4925 1065 4968 ne
1092 4912 1171 4965 sol
1195 4911 1419 4982 justitize
1449 4919 1602 4975 vobis
1631 4924 1781 4979 occi-

180 4996 301 5062 dat;
344 5000 466 5069 quia
505 4999 768 5068 justitiam
802 5020 907 5059 non
952 5006 1181 5073 tenetis,
1215 5017 1303 5062 aut
1353 5010 1433 5064 sol
1477 5013 1779 5084 iniquitatis

179 5105 346 5165 super
372 5093 572 5166 flagitia
600 5104 779 5153 vestra
809 5098 1091 5157 condatur.
1128 5098 1254 5158 Dies
1284 5119 1497 5176 quoque
1528 5109 1666 5179 perit
1694 5111 1775 5167 in-

255 5248 282 5278 α
320 5240 566 5318 Latinius
592 5244 876 5315 legendum
904 5258 1095 5318 putat,
1128 5251 1287 5307 semel
1316 5263 1368 5307 ut
1399 5254 1635 5310 multum.
1669 5253 1779 5312 Sed

181 5328 301 5369 cum
347 5315 478 5370 edit.
528 5319 781 5373 omnibus
826 5315 1017 5377 onioes
1065 5315 1292 5380 omnino
1332 5340 1458 5381 mss.
1508 5328 1609 5383 hoc
1658 5330 1778 5382 loco

182 5391 542 5468 consentiunt.
570 5388 836 5468 Necsane
866 5394 1003 5451 adeo
1022 5396 1214 5468 inepta
1235 5408 1317 5453 est
1346 5411 1559 5468 recepta
1592 5400 1773 5468 lectio,

183 5466 240 5510 ut
270 5475 375 5532 non
408 5461 541 5516 scite
580 5462 839 5528 explicari
887 5467 1058 5532 possit
1087 5461 1139 5521 in
1185 5470 1327 5525 hunc.
1358 5461 1573 5525 modum
1604 5513 1618 5532 .
1653 5461 1773 5528 sive

183 5530 346 5614 semel
380 5540 611 5614 tantum,
644 5535 758 5589 sive
789 5530 1063 5591 muliones
1086 5549 1281 5614 meti-ra
1316 5544 1437 5595 vitia
1466 5543 1548 5597 lex
1579 5530 1770 5614 prohi-

182 5598 375 5665 buerit,
401 5605 598 5673 saepius
621 5616 799 5661 tamen
828 5623 985 5663 usura
1010 5624 1168 5678 quam
1200 5611 1306 5665 illis
1328 5598 1627 5670 interdixi't.

254 5732 512 5822 1:.Omnes
542 5739 671 5822 edit.
700 5755 763 5795 ac
794 5758 924 5799 mss.
951 5744 1241 5822 duo.)velut
1255 5760 1503 5822 ptumum
1529 5752 1771 5822 suscipis.

186 5802 372 5895 .Mrlius
408 5811 521 5874 alii,
568 5812 704 5895 velut
746 5831 931 5895 manus
961 5818 1204 5895 suscipis.
1253 5820 1308 5874 Et

183 5883 287 5954 jam
315 5886 426 5934 tum
453 5883 808 5954 exeogitatim
837 5889 1001 5945 fuisse
1029 5883 1305 5945 hominum
1327 5895 1547 5949 avaritia
1572 5883 1768 5950 distin-

184 5947 413 6008 ctionem
442 5947 629 6023 illain',
677 5972 777 6026 qna
818 5960 1016 6032 aliquid
1058 5963 1306 6035 accipere
1334 5947 1764 6036 praemi-sortem

585 6050 863 6127 Panos.
912 6053 1085 6121 XIV.

1891 4824 1991 4880 sibi
2024 4830 2309 4893 procurret:
2335 4822 2401 4877 ad
2428 4822 2615 4889 alium,
2642 4835 2699 4877 ut
2724 4838 2882 4893 poma
2907 4823 3008 4878 sibi
3034 4823 3282 4877 adornet.
3310 4821 3500 4891 Itaque

1889 4915 2284 4971 hmnanitatem
2308 4914 2556 4984 judicant
2586 4933 2704 4986 ιιιιιε
2731 4919 2913 4974 alieno
2944 4916 3186 4987 periculo
3216 4924 3494 4973 constant.

1885 5009 1966 5065 Tu
2000 5008 2159 5074 bibis,
2202 5020 2257 5063 et
2298 5008 2435 5062 alius
2477 5008 2677 5065 difﬂuit
2717 5011 3003 5084 lacryinis:
3056 5019 3109 5064 ιιι
3143 5008 3399 5079 ειιιιιενὶς,
3439 5020 3498 5068 et.

1881 5106 2019 5161 alios
2062 5103 2185 5159 cibo
2218 5112 2311 5157 tuo
2342 5103 2691 5175 strangulas:
2725 5113 2781 5159 tu
2819 5102 3143 5175 symphonia
3196 5102 3489 5161 delectaris

1885 5247 2230 5324 per_modum
2262 5264 2438 5324 usura:
2466 5250 2712 5307 illicitum
2753 5250 2974 5319 dicunt,
3007 5268 3111 5308 non
3154 5269 3287 5310 vero
3314 5254 3358 5308 si
3392 5268 3488 5324 per
3568 5312 3573 5317 ,

1883 5321 2105 5381 inodum
2136 5322 2376 5377 muneris
2404 5326 2725 5393 accipiatur.
3368 5383 3373 5388 .

1958 5407 1981 5435 ο
2022 5394 2419 5469 Αὸλῃηιιιὶιιιιιηι
2438 5436 2453 5458 ,
2482 5406 2573 5469 aut
2601 5406 2655 5448 ut
2684 5395 2812 5469 alibi
2842 5396 3100 5469 scribitur
3126 5439 3142 5464 ,
3178 5396 3483 5469 absyttlhld-

1881 5486 2019 5531 cum.
2046 5472 2225 5523 vinum
2250 5478 2333 5523 est
2356 5467 2623 5537 absyutlio
2644 5467 2922 5540 conditum
2950 5486 2961 5522 :
2989 5468 3248 5525 Picenum
3273 5467 3483 5540 autem,

1879 5551 1936 5597 et
1964 5542 2250 5612 Tyriacutn
2280 5547 2350 5594 ita
2376 5540 2629 5612 dicuntur
2649 5553 2676 5589 a
2708 5538 2841 5612 locis
2866 5540 3135 5612 inquibus
3160 5538 3496 5600 nascuntur.

1878 5613 1972 5669 Est
1999 5609 2145 5685 cuitu
2182 5612 2448 5685 Picenum
2468 5609 2615 5672 regio
2645 5611 2889 5675 «pia-dam
2920 5610 3118 5676 Italae,
3148 5615 3323 5685 Tyrus
3348 5631 3480 5670 vero

1887 5687 2014 5741 urbs
2043 5688 2094 5739 in
2121 5682 2268 5737 Asia.
2295 5680 2449 5752 Quod
2472 5690 2651 5732 autem
2680 5696 2775 5746 pro
2805 5696 2956 5747 Voce,
2982 5680 3209 5751 vulvam;
3232 5685 3474 5743 Latinius

1883 5756 2166 5829 legendum
2194 5758 2414 5819 (ειιιιιίειι
2440 5752 2654 5821 ltyllam,
2679 5767 2798 5820 qua:
2824 5768 2922 5829 vos
2952 5772 3002 5808 ιιι
3029 5768 3138 5809 .mt,
3168 5762 3298 5811 ειιίι,
3332 5763 3480 5829 page-

1879 5826 2036 5883 ba]...-
2066 5830 2261 5883 [γιιςιιοη
2295 5838 2373 5881 εει
2399 5839 2414 5889 ;
2443 5839 2566 5877 cum
2605 5838 2794 5875 Ollllles
2825 5827 2959 5877 edit.
3005 5830 3319 5887 nra'l'urant.
3364 5826 3473 5886 uul-

1873 5915 2007 5968 vam,
2041 5914 2092 5955 et
2124 5915 2185 5955 ea
2222 5911 2281 5952 ut
2306 5900 2416 5972 jain
2444 5895 2649 5949 dictutn
2675 5904 2782 5961 est,
2811 5899 2879 5950 ab
2914 5905 3217 5972 aucnpibus
3246 5902 3474 5958 delicia-

1871 5986 1991 6030 rum
2021 5972 2246 6047 quaesita
2274 5969 2393 6042 sit”
