4066 6360
622 364 730 421 785
1981 358 2226 420 SANCTI
2267 358 2586 419 AMBROSII
3826 350 3935 410 γει

621 482 817 537 Petrus
873 476 1088 533 dicebat
1131 493 1147 531 :
1207 475 1485 551 Argentum
1543 486 1591 533 et
1645 494 1833 533 aurum
1895 494 1998 532 non
2058 476 2217 533 habeo
2244 478 2411 544 Atibi
2442 484 2612 531 autent
2652 489 2797 531 nemo
2828 473 3197 529 dominabitur.
3252 471 3548 529 Constituet
3577 478 3626 525 te
3672 467 3935 524 Dominus

617 576 759 645 (Art.
792 590 871 631 ιιι.
901 573 979 644 6).
1017 574 1276 644 Innuqnid
1307 591 1410 627 nun
1436 584 1549 628 erat
1576 573 1796 643 justus?
1828 572 1906 628 Tu
1937 572 2065 627 mihi
2089 587 2219 643 ergo
2325 570 2464 627 Deus
2491 581 2609 626 tuus
2638 579 2813 642 caput,
2840 579 2889 625 et
2911 586 3013 625 non
3038 572 3091 624 in
3122 567 3365 634 caudam,
3395 578 3443 621 et
3465 568 3569 622 eris
3597 574 3718 619 tunc
3744 580 3931 630 supra,

619 684 836 739 espnt.e
879 668 1002 739 quid
1047 666 1275 723 feneret.
1324 666 1510 723 Dixi~ti
1562 671 1704 723 enim
1735 686 1748 722 :
1784 665 1970 721 Beatus
2013 666 2087 720 vir
2131 666 2219 735 qui
2321 677 2369 721 et
2424 682 2526 721 non
2572 665 2765 733 subter,
2821 666 2866 721 si
2912 665 3201 720 exandieris
3244 679 3418 717 uocent
3462 660 3678 715 Domini
3726 657 3833 712 Dei
3863 658 3933 710 tui

614 766 887 820 miseretur
914 776 960 819 et
991 764 1304 829 commodat,
1337 764 1572 829 disponet
1605 779 1862 819 sermones
1892 779 2010 815 suos
2039 762 2091 814 in
2118 764 2211 832 ju-
2322 760 2513 831 (Ibid.,
2543 760 2655 833 i3).
2690 761 2756 815 Et
2781 760 3062 831 sequitur:
3088 758 3147 815 Si
3187 768 3357 812 autem
3387 772 3490 811 non
3521 754 3786 815 audieris,
3821 768 3931 805 ma-

612 860 753 915 dict'o
779 859 901 934 (Ps.
932 876 1045 925 est,
1078 860 1152 929 ii).
1186 858 1372 914 Inveni
1402 859 1527 929 quid
1563 858 1771 913 fenerat
1790 858 1987 927 justus.
2022 854 2216 910 Petrus
2319 856 2536 911 (edictus
2556 865 2610 910 tu
2630 856 2685 909 in
2706 856 2930 923 civitate,
2959 863 3005 910 et
3032 853 3335 908 maledictus
3356 851 3410 905 in
3433 865 3563 921 agro
3586 846 3793 921 (Ibid.,
3822 844 3929 915 ili).

611 972 829 1028 quoque
877 971 961 1009 me
1014 954 1203 1009 doceat
1248 963 1303 1009 et
1344 953 1457 1023 ipse
1497 952 1623 1022 quid
1662 952 1889 1014 feneret,
1936 948 2025 1020 qui
2078 946 2216 1001 dixit
2318 951 2385 1008 Et
2414 951 2551 1007 infra
2585 968 2599 1005 :
2644 950 2926 1007 Maledicta
2954 950 3220 1022 progenies
3249 948 3441 1003 ventris
3470 946 3548 1000 tui
3579 942 3787 1015 (Ibid.,
3822 939 3929 1011 18).

613 1048 760 1120 inopi
827 1048 1127 1104 attendenti
1159 1046 1224 1101 ad
1270 1063 1330 1101 se
1380 1056 1434 1101 et
1465 1046 1529 1099 ad
1579 1044 1843 1101 Joannem
1896 1040 2215 1112 :Argentttm
2317 1047 2434 1103 Non
2467 1046 2696 1119 pecunia
2742 1047 2925 1118 utique
2968 1043 3313 1101 benedictum
3348 1040 3502 1106 facit,
3545 1037 3648 1095 sed
3690 1035 3930 1108 cognitio

608 1155 655 1199 et
685 1159 873 1197 aurum
904 1160 1005 1196 non
1039 1144 1219 1196 habeo.
1251 1139 1393 1195 Nihil
1432 1156 1563 1213 ergo
1594 1139 1748 1193 tittltiS
1781 1136 2024 1207 pauperi,
2075 1150 2211 1202 apo-
2318 1142 2436 1207 Dei,
2488 1140 2804 1213 prmdjcatio
2852 1138 3003 1195 verbi
3039 1157 3053 1194 ε
3086 1139 3130 1194 si
3167 1138 3397 1211 gratiam
3446 1134 3673 1190 Domini
3716 1132 3931 1188 fenere-

603 1236 777 1291 stole?
806 1236 908 1291 Dus
936 1249 1135 1297 tamen,
1170 1245 1222 1290 et
1254 1237 1373 1304 plus
1402 1232 1499 1287 das
1540 1248 1700 1304 quam
1730 1231 1820 1286 alii
1855 1248 1867 1285 :
1899 1230 1995 1284 das
2041 1228 2208 1298 in0pi,
2316 1250 2460 1303 mus,
2492 1233 2932 1306 siindigemibus
2958 1231 3175 1303 eloquia
3208 1229 3423 1286 Domini
3451 1225 3846 1291 conferamus,
3890 1225 3929 1279 si

602 1331 747 1402 quod
791 1331 882 1385 alii
916 1330 1050 1387 dare
1093 1347 1197 1383 non
1250 1339 1473 1402 possunt
1510 1346 1523 1382 :
1553 1328 1650 1383 d-us
1686 1324 1854 1393 inopi,
1904 1334 2022 1396 post
2066 1322 2210 1395 quod
2317 1330 2674 1385 observemus
2704 1327 2953 1384 mandata
2976 1326 3243 1385 ccclestia.
3266 1325 3548 1382 Etcontra
3572 1320 3928 1379 maledictum

602 1441 765 1496 egi-re
794 1442 897 1479 non
926 1424 1137 1495 possit:
1164 1425 1262 1479 das
1290 1425 1455 1495 inOpi,
1490 1422 1629 1495 quod
1654 1423 1817 1478 etiam
1843 1419 2037 1474 divites
2068 1416 2213 1473 acci-
2315 1440 2421 1479 non
2454 1423 2607 1492 facit,
2634 1425 2679 1479 si
2704 1423 2845 1479 desit
2870 1422 3102 1497 pecunia
3131 1437 3251 1493 qua:
3274 1419 3554 1479 teneretur
3587 1436 3603 1475 :
3635 1417 3738 1475 sed
3774 1415 3822 1471 si
3849 1414 3929 1471 de-

599 1535 732 1592 pere
763 1519 1158 1588 concupiscunt
1190 1536 1201 1573 :
1234 1517 1334 1574 das
1366 1517 1535 1587 inpi,
1570 1515 1711 1586 quod
1758 1516 1792 1570 ii
1821 1515 1909 1583 qtti
1952 1512 2091 1568 istud
2126 1527 2212 1567 ar-
2314 1517 2385 1572 sit
2427 1516 2684 1585 studium,
2716 1517 2761 1573 si
2788 1516 2930 1573 desit
2975 1516 3287 1573 observatio
3333 1513 3649 1572 etelestium
3696 1518 3922 1569 statutae

597 1626 820 1688 genium
872 1630 925 1669 et
962 1632 1149 1671 aurum
1194 1615 1416 1683 habent,
1468 1612 1720 1669 conferre
1769 1627 1874 1666 non
1920 1608 2207 1673 noverint;
2316 1626 2459 1679 rum,
2488 1609 2813 1667 maledictus
2838 1610 2971 1667 eris.

606 1711 730 1781 quia
761 1708 989 1764 avaritia
1022 1724 1117 1764 eos
1148 1707 1371 1777 impedit
1400 1725 1413 1760 :
1445 1706 1585 1760 edas
1613 1705 1781 1775 inopi,
1810 1704 1899 1776 qui
1922 1703 2003 1758 eis
2033 1699 2214 1757 diviti-

606 1746 730 1781 Ψ....
761 1746 996 1815 ..
1022 1746 1117 1823 ἵ...
1488 1746 1585 1812 ...η
1613 1746 1781 1811 ...μνη
1810 1746 1899 1776 ιι...
1924 1746 2003 1758 .....
2807 1747 2971 1822 613
2993 1746 3225 1806 CAPUT
3262 1746 3413 1805 nx.

598 1801 701 1858 bus
732 1802 900 1859 faenus
946 1802 1225 1858 ditiorem.
1276 1801 1512 1857 lui-uasti
1554 1815 1794 1855 animum
1840 1814 2041 1861 meum,
2079 1812 2211 1850 con-

598 1899 820 1969 cupisco
864 1900 965 1955 hoc
996 1899 1198 1954 donum
1229 1908 1397 1954 tuum.
1442 1895 1639 1960 Dicito,
1687 1909 1841 1965 rogo,
1871 1894 2035 1967 612
2077 1890 2202 1963 Quid

2314 1864 2524 1924 Judteos
2562 1868 2729 1940 primo
2766 1866 3000 1939 gentibus
3041 1870 3297 1939 fenerasse
3320 1907 3336 1933 ,
3382 1862 3733 1935 postmodum
3764 1872 3916 1935 gestet

2382 1965 2435 2017 in
2464 1961 2727 2019 Christum
2768 1961 3029 2017 credentes
3066 1962 3224 2017 vicem
3268 1959 3376 2016 illis
3419 1959 3759 2027 reddidisse,
3804 1958 3917 2031 quod

2380 2059 2649 2131 pecuniam
2676 2074 2823 2113 suant
2853 2057 3182 2113 amisissent:
3212 2054 3444 2128 ejusdem
3491 2056 3747 2125 pecunia:
3784 2054 3911 2119 laus,

2381 2162 2533 2223 atque
2557 2151 2626 2205 ad
2650 2150 2797 2205 illam
2838 2151 3172 2220 fenerandam
3211 2149 3504 2204 exhortatio
3530 2164 3553 2203 :
3585 2159 3635 2203 et
3659 2165 3763 2220 quo
3786 2158 3912 2219 pacto

2379 2245 2435 2298 in
2460 2260 2519 2299 ea
2544 2261 2599 2299 re
2630 2241 2884 2299 Israelitis
2914 2242 3216 2314 anteposita:
3252 2242 3448 2314 fuerint
3478 2243 3753 2297 nationes.

599 1990 719 2047 des.
752 1989 868 2045 Noli
908 2006 993 2045 me
1023 1987 1112 2044 ditt
1145 2006 1471 2060 suspensum
1515 1988 1767 2051 reddere,
1801 1987 1964 2056 cupio
1996 2000 2200 2054 petere,

524 2140 525 2147 η
596 2082 645 2141 si
683 2085 792 2139 cito
836 2084 1036 2140 solvas.
1074 2083 1179 2141 Sed
1216 2081 1562 2138 solvislicuo
1597 2099 1609 2135 :
1644 2098 1750 2136 non
1780 2079 2038 2135 distulisti
2087 2080 2205 2135 ino-

594 2193 741 2248 pem,
778 2195 883 2233 non
929 2176 1224 2247 despexistt
1259 2192 1477 2249 precem
1530 2175 1805 2246 pauperis.
1846 2190 1952 2228 non
2000 2172 2203 2229 diutius

598 2289 722 2330 eum
771 2272 1069 2344 desperare
1099 2272 1294 2336 fecisti,
1333 2287 1437 2326 non
1485 2285 1686 2325 vacuus
1706 2268 1774 2325 ad
1810 2268 2067 2335 templum
2111 2282 2203 2322 as-

593 2367 826 2424 centli~ti
856 2365 1045 2422 dicens
1074 2383 1088 2419 :
1124 2367 1403 2439 Argentum
1429 2374 1477 2419 et
1510 2382 1693 2420 aurum
1727 2380 1828 2418 non
1875 2364 2054 2417 habeo.
2084 2360 2201 2417 Non

593 2459 670 2519 illi
702 2459 805 2517 soli
840 2462 1015 2527 plenis
1046 2461 1295 2515 manibus
1334 2459 1661 2522 ascendunt,
1693 2457 1784 2529 qui
1827 2467 2109 2528 argentum
2149 2466 2204 2512 et

598 2571 793 2611 aurum
824 2555 1029 2611 habent
1059 2574 1072 2609 :
1102 2554 1349 2612 ascendit
1378 2566 1432 2611 et
1464 2571 1670 2625 panper
1698 2570 1808 2609 non
1839 2569 2077 2610 vacuus:
2110 2567 2203 2608 as-

596 2652 778 2707 cendit
811 2663 862 2706 ct
895 2651 986 2707 ille
1017 2667 1123 2705 non
1155 2666 1380 2717 vacuus,
1424 2651 1546 2718 quia
1592 2666 1783 2705 aurum
1832 2658 1887 2705 ct
1920 2660 2201 2721 argentum

596 2760 705 2800 non
732 2743 916 2800 habet.
950 2744 1246 2799 Andiutnns
1266 2743 1393 2814 quid
1417 2742 1510 2798 det
1536 2743 1638 2798 iste
1666 2759 1872 2813 panper
1896 2760 1909 2797 :
1938 2742 2045 2799 Sed
2064 2747 2201 2814 quod

597 2832 783 2904 habeo,
818 2835 1010 2904 inqttit,
1047 2836 1113 2889 do
1140 2836 1251 2890 tibi.
1282 2832 1349 2889 In
1378 2836 1582 2890 nomine
1605 2832 1734 2889 Jrsu
1760 2833 2024 2889 Nazareni
2051 2850 2205 2908 surge

595 2940 645 2985 et
692 2930 904 2986 ambula
948 2926 1163 3001 (lbid.).
1204 2928 1249 2984 Ο
1298 2928 1532 2999 optanda
1586 2940 1913 3001 paupertas;
1961 2943 1995 2984 ο
2040 2927 2206 2981 ditior

590 3023 810 3095 inopia!
843 3020 1216 3089 Claudicabat,
1257 3021 1343 3077 cui
1375 3021 1572 3077 divites
1616 3022 1821 3077 dabant
1850 3040 1863 3079 :
1898 3034 2039 3076 unus
2071 3035 2204 3092 pau-

592 3132 692 3188 per
729 3116 911 3187 dedit,
968 3124 1024 3174 et
1061 3116 1245 3173 statim
1292 3116 1385 3189 qui
1435 3115 1664 3175 claudus
1710 3128 1861 3185 erat,
1907 3131 2075 3174 sanus
2122 3125 2207 3172 est

593 3209 796 3267 factus.

2379 2360 2468 2417 63.
2512 2359 2755 2432 Denique
2800 2360 3116 2432 mysterium
3168 2358 3429 2415 Ecclesia:
3478 2356 3773 2415 evidenter
3809 2373 3892 2413 ex-

2306 2452 2575 2524 primitur.
2611 2453 2849 2509 Primum
2877 2454 3019 2509 enim
3047 2452 3183 2508 dixit
3228 2452 3295 2507 ad
3334 2451 3682 2521 discipulum
3719 2450 3883 2521 Legis:

2308 2552 2371 2608 Si
2400 2551 2625 2607 audieris
2650 2549 2836 2624 Legem
2857 2592 2875 2619 ,
2913 2562 2960 2606 et
2996 2550 3308 2605 custodieris
3328 2591 3344 2617 ,
3382 2548 3659 2622 fenerabis
3701 2547 3890 2621 gestibus

2306 2644 2486 2718 (Deut.
2516 2662 2615 2713 xv,
2644 2643 2739 2715 6);
2768 2643 2913 2715 quod
2959 2642 3157 2700 factum
3188 2652 3271 2699 est
3314 2657 3345 2697 a
3394 2641 3658 2712 patribus
3708 2640 3896 2697 nostris.

2307 2739 2596 2796 Feneravit
2640 2738 2857 2811 Moyses
2904 2738 3190 2810 gentibus,
3229 2736 3319 2808 qui
3371 2736 3697 2807 proselytos
3749 2730 3898 2804 acqui-

2307 2835 2474 2901 sivit,
2506 2834 2771 2891 fencravit
2811 2832 2975 2890 Jesus
3017 2832 3198 2901 Nave,
3250 2831 3517 2889 feneravit
3546 2828 3898 2896 GedeonJec

2309 2930 2517 2986 neravit
2542 2928 2800 2997 Samuel,
2854 2927 3019 2985 David
3041 2970 3057 2996 ,
3084 2929 3340 2986 Salomon
3365 2969 3380 2995 ,
3432 2926 3591 2982 Elias
3611 2967 3628 2993 ,
3662 2926 3896 2986 Elisus;

2308 3033 2364 3080 et
2408 3024 2455 3079 si
2484 3024 2604 3094 quis
2634 3022 2849 3079 volebat
2878 3020 3103 3078 verbum
3134 3035 3467 3092 cognoscere
3493 3062 3509 3087 ,
3544 3021 3813 3092 pergebat
3846 3015 3897 3071 ad

2309 3135 2404 3177 eos
2429 3137 2442 3173 :
2477 3117 2663 3191 regina
2691 3114 2878 3174 Austri
2903 3115 3053 3174 venit
3093 3114 3282 3172 audire
3310 3113 3643 3187 sapientiam
3671 3113 3898 3171 Salomo-

2314 3212 2419 3269 nis.

667 3303 759 3358 δι.
786 3301 1475 3375 llahetergojustusquod
1497 3304 1725 3369 feneret,
1749 3304 1916 3361 habet
1933 3314 1988 3362 et
2010 3319 2205 3377 argen-
2234 3306 2280 3372 C
2383 3304 2473 3364 64.
2515 3304 2619 3364 Ubi
2648 3306 2816 3379 coepit
2860 3305 3093 3379 p0pulus
3130 3303 3438 3363 Jadtcorum
3486 3319 3599 3361 non
3647 3300 3899 3360 custodite

597 3402 711 3450 tum
725 3395 869 3465 quod
893 3394 1126 3459 feneret.
1147 3411 1429 3453 sermones
1450 3413 1578 3453 suos
1602 3397 1841 3453 fenerat:
1860 3400 1961 3455 hoc
1977 3407 2062 3454 est
2077 3398 2206 3467 justi

595 3500 911 3562 argentum;
936 3493 1147 3565 eloquia
1170 3494 1313 3550 enim
1334 3494 1574 3555 Domini.
1598 3496 1809 3566 eloquia
1822 3504 1993 3561 casta,
2013 3510 2211 3567 argen-

595 3592 713 3640 tum
729 3588 852 3657 igne
874 3591 1268 3655 examinatum,
1286 3588 1571 3657 probatum
1593 3597 1772 3656 terrm,
1788 3598 2071 3660 purgatum
2087 3603 2209 3658 sep-

599 3680 773 3746 tuplu.
794 3680 907 3737 Hot-
922 3680 1134 3737 fenerat
1151 3682 1243 3752 qui
1262 3684 1454 3755 Legem
1478 3684 1697 3753 accipit,
1717 3682 1805 3755 qui
1821 3684 2016 3754 Legem
2040 3683 2211 3739 medi-

598 3780 766 3840 tatur,
789 3776 879 3847 qui
903 3775 1102 3848 Legem
1125 3788 1342 3833 exercet
1358 3796 1371 3832 :
1389 3776 1489 3832 hoc
1505 3778 1768 3834 teneravit
1785 3780 1992 3844 l’etrns,
2011 3778 2113 3833 hoc
2135 3777 2211 3834 fe-

600 3870 812 3925 neravit
838 3868 1062 3936 Paulus,
1091 3870 1288 3943 quibus
1331 3870 1531 3927 dicitur
1563 3880 1620 3927 ttt
1651 3871 1716 3927 ad
1749 3872 1896 3927 viros
1926 3872 2207 3927 nationum

488 3962 497 3981 ”’
590 3973 905 4036 pergerent.
938 3966 1017 4021 Ad
1045 3966 1362 4022 Cornelium
1398 3968 1777 4023 centurionem
1811 3966 1994 4033 Petro,
2027 3966 2115 4022 cui
2137 3966 2212 4022 di-

597 4060 738 4116 citur
773 4077 787 4115 :
820 4061 1010 4133 Surge,
1044 4062 1172 4116 uade
1206 4063 1339 4116 nihil
1386 4062 1651 4124 dubitans.
1683 4062 1928 4135 quoniam
1957 4078 2049 4131 ego
2093 4061 2213 4117 misi

595 4152 754 4221 illos;
802 4164 851 4208 et
878 4155 1104 4209 surrexit
1144 4166 1192 4209 et
1221 4155 1310 4210 ivit
1348 4155 1487 4227 (Act.
1517 4173 1571 4214 ι.
1604 4157 1721 4229 20).
1756 4157 1824 4212 Ει
1861 4155 1998 4212 infra
2029 4156 2163 4212 dixit
2192 4174 2208 4213 :

601 4240 876 4317 Numquid
917 4266 1102 4321 aquam
1152 4259 1321 4306 uetare
1357 4268 1651 4322 possumus,
1689 4268 1750 4306 ne
1780 4254 2102 4323 baptisentur
2147 4253 2207 4321 ii,

600 4340 689 4410 qui
714 4340 979 4411 Spiritum
1008 4353 1244 4397 sanctum
1288 4357 1595 4417 acceperunt
1641 4344 1829 4416 (Ibid.,
1865 4347 1990 4417 b7)?
2013 4346 2211 4402 Jussit—

601 4450 708 4506 que
738 4450 835 4490 eos
874 4437 1157 4506 baptizari.
1206 4437 1321 4493 llnc
1360 4450 1445 4495 est
1474 4479 1485 4491 .
1519 4439 1822 4495 Fenerabis
1848 4441 2122 4510 gentibus,
2149 4449 2211 4497 ut

609 4538 832 4601 peccata
860 4528 1122 4591 dimittas.
1151 4530 1329 4588 debita
1362 4532 1619 4589 auferas:
1653 4542 1709 4588 tu
1742 4543 1921 4590 autem
1954 4550 2061 4591 non
2090 4550 2209 4590 mu-

604 4623 866 4679 tuaberis.
922 4624 1198 4680 Mntnatur
1245 4625 1389 4681 enim
1432 4636 1721 4696 peccator,
1765 4635 1824 4683 et
1871 4643 1976 4685 non
2026 4630 2209 4686 solvet

2314 3401 2548 3473 Legem,
2584 3409 2869 3473 coeperunt
2906 3402 3129 3458 adventa
3151 3443 3168 3469 ,
3201 3399 3307 3457 hoc
3331 3409 3449 3469 est,
3480 3415 3547 3457 ex
3598 3400 3800 3469 pepqu
3823 3413 3897 3452 as-

2315 3494 2524 3552 tiunum
2562 3496 2655 3567 qui
2695 3495 2750 3551 in
2794 3495 3080 3551 Dominum
3122 3494 3306 3551 Jesum
3335 3492 3729 3558 crediderunt,
3760 3493 3893 3547 inter-

2315 3592 2674 3662 pretationem
2722 3590 3122 3661 Scripturarum
3157 3588 3403 3645 fenerare
3452 3586 3531 3643 illi
3566 3595 3777 3643 vetusto
3814 3599 3891 3656 po-

2314 3686 2465 3756 pulo.
2498 3683 2791 3743 Feneravit
2846 3684 3164 3741 Timotheus
3194 3694 3346 3754 patre
3374 3682 3573 3738 Grmco
3605 3692 3748 3737 ortus
3774 3695 3877 3734 rer-

2314 3778 2441 3834 bum
2487 3778 2725 3846 Iudaeis,
2761 3794 2885 3835 cum
2931 3777 3297 3835 sacerdotium
3340 3774 3875 3846 recepisset;l’encra—

2315 3888 2437 3929 mus
2460 3872 2731 3945 hodieque
2749 3872 3067 3930 sacerdotes
3088 3873 3141 3928 itt
3164 3871 3407 3928 Ecclesia
3433 3872 3661 3928 verbum
3682 3867 3882 3940 ludatis,

2314 3968 2405 4041 qui
2432 3967 2503 4026 de
2538 3968 2821 4042 Synagoga
2864 3968 2930 4024 ad
2979 3968 3273 4025 Ecclesiam
3303 3967 3676 4033 transierunt;
3708 3965 3890 4021 fenera-

2316 4079 2437 4120 mus
2461 4072 2517 4120 et
2551 4078 2743 4120 novam
2770 4073 2825 4121 et
2852 4072 3121 4119 vetustam
3158 4064 3445 4136 pecuniam
3472 4080 3487 4116 :
3520 4064 3729 4118 etenim
3753 4074 3888 4134 quam

2314 4156 2656 4226 habuerunt,
2680 4159 2792 4228 jam
2819 4173 2925 4212 non
2955 4157 3193 4223 habent;
3232 4157 3423 4212 oculos
3449 4154 3654 4212 habent
3673 4198 3691 4221 ,
3723 4162 3779 4211 et
3804 4168 3890 4207 non

2314 4252 2533 4323 vident,
2577 4267 2736 4310 aures
2782 4252 3016 4315 habent.
3056 4260 3113 4307 et
3166 4266 3270 4307 non
3315 4250 3581 4317 audiunt;
3628 4248 3890 4321 pecuniam

2313 4346 2552 4413 habent,
2583 4354 2640 4403 et
2682 4360 2789 4402 non
2816 4345 3058 4412 habent;
3103 4344 3226 4416 quia
3257 4360 3412 4400 usum
3457 4344 3580 4415 ejus
3624 4344 3889 4416 ignorant,

2316 4442 2548 4511 pretium
2579 4440 2697 4512 ejus
2725 4440 3003 4507 nesciunt,
3035 4439 3257 4510 ﬁguram
3283 4437 3403 4507 ejus
3444 4446 3502 4493 et
3546 4437 3777 4492 fortnam
3803 4451 3890 4493 non

2314 4546 2706 4607 cognoverunt.
2738 4535 2873 4591 Nam
2902 4535 2950 4591 si
2977 4536 3356 4607 cognovissent
3385 4575 3402 4601 ,
3442 4549 3740 4606 numquam
3784 4548 3891 4590 auc-

2314 4636 2489 4685 torem
2521 4630 2766 4703 pecuniaa
2791 4629 3153 4699 denegasseot
3176 4627 3457 4684 dicentes:
3494 4626 3753 4683 Nolumus
3776 4627 3889 4681 Ιιιιε

601 4726 823 4787 peccata
846 4732 941 4773 sua
962 4735 977 4784 ;
999 4720 1123 4791 quia
1158 4729 1411 4791 peccator
1429 4731 1533 4778 est.
1567 4722 1731 4778 Paulo
1752 4723 2110 4797 dicitur(Act.
2134 4742 2211 4795 ts,
2243 4721 2293 4784 D
2320 4740 2539 4796 regnare
2586 4739 2741 4797 super
2760 4740 2853 4778 nos
2902 4719 3233 4795 (Luc.,xrx,
3266 4719 3383 4792 14).
3418 4720 3518 4789 Qui
3564 4720 3779 4790 quidem
3819 4735 3887 4775 re-

600 4810 737 4877 15):
771 4810 1068 4867 Fenerahis
1094 4812 1345 4882 gentibus
1368 4816 1458 4884 qui
1504 4814 1705 4871 missus
1748 4827 1832 4873 est
1860 4819 1927 4873 ad
1966 4827 2194 4889 gentes;

593 4904 789 4962 Joanni
830 4904 1030 4961 dicitur
1061 4925 1075 4962 :
1111 4904 1407 4963 Fenerabis
1436 4910 1722 4978 gentibus;
1767 4910 1974 4967 Jacobo
2002 4920 2059 4969 et
2092 4928 2199 4969 cat-

593 5000 727 5054 teris
771 4998 971 5054 dicitur
999 5017 1013 5053 :
1046 4998 1387 5055 Funerabitis
1434 5002 1725 5071 gentibus;
1770 5003 1966 5073 quibus
1992 5006 2197 5063 dictum

593 5102 675 5149 est
705 5110 718 5145 :
756 5090 857 5153 Ite,
887 5092 1142 5161 baptizate
1166 5104 1337 5163 gentes
1369 5092 1582 5164 (Matth.
1613 5111 1808 5161 xxvnt,
1828 5097 1939 5167 i9).

666 5185 755 5242 62.
792 5184 819 5223 ι’
843 5185 1051 5241 Dicitur
1079 5187 1278 5257 populo
1310 5199 1520 5255 patrum
1556 5206 1569 5242 :
1605 5189 1668 5245 Si
1703 5192 2010 5246 custodieris
2050 5208 2201 5247 man-

592 5280 716 5334 data
751 5278 868 5343 Dei,
901 5280 1194 5335 benedictus
1217 5283 1338 5345 eris,
1363 5292 1414 5337 et
1444 5283 1699 5353 fenerabis
1730 5285 1964 5354 gentibus
1988 5285 2195 5341 verbum

590 5374 771 5448 (Deut.
803 5391 995 5433 xxvnt.
1029 5376 1141 5433 12).
1176 5375 1417 5447 Denique
1462 5393 1569 5432 non
1599 5376 1668 5432 de
1701 5378 1928 5446 pecunia
1961 5378 2068 5431 dici
2115 5379 2193 5433 si-

588 5468 841 5538 gnificant
893 5470 1173 5538 sequentia
1209 5488 1222 5523 :
1255 5469 1508 5540 Princeps
1553 5471 1655 5525 eris
1691 5471 1926 5543 gentibus
1974 5471 2148 5527 multis
2171 5490 2192 5529 :

663 5582 843 5638 ‘Mss.
892 5584 1160 5643 nonnulli.
1201 5600 1265 5638 ac
1300 5599 1489 5639 omnes
1521 5585 1649 5637 edit.
1696 5585 1790 5638 das
1836 5586 2001 5654 inopi,
2049 5586 2187 5656 quod

589 5670 701 5728 eum
719 5656 955 5709 divitibus
976 5659 1154 5725 fat-int,
1183 5657 1387 5718 plures,
1413 5658 1576 5728 facias
1600 5656 1858 5728 ditiorem.
1894 5658 1997 5712 Alii
2028 5673 2185 5725 mss,

590 5726 684 5779 das
711 5728 875 5791 inopi,
903 5744 1003 5794 quo
1031 5728 1389 5799 (antiquiores
1414 5726 1529 5797 qui)
1560 5730 1651 5784 eis.
1687 5739 1791 5783 etc.
1827 5727 1882 5782 In
1917 5740 2071 5784 sesto
2093 5745 2189 5785 au-

592 5807 697 5851 tem
716 5813 843 5852 casu
869 5813 945 5853 est
975 5802 1256 5854 relativum
1286 5801 1392 5865 qui,
1420 5814 1471 5855 et
1502 5800 1930 5867 subintelbgitur
1954 5803 2071 5867 ejus
2093 5817 2191 5858 an-

590 5871 846 5942 tecedens
871 5868 973 5942 hoc
1004 5870 1187 5933 modo,
1214 5869 1323 5925 Das
1352 5872 1497 5942 inopi
1524 5872 1577 5923 id
1604 5888 1787 5926 munus
1817 5873 1925 5942 qui,
1954 5883 2062 5930 etc.

664 5939 690 5977 δ
719 5939 837 5998 Vet.
884 5941 1015 6002 edit.
1062 5956 1190 5999 cum
1237 5957 1371 6003 mss.
1416 5941 1586 6000 Torn.
1643 5954 1701 6000 et
1752 5939 1891 6002 Vict.
1919 5986 1938 6016 ,
1982 5944 2194 6005 Dicitur

2305 4817 2493 4885 diens,
2527 4827 2756 4890 accepto
2785 4832 2985 4890 regno,
3010 4815 3175 4886 jussit
3207 4813 3387 4870 vocari
3416 4827 3609 4869 servos
3641 4828 3768 4869 suos
3787 4811 3888 4884 qui-

2306 4911 2410 4969 bus
2454 4911 2604 4970 dedit
2639 4912 2923 4985 pecuniam
2950 4953 2967 4979 ,
2997 4918 3055 4965 et
3078 4926 3176 4966 eos
3215 4912 3306 4981 qui
3358 4894 3700 4965 fenerassent
3741 4922 3883 4981 pecl-

2309 5005 2493 5073 niam,
2533 5004 2851 5077 praedicavit
2885 5021 2900 5057 :
2941 5002 2992 5059 ei
3040 5011 3219 5057 autem
3266 5000 3355 5069 qui
3391 4999 3691 5069 pecuniam
3738 4997 3888 5054 tenuit

2309 5097 2541 5153 otiosam
2568 5097 2774 5154 domini
2797 5096 2880 5153 sui
2905 5093 3185 5164 reSpondit
3211 5112 3225 5147 :
3254 5092 3466 5150 Sciebas
3483 5093 3623 5164 quod
3648 5109 3737 5164 ego
3755 5093 3884 5146 bona

2305 5201 2542 5247 austerus
2584 5208 2699 5248 sum
2719 5233 2735 5260 ,
2758 5190 2885 5246 tollo
2915 5189 3052 5261 quod
3093 5204 3196 5243 non
3239 5187 3386 5257 posui
3408 5230 3426 5254 ,
3461 5198 3596 5240 meto
3633 5186 3766 5257 quod
3798 5200 3886 5238 non

2302 5287 2548 5343 seminavi
2595 5302 2615 5343 :
2659 5296 2709 5343 et
2745 5302 2906 5358 quare
2945 5301 3048 5340 non
3091 5283 3279 5338 dedisti
3322 5283 3596 5355 pecuniam
3642 5297 3793 5336 nteant
3827 5278 3885 5333 ed

2300 5397 2529 5436 mensam
2552 5423 2569 5449 ,
2608 5390 2657 5436 et
2698 5397 2793 5453 ego
2832 5379 3037 5437 ueniens
3079 5394 3197 5433 cum
3234 5377 3406 5432 usuris
3436 5376 3611 5449 utique
3636 5377 3885 5449 coegisset!

2298 5478 2448 5533 illam
2475 5477 2641 5549 (Ibid.
2660 5519 2676 5547 ,
2709 5476 2783 5532 22
2802 5486 2847 5532 et
2875 5475 3014 5548 23)?

2300 5589 2470 5646 Paulo
2499 5608 2518 5647 :
2548 5592 2611 5648 Si
2660 5590 2883 5646 Patrum
2936 5590 3244 5647 custodieris
3290 5585 3561 5655 mandata,
3617 5588 3881 5644 benedictus

2297 5665 2422 5728 eris,
2447 5674 2493 5719 et
2523 5665 2782 5736 fenerabis
2815 5664 3050 5736 gentibus
3082 5664 3307 5719 verbum.
3345 5663 3497 5736 llom.
3550 5675 3583 5716 e
3623 5661 3741 5717 cod.
3778 5662 3877 5736 \‘at.

2297 5750 2421 5791 cum
2450 5732 2555 5806 quo
2583 5736 2725 5793 Gall.
2759 5732 2952 5793 omnes
2990 5736 3365 5799 consentiunt,
3400 5733 3577 5787 locum
3624 5732 3875 5806 restituit:

2302 5808 2405 5880 nisi
2435 5804 2581 5878 quod
2625 5808 2717 5864 ubi
2758 5824 2950 5865 omnes
2994 5825 3126 5865 mss.
3180 5807 3493 5880 praeferunt,
3524 5804 3756 5876 gentibus
3788 5819 3877 5861 vcr-

2301 5879 2442 5949 bum,
2472 5880 2562 5938 illa
2588 5881 2861 5953 reposuit,
2884 5882 3124 5956 gentibus
3149 5879 3342 5938 multis.

4012 1560 4015 1665 ἰ
