  <div class='ocr_page' id='page_1' title='image "/cluster/home/n/w/nwhite01/storage/ocr_20150623/14/hvd.32044015471303/398.png"; bbox 0 0 4066 6360; ppageno 0'>
   <div class='ocr_carea' id='block_1_1' title="bbox 176 292 299 356">
    <p class='ocr_par' dir='ltr' id='par_1_1' title="bbox 176 292 299 356">
     <span class='ocr_line' id='line_1_1' title="bbox 176 292 299 356; baseline -0.016 0"><span class='ocrx_word' id='word_1_1' title='bbox 176 292 299 356; x_wconf 78' lang='lat'><strong>735</strong></span> 
     </span>
    </p>
   </div>
   <div class='ocr_carea' id='block_1_2' title="bbox 1462 291 2305 354">
    <p class='ocr_par' dir='ltr' id='par_1_2' title="bbox 1462 291 2305 354">
     <span class='ocr_line' id='line_1_2' title="bbox 1462 291 2305 354; baseline 0.001 -3"><span class='ocrx_word' id='word_1_2' title='bbox 1462 292 1554 352; x_wconf 84' lang='lat' dir='ltr'><strong>DE</strong></span> <span class='ocrx_word' id='word_1_3' title='bbox 1591 291 1818 353; x_wconf 76' lang='lat' dir='ltr'><strong>TOBIA.</strong></span> <span class='ocrx_word' id='word_1_4' title='bbox 1857 292 2063 352; x_wconf 77' lang='lat' dir='ltr'><strong>LIBER</strong></span> <span class='ocrx_word' id='word_1_5' title='bbox 2104 293 2305 354; x_wconf 83' lang='lat' dir='ltr'><strong>UNUS.</strong></span> 
     </span>
    </p>
   </div>
   <div class='ocr_carea' id='block_1_3' title="bbox 3410 293 3517 352">
    <p class='ocr_par' dir='ltr' id='par_1_3' title="bbox 3410 293 3517 352">
     <span class='ocr_line' id='line_1_3' title="bbox 3410 293 3517 352; baseline 0 -1"><span class='ocrx_word' id='word_1_6' title='bbox 3410 293 3517 352; x_wconf 75' lang='lat'><strong>786</strong></span> 
     </span>
    </p>
   </div>
   <div class='ocr_carea' id='block_1_4' title="bbox 257 411 3517 495">
    <p class='ocr_par' dir='ltr' id='par_1_4' title="bbox 257 411 3517 495">
     <span class='ocr_line' id='line_1_4' title="bbox 257 411 3517 495; baseline -0.002 -19"><span class='ocrx_word' id='word_1_7' title='bbox 257 416 363 476; x_wconf 83' lang='lat'><strong>65.</strong></span> <span class='ocrx_word' id='word_1_8' title='bbox 410 419 665 479; x_wconf 76' lang='lat' dir='ltr'><strong>Audistis</strong></span> <span class='ocrx_word' id='word_1_9' title='bbox 696 416 832 495; x_wconf 76' lang='lat' dir='ltr'><strong>qua:</strong></span> <span class='ocrx_word' id='word_1_10' title='bbox 876 419 1102 493; x_wconf 61' lang='lat' dir='ltr'><strong>pecunia</strong></span> <span class='ocrx_word' id='word_1_11' title='bbox 1147 418 1276 475; x_wconf 90' lang='lat' dir='ltr'><strong>boni</strong></span> <span class='ocrx_word' id='word_1_12' title='bbox 1327 416 1653 475; x_wconf 76' lang='lat' dir='ltr'><strong>feneratoris</strong></span> <span class='ocrx_word' id='word_1_13' title='bbox 1701 417 1811 484; x_wconf 90' lang='lat' dir='ltr'><strong>sit,</strong></span> <span class='ocrx_word' id='word_1_14' title='bbox 1837 417 1894 480; x_wconf 76' lang='grc' dir='ltr'>Α</span> <span class='ocrx_word' id='word_1_15' title='bbox 1990 426 2039 473; x_wconf 90' lang='lat' dir='ltr'><strong>et</strong></span> <span class='ocrx_word' id='word_1_16' title='bbox 2066 418 2130 473; x_wconf 86' lang='lat' dir='ltr'><strong>de</strong></span> <span class='ocrx_word' id='word_1_17' title='bbox 2158 417 2331 473; x_wconf 84' lang='lat' dir='ltr'><strong>tunica</strong></span> <span class='ocrx_word' id='word_1_18' title='bbox 2373 431 2529 489; x_wconf 86' lang='lat' dir='ltr'><strong>quam</strong></span> <span class='ocrx_word' id='word_1_19' title='bbox 2556 428 2731 471; x_wconf 84' lang='lat' dir='ltr'><strong>omnes</strong></span> <span class='ocrx_word' id='word_1_20' title='bbox 2767 414 3004 481; x_wconf 80' lang='lat' dir='ltr'><strong>iubemur</strong></span> <span class='ocrx_word' id='word_1_21' title='bbox 3045 412 3278 469; x_wconf 78' lang='lat' dir='ltr'><strong>induere.</strong></span> <span class='ocrx_word' id='word_1_22' title='bbox 3313 411 3517 469; x_wconf 82' lang='lat' dir='ltr'><strong>Bonum</strong></span> 
     </span>
    </p>
   </div>
   <div class='ocr_carea' id='block_1_5' title="bbox 173 512 1808 588">
    <p class='ocr_par' dir='ltr' id='par_1_5' title="bbox 173 512 1808 588">
     <span class='ocr_line' id='line_1_5' title="bbox 173 512 1808 588; baseline -0.001 -18"><span class='ocrx_word' id='word_1_23' title='bbox 173 527 318 585; x_wconf 68' lang='lat' dir='ltr'><strong>qua:</strong></span> <span class='ocrx_word' id='word_1_24' title='bbox 367 517 606 588; x_wconf 81' lang='lat' dir='ltr'><strong>pecunia</strong></span> <span class='ocrx_word' id='word_1_25' title='bbox 656 517 825 571; x_wconf 89' lang='lat' dir='ltr'><strong>bonas</strong></span> <span class='ocrx_word' id='word_1_26' title='bbox 868 516 1110 587; x_wconf 77' lang='lat' dir='ltr'><strong>acquirat</strong></span> <span class='ocrx_word' id='word_1_27' title='bbox 1156 528 1387 582; x_wconf 88' lang='lat' dir='ltr'><strong>usuras,</strong></span> <span class='ocrx_word' id='word_1_28' title='bbox 1426 528 1547 585; x_wconf 68' lang='lat' dir='ltr'><strong>qua:</strong></span> <span class='ocrx_word' id='word_1_29' title='bbox 1579 512 1808 584; x_wconf 85' lang='lat' dir='ltr'><strong>pecunia</strong></span> 
     </span>
    </p>
   </div>
   <div class='ocr_carea' id='block_1_6' title="bbox 180 606 1805 679">
    <p class='ocr_par' dir='ltr' id='par_1_6' title="bbox 180 606 1805 679">
     <span class='ocr_line' id='line_1_6' title="bbox 180 606 1805 679; baseline -0.001 -15"><span class='ocrx_word' id='word_1_30' title='bbox 180 623 303 664; x_wconf 87' lang='lat' dir='ltr'><strong>non</strong></span> <span class='ocrx_word' id='word_1_31' title='bbox 338 610 583 669; x_wconf 78' lang='lat' dir='ltr'><strong>infamet</strong></span> <span class='ocrx_word' id='word_1_32' title='bbox 615 610 971 668; x_wconf 75' lang='lat' dir='ltr'><strong>feneratorem</strong></span> <span class='ocrx_word' id='word_1_33' title='bbox 993 651 1008 674; x_wconf 87' lang='lat'><strong>.</strong></span> <span class='ocrx_word' id='word_1_34' title='bbox 1042 626 1147 666; x_wconf 90' lang='lat' dir='ltr'><strong>non</strong></span> <span class='ocrx_word' id='word_1_35' title='bbox 1176 609 1443 679; x_wconf 81' lang='lat' dir='ltr'><strong>Opprimat</strong></span> <span class='ocrx_word' id='word_1_36' title='bbox 1462 606 1763 664; x_wconf 85' lang='lat' dir='ltr'><strong>debitorem</strong></span> <span class='ocrx_word' id='word_1_37' title='bbox 1790 648 1805 674; x_wconf 91' lang='lat'><strong>,</strong></span> 
     </span>
    </p>
   </div>
   <div class='ocr_carea' id='block_1_7' title="bbox 179 702 1809 779">
    <p class='ocr_par' dir='ltr' id='par_1_7' title="bbox 179 702 1809 779">
     <span class='ocr_line' id='line_1_7' title="bbox 179 702 1809 779; baseline -0.001 -21"><span class='ocrx_word' id='word_1_38' title='bbox 179 716 365 774; x_wconf 86' lang='lat' dir='ltr'><strong>quam</strong></span> <span class='ocrx_word' id='word_1_39' title='bbox 424 705 712 779; x_wconf 82' lang='lat' dir='ltr'><strong>pecuniam</strong></span> <span class='ocrx_word' id='word_1_40' title='bbox 760 720 942 777; x_wconf 68' lang='lat' dir='ltr'><strong>aerugo</strong></span> <span class='ocrx_word' id='word_1_41' title='bbox 987 719 1093 759; x_wconf 88' lang='lat' dir='ltr'><strong>non</strong></span> <span class='ocrx_word' id='word_1_42' title='bbox 1144 703 1314 773; x_wconf 83' lang='lat' dir='ltr'><strong>possit</strong></span> <span class='ocrx_word' id='word_1_43' title='bbox 1356 702 1668 769; x_wconf 89' lang='lat' dir='ltr'><strong>obducere,</strong></span> <span class='ocrx_word' id='word_1_44' title='bbox 1700 716 1809 757; x_wconf 91' lang='lat' dir='ltr'><strong>non</strong></span> 
     </span>
    </p>
   </div>
   <div class='ocr_carea' id='block_1_8' title="bbox 180 793 1807 869">
    <p class='ocr_par' dir='ltr' id='par_1_8' title="bbox 180 793 1807 869">
     <span class='ocr_line' id='line_1_8' title="bbox 180 793 1807 869; baseline -0.001 -19"><span class='ocrx_word' id='word_1_45' title='bbox 180 807 511 867; x_wconf 82' lang='lat' dir='ltr'><strong>penetrare</strong></span> <span class='ocrx_word' id='word_1_46' title='bbox 540 797 683 853; x_wconf 91' lang='lat' dir='ltr'><strong>tinea</strong></span> <span class='ocrx_word' id='word_1_47' title='bbox 710 839 727 862; x_wconf 88' lang='lat'><strong>,</strong></span> <span class='ocrx_word' id='word_1_48' title='bbox 758 812 879 869; x_wconf 69' lang='lat' dir='ltr'><strong>qua:</strong></span> <span class='ocrx_word' id='word_1_49' title='bbox 916 796 1136 867; x_wconf 86' lang='lat' dir='ltr'><strong>pecunia</strong></span> <span class='ocrx_word' id='word_1_50' title='bbox 1176 810 1281 851; x_wconf 92' lang='lat' dir='ltr'><strong>non</strong></span> <span class='ocrx_word' id='word_1_51' title='bbox 1310 794 1379 851; x_wconf 90' lang='lat' dir='ltr'><strong>de</strong></span> <span class='ocrx_word' id='word_1_52' title='bbox 1421 803 1642 852; x_wconf 90' lang='lat' dir='ltr'><strong>terreno</strong></span> <span class='ocrx_word' id='word_1_53' title='bbox 1687 793 1807 849; x_wconf 87' lang='lat' dir='ltr'><strong>the-</strong></span> 
     </span>
    </p>
   </div>
   <div class='ocr_carea' id='block_1_9' title="bbox 179 886 1810 961">
    <p class='ocr_par' dir='ltr' id='par_1_9' title="bbox 179 886 1810 961">
     <span class='ocr_line' id='line_1_9' title="bbox 179 886 1810 961; baseline -0.002 -15"><span class='ocrx_word' id='word_1_54' title='bbox 179 906 371 947; x_wconf 84' lang='lat' dir='ltr'><strong>sauro</strong></span> <span class='ocrx_word' id='word_1_55' title='bbox 402 894 520 958; x_wconf 90' lang='lat' dir='ltr'><strong>sit,</strong></span> <span class='ocrx_word' id='word_1_56' title='bbox 550 891 644 949; x_wconf 80' lang='lat' dir='ltr'><strong>sed</strong></span> <span class='ocrx_word' id='word_1_57' title='bbox 675 891 743 949; x_wconf 84' lang='lat' dir='ltr'><strong>de</strong></span> <span class='ocrx_word' id='word_1_58' title='bbox 782 902 1022 956; x_wconf 59' lang='lat' dir='ltr'><strong>mterno,</strong></span> <span class='ocrx_word' id='word_1_59' title='bbox 1055 906 1176 961; x_wconf 71' lang='lat' dir='ltr'><strong>quae</strong></span> <span class='ocrx_word' id='word_1_60' title='bbox 1208 889 1433 960; x_wconf 78' lang='lat' dir='ltr'><strong>pecunia</strong></span> <span class='ocrx_word' id='word_1_61' title='bbox 1477 888 1698 944; x_wconf 84' lang='lat' dir='ltr'><strong>divitem</strong></span> <span class='ocrx_word' id='word_1_62' title='bbox 1732 886 1810 942; x_wconf 83' lang='lat' dir='ltr'><strong>fa-</strong></span> 
     </span>
    </p>
   </div>
   <div class='ocr_carea' id='block_1_10' title="bbox 179 982 1805 1056">
    <p class='ocr_par' dir='ltr' id='par_1_10' title="bbox 179 982 1805 1056">
     <span class='ocr_line' id='line_1_10' title="bbox 179 982 1805 1056; baseline -0.003 -13"><span class='ocrx_word' id='word_1_63' title='bbox 179 986 301 1043; x_wconf 87' lang='lat' dir='ltr'><strong>ciat</strong></span> <span class='ocrx_word' id='word_1_64' title='bbox 352 986 760 1055; x_wconf 69' lang='lat' dir='ltr'><strong>accipientem,</strong></span> <span class='ocrx_word' id='word_1_65' title='bbox 806 1001 904 1040; x_wconf 90' lang='lat' dir='ltr'><strong>nec</strong></span> <span class='ocrx_word' id='word_1_66' title='bbox 949 983 1148 1056; x_wconf 87' lang='lat' dir='ltr'><strong>aliquid</strong></span> <span class='ocrx_word' id='word_1_67' title='bbox 1194 984 1478 1039; x_wconf 89' lang='lat' dir='ltr'><strong>imminuat</strong></span> <span class='ocrx_word' id='word_1_68' title='bbox 1518 982 1805 1039; x_wconf 89' lang='lat' dir='ltr'><strong>feneranti.</strong></span> 
     </span>
    </p>
   </div>
   <div class='ocr_carea' id='block_1_11' title="bbox 181 1076 1809 1148">
    <p class='ocr_par' dir='ltr' id='par_1_11' title="bbox 181 1076 1809 1148">
     <span class='ocr_line' id='line_1_11' title="bbox 181 1076 1809 1148; baseline -0.002 -12"><span class='ocrx_word' id='word_1_69' title='bbox 181 1079 326 1136; x_wconf 68' lang='lat' dir='ltr'><strong>Haec</strong></span> <span class='ocrx_word' id='word_1_70' title='bbox 379 1079 617 1148; x_wconf 83' lang='lat' dir='ltr'><strong>pecunia</strong></span> <span class='ocrx_word' id='word_1_71' title='bbox 650 1093 867 1134; x_wconf 87' lang='lat' dir='ltr'><strong>usuram</strong></span> <span class='ocrx_word' id='word_1_72' title='bbox 900 1076 1106 1133; x_wconf 91' lang='lat' dir='ltr'><strong>habet:</strong></span> <span class='ocrx_word' id='word_1_73' title='bbox 1138 1092 1243 1133; x_wconf 92' lang='lat' dir='ltr'><strong>non</strong></span> <span class='ocrx_word' id='word_1_74' title='bbox 1296 1078 1648 1134; x_wconf 88' lang='lat' dir='ltr'><strong>centesimam</strong></span> <span class='ocrx_word' id='word_1_75' title='bbox 1692 1076 1809 1146; x_wconf 88' lang='lat' dir='ltr'><strong>ejus</strong></span> 
     </span>
    </p>
   </div>
   <div class='ocr_carea' id='block_1_12' title="bbox 177 1170 1808 1243">
    <p class='ocr_par' dir='ltr' id='par_1_12' title="bbox 177 1170 1808 1243">
     <span class='ocr_line' id='line_1_12' title="bbox 177 1170 1808 1243; baseline 0 -18"><span class='ocrx_word' id='word_1_76' title='bbox 177 1172 341 1242; x_wconf 87' lang='lat' dir='ltr'><strong>quod</strong></span> <span class='ocrx_word' id='word_1_77' title='bbox 378 1172 604 1227; x_wconf 78' lang='lat' dir='ltr'><strong>dederit</strong></span> <span class='ocrx_word' id='word_1_78' title='bbox 648 1172 950 1242; x_wconf 86' lang='lat' dir='ltr'><strong>portionem</strong></span> <span class='ocrx_word' id='word_1_79' title='bbox 974 1212 991 1239; x_wconf 87' lang='lat'><strong>,</strong></span> <span class='ocrx_word' id='word_1_80' title='bbox 1024 1170 1120 1228; x_wconf 89' lang='lat' dir='ltr'><strong>sed</strong></span> <span class='ocrx_word' id='word_1_81' title='bbox 1150 1171 1464 1243; x_wconf 86' lang='lat' dir='ltr'><strong>centuplum</strong></span> <span class='ocrx_word' id='word_1_82' title='bbox 1512 1170 1618 1227; x_wconf 87' lang='lat' dir='ltr'><strong>fert</strong></span> <span class='ocrx_word' id='word_1_83' title='bbox 1661 1170 1808 1226; x_wconf 83' lang='lat' dir='ltr'><strong>fruc-</strong></span> 
     </span>
    </p>
   </div>
   <div class='ocr_carea' id='block_1_13' title="bbox 178 1262 1807 1336">
    <p class='ocr_par' dir='ltr' id='par_1_13' title="bbox 178 1262 1807 1336">
     <span class='ocr_line' id='line_1_13' title="bbox 178 1262 1807 1336; baseline -0.001 -17"><span class='ocrx_word' id='word_1_84' title='bbox 178 1272 330 1319; x_wconf 86' lang='lat' dir='ltr'><strong>tum.</strong></span> <span class='ocrx_word' id='word_1_85' title='bbox 370 1262 640 1333; x_wconf 65' lang='lat' dir='ltr'><strong>Expende</strong></span> <span class='ocrx_word' id='word_1_86' title='bbox 671 1264 834 1336; x_wconf 89' lang='lat' dir='ltr'><strong>igitur</strong></span> <span class='ocrx_word' id='word_1_87' title='bbox 878 1264 1055 1320; x_wconf 88' lang='lat' dir='ltr'><strong>sinum</strong></span> <span class='ocrx_word' id='word_1_88' title='bbox 1089 1265 1284 1320; x_wconf 90' lang='lat' dir='ltr'><strong>mentis</strong></span> <span class='ocrx_word' id='word_1_89' title='bbox 1305 1306 1321 1330; x_wconf 87' lang='lat'><strong>,</strong></span> <span class='ocrx_word' id='word_1_90' title='bbox 1352 1272 1409 1319; x_wconf 92' lang='lat' dir='ltr'><strong>ut</strong></span> <span class='ocrx_word' id='word_1_91' title='bbox 1439 1262 1597 1335; x_wconf 86' lang='lat' dir='ltr'><strong>hujus</strong></span> <span class='ocrx_word' id='word_1_92' title='bbox 1645 1277 1807 1335; x_wconf 87' lang='lat' dir='ltr'><strong>pecu-</strong></span> 
     </span>
    </p>
   </div>
   <div class='ocr_carea' id='block_1_14' title="bbox 171 1354 1807 1430">
    <p class='ocr_par' dir='ltr' id='par_1_14' title="bbox 171 1354 1807 1430">
     <span class='ocr_line' id='line_1_14' title="bbox 171 1354 1807 1430; baseline 0 -17"><span class='ocrx_word' id='word_1_93' title='bbox 171 1354 292 1413; x_wconf 68' lang='lat' dir='ltr'><strong>niae</strong></span> <span class='ocrx_word' id='word_1_94' title='bbox 324 1364 677 1412; x_wconf 84' lang='lat' dir='ltr'><strong>numeratam</strong></span> <span class='ocrx_word' id='word_1_95' title='bbox 707 1356 804 1413; x_wconf 85' lang='lat' dir='ltr'><strong>tibi</strong></span> <span class='ocrx_word' id='word_1_96' title='bbox 848 1358 1116 1430; x_wconf 80' lang='lat' dir='ltr'><strong>suscipias</strong></span> <span class='ocrx_word' id='word_1_97' title='bbox 1142 1358 1499 1427; x_wconf 80' lang='lat' dir='ltr'><strong>quantitatem</strong></span> <span class='ocrx_word' id='word_1_98' title='bbox 1530 1372 1544 1410; x_wconf 92' lang='lat'>:</span> <span class='ocrx_word' id='word_1_99' title='bbox 1586 1354 1807 1413; x_wconf 85' lang='lat' dir='ltr'><strong>intende</strong></span> 
     </span>
    </p>
   </div>
   <div class='ocr_carea' id='block_1_15' title="bbox 170 1447 1809 1523">
    <p class='ocr_par' dir='ltr' id='par_1_15' title="bbox 170 1447 1809 1523">
     <span class='ocr_line' id='line_1_15' title="bbox 170 1447 1809 1523; baseline -0.002 -16"><span class='ocrx_word' id='word_1_100' title='bbox 170 1449 382 1507; x_wconf 82' lang='lat' dir='ltr'><strong>cordis</strong></span> <span class='ocrx_word' id='word_1_101' title='bbox 430 1452 721 1520; x_wconf 84' lang='lat' dir='ltr'><strong>obtutum,</strong></span> <span class='ocrx_word' id='word_1_102' title='bbox 773 1459 832 1507; x_wconf 92' lang='lat' dir='ltr'><strong>ut</strong></span> <span class='ocrx_word' id='word_1_103' title='bbox 858 1466 1120 1523; x_wconf 87' lang='lat' dir='ltr'><strong>agnoscas</strong></span> <span class='ocrx_word' id='word_1_104' title='bbox 1162 1450 1402 1521; x_wconf 77' lang='lat' dir='ltr'><strong>pecuniae</strong></span> <span class='ocrx_word' id='word_1_105' title='bbox 1433 1450 1591 1520; x_wconf 84' lang='lat' dir='ltr'><strong>hujus</strong></span> <span class='ocrx_word' id='word_1_106' title='bbox 1618 1447 1809 1520; x_wconf 87' lang='lat' dir='ltr'><strong>imagi-</strong></span> 
     </span>
    </p>
   </div>
   <div class='ocr_carea' id='block_1_16' title="bbox 172 1543 1803 1618">
    <p class='ocr_par' dir='ltr' id='par_1_16' title="bbox 172 1543 1803 1618">
     <span class='ocr_line' id='line_1_16' title="bbox 172 1543 1803 1618; baseline -0.002 -16"><span class='ocrx_word' id='word_1_107' title='bbox 172 1560 313 1602; x_wconf 87' lang='lat' dir='ltr'><strong>nem</strong></span> <span class='ocrx_word' id='word_1_108' title='bbox 349 1558 409 1603; x_wconf 89' lang='lat' dir='ltr'><strong>et</strong></span> <span class='ocrx_word' id='word_1_109' title='bbox 446 1547 855 1617; x_wconf 85' lang='lat' dir='ltr'><strong>inscriptionem</strong></span> <span class='ocrx_word' id='word_1_110' title='bbox 882 1564 895 1601; x_wconf 91' lang='lat'>:</span> <span class='ocrx_word' id='word_1_111' title='bbox 927 1554 1077 1603; x_wconf 89' lang='lat' dir='ltr'><strong>certe</strong></span> <span class='ocrx_word' id='word_1_112' title='bbox 1102 1544 1244 1602; x_wconf 88' lang='lat' dir='ltr'><strong>hanc</strong></span> <span class='ocrx_word' id='word_1_113' title='bbox 1262 1543 1549 1618; x_wconf 88' lang='lat' dir='ltr'><strong>pecuniam</strong></span> <span class='ocrx_word' id='word_1_114' title='bbox 1576 1554 1803 1611; x_wconf 75' lang='lat' dir='ltr'><strong>excute,</strong></span> 
     </span>
    </p>
   </div>
   <div class='ocr_carea' id='block_1_17' title="bbox 172 1638 1806 1713">
    <p class='ocr_par' dir='ltr' id='par_1_17' title="bbox 172 1638 1806 1713">
     <span class='ocr_line' id='line_1_17' title="bbox 172 1638 1806 1713; baseline -0.001 -19"><span class='ocrx_word' id='word_1_115' title='bbox 172 1639 445 1696; x_wconf 78' lang='lat' dir='ltr'><strong>tabulam</strong></span> <span class='ocrx_word' id='word_1_116' title='bbox 478 1657 644 1713; x_wconf 81' lang='lat' dir='ltr'><strong>supra</strong></span> <span class='ocrx_word' id='word_1_117' title='bbox 672 1656 915 1697; x_wconf 85' lang='lat' dir='ltr'><strong>mensam</strong></span> <span class='ocrx_word' id='word_1_118' title='bbox 947 1642 1143 1697; x_wconf 74' lang='lat' dir='ltr'><strong>anima:</strong></span> <span class='ocrx_word' id='word_1_119' title='bbox 1171 1650 1279 1696; x_wconf 75' lang='lat' dir='ltr'><strong>tua:</strong></span> <span class='ocrx_word' id='word_1_120' title='bbox 1307 1656 1426 1709; x_wconf 64' lang='lat' dir='ltr'><strong>quae</strong></span> <span class='ocrx_word' id='word_1_121' title='bbox 1454 1638 1669 1696; x_wconf 85' lang='lat' dir='ltr'><strong>stabilis</strong></span> <span class='ocrx_word' id='word_1_122' title='bbox 1699 1640 1806 1694; x_wconf 59' lang='lat' dir='ltr'><strong>vir.</strong></span> 
     </span>
    </p>
   </div>
   <div class='ocr_carea' id='block_1_18' title="bbox 169 1734 1805 1809">
    <p class='ocr_par' dir='ltr' id='par_1_18' title="bbox 169 1734 1805 1809">
     <span class='ocr_line' id='line_1_18' title="bbox 169 1734 1805 1809; baseline -0.002 -18"><span class='ocrx_word' id='word_1_123' title='bbox 169 1735 405 1792; x_wconf 85' lang='lat' dir='ltr'><strong>tutibus</strong></span> <span class='ocrx_word' id='word_1_124' title='bbox 433 1739 509 1792; x_wconf 85' lang='lat' dir='ltr'><strong>sit</strong></span> <span class='ocrx_word' id='word_1_125' title='bbox 529 1778 545 1800; x_wconf 87' lang='lat'><strong>.</strong></span> <span class='ocrx_word' id='word_1_126' title='bbox 573 1737 889 1809; x_wconf 84' lang='lat' dir='ltr'><strong>quadratam</strong></span> <span class='ocrx_word' id='word_1_127' title='bbox 915 1739 1216 1803; x_wconf 83' lang='lat' dir='ltr'><strong>constitue,</strong></span> <span class='ocrx_word' id='word_1_128' title='bbox 1250 1734 1426 1791; x_wconf 88' lang='lat' dir='ltr'><strong>conde</strong></span> <span class='ocrx_word' id='word_1_129' title='bbox 1462 1734 1518 1790; x_wconf 90' lang='lat' dir='ltr'><strong>in</strong></span> <span class='ocrx_word' id='word_1_130' title='bbox 1546 1734 1805 1790; x_wconf 87' lang='lat' dir='ltr'><strong>thesauro</strong></span> 
     </span>
    </p>
   </div>
   <div class='ocr_carea' id='block_1_19' title="bbox 1985 507 3513 583">
    <p class='ocr_par' dir='ltr' id='par_1_19' title="bbox 1985 507 3513 583">
     <span class='ocr_line' id='line_1_19' title="bbox 1985 507 3513 583; baseline 0.001 -18"><span class='ocrx_word' id='word_1_131' title='bbox 1985 512 2226 567; x_wconf 79' lang='lat' dir='ltr'><strong>amictum</strong></span> <span class='ocrx_word' id='word_1_132' title='bbox 2265 528 2373 568; x_wconf 90' lang='lat' dir='ltr'><strong>esse</strong></span> <span class='ocrx_word' id='word_1_133' title='bbox 2416 509 2514 566; x_wconf 89' lang='lat' dir='ltr'><strong>Dei</strong></span> <span class='ocrx_word' id='word_1_134' title='bbox 2562 512 2800 576; x_wconf 81' lang='lat' dir='ltr'><strong>verbum;</strong></span> <span class='ocrx_word' id='word_1_135' title='bbox 2850 526 2958 566; x_wconf 84' lang='lat' dir='ltr'><strong>esse</strong></span> <span class='ocrx_word' id='word_1_136' title='bbox 2998 512 3183 583; x_wconf 84' lang='lat' dir='ltr'><strong>pignus</strong></span> <span class='ocrx_word' id='word_1_137' title='bbox 3228 507 3513 567; x_wconf 79' lang='lat' dir='ltr'><strong>Dominicte</strong></span> 
     </span>
    </p>
   </div>
   <div class='ocr_carea' id='block_1_20' title="bbox 1984 606 3515 681">
    <p class='ocr_par' dir='ltr' id='par_1_20' title="bbox 1984 606 3515 681">
     <span class='ocr_line' id='line_1_20' title="bbox 1984 606 3515 681; baseline -0.001 -19"><span class='ocrx_word' id='word_1_138' title='bbox 1984 608 2167 673; x_wconf 89' lang='lat' dir='ltr'><strong>sortis,</strong></span> <span class='ocrx_word' id='word_1_139' title='bbox 2195 624 2301 662; x_wconf 86' lang='lat' dir='ltr'><strong>esse</strong></span> <span class='ocrx_word' id='word_1_140' title='bbox 2321 608 2584 681; x_wconf 81' lang='lat' dir='ltr'><strong>sapientia:</strong></span> <span class='ocrx_word' id='word_1_141' title='bbox 2610 606 3002 673; x_wconf 75' lang='lat' dir='ltr'><strong>uestimentum;</strong></span> <span class='ocrx_word' id='word_1_142' title='bbox 3024 606 3245 661; x_wconf 86' lang='lat' dir='ltr'><strong>tantdent</strong></span> <span class='ocrx_word' id='word_1_143' title='bbox 3271 621 3381 661; x_wconf 82' lang='lat' dir='ltr'><strong>esse</strong></span> <span class='ocrx_word' id='word_1_144' title='bbox 3404 620 3515 660; x_wconf 68' lang='grc' dir='ltr'><strong>τιν-η</strong></span> 
     </span>
    </p>
   </div>
   <div class='ocr_carea' id='block_1_21' title="bbox 1985 700 2599 771">
    <p class='ocr_par' dir='ltr' id='par_1_21' title="bbox 1985 700 2599 771">
     <span class='ocr_line' id='line_1_21' title="bbox 1985 700 2599 771; baseline -0.003 -16"><span class='ocrx_word' id='word_1_145' title='bbox 1985 700 2109 755; x_wconf 85' lang='lat' dir='ltr'><strong>bum</strong></span> <span class='ocrx_word' id='word_1_146' title='bbox 2134 701 2599 771; x_wconf 82' lang='lat' dir='ltr'><strong>coangustandum.</strong></span> 
     </span>
    </p>
   </div>
   <div class='ocr_carea' id='block_1_22' title="bbox 1985 791 3513 864">
    <p class='ocr_par' dir='ltr' id='par_1_22' title="bbox 1985 791 3513 864">
     <span class='ocr_line' id='line_1_22' title="bbox 1985 791 3513 864; baseline -0.001 -14"><span class='ocrx_word' id='word_1_147' title='bbox 1985 792 2076 850; x_wconf 84' lang='grc'><strong>67.</strong></span> <span class='ocrx_word' id='word_1_148' title='bbox 2116 794 2479 863; x_wconf 82' lang='lat' dir='ltr'><strong>Cognovitnus</strong></span> <span class='ocrx_word' id='word_1_149' title='bbox 2530 794 2686 849; x_wconf 81' lang='lat' dir='ltr'><strong>fenus</strong></span> <span class='ocrx_word' id='word_1_150' title='bbox 2732 791 3065 864; x_wconf 74' lang='lat' dir='ltr'><strong>legitimum,</strong></span> <span class='ocrx_word' id='word_1_151' title='bbox 3116 806 3513 863; x_wconf 77' lang='lat' dir='ltr'><strong>cognnScamus</strong></span> 
     </span>
    </p>
   </div>
   <div class='ocr_carea' id='block_1_23' title="bbox 1911 884 3513 958">
    <p class='ocr_par' dir='ltr' id='par_1_23' title="bbox 1911 884 3513 958">
     <span class='ocr_line' id='line_1_23' title="bbox 1911 884 3513 958; baseline -0.001 -15"><span class='ocrx_word' id='word_1_152' title='bbox 1911 898 1965 946; x_wconf 89' lang='lat' dir='ltr'><strong>et</strong></span> <span class='ocrx_word' id='word_1_153' title='bbox 1994 891 2189 958; x_wconf 85' lang='lat' dir='ltr'><strong>pignus</strong></span> <span class='ocrx_word' id='word_1_154' title='bbox 2217 887 2359 957; x_wconf 88' lang='lat' dir='ltr'><strong>quod</strong></span> <span class='ocrx_word' id='word_1_155' title='bbox 2389 887 2498 941; x_wconf 78' lang='lat' dir='ltr'><strong>Lex</strong></span> <span class='ocrx_word' id='word_1_156' title='bbox 2533 886 2683 940; x_wconf 84' lang='lat' dir='ltr'><strong>reddi</strong></span> <span class='ocrx_word' id='word_1_157' title='bbox 2711 884 2867 955; x_wconf 86' lang='lat' dir='ltr'><strong>jubet</strong></span> <span class='ocrx_word' id='word_1_158' title='bbox 2896 899 3022 941; x_wconf 85' lang='lat' dir='ltr'><strong>ante</strong></span> <span class='ocrx_word' id='word_1_159' title='bbox 3060 887 3191 942; x_wconf 90' lang='lat' dir='ltr'><strong>solis</strong></span> <span class='ocrx_word' id='word_1_160' title='bbox 3236 900 3513 942; x_wconf 75' lang='lat' dir='ltr'><strong>occasum.</strong></span> 
     </span>
    </p>
   </div>
   <div class='ocr_carea' id='block_1_24' title="bbox 1911 979 3513 1049">
    <p class='ocr_par' dir='ltr' id='par_1_24' title="bbox 1911 979 3513 1049">
     <span class='ocr_line' id='line_1_24' title="bbox 1911 979 3513 1049; baseline -0.001 -13"><span class='ocrx_word' id='word_1_161' title='bbox 1911 980 2049 1049; x_wconf 88' lang='lat' dir='ltr'><strong>Quid</strong></span> <span class='ocrx_word' id='word_1_162' title='bbox 2079 982 2151 1035; x_wconf 87' lang='lat' dir='ltr'><strong>sit</strong></span> <span class='ocrx_word' id='word_1_163' title='bbox 2176 979 2315 1034; x_wconf 89' lang='lat' dir='ltr'><strong>istud</strong></span> <span class='ocrx_word' id='word_1_164' title='bbox 2344 979 2465 1034; x_wconf 89' lang='lat' dir='ltr'><strong>audi</strong></span> <span class='ocrx_word' id='word_1_165' title='bbox 2494 979 2761 1034; x_wconf 79' lang='lat' dir='ltr'><strong>dicentem</strong></span> <span class='ocrx_word' id='word_1_166' title='bbox 2795 981 3111 1049; x_wconf 83' lang='lat' dir='ltr'><strong>Apostolum</strong></span> <span class='ocrx_word' id='word_1_167' title='bbox 3140 998 3151 1034; x_wconf 93' lang='lat'>:</span> <span class='ocrx_word' id='word_1_168' title='bbox 3188 979 3343 1035; x_wconf 75' lang='lat' dir='ltr'><strong>Dedit</strong></span> <span class='ocrx_word' id='word_1_169' title='bbox 3373 981 3513 1036; x_wconf 88' lang='lat' dir='ltr'><strong>Deus</strong></span> 
     </span>
    </p>
   </div>
   <div class='ocr_carea' id='block_1_25' title="bbox 1910 1072 3512 1149">
    <p class='ocr_par' dir='ltr' id='par_1_25' title="bbox 1910 1072 3512 1149">
     <span class='ocr_line' id='line_1_25' title="bbox 1910 1072 3512 1149; baseline 0 -21"><span class='ocrx_word' id='word_1_170' title='bbox 1910 1078 2097 1149; x_wconf 86' lang='lat' dir='ltr'><strong>pignus</strong></span> <span class='ocrx_word' id='word_1_171' title='bbox 2148 1073 2407 1145; x_wconf 76' lang='lat' dir='ltr'><strong>Spiritum</strong></span> <span class='ocrx_word' id='word_1_172' title='bbox 2448 1075 2502 1127; x_wconf 88' lang='lat' dir='ltr'><strong>in</strong></span> <span class='ocrx_word' id='word_1_173' title='bbox 2544 1072 2783 1128; x_wconf 78' lang='lat' dir='ltr'><strong>cordibus</strong></span> <span class='ocrx_word' id='word_1_174' title='bbox 2827 1074 3017 1128; x_wconf 90' lang='lat' dir='ltr'><strong>nostris</strong></span> <span class='ocrx_word' id='word_1_175' title='bbox 3045 1074 3119 1141; x_wconf 92' lang='lat' dir='ltr'><strong>(ll</strong></span> <span class='ocrx_word' id='word_1_176' title='bbox 3147 1072 3267 1128; x_wconf 88' lang='lat' dir='ltr'><strong>Cor.</strong></span> <span class='ocrx_word' id='word_1_177' title='bbox 3294 1090 3310 1129; x_wconf 89' lang='grc' dir='ltr'><strong><em>ι</em></strong></span> <span class='ocrx_word' id='word_1_178' title='bbox 3333 1116 3349 1142; x_wconf 88' lang='grc'><em>,</em></span> <span class='ocrx_word' id='word_1_179' title='bbox 3381 1073 3512 1146; x_wconf 70' lang='lat'><strong>2&#39;3).</strong></span> 
     </span>
    </p>
   </div>
   <div class='ocr_carea' id='block_1_26' title="bbox 1911 1167 3519 1239">
    <p class='ocr_par' dir='ltr' id='par_1_26' title="bbox 1911 1167 3519 1239">
     <span class='ocr_line' id='line_1_26' title="bbox 1911 1167 3519 1239; baseline -0.003 -12"><span class='ocrx_word' id='word_1_180' title='bbox 1911 1168 2219 1239; x_wconf 85' lang='lat' dir='ltr'><strong>Tripliciter</strong></span> <span class='ocrx_word' id='word_1_181' title='bbox 2256 1179 2436 1223; x_wconf 90' lang='lat' dir='ltr'><strong>autem</strong></span> <span class='ocrx_word' id='word_1_182' title='bbox 2468 1177 2523 1223; x_wconf 90' lang='lat' dir='ltr'><strong>et</strong></span> <span class='ocrx_word' id='word_1_183' title='bbox 2570 1167 2799 1236; x_wconf 79' lang='lat' dir='ltr'><strong>pignus,</strong></span> <span class='ocrx_word' id='word_1_184' title='bbox 2847 1175 2903 1221; x_wconf 88' lang='lat' dir='ltr'><strong>et</strong></span> <span class='ocrx_word' id='word_1_185' title='bbox 2940 1168 3418 1233; x_wconf 64' lang='lat' dir='ltr'><strong>commendatum,</strong></span> <span class='ocrx_word' id='word_1_186' title='bbox 3461 1177 3519 1223; x_wconf 90' lang='lat' dir='ltr'><strong>et</strong></span> 
     </span>
    </p>
   </div>
   <div class='ocr_carea' id='block_1_27' title="bbox 1910 1262 3512 1336">
    <p class='ocr_par' dir='ltr' id='par_1_27' title="bbox 1910 1262 3512 1336">
     <span class='ocr_line' id='line_1_27' title="bbox 1910 1262 3512 1336; baseline -0.004 -13"><span class='ocrx_word' id='word_1_187' title='bbox 1910 1264 2216 1336; x_wconf 86' lang='lat' dir='ltr'><strong>depositum</strong></span> <span class='ocrx_word' id='word_1_188' title='bbox 2262 1263 2481 1319; x_wconf 79' lang='lat' dir='ltr'><strong>dicitur.</strong></span> <span class='ocrx_word' id='word_1_189' title='bbox 2535 1262 2733 1333; x_wconf 87' lang='lat' dir='ltr'><strong>Pignus</strong></span> <span class='ocrx_word' id='word_1_190' title='bbox 2783 1264 2970 1318; x_wconf 90' lang='lat' dir='ltr'><strong>dicunt</strong></span> <span class='ocrx_word' id='word_1_191' title='bbox 2999 1262 3145 1333; x_wconf 86' lang='lat' dir='ltr'><strong>quod</strong></span> <span class='ocrx_word' id='word_1_192' title='bbox 3198 1278 3295 1333; x_wconf 87' lang='lat' dir='ltr'><strong>pro</strong></span> <span class='ocrx_word' id='word_1_193' title='bbox 3322 1275 3512 1318; x_wconf 88' lang='lat' dir='ltr'><strong>mutuo</strong></span> 
     </span>
    </p>
   </div>
   <div class='ocr_carea' id='block_1_28' title="bbox 1910 1357 3516 1429">
    <p class='ocr_par' dir='ltr' id='par_1_28' title="bbox 1910 1357 3516 1429">
     <span class='ocr_line' id='line_1_28' title="bbox 1910 1357 3516 1429; baseline -0.003 -12"><span class='ocrx_word' id='word_1_194' title='bbox 1910 1375 2019 1417; x_wconf 61' lang='lat' dir='ltr'><strong>are</strong></span> <span class='ocrx_word' id='word_1_195' title='bbox 2047 1368 2355 1429; x_wconf 79' lang='lat' dir='ltr'><strong>susceptum</strong></span> <span class='ocrx_word' id='word_1_196' title='bbox 2380 1367 2466 1414; x_wconf 79' lang='lat' dir='ltr'><strong>est</strong></span> <span class='ocrx_word' id='word_1_197' title='bbox 2497 1376 2512 1412; x_wconf 91' lang='lat'><strong>:</strong></span> <span class='ocrx_word' id='word_1_198' title='bbox 2553 1359 2991 1414; x_wconf 87' lang='lat' dir='ltr'><strong>commendatum</strong></span> <span class='ocrx_word' id='word_1_199' title='bbox 3032 1368 3210 1413; x_wconf 88' lang='lat' dir='ltr'><strong>autem</strong></span> <span class='ocrx_word' id='word_1_200' title='bbox 3249 1368 3303 1413; x_wconf 90' lang='lat' dir='ltr'><strong>et</strong></span> <span class='ocrx_word' id='word_1_201' title='bbox 3346 1357 3516 1426; x_wconf 85' lang='lat' dir='ltr'><strong>depo-</strong></span> 
     </span>
    </p>
   </div>
   <div class='ocr_carea' id='block_1_29' title="bbox 1910 1450 3513 1525">
    <p class='ocr_par' dir='ltr' id='par_1_29' title="bbox 1910 1450 3513 1525">
     <span class='ocr_line' id='line_1_29' title="bbox 1910 1450 3513 1525; baseline -0.001 -15"><span class='ocrx_word' id='word_1_202' title='bbox 1910 1455 2075 1510; x_wconf 90' lang='lat' dir='ltr'><strong>situm</strong></span> <span class='ocrx_word' id='word_1_203' title='bbox 2096 1451 2124 1491; x_wconf 68' lang='grc' dir='ltr'><strong>ι’</strong></span> <span class='ocrx_word' id='word_1_204' title='bbox 2152 1454 2294 1525; x_wconf 90' lang='lat' dir='ltr'><strong>quod</strong></span> <span class='ocrx_word' id='word_1_205' title='bbox 2324 1468 2421 1508; x_wconf 90' lang='lat' dir='ltr'><strong>nos</strong></span> <span class='ocrx_word' id='word_1_206' title='bbox 2444 1450 2708 1508; x_wconf 68' lang='lat' dir='ltr'><strong>custodiae</strong></span> <span class='ocrx_word' id='word_1_207' title='bbox 2734 1466 2897 1507; x_wconf 82' lang='lat' dir='ltr'><strong>causa</strong></span> <span class='ocrx_word' id='word_1_208' title='bbox 2924 1450 3087 1506; x_wconf 90' lang='lat' dir='ltr'><strong>alicui</strong></span> <span class='ocrx_word' id='word_1_209' title='bbox 3113 1451 3513 1508; x_wconf 88' lang='lat' dir='ltr'><strong>commisimus.</strong></span> 
     </span>
    </p>
   </div>
   <div class='ocr_carea' id='block_1_30' title="bbox 1910 1548 3512 1619">
    <p class='ocr_par' dir='ltr' id='par_1_30' title="bbox 1910 1548 3512 1619">
     <span class='ocr_line' id='line_1_30' title="bbox 1910 1548 3512 1619; baseline -0.006 -10"><span class='ocrx_word' id='word_1_210' title='bbox 1910 1549 2067 1609; x_wconf 85' lang='lat' dir='ltr'><strong>Unde</strong></span> <span class='ocrx_word' id='word_1_211' title='bbox 2087 1550 2160 1606; x_wconf 85' lang='lat' dir='ltr'><strong>ait</strong></span> <span class='ocrx_word' id='word_1_212' title='bbox 2184 1549 2517 1619; x_wconf 84' lang='lat' dir='ltr'><strong>Apostolus:</strong></span> <span class='ocrx_word' id='word_1_213' title='bbox 2554 1548 2677 1604; x_wconf 89' lang='lat' dir='ltr'><strong>Scio</strong></span> <span class='ocrx_word' id='word_1_214' title='bbox 2716 1549 2799 1603; x_wconf 88' lang='lat' dir='ltr'><strong>cui</strong></span> <span class='ocrx_word' id='word_1_215' title='bbox 2828 1548 3059 1614; x_wconf 81' lang='lat' dir='ltr'><strong>credidi,</strong></span> <span class='ocrx_word' id='word_1_216' title='bbox 3094 1557 3143 1601; x_wconf 88' lang='lat' dir='ltr'><strong>et</strong></span> <span class='ocrx_word' id='word_1_217' title='bbox 3171 1558 3340 1602; x_wconf 83' lang='lat' dir='ltr'><strong>certus</strong></span> <span class='ocrx_word' id='word_1_218' title='bbox 3365 1563 3512 1615; x_wconf 84' lang='lat' dir='ltr'><strong>sum,</strong></span> 
     </span>
    </p>
   </div>
   <div class='ocr_carea' id='block_1_31' title="bbox 1908 1640 3516 1715">
    <p class='ocr_par' dir='ltr' id='par_1_31' title="bbox 1908 1640 3516 1715">
     <span class='ocr_line' id='line_1_31' title="bbox 1908 1640 3516 1715; baseline -0.001 -18"><span class='ocrx_word' id='word_1_219' title='bbox 1908 1644 2032 1715; x_wconf 88' lang='lat' dir='ltr'><strong>quia</strong></span> <span class='ocrx_word' id='word_1_220' title='bbox 2061 1653 2239 1714; x_wconf 88' lang='lat' dir='ltr'><strong>potens</strong></span> <span class='ocrx_word' id='word_1_221' title='bbox 2282 1652 2357 1697; x_wconf 80' lang='lat' dir='ltr'><strong>est</strong></span> <span class='ocrx_word' id='word_1_222' title='bbox 2386 1642 2795 1697; x_wconf 86' lang='lat' dir='ltr'><strong>commendatum</strong></span> <span class='ocrx_word' id='word_1_223' title='bbox 2834 1657 3002 1696; x_wconf 85' lang='lat' dir='ltr'><strong>meum</strong></span> <span class='ocrx_word' id='word_1_224' title='bbox 3047 1656 3250 1695; x_wconf 75' lang='lat' dir='ltr'><strong>servare</strong></span> <span class='ocrx_word' id='word_1_225' title='bbox 3284 1640 3337 1693; x_wconf 86' lang='lat' dir='ltr'><strong>in</strong></span> <span class='ocrx_word' id='word_1_226' title='bbox 3363 1640 3516 1695; x_wconf 85' lang='lat' dir='ltr'><strong>illum</strong></span> 
     </span>
    </p>
   </div>
   <div class='ocr_carea' id='block_1_32' title="bbox 1908 1731 3517 1808">
    <p class='ocr_par' dir='ltr' id='par_1_32' title="bbox 1908 1731 3517 1808">
     <span class='ocr_line' id='line_1_32' title="bbox 1908 1731 3517 1808; baseline -0.003 -16"><span class='ocrx_word' id='word_1_227' title='bbox 1908 1736 2043 1792; x_wconf 87' lang='lat' dir='ltr'><strong>diem</strong></span> <span class='ocrx_word' id='word_1_228' title='bbox 2068 1739 2087 1808; x_wconf 93' lang='lat'><strong>(</strong></span> <span class='ocrx_word' id='word_1_229' title='bbox 2111 1735 2154 1791; x_wconf 89' lang='lat' dir='ltr'><strong>ll</strong></span> <span class='ocrx_word' id='word_1_230' title='bbox 2184 1734 2321 1790; x_wconf 83' lang='lat' dir='ltr'><strong>Tim.</strong></span> <span class='ocrx_word' id='word_1_231' title='bbox 2346 1751 2394 1801; x_wconf 82' lang='grc' dir='ltr'><strong>ι,</strong></span> <span class='ocrx_word' id='word_1_232' title='bbox 2422 1735 2533 1806; x_wconf 71' lang='lat'><strong>12).</strong></span> <span class='ocrx_word' id='word_1_233' title='bbox 2559 1735 2877 1802; x_wconf 59' lang='lat' dir='ltr'><strong>Impositum</strong></span> <span class='ocrx_word' id='word_1_234' title='bbox 2906 1748 3121 1804; x_wconf 83' lang='lat' dir='ltr'><strong>quoque</strong></span> <span class='ocrx_word' id='word_1_235' title='bbox 3154 1732 3294 1788; x_wconf 84' lang='lat' dir='ltr'><strong>idem</strong></span> <span class='ocrx_word' id='word_1_236' title='bbox 3328 1731 3517 1787; x_wconf 89' lang='lat' dir='ltr'><strong>docuit</strong></span> 
     </span>
    </p>
   </div>
   <div class='ocr_carea' id='block_1_33' title="bbox 169 1824 3513 1902">
    <p class='ocr_par' dir='ltr' id='par_1_33' title="bbox 169 1824 3513 1902">
     <span class='ocr_line' id='line_1_33' title="bbox 169 1824 3513 1902; baseline -0.001 -19"><span class='ocrx_word' id='word_1_237' title='bbox 169 1830 439 1899; x_wconf 75' lang='lat' dir='ltr'><strong>pectoris</strong></span> <span class='ocrx_word' id='word_1_238' title='bbox 479 1829 589 1895; x_wconf 90' lang='lat' dir='ltr'><strong>tui,</strong></span> <span class='ocrx_word' id='word_1_239' title='bbox 637 1830 703 1884; x_wconf 91' lang='lat' dir='ltr'><strong>de</strong></span> <span class='ocrx_word' id='word_1_240' title='bbox 753 1844 860 1900; x_wconf 91' lang='lat' dir='ltr'><strong>quo</strong></span> <span class='ocrx_word' id='word_1_241' title='bbox 903 1828 1095 1884; x_wconf 92' lang='lat' dir='ltr'><strong>doctus</strong></span> <span class='ocrx_word' id='word_1_242' title='bbox 1139 1827 1318 1883; x_wconf 88' lang='lat' dir='ltr'><strong>scriba</strong></span> <span class='ocrx_word' id='word_1_243' title='bbox 1347 1826 1617 1898; x_wconf 86' lang='lat' dir='ltr'><strong>depromit</strong></span> <span class='ocrx_word' id='word_1_244' title='bbox 1661 1842 1800 1882; x_wconf 88' lang='lat' dir='ltr'><strong>nova</strong></span> <span class='ocrx_word' id='word_1_245' title='bbox 1830 1830 1880 1893; x_wconf 84' lang='lat' dir='ltr'><strong>B</strong></span> <span class='ocrx_word' id='word_1_246' title='bbox 1906 1830 2050 1902; x_wconf 91' lang='lat' dir='ltr'><strong>quod</strong></span> <span class='ocrx_word' id='word_1_247' title='bbox 2094 1840 2278 1897; x_wconf 87' lang='lat' dir='ltr'><strong>esset,</strong></span> <span class='ocrx_word' id='word_1_248' title='bbox 2313 1829 2499 1885; x_wconf 88' lang='lat' dir='ltr'><strong>dicens</strong></span> <span class='ocrx_word' id='word_1_249' title='bbox 2541 1846 2555 1883; x_wconf 92' lang='lat'><strong>:</strong></span> <span class='ocrx_word' id='word_1_250' title='bbox 2602 1826 2805 1882; x_wconf 89' lang='lat' dir='ltr'><strong>Bonum</strong></span> <span class='ocrx_word' id='word_1_251' title='bbox 2846 1828 3137 1898; x_wconf 87' lang='lat' dir='ltr'><strong>depositum</strong></span> <span class='ocrx_word' id='word_1_252' title='bbox 3181 1824 3379 1880; x_wconf 87' lang='lat' dir='ltr'><strong>custodi</strong></span> <span class='ocrx_word' id='word_1_253' title='bbox 3421 1840 3513 1895; x_wconf 88' lang='lat' dir='ltr'><strong>per</strong></span> 
     </span>
    </p>
   </div>
   <div class='ocr_carea' id='block_1_34' title="bbox 167 1918 1805 1993">
    <p class='ocr_par' dir='ltr' id='par_1_34' title="bbox 167 1918 1805 1993">
     <span class='ocr_line' id='line_1_34' title="bbox 167 1918 1805 1993; baseline -0.002 -15"><span class='ocrx_word' id='word_1_254' title='bbox 167 1932 233 1978; x_wconf 88' lang='lat' dir='ltr'><strong>et</strong></span> <span class='ocrx_word' id='word_1_255' title='bbox 255 1933 482 1979; x_wconf 80' lang='lat' dir='ltr'><strong>vetera.</strong></span> <span class='ocrx_word' id='word_1_256' title='bbox 516 1922 679 1978; x_wconf 81' lang='lat' dir='ltr'><strong>Vides</strong></span> <span class='ocrx_word' id='word_1_257' title='bbox 699 1923 876 1993; x_wconf 84' lang='lat' dir='ltr'><strong>qualis</strong></span> <span class='ocrx_word' id='word_1_258' title='bbox 903 1921 1019 1978; x_wconf 62' lang='lat' dir='ltr'><strong>haec</strong></span> <span class='ocrx_word' id='word_1_259' title='bbox 1046 1920 1269 1993; x_wconf 88' lang='lat' dir='ltr'><strong>pecunia</strong></span> <span class='ocrx_word' id='word_1_260' title='bbox 1299 1920 1394 1986; x_wconf 89' lang='lat' dir='ltr'><strong>sit,</strong></span> <span class='ocrx_word' id='word_1_261' title='bbox 1420 1918 1590 1993; x_wconf 58' lang='grc' dir='ltr'><strong>ειη</strong></span> <span class='ocrx_word' id='word_1_262' title='bbox 1610 1935 1805 1991; x_wconf 88' lang='lat' dir='ltr'><strong>quem-</strong></span> 
     </span>
    </p>
   </div>
   <div class='ocr_carea' id='block_1_35' title="bbox 167 2013 1806 2085">
    <p class='ocr_par' dir='ltr' id='par_1_35' title="bbox 167 2013 1806 2085">
     <span class='ocr_line' id='line_1_35' title="bbox 167 2013 1806 2085; baseline -0.002 -13"><span class='ocrx_word' id='word_1_263' title='bbox 167 2014 494 2072; x_wconf 87' lang='lat' dir='ltr'><strong>admodum</strong></span> <span class='ocrx_word' id='word_1_264' title='bbox 535 2015 901 2081; x_wconf 83' lang='lat' dir='ltr'><strong>creditorem,</strong></span> <span class='ocrx_word' id='word_1_265' title='bbox 965 2014 1381 2085; x_wconf 87' lang='lat' dir='ltr'><strong>dehitoremque</strong></span> <span class='ocrx_word' id='word_1_266' title='bbox 1418 2013 1591 2068; x_wconf 85' lang='lat' dir='ltr'><strong>invisa</strong></span> <span class='ocrx_word' id='word_1_267' title='bbox 1646 2013 1701 2068; x_wconf 89' lang='lat' dir='ltr'><strong>in</strong></span> <span class='ocrx_word' id='word_1_268' title='bbox 1746 2026 1806 2068; x_wconf 88' lang='lat' dir='ltr'><strong>se</strong></span> 
     </span>
    </p>
   </div>
   <div class='ocr_carea' id='block_1_36' title="bbox 171 2106 1804 2180">
    <p class='ocr_par' dir='ltr' id='par_1_36' title="bbox 171 2106 1804 2180">
     <span class='ocr_line' id='line_1_36' title="bbox 171 2106 1804 2180; baseline -0.002 -15"><span class='ocrx_word' id='word_1_269' title='bbox 171 2110 495 2180; x_wconf 87' lang='lat' dir='ltr'><strong>conjungat</strong></span> <span class='ocrx_word' id='word_1_270' title='bbox 526 2107 768 2165; x_wconf 89' lang='lat' dir='ltr'><strong>nomina.</strong></span> <span class='ocrx_word' id='word_1_271' title='bbox 793 2108 896 2178; x_wconf 86' lang='lat' dir='ltr'><strong>Qui</strong></span> <span class='ocrx_word' id='word_1_272' title='bbox 923 2106 1219 2165; x_wconf 88' lang='lat' dir='ltr'><strong>invehebar</strong></span> <span class='ocrx_word' id='word_1_273' title='bbox 1244 2108 1298 2163; x_wconf 90' lang='lat' dir='ltr'><strong>in</strong></span> <span class='ocrx_word' id='word_1_274' title='bbox 1320 2106 1681 2173; x_wconf 87' lang='lat' dir='ltr'><strong>feneratores,</strong></span> <span class='ocrx_word' id='word_1_275' title='bbox 1691 2106 1804 2177; x_wconf 91' lang='lat' dir='ltr'><strong>jam</strong></span> 
     </span>
    </p>
   </div>
   <div class='ocr_carea' id='block_1_37' title="bbox 176 2200 1805 2274">
    <p class='ocr_par' dir='ltr' id='par_1_37' title="bbox 176 2200 1805 2274">
     <span class='ocr_line' id='line_1_37' title="bbox 176 2200 1805 2274; baseline -0.002 -15"><span class='ocrx_word' id='word_1_276' title='bbox 176 2216 431 2274; x_wconf 86' lang='lat' dir='ltr'><strong>provoco</strong></span> <span class='ocrx_word' id='word_1_277' title='bbox 486 2200 815 2258; x_wconf 85' lang='lat' dir='ltr'><strong>debitorem.</strong></span> <span class='ocrx_word' id='word_1_278' title='bbox 860 2200 1029 2272; x_wconf 80' lang='lat' dir='ltr'><strong>Hujus</strong></span> <span class='ocrx_word' id='word_1_279' title='bbox 1066 2216 1198 2273; x_wconf 89' lang='lat' dir='ltr'><strong>ergo</strong></span> <span class='ocrx_word' id='word_1_280' title='bbox 1248 2202 1592 2257; x_wconf 86' lang='lat' dir='ltr'><strong>feneratores</strong></span> <span class='ocrx_word' id='word_1_281' title='bbox 1640 2214 1805 2272; x_wconf 88' lang='lat' dir='ltr'><strong>pecu-</strong></span> 
     </span>
    </p>
   </div>
   <div class='ocr_carea' id='block_1_38' title="bbox 173 2294 1803 2367">
    <p class='ocr_par' dir='ltr' id='par_1_38' title="bbox 173 2294 1803 2367">
     <span class='ocr_line' id='line_1_38' title="bbox 173 2294 1803 2367; baseline -0.003 -14"><span class='ocrx_word' id='word_1_282' title='bbox 173 2299 287 2353; x_wconf 81' lang='lat' dir='ltr'><strong>nia:</strong></span> <span class='ocrx_word' id='word_1_283' title='bbox 327 2312 433 2351; x_wconf 89' lang='lat' dir='ltr'><strong>vos</strong></span> <span class='ocrx_word' id='word_1_284' title='bbox 474 2310 599 2353; x_wconf 89' lang='lat' dir='ltr'><strong>esse</strong></span> <span class='ocrx_word' id='word_1_285' title='bbox 624 2294 920 2361; x_wconf 86' lang='lat' dir='ltr'><strong>desidero;</strong></span> <span class='ocrx_word' id='word_1_286' title='bbox 962 2303 1024 2351; x_wconf 92' lang='lat' dir='ltr'><strong>ut</strong></span> <span class='ocrx_word' id='word_1_287' title='bbox 1053 2294 1121 2350; x_wconf 89' lang='lat' dir='ltr'><strong>ad</strong></span> <span class='ocrx_word' id='word_1_288' title='bbox 1165 2309 1266 2350; x_wconf 82' lang='lat' dir='ltr'><strong>vos</strong></span> <span class='ocrx_word' id='word_1_289' title='bbox 1300 2295 1392 2367; x_wconf 83' lang='lat' dir='ltr'><strong>qui</strong></span> <span class='ocrx_word' id='word_1_290' title='bbox 1424 2303 1669 2350; x_wconf 90' lang='lat' dir='ltr'><strong>mutuum</strong></span> <span class='ocrx_word' id='word_1_291' title='bbox 1707 2309 1803 2349; x_wconf 89' lang='lat' dir='ltr'><strong>su-</strong></span> 
     </span>
    </p>
   </div>
   <div class='ocr_carea' id='block_1_39' title="bbox 172 2388 1800 2460">
    <p class='ocr_par' dir='ltr' id='par_1_39' title="bbox 172 2388 1800 2460">
     <span class='ocr_line' id='line_1_39' title="bbox 172 2388 1800 2460; baseline -0.002 -14"><span class='ocrx_word' id='word_1_292' title='bbox 172 2400 373 2457; x_wconf 90' lang='lat' dir='ltr'><strong>mant,</strong></span> <span class='ocrx_word' id='word_1_293' title='bbox 420 2398 621 2460; x_wconf 88' lang='lat' dir='ltr'><strong>sponte</strong></span> <span class='ocrx_word' id='word_1_294' title='bbox 659 2388 919 2445; x_wconf 90' lang='lat' dir='ltr'><strong>festinent</strong></span> <span class='ocrx_word' id='word_1_295' title='bbox 949 2408 963 2444; x_wconf 91' lang='lat'><strong>:</strong></span> <span class='ocrx_word' id='word_1_296' title='bbox 1005 2403 1100 2457; x_wconf 90' lang='lat' dir='ltr'><strong>per</strong></span> <span class='ocrx_word' id='word_1_297' title='bbox 1136 2404 1296 2460; x_wconf 88' lang='lat' dir='ltr'><strong>quam</strong></span> <span class='ocrx_word' id='word_1_298' title='bbox 1336 2404 1443 2444; x_wconf 91' lang='lat' dir='ltr'><strong>non</strong></span> <span class='ocrx_word' id='word_1_299' title='bbox 1475 2402 1755 2443; x_wconf 88' lang='lat' dir='ltr'><strong>nummum</strong></span> <span class='ocrx_word' id='word_1_300' title='bbox 1784 2428 1800 2455; x_wconf 92' lang='lat'><strong>,</strong></span> 
     </span>
    </p>
   </div>
   <div class='ocr_carea' id='block_1_40' title="bbox 171 2481 1800 2553">
    <p class='ocr_par' dir='ltr' id='par_1_40' title="bbox 171 2481 1800 2553">
     <span class='ocr_line' id='line_1_40' title="bbox 171 2481 1800 2553; baseline -0.002 -13"><span class='ocrx_word' id='word_1_301' title='bbox 171 2482 275 2540; x_wconf 73' lang='lat' dir='ltr'><strong>sed</strong></span> <span class='ocrx_word' id='word_1_302' title='bbox 318 2498 560 2553; x_wconf 88' lang='lat' dir='ltr'><strong>regnum</strong></span> <span class='ocrx_word' id='word_1_303' title='bbox 600 2481 821 2552; x_wconf 86' lang='lat' dir='ltr'><strong>possitis</strong></span> <span class='ocrx_word' id='word_1_304' title='bbox 858 2482 1181 2553; x_wconf 84' lang='lat' dir='ltr'><strong>acquirere:</strong></span> <span class='ocrx_word' id='word_1_305' title='bbox 1222 2496 1319 2553; x_wconf 89' lang='lat' dir='ltr'><strong>per</strong></span> <span class='ocrx_word' id='word_1_306' title='bbox 1343 2496 1506 2553; x_wconf 85' lang='lat' dir='ltr'><strong>quam</strong></span> <span class='ocrx_word' id='word_1_307' title='bbox 1534 2496 1643 2536; x_wconf 90' lang='lat' dir='ltr'><strong>non</strong></span> <span class='ocrx_word' id='word_1_308' title='bbox 1681 2494 1800 2536; x_wconf 81' lang='lat' dir='ltr'><strong>ma-</strong></span> 
     </span>
    </p>
   </div>
   <div class='ocr_carea' id='block_1_41' title="bbox 173 2576 1551 2659">
    <p class='ocr_par' dir='ltr' id='par_1_41' title="bbox 173 2576 1551 2659">
     <span class='ocr_line' id='line_1_41' title="bbox 173 2576 1551 2659; baseline -0.002 -23"><span class='ocrx_word' id='word_1_309' title='bbox 173 2576 392 2636; x_wconf 87' lang='lat' dir='ltr'><strong>ledicta</strong></span> <span class='ocrx_word' id='word_1_310' title='bbox 422 2578 718 2659; x_wconf 65' lang='lat' dir='ltr'><strong>quaeratis,</strong></span> <span class='ocrx_word' id='word_1_311' title='bbox 750 2579 847 2635; x_wconf 82' lang='lat' dir='ltr'><strong>sed</strong></span> <span class='ocrx_word' id='word_1_312' title='bbox 882 2578 1281 2635; x_wconf 90' lang='lat' dir='ltr'><strong>benedictionis</strong></span> <span class='ocrx_word' id='word_1_313' title='bbox 1305 2579 1551 2650; x_wconf 79' lang='lat' dir='ltr'><strong>gratiam.</strong></span> 
     </span>
    </p>
   </div>
   <div class='ocr_carea' id='block_1_42' title="bbox 253 2672 1798 2745">
    <p class='ocr_par' dir='ltr' id='par_1_42' title="bbox 253 2672 1798 2745">
     <span class='ocr_line' id='line_1_42' title="bbox 253 2672 1798 2745; baseline -0.001 -16"><span class='ocrx_word' id='word_1_314' title='bbox 253 2672 353 2729; x_wconf 75' lang='lat'><strong>66.</strong></span> <span class='ocrx_word' id='word_1_315' title='bbox 405 2672 561 2728; x_wconf 86' lang='lat' dir='ltr'><strong>Hanc</strong></span> <span class='ocrx_word' id='word_1_316' title='bbox 604 2674 895 2745; x_wconf 90' lang='lat' dir='ltr'><strong>pecuniam</strong></span> <span class='ocrx_word' id='word_1_317' title='bbox 938 2672 1151 2730; x_wconf 88' lang='lat' dir='ltr'><strong>fenerat</strong></span> <span class='ocrx_word' id='word_1_318' title='bbox 1193 2673 1424 2744; x_wconf 90' lang='lat' dir='ltr'><strong>populus</strong></span> <span class='ocrx_word' id='word_1_319' title='bbox 1475 2672 1755 2729; x_wconf 88' lang='lat' dir='ltr'><strong>nationum</strong></span> <span class='ocrx_word' id='word_1_320' title='bbox 1781 2713 1798 2740; x_wconf 92' lang='lat'><strong>,</strong></span> 
     </span>
    </p>
   </div>
   <div class='ocr_carea' id='block_1_43' title="bbox 187 2764 1799 2839">
    <p class='ocr_par' dir='ltr' id='par_1_43' title="bbox 187 2764 1799 2839">
     <span class='ocr_line' id='line_1_43' title="bbox 187 2764 1799 2839; baseline 0.001 -20"><span class='ocrx_word' id='word_1_321' title='bbox 187 2765 291 2839; x_wconf 86' lang='lat' dir='ltr'><strong>qui</strong></span> <span class='ocrx_word' id='word_1_322' title='bbox 323 2765 494 2821; x_wconf 83' lang='lat' dir='ltr'><strong>scivit</strong></span> <span class='ocrx_word' id='word_1_323' title='bbox 521 2766 773 2837; x_wconf 89' lang='lat' dir='ltr'><strong>accipere</strong></span> <span class='ocrx_word' id='word_1_324' title='bbox 814 2766 1118 2822; x_wconf 87' lang='lat' dir='ltr'><strong>feneratum</strong></span> <span class='ocrx_word' id='word_1_325' title='bbox 1148 2807 1165 2832; x_wconf 87' lang='lat'><strong>,</strong></span> <span class='ocrx_word' id='word_1_326' title='bbox 1196 2766 1286 2837; x_wconf 89' lang='lat' dir='ltr'><strong>qui</strong></span> <span class='ocrx_word' id='word_1_327' title='bbox 1333 2764 1495 2822; x_wconf 78' lang='lat' dir='ltr'><strong>scivit</strong></span> <span class='ocrx_word' id='word_1_328' title='bbox 1534 2780 1799 2835; x_wconf 87' lang='lat' dir='ltr'><strong>cernere,</strong></span> 
     </span>
    </p>
   </div>
   <div class='ocr_carea' id='block_1_44' title="bbox 176 2858 1801 2932">
    <p class='ocr_par' dir='ltr' id='par_1_44' title="bbox 176 2858 1801 2932">
     <span class='ocr_line' id='line_1_44' title="bbox 176 2858 1801 2932; baseline -0.002 -16"><span class='ocrx_word' id='word_1_329' title='bbox 176 2861 278 2932; x_wconf 86' lang='lat' dir='ltr'><strong>qui</strong></span> <span class='ocrx_word' id='word_1_330' title='bbox 310 2859 482 2915; x_wconf 82' lang='lat' dir='ltr'><strong>scivit</strong></span> <span class='ocrx_word' id='word_1_331' title='bbox 508 2867 785 2915; x_wconf 81' lang='lat' dir='ltr'><strong>excutere.</strong></span> <span class='ocrx_word' id='word_1_332' title='bbox 811 2867 838 2896; x_wconf 75' lang='grc' dir='ltr'>ι</span> <span class='ocrx_word' id='word_1_333' title='bbox 866 2859 1153 2915; x_wconf 86' lang='lat' dir='ltr'><strong>Recusasti</strong></span> <span class='ocrx_word' id='word_1_334' title='bbox 1207 2859 1389 2929; x_wconf 89' lang='lat' dir='ltr'><strong>indiga</strong></span> <span class='ocrx_word' id='word_1_335' title='bbox 1434 2858 1643 2916; x_wconf 85' lang='lat' dir='ltr'><strong>fenoris</strong></span> <span class='ocrx_word' id='word_1_336' title='bbox 1686 2860 1801 2929; x_wconf 84' lang='lat' dir='ltr'><strong>spi-</strong></span> 
     </span>
    </p>
   </div>
   <div class='ocr_carea' id='block_1_45' title="bbox 177 2950 1801 3023">
    <p class='ocr_par' dir='ltr' id='par_1_45' title="bbox 177 2950 1801 3023">
     <span class='ocr_line' id='line_1_45' title="bbox 177 2950 1801 3023; baseline -0.002 -13"><span class='ocrx_word' id='word_1_337' title='bbox 177 2952 371 3011; x_wconf 86' lang='lat' dir='ltr'><strong>ritalis</strong></span> <span class='ocrx_word' id='word_1_338' title='bbox 395 2992 412 3015; x_wconf 87' lang='lat'><strong>.</strong></span> <span class='ocrx_word' id='word_1_339' title='bbox 448 2966 613 3022; x_wconf 87' lang='lat' dir='ltr'><strong>egere</strong></span> <span class='ocrx_word' id='word_1_340' title='bbox 650 2951 882 3023; x_wconf 75' lang='lat' dir='ltr'><strong>ccepisti.</strong></span> <span class='ocrx_word' id='word_1_341' title='bbox 914 2951 991 3007; x_wconf 90' lang='lat' dir='ltr'><strong>De</strong></span> <span class='ocrx_word' id='word_1_342' title='bbox 1020 2961 1073 3007; x_wconf 90' lang='lat' dir='ltr'><strong>te</strong></span> <span class='ocrx_word' id='word_1_343' title='bbox 1100 2966 1230 3022; x_wconf 90' lang='lat' dir='ltr'><strong>ergo</strong></span> <span class='ocrx_word' id='word_1_344' title='bbox 1258 2967 1291 3007; x_wconf 94' lang='lat' dir='ltr'><strong>a</strong></span> <span class='ocrx_word' id='word_1_345' title='bbox 1320 2951 1418 3007; x_wconf 89' lang='lat' dir='ltr'><strong>Dei</strong></span> <span class='ocrx_word' id='word_1_346' title='bbox 1454 2951 1570 3007; x_wconf 82' lang='lat' dir='ltr'><strong>tilio</strong></span> <span class='ocrx_word' id='word_1_347' title='bbox 1599 2950 1801 3007; x_wconf 89' lang='lat' dir='ltr'><strong>dictum</strong></span> 
     </span>
    </p>
   </div>
   <div class='ocr_carea' id='block_1_46' title="bbox 178 3045 1800 3120">
    <p class='ocr_par' dir='ltr' id='par_1_46' title="bbox 178 3045 1800 3120">
     <span class='ocr_line' id='line_1_46' title="bbox 178 3045 1800 3120; baseline -0.004 -13"><span class='ocrx_word' id='word_1_348' title='bbox 178 3060 271 3107; x_wconf 86' lang='lat' dir='ltr'><strong>est</strong></span> <span class='ocrx_word' id='word_1_349' title='bbox 301 3066 316 3103; x_wconf 93' lang='lat'><strong>:</strong></span> <span class='ocrx_word' id='word_1_350' title='bbox 355 3046 690 3104; x_wconf 74' lang='lat' dir='ltr'><strong>Mutuabitur</strong></span> <span class='ocrx_word' id='word_1_351' title='bbox 720 3056 958 3120; x_wconf 77' lang='lat' dir='ltr'><strong>peccator</strong></span> <span class='ocrx_word' id='word_1_352' title='bbox 977 3086 995 3114; x_wconf 88' lang='lat'><strong>,</strong></span> <span class='ocrx_word' id='word_1_353' title='bbox 1026 3056 1072 3102; x_wconf 80' lang='lat' dir='ltr'><strong>et</strong></span> <span class='ocrx_word' id='word_1_354' title='bbox 1102 3063 1207 3101; x_wconf 89' lang='lat' dir='ltr'><strong>non</strong></span> <span class='ocrx_word' id='word_1_355' title='bbox 1250 3052 1409 3101; x_wconf 80' lang='lat' dir='ltr'><strong>solvet</strong></span> <span class='ocrx_word' id='word_1_356' title='bbox 1448 3045 1571 3119; x_wconf 83' lang='lat' dir='ltr'><strong>(Ps.</strong></span> <span class='ocrx_word' id='word_1_357' title='bbox 1595 3061 1757 3102; x_wconf 77' lang='lat' dir='ltr'><strong>xxxvi</strong></span> <span class='ocrx_word' id='word_1_358' title='bbox 1783 3086 1800 3113; x_wconf 91' lang='lat'><strong>,</strong></span> 
     </span>
    </p>
   </div>
   <div class='ocr_carea' id='block_1_47' title="bbox 176 3141 1803 3216">
    <p class='ocr_par' dir='ltr' id='par_1_47' title="bbox 176 3141 1803 3216">
     <span class='ocr_line' id='line_1_47' title="bbox 176 3141 1803 3216; baseline -0.002 -16"><span class='ocrx_word' id='word_1_359' title='bbox 176 3143 303 3216; x_wconf 75' lang='grc'><strong>21).</strong></span> <span class='ocrx_word' id='word_1_360' title='bbox 339 3141 471 3199; x_wconf 90' lang='lat' dir='ltr'><strong>Tibi</strong></span> <span class='ocrx_word' id='word_1_361' title='bbox 513 3142 714 3197; x_wconf 90' lang='lat' dir='ltr'><strong>dicitur</strong></span> <span class='ocrx_word' id='word_1_362' title='bbox 736 3141 948 3198; x_wconf 75' lang='lat' dir='ltr'><strong>Adrena</strong></span> <span class='ocrx_word' id='word_1_363' title='bbox 970 3142 1057 3213; x_wconf 88' lang='lat' dir='ltr'><strong>qui</strong></span> <span class='ocrx_word' id='word_1_364' title='bbox 1085 3150 1159 3197; x_wconf 89' lang='lat' dir='ltr'><strong>est</strong></span> <span class='ocrx_word' id='word_1_365' title='bbox 1184 3142 1236 3196; x_wconf 90' lang='lat' dir='ltr'><strong>in</strong></span> <span class='ocrx_word' id='word_1_366' title='bbox 1269 3150 1344 3207; x_wconf 90' lang='lat' dir='ltr'><strong>te,</strong></span> <span class='ocrx_word' id='word_1_367' title='bbox 1372 3142 1615 3197; x_wconf 79' lang='lat' dir='ltr'><strong>ascendet</strong></span> <span class='ocrx_word' id='word_1_368' title='bbox 1646 3157 1803 3212; x_wconf 89' lang='lat' dir='ltr'><strong>super</strong></span> 
     </span>
    </p>
   </div>
   <div class='ocr_carea' id='block_1_48' title="bbox 1915 1920 3515 1995">
    <p class='ocr_par' dir='ltr' id='par_1_48' title="bbox 1915 1920 3515 1995">
     <span class='ocr_line' id='line_1_48' title="bbox 1915 1920 3515 1995; baseline -0.001 -16"><span class='ocrx_word' id='word_1_369' title='bbox 1915 1924 2174 1995; x_wconf 82' lang='lat' dir='ltr'><strong>Spiritum</strong></span> <span class='ocrx_word' id='word_1_370' title='bbox 2213 1934 2450 1978; x_wconf 86' lang='lat' dir='ltr'><strong>sanctum</strong></span> <span class='ocrx_word' id='word_1_371' title='bbox 2491 1924 2579 1994; x_wconf 85' lang='lat' dir='ltr'><strong>qui</strong></span> <span class='ocrx_word' id='word_1_372' title='bbox 2622 1923 2819 1978; x_wconf 83' lang='lat' dir='ltr'><strong>habitat</strong></span> <span class='ocrx_word' id='word_1_373' title='bbox 2856 1924 2910 1977; x_wconf 87' lang='lat' dir='ltr'><strong>in</strong></span> <span class='ocrx_word' id='word_1_374' title='bbox 2948 1922 3092 1978; x_wconf 85' lang='lat' dir='ltr'><strong>nobis</strong></span> <span class='ocrx_word' id='word_1_375' title='bbox 3138 1920 3313 1993; x_wconf 83' lang='lat' dir='ltr'><strong>(Ibid.</strong></span> <span class='ocrx_word' id='word_1_376' title='bbox 3336 1960 3353 1985; x_wconf 87' lang='lat'><strong>,</strong></span> <span class='ocrx_word' id='word_1_377' title='bbox 3384 1920 3515 1991; x_wconf 74' lang='lat' dir='ltr'><strong>H).</strong></span> 
     </span>
    </p>
   </div>
   <div class='ocr_carea' id='block_1_49' title="bbox 1910 2017 3519 2090">
    <p class='ocr_par' dir='ltr' id='par_1_49' title="bbox 1910 2017 3519 2090">
     <span class='ocr_line' id='line_1_49' title="bbox 1910 2017 3519 2090; baseline -0.002 -18"><span class='ocrx_word' id='word_1_378' title='bbox 1910 2017 2180 2089; x_wconf 81' lang='lat' dir='ltr'><strong>Numquid</strong></span> <span class='ocrx_word' id='word_1_379' title='bbox 2210 2018 2448 2090; x_wconf 81' lang='lat' dir='ltr'><strong>Spiritus</strong></span> <span class='ocrx_word' id='word_1_380' title='bbox 2476 2017 2838 2074; x_wconf 80' lang='lat' dir='ltr'><strong>eomniendati</strong></span> <span class='ocrx_word' id='word_1_381' title='bbox 2880 2018 2996 2072; x_wconf 88' lang='lat' dir='ltr'><strong>auri</strong></span> <span class='ocrx_word' id='word_1_382' title='bbox 3042 2018 3363 2087; x_wconf 76' lang='lat' dir='ltr'><strong>argentique</strong></span> <span class='ocrx_word' id='word_1_383' title='bbox 3392 2028 3519 2069; x_wconf 90' lang='lat' dir='ltr'><strong>cus-</strong></span> 
     </span>
    </p>
   </div>
   <div class='ocr_carea' id='block_1_50' title="bbox 1912 2106 3515 2181">
    <p class='ocr_par' dir='ltr' id='par_1_50' title="bbox 1912 2106 3515 2181">
     <span class='ocr_line' id='line_1_50' title="bbox 1912 2106 3515 2181; baseline -0.003 -15"><span class='ocrx_word' id='word_1_384' title='bbox 1912 2119 1997 2167; x_wconf 89' lang='lat' dir='ltr'><strong>tos</strong></span> <span class='ocrx_word' id='word_1_385' title='bbox 2026 2121 2110 2167; x_wconf 87' lang='lat' dir='ltr'><strong>est</strong></span> <span class='ocrx_word' id='word_1_386' title='bbox 2130 2153 2145 2179; x_wconf 93' lang='lat'><strong>,</strong></span> <span class='ocrx_word' id='word_1_387' title='bbox 2178 2121 2271 2165; x_wconf 87' lang='lat' dir='ltr'><strong>aut</strong></span> <span class='ocrx_word' id='word_1_388' title='bbox 2321 2128 2418 2181; x_wconf 91' lang='lat' dir='ltr'><strong>per</strong></span> <span class='ocrx_word' id='word_1_389' title='bbox 2446 2110 2705 2180; x_wconf 87' lang='lat' dir='ltr'><strong>Spiritum</strong></span> <span class='ocrx_word' id='word_1_390' title='bbox 2738 2120 2982 2165; x_wconf 89' lang='lat' dir='ltr'><strong>sanctum</strong></span> <span class='ocrx_word' id='word_1_391' title='bbox 3014 2108 3245 2181; x_wconf 88' lang='lat' dir='ltr'><strong>pecunia</strong></span> <span class='ocrx_word' id='word_1_392' title='bbox 3271 2106 3515 2163; x_wconf 82' lang='lat' dir='ltr'><strong>custodi-</strong></span> 
     </span>
    </p>
   </div>
   <div class='ocr_carea' id='block_1_51' title="bbox 1912 2204 3515 2277">
    <p class='ocr_par' dir='ltr' id='par_1_51' title="bbox 1912 2204 3515 2277">
     <span class='ocr_line' id='line_1_51' title="bbox 1912 2204 3515 2277; baseline -0.001 -16"><span class='ocrx_word' id='word_1_393' title='bbox 1912 2206 2035 2262; x_wconf 80' lang='lat' dir='ltr'><strong>tur?</strong></span> <span class='ocrx_word' id='word_1_394' title='bbox 2062 2204 2316 2275; x_wconf 90' lang='lat' dir='ltr'><strong>Spiritale</strong></span> <span class='ocrx_word' id='word_1_395' title='bbox 2348 2204 2509 2274; x_wconf 77' lang='lat' dir='ltr'><strong>igitur</strong></span> <span class='ocrx_word' id='word_1_396' title='bbox 2532 2205 2726 2277; x_wconf 80' lang='lat' dir='ltr'><strong>pignus</strong></span> <span class='ocrx_word' id='word_1_397' title='bbox 2750 2206 3053 2262; x_wconf 90' lang='lat' dir='ltr'><strong>custoditur</strong></span> <span class='ocrx_word' id='word_1_398' title='bbox 3076 2206 3145 2260; x_wconf 87' lang='lat' dir='ltr'><strong>ab</strong></span> <span class='ocrx_word' id='word_1_399' title='bbox 3173 2204 3377 2273; x_wconf 82' lang='lat' dir='ltr'><strong>Spiritu</strong></span> <span class='ocrx_word' id='word_1_400' title='bbox 3395 2246 3411 2271; x_wconf 91' lang='lat'><strong>,</strong></span> <span class='ocrx_word' id='word_1_401' title='bbox 3444 2219 3515 2259; x_wconf 91' lang='lat' dir='ltr'><strong>ne</strong></span> 
     </span>
    </p>
   </div>
   <div class='ocr_carea' id='block_1_52' title="bbox 1910 2296 3513 2364">
    <p class='ocr_par' dir='ltr' id='par_1_52' title="bbox 1910 2296 3513 2364">
     <span class='ocr_line' id='line_1_52' title="bbox 1910 2296 3513 2364; baseline -0.002 -9"><span class='ocrx_word' id='word_1_402' title='bbox 1910 2313 2041 2355; x_wconf 87' lang='lat' dir='ltr'><strong>aves</strong></span> <span class='ocrx_word' id='word_1_403' title='bbox 2069 2297 2194 2355; x_wconf 71' lang='lat' dir='ltr'><strong>caeli</strong></span> <span class='ocrx_word' id='word_1_404' title='bbox 2221 2298 2477 2364; x_wconf 84' lang='lat' dir='ltr'><strong>veniant,</strong></span> <span class='ocrx_word' id='word_1_405' title='bbox 2505 2307 2561 2353; x_wconf 94' lang='lat' dir='ltr'><strong>et</strong></span> <span class='ocrx_word' id='word_1_406' title='bbox 2588 2298 2841 2355; x_wconf 86' lang='lat' dir='ltr'><strong>auferant</strong></span> <span class='ocrx_word' id='word_1_407' title='bbox 2869 2298 3002 2354; x_wconf 88' lang='lat' dir='ltr'><strong>illud</strong></span> <span class='ocrx_word' id='word_1_408' title='bbox 3032 2298 3101 2354; x_wconf 89' lang='lat' dir='ltr'><strong>de</strong></span> <span class='ocrx_word' id='word_1_409' title='bbox 3125 2296 3382 2355; x_wconf 85' lang='lat' dir='ltr'><strong>cordibus</strong></span> <span class='ocrx_word' id='word_1_410' title='bbox 3414 2312 3513 2353; x_wconf 79' lang='lat' dir='ltr'><strong>no-</strong></span> 
     </span>
    </p>
   </div>
   <div class='ocr_carea' id='block_1_53' title="bbox 1908 2392 2059 2450">
    <p class='ocr_par' dir='ltr' id='par_1_53' title="bbox 1908 2392 2059 2450">
     <span class='ocr_line' id='line_1_53' title="bbox 1908 2392 2059 2450; baseline -0.007 0"><span class='ocrx_word' id='word_1_411' title='bbox 1908 2392 2059 2450; x_wconf 87' lang='lat' dir='ltr'><strong>stris.</strong></span> 
     </span>
    </p>
   </div>
   <div class='ocr_carea' id='block_1_54' title="bbox 1982 2485 3511 2559">
    <p class='ocr_par' dir='ltr' id='par_1_54' title="bbox 1982 2485 3511 2559">
     <span class='ocr_line' id='line_1_54' title="bbox 1982 2485 3511 2559; baseline -0.002 -15"><span class='ocrx_word' id='word_1_412' title='bbox 1982 2487 2071 2544; x_wconf 85' lang='lat'><strong>68.</strong></span> <span class='ocrx_word' id='word_1_413' title='bbox 2114 2487 2370 2544; x_wconf 83' lang='lat' dir='ltr'><strong>Petamus</strong></span> <span class='ocrx_word' id='word_1_414' title='bbox 2396 2502 2557 2559; x_wconf 85' lang='lat' dir='ltr'><strong>ergo,</strong></span> <span class='ocrx_word' id='word_1_415' title='bbox 2588 2495 2649 2543; x_wconf 88' lang='lat' dir='ltr'><strong>ut</strong></span> <span class='ocrx_word' id='word_1_416' title='bbox 2677 2485 2948 2543; x_wconf 89' lang='lat' dir='ltr'><strong>custodiat</strong></span> <span class='ocrx_word' id='word_1_417' title='bbox 2986 2486 3038 2540; x_wconf 92' lang='lat' dir='ltr'><strong>in</strong></span> <span class='ocrx_word' id='word_1_418' title='bbox 3073 2485 3231 2542; x_wconf 89' lang='lat' dir='ltr'><strong>nobis</strong></span> <span class='ocrx_word' id='word_1_419' title='bbox 3256 2485 3511 2542; x_wconf 88' lang='lat' dir='ltr'><strong>Christus</strong></span> 
     </span>
    </p>
   </div>
   <div class='ocr_carea' id='block_1_55' title="bbox 1908 2580 3505 2657">
    <p class='ocr_par' dir='ltr' id='par_1_55' title="bbox 1908 2580 3505 2657">
     <span class='ocr_line' id='line_1_55' title="bbox 1908 2580 3505 2657; baseline -0.003 -16"><span class='ocrx_word' id='word_1_420' title='bbox 1908 2585 2011 2641; x_wconf 90' lang='lat' dir='ltr'><strong>hoc</strong></span> <span class='ocrx_word' id='word_1_421' title='bbox 2037 2584 2229 2657; x_wconf 89' lang='lat' dir='ltr'><strong>pignus</strong></span> <span class='ocrx_word' id='word_1_422' title='bbox 2264 2584 2406 2655; x_wconf 88' lang='lat' dir='ltr'><strong>quod</strong></span> <span class='ocrx_word' id='word_1_423' title='bbox 2439 2584 2556 2653; x_wconf 89' lang='lat' dir='ltr'><strong>ipse</strong></span> <span class='ocrx_word' id='word_1_424' title='bbox 2593 2582 2861 2647; x_wconf 85' lang='lat' dir='ltr'><strong>donavit,</strong></span> <span class='ocrx_word' id='word_1_425' title='bbox 2904 2590 2960 2637; x_wconf 92' lang='lat' dir='ltr'><strong>et</strong></span> <span class='ocrx_word' id='word_1_426' title='bbox 2999 2580 3304 2650; x_wconf 86' lang='lat' dir='ltr'><strong>depositum</strong></span> <span class='ocrx_word' id='word_1_427' title='bbox 3346 2596 3505 2636; x_wconf 89' lang='lat' dir='ltr'><strong>suum</strong></span> 
     </span>
    </p>
   </div>
   <div class='ocr_carea' id='block_1_56' title="bbox 1907 2674 3511 2749">
    <p class='ocr_par' dir='ltr' id='par_1_56' title="bbox 1907 2674 3511 2749">
     <span class='ocr_line' id='line_1_56' title="bbox 1907 2674 3511 2749; baseline -0.002 -14"><span class='ocrx_word' id='word_1_428' title='bbox 1907 2678 2452 2749; x_wconf 85' lang='lat' dir='ltr'><strong>commendatumque</strong></span> <span class='ocrx_word' id='word_1_429' title='bbox 2500 2685 2809 2749; x_wconf 85' lang='lat' dir='ltr'><strong>conservet.</strong></span> <span class='ocrx_word' id='word_1_430' title='bbox 2844 2674 2986 2731; x_wconf 85' lang='lat' dir='ltr'><strong>Nihil</strong></span> <span class='ocrx_word' id='word_1_431' title='bbox 3028 2675 3172 2730; x_wconf 86' lang='lat' dir='ltr'><strong>cnim</strong></span> <span class='ocrx_word' id='word_1_432' title='bbox 3212 2675 3376 2748; x_wconf 74' lang='lat'><strong>615</strong></span> <span class='ocrx_word' id='word_1_433' title='bbox 3419 2689 3511 2732; x_wconf 86' lang='lat' dir='ltr'><strong>ac-</strong></span> 
     </span>
    </p>
   </div>
   <div class='ocr_carea' id='block_1_57' title="bbox 1909 2748 3507 2843">
    <p class='ocr_par' dir='ltr' id='par_1_57' title="bbox 1909 2748 3507 2843">
     <span class='ocr_line' id='line_1_57' title="bbox 1909 2748 3507 2843; baseline -0.003 -14"><span class='ocrx_word' id='word_1_434' title='bbox 1909 2772 2053 2843; x_wconf 89' lang='lat' dir='ltr'><strong>cepit</strong></span> <span class='ocrx_word' id='word_1_435' title='bbox 2081 2789 2109 2825; x_wconf 86' lang='lat' dir='ltr'><strong>a</strong></span> <span class='ocrx_word' id='word_1_436' title='bbox 2142 2772 2298 2829; x_wconf 89' lang='lat' dir='ltr'><strong>nobis</strong></span> <span class='ocrx_word' id='word_1_437' title='bbox 2319 2812 2334 2837; x_wconf 92' lang='lat'><strong>,</strong></span> <span class='ocrx_word' id='word_1_438' title='bbox 2366 2748 2467 2826; x_wconf 74' lang='lat' dir='ltr'><strong>sed</strong></span> <span class='ocrx_word' id='word_1_439' title='bbox 2497 2748 2623 2841; x_wconf 61' lang='lat' dir='ltr'><strong>ipse</strong></span> <span class='ocrx_word' id='word_1_440' title='bbox 2642 2769 2799 2826; x_wconf 90' lang='lat' dir='ltr'><strong>nobis</strong></span> <span class='ocrx_word' id='word_1_441' title='bbox 2825 2769 3055 2825; x_wconf 88' lang='lat' dir='ltr'><strong>credidit</strong></span> <span class='ocrx_word' id='word_1_442' title='bbox 3083 2770 3227 2839; x_wconf 90' lang='lat' dir='ltr'><strong>quod</strong></span> <span class='ocrx_word' id='word_1_443' title='bbox 3260 2782 3507 2825; x_wconf 85' lang='lat' dir='ltr'><strong>nostrum</strong></span> 
     </span>
    </p>
   </div>
   <div class='ocr_carea' id='block_1_58' title="bbox 1908 2861 3507 2931">
    <p class='ocr_par' dir='ltr' id='par_1_58' title="bbox 1908 2861 3507 2931">
     <span class='ocr_line' id='line_1_58' title="bbox 1908 2861 3507 2931; baseline -0.002 -10"><span class='ocrx_word' id='word_1_444' title='bbox 1908 2881 2015 2921; x_wconf 90' lang='lat' dir='ltr'><strong>non</strong></span> <span class='ocrx_word' id='word_1_445' title='bbox 2050 2873 2198 2925; x_wconf 82' lang='lat' dir='ltr'><strong>erat.</strong></span> <span class='ocrx_word' id='word_1_446' title='bbox 2240 2863 2309 2919; x_wconf 83' lang='lat' dir='ltr'><strong>Et</strong></span> <span class='ocrx_word' id='word_1_447' title='bbox 2356 2863 2479 2919; x_wconf 90' lang='lat' dir='ltr'><strong>ideo</strong></span> <span class='ocrx_word' id='word_1_448' title='bbox 2520 2864 2849 2919; x_wconf 90' lang='lat' dir='ltr'><strong>detrimento</strong></span> <span class='ocrx_word' id='word_1_449' title='bbox 2890 2862 3192 2918; x_wconf 77' lang='lat' dir='ltr'><strong>honestatis</strong></span> <span class='ocrx_word' id='word_1_450' title='bbox 3231 2861 3507 2931; x_wconf 80' lang='lat' dir='ltr'><strong>aflicitur,</strong></span> 
     </span>
    </p>
   </div>
   <div class='ocr_carea' id='block_1_59' title="bbox 1906 2954 3509 3029">
    <p class='ocr_par' dir='ltr' id='par_1_59' title="bbox 1906 2954 3509 3029">
     <span class='ocr_line' id='line_1_59' title="bbox 1906 2954 3509 3029; baseline -0.001 -15"><span class='ocrx_word' id='word_1_451' title='bbox 1906 2961 1996 3029; x_wconf 92' lang='lat' dir='ltr'><strong>qui</strong></span> <span class='ocrx_word' id='word_1_452' title='bbox 2047 2958 2351 3026; x_wconf 89' lang='lat' dir='ltr'><strong>depositum</strong></span> <span class='ocrx_word' id='word_1_453' title='bbox 2396 2955 2607 3010; x_wconf 73' lang='lat' dir='ltr'><strong>violarit</strong></span> <span class='ocrx_word' id='word_1_454' title='bbox 2655 2957 2917 3012; x_wconf 87' lang='lat' dir='ltr'><strong>alienum.</strong></span> <span class='ocrx_word' id='word_1_455' title='bbox 2957 2954 3014 3011; x_wconf 89' lang='lat' dir='ltr'><strong>Si</strong></span> <span class='ocrx_word' id='word_1_456' title='bbox 3066 2956 3509 3012; x_wconf 89' lang='lat' dir='ltr'><strong>commendatum</strong></span> 
     </span>
    </p>
   </div>
   <div class='ocr_carea' id='block_1_60' title="bbox 1909 3048 3504 3116">
    <p class='ocr_par' dir='ltr' id='par_1_60' title="bbox 1909 3048 3504 3116">
     <span class='ocr_line' id='line_1_60' title="bbox 1909 3048 3504 3116; baseline -0.002 -10"><span class='ocrx_word' id='word_1_457' title='bbox 1909 3050 2144 3106; x_wconf 86' lang='lat' dir='ltr'><strong>hominis</strong></span> <span class='ocrx_word' id='word_1_458' title='bbox 2187 3050 2331 3104; x_wconf 80' lang='lat' dir='ltr'><strong>nulla</strong></span> <span class='ocrx_word' id='word_1_459' title='bbox 2363 3048 2625 3104; x_wconf 71' lang='lat' dir='ltr'><strong>debemus</strong></span> <span class='ocrx_word' id='word_1_460' title='bbox 2661 3048 2847 3103; x_wconf 86' lang='lat' dir='ltr'><strong>fraude</strong></span> <span class='ocrx_word' id='word_1_461' title='bbox 2879 3048 3118 3111; x_wconf 83' lang='lat' dir='ltr'><strong>violare.</strong></span> <span class='ocrx_word' id='word_1_462' title='bbox 3151 3058 3355 3116; x_wconf 88' lang='lat' dir='ltr'><strong>quanto</strong></span> <span class='ocrx_word' id='word_1_463' title='bbox 3388 3062 3504 3103; x_wconf 82' lang='lat' dir='ltr'><strong>nta-</strong></span> 
     </span>
    </p>
   </div>
   <div class='ocr_carea' id='block_1_61' title="bbox 1906 3141 3508 3217">
    <p class='ocr_par' dir='ltr' id='par_1_61' title="bbox 1906 3141 3508 3217">
     <span class='ocr_line' id='line_1_61' title="bbox 1906 3141 3508 3217; baseline -0.002 -16"><span class='ocrx_word' id='word_1_464' title='bbox 1906 3147 1990 3217; x_wconf 89' lang='lat' dir='ltr'><strong>gis</strong></span> <span class='ocrx_word' id='word_1_465' title='bbox 2022 3144 2267 3200; x_wconf 90' lang='lat' dir='ltr'><strong>divinum</strong></span> <span class='ocrx_word' id='word_1_466' title='bbox 2299 3152 2354 3201; x_wconf 91' lang='lat' dir='ltr'><strong>et</strong></span> <span class='ocrx_word' id='word_1_467' title='bbox 2383 3143 2627 3213; x_wconf 80' lang='lat' dir='ltr'><strong>spiritale</strong></span> <span class='ocrx_word' id='word_1_468' title='bbox 2651 3142 2961 3211; x_wconf 61' lang='lat' dir='ltr'><strong>depositum</strong></span> <span class='ocrx_word' id='word_1_469' title='bbox 2988 3141 3127 3198; x_wconf 90' lang='lat' dir='ltr'><strong>bona</strong></span> <span class='ocrx_word' id='word_1_470' title='bbox 3158 3142 3261 3196; x_wconf 82' lang='lat' dir='ltr'><strong>ﬁde</strong></span> <span class='ocrx_word' id='word_1_471' title='bbox 3282 3155 3508 3199; x_wconf 88' lang='lat' dir='ltr'><strong>servare</strong></span> 
     </span>
    </p>
   </div>
   <div class='ocr_carea' id='block_1_62' title="bbox 181 3234 3513 3313">
    <p class='ocr_par' dir='ltr' id='par_1_62' title="bbox 181 3234 3513 3313">
     <span class='ocr_line' id='line_1_62' title="bbox 181 3234 3513 3313; baseline 0 -19"><span class='ocrx_word' id='word_1_472' title='bbox 181 3251 235 3294; x_wconf 87' lang='lat' dir='ltr'><strong>te</strong></span> <span class='ocrx_word' id='word_1_473' title='bbox 262 3255 283 3294; x_wconf 89' lang='lat'><strong><em>:</em></strong></span> <span class='ocrx_word' id='word_1_474' title='bbox 315 3249 376 3293; x_wconf 91' lang='lat' dir='ltr'><strong>tu</strong></span> <span class='ocrx_word' id='word_1_475' title='bbox 404 3247 581 3292; x_wconf 87' lang='lat' dir='ltr'><strong>autem</strong></span> <span class='ocrx_word' id='word_1_476' title='bbox 613 3236 889 3293; x_wconf 86' lang='lat' dir='ltr'><strong>descendes</strong></span> <span class='ocrx_word' id='word_1_477' title='bbox 916 3238 972 3291; x_wconf 91' lang='lat' dir='ltr'><strong>in</strong></span> <span class='ocrx_word' id='word_1_478' title='bbox 1017 3238 1178 3291; x_wconf 86' lang='lat' dir='ltr'><strong>imum</strong></span> <span class='ocrx_word' id='word_1_479' title='bbox 1222 3234 1417 3309; x_wconf 90' lang='lat' dir='ltr'><strong>(Deut.</strong></span> <span class='ocrx_word' id='word_1_480' title='bbox 1449 3253 1655 3303; x_wconf 77' lang='lat' dir='ltr'><strong>xxvm,</strong></span> <span class='ocrx_word' id='word_1_481' title='bbox 1680 3238 1797 3307; x_wconf 75' lang='grc'><strong>45).</strong></span> <span class='ocrx_word' id='word_1_482' title='bbox 1828 3236 1874 3301; x_wconf 90' lang='lat' dir='ltr'><strong>C</strong></span> <span class='ocrx_word' id='word_1_483' title='bbox 1909 3257 2009 3297; x_wconf 91' lang='lat' dir='ltr'><strong>nos</strong></span> <span class='ocrx_word' id='word_1_484' title='bbox 2047 3239 2333 3313; x_wconf 89' lang='lat' dir='ltr'><strong>congruit.</strong></span> <span class='ocrx_word' id='word_1_485' title='bbox 2377 3254 2445 3295; x_wconf 88' lang='lat' dir='ltr'><strong>ne</strong></span> <span class='ocrx_word' id='word_1_486' title='bbox 2472 3236 2891 3295; x_wconf 76' lang='lat' dir='ltr'><strong>existimationis</strong></span> <span class='ocrx_word' id='word_1_487' title='bbox 2934 3246 2987 3294; x_wconf 90' lang='lat' dir='ltr'><strong>et</strong></span> <span class='ocrx_word' id='word_1_488' title='bbox 3034 3237 3283 3293; x_wconf 86' lang='lat' dir='ltr'><strong>utilitatis</strong></span> <span class='ocrx_word' id='word_1_489' title='bbox 3324 3237 3513 3311; x_wconf 80' lang='lat' dir='ltr'><strong>gravia</strong></span> 
     </span>
    </p>
   </div>
   <div class='ocr_carea' id='block_1_63' title="bbox 179 3331 1799 3404">
    <p class='ocr_par' dir='ltr' id='par_1_63' title="bbox 179 3331 1799 3404">
     <span class='ocr_line' id='line_1_63' title="bbox 179 3331 1799 3404; baseline -0.001 -13"><span class='ocrx_word' id='word_1_490' title='bbox 179 3331 383 3391; x_wconf 81' lang='lat' dir='ltr'><strong>Nescit</strong></span> <span class='ocrx_word' id='word_1_491' title='bbox 430 3331 579 3389; x_wconf 86' lang='lat' dir='ltr'><strong>enim</strong></span> <span class='ocrx_word' id='word_1_492' title='bbox 622 3347 935 3399; x_wconf 89' lang='lat' dir='ltr'><strong>summum,</strong></span> <span class='ocrx_word' id='word_1_493' title='bbox 976 3333 1069 3403; x_wconf 91' lang='lat' dir='ltr'><strong>qui</strong></span> <span class='ocrx_word' id='word_1_494' title='bbox 1115 3331 1391 3388; x_wconf 87' lang='lat' dir='ltr'><strong>Christum</strong></span> <span class='ocrx_word' id='word_1_495' title='bbox 1446 3333 1703 3404; x_wconf 88' lang='lat' dir='ltr'><strong>ignorat:</strong></span> <span class='ocrx_word' id='word_1_496' title='bbox 1744 3331 1799 3389; x_wconf 88' lang='lat' dir='ltr'><strong>in</strong></span> 
     </span>
    </p>
   </div>
   <div class='ocr_carea' id='block_1_64' title="bbox 180 3425 1797 3499">
    <p class='ocr_par' dir='ltr' id='par_1_64' title="bbox 180 3425 1797 3499">
     <span class='ocr_line' id='line_1_64' title="bbox 180 3425 1797 3499; baseline -0.002 -15"><span class='ocrx_word' id='word_1_497' title='bbox 180 3427 413 3485; x_wconf 88' lang='lat' dir='ltr'><strong>inferno</strong></span> <span class='ocrx_word' id='word_1_498' title='bbox 451 3442 671 3499; x_wconf 89' lang='lat' dir='ltr'><strong>semper</strong></span> <span class='ocrx_word' id='word_1_499' title='bbox 693 3436 815 3494; x_wconf 89' lang='lat' dir='ltr'><strong>est,</strong></span> <span class='ocrx_word' id='word_1_500' title='bbox 845 3426 936 3497; x_wconf 91' lang='lat' dir='ltr'><strong>qui</strong></span> <span class='ocrx_word' id='word_1_501' title='bbox 968 3441 1074 3482; x_wconf 91' lang='lat' dir='ltr'><strong>non</strong></span> <span class='ocrx_word' id='word_1_502' title='bbox 1104 3425 1357 3483; x_wconf 90' lang='lat' dir='ltr'><strong>ascendit</strong></span> <span class='ocrx_word' id='word_1_503' title='bbox 1383 3426 1451 3483; x_wconf 90' lang='lat' dir='ltr'><strong>ad</strong></span> <span class='ocrx_word' id='word_1_504' title='bbox 1478 3426 1752 3483; x_wconf 88' lang='lat' dir='ltr'><strong>Christum</strong></span> <span class='ocrx_word' id='word_1_505' title='bbox 1783 3445 1797 3481; x_wconf 88' lang='lat'><strong>:</strong></span> 
     </span>
    </p>
   </div>
   <div class='ocr_carea' id='block_1_65' title="bbox 178 3520 1803 3595">
    <p class='ocr_par' dir='ltr' id='par_1_65' title="bbox 178 3520 1803 3595">
     <span class='ocr_line' id='line_1_65' title="bbox 178 3520 1803 3595; baseline 0.001 -17"><span class='ocrx_word' id='word_1_506' title='bbox 178 3523 237 3578; x_wconf 91' lang='lat' dir='ltr'><strong>in</strong></span> <span class='ocrx_word' id='word_1_507' title='bbox 284 3537 511 3578; x_wconf 87' lang='lat' dir='ltr'><strong>summo</strong></span> <span class='ocrx_word' id='word_1_508' title='bbox 539 3530 718 3578; x_wconf 87' lang='lat' dir='ltr'><strong>autem</strong></span> <span class='ocrx_word' id='word_1_509' title='bbox 768 3521 1000 3592; x_wconf 89' lang='lat' dir='ltr'><strong>populus</strong></span> <span class='ocrx_word' id='word_1_510' title='bbox 1041 3520 1135 3593; x_wconf 90' lang='lat' dir='ltr'><strong>qui</strong></span> <span class='ocrx_word' id='word_1_511' title='bbox 1176 3522 1400 3578; x_wconf 89' lang='lat' dir='ltr'><strong>verbum</strong></span> <span class='ocrx_word' id='word_1_512' title='bbox 1448 3523 1680 3595; x_wconf 89' lang='lat' dir='ltr'><strong>recipit,</strong></span> <span class='ocrx_word' id='word_1_513' title='bbox 1715 3523 1803 3580; x_wconf 91' lang='lat' dir='ltr'><strong>hic</strong></span> 
     </span>
    </p>
   </div>
   <div class='ocr_carea' id='block_1_66' title="bbox 182 3616 1797 3686">
    <p class='ocr_par' dir='ltr' id='par_1_66' title="bbox 182 3616 1797 3686">
     <span class='ocr_line' id='line_1_66' title="bbox 182 3616 1797 3686; baseline 0.001 -13"><span class='ocrx_word' id='word_1_514' title='bbox 182 3617 358 3673; x_wconf 90' lang='lat' dir='ltr'><strong>habet</strong></span> <span class='ocrx_word' id='word_1_515' title='bbox 391 3616 517 3671; x_wconf 79' lang='lat' dir='ltr'><strong>fidei</strong></span> <span class='ocrx_word' id='word_1_516' title='bbox 550 3616 933 3686; x_wconf 88' lang='lat' dir='ltr'><strong>patrimonium</strong></span> <span class='ocrx_word' id='word_1_517' title='bbox 976 3632 1158 3673; x_wconf 91' lang='lat' dir='ltr'><strong>omne.</strong></span> <span class='ocrx_word' id='word_1_518' title='bbox 1193 3616 1270 3674; x_wconf 88' lang='lat' dir='ltr'><strong>De</strong></span> <span class='ocrx_word' id='word_1_519' title='bbox 1316 3616 1420 3673; x_wconf 90' lang='lat' dir='ltr'><strong>hoc</strong></span> <span class='ocrx_word' id='word_1_520' title='bbox 1464 3617 1596 3674; x_wconf 91' lang='lat' dir='ltr'><strong>dicit</strong></span> <span class='ocrx_word' id='word_1_521' title='bbox 1639 3617 1748 3675; x_wconf 77' lang='lat' dir='ltr'><strong>Lex</strong></span> <span class='ocrx_word' id='word_1_522' title='bbox 1781 3637 1797 3676; x_wconf 89' lang='lat'><strong>:</strong></span> 
     </span>
    </p>
   </div>
   <div class='ocr_carea' id='block_1_67' title="bbox 181 3708 1801 3778">
    <p class='ocr_par' dir='ltr' id='par_1_67' title="bbox 181 3708 1801 3778">
     <span class='ocr_line' id='line_1_67' title="bbox 181 3708 1801 3778; baseline 0.001 -14"><span class='ocrx_word' id='word_1_523' title='bbox 181 3708 295 3764; x_wconf 79' lang='lat' dir='ltr'><strong>Hic</strong></span> <span class='ocrx_word' id='word_1_524' title='bbox 325 3708 423 3765; x_wconf 85' lang='lat' dir='ltr'><strong>tibi</strong></span> <span class='ocrx_word' id='word_1_525' title='bbox 448 3709 717 3778; x_wconf 75' lang='lat' dir='ltr'><strong>[tenerubit</strong></span> <span class='ocrx_word' id='word_1_526' title='bbox 740 3750 758 3776; x_wconf 87' lang='lat'><strong>,</strong></span> <span class='ocrx_word' id='word_1_527' title='bbox 785 3718 840 3763; x_wconf 87' lang='lat' dir='ltr'><strong>tu</strong></span> <span class='ocrx_word' id='word_1_528' title='bbox 866 3719 1036 3764; x_wconf 85' lang='lat' dir='ltr'><strong>autem</strong></span> <span class='ocrx_word' id='word_1_529' title='bbox 1062 3726 1165 3764; x_wconf 89' lang='lat' dir='ltr'><strong>non</strong></span> <span class='ocrx_word' id='word_1_530' title='bbox 1196 3711 1452 3778; x_wconf 78' lang='lat' dir='ltr'><strong>fenerabis</strong></span> <span class='ocrx_word' id='word_1_531' title='bbox 1481 3712 1529 3767; x_wconf 80' lang='lat' dir='ltr'><strong>ei</strong></span> <span class='ocrx_word' id='word_1_532' title='bbox 1550 3728 1569 3767; x_wconf 90' lang='lat'><strong><em>:</em></strong></span> <span class='ocrx_word' id='word_1_533' title='bbox 1600 3711 1685 3766; x_wconf 81' lang='lat' dir='ltr'><strong>hic</strong></span> <span class='ocrx_word' id='word_1_534' title='bbox 1710 3712 1801 3767; x_wconf 88' lang='lat' dir='ltr'><strong>tibi</strong></span> 
     </span>
    </p>
   </div>
   <div class='ocr_carea' id='block_1_68' title="bbox 182 3803 1799 3877">
    <p class='ocr_par' dir='ltr' id='par_1_68' title="bbox 182 3803 1799 3877">
     <span class='ocr_line' id='line_1_68' title="bbox 182 3803 1799 3877; baseline 0.003 -20"><span class='ocrx_word' id='word_1_535' title='bbox 182 3804 287 3858; x_wconf 87' lang='lat' dir='ltr'><strong>erit</strong></span> <span class='ocrx_word' id='word_1_536' title='bbox 315 3812 518 3870; x_wconf 86' lang='lat' dir='ltr'><strong>caput,</strong></span> <span class='ocrx_word' id='word_1_537' title='bbox 547 3813 601 3856; x_wconf 89' lang='lat' dir='ltr'><strong>tu</strong></span> <span class='ocrx_word' id='word_1_538' title='bbox 626 3812 800 3857; x_wconf 86' lang='lat' dir='ltr'><strong>autem</strong></span> <span class='ocrx_word' id='word_1_539' title='bbox 828 3804 929 3857; x_wconf 86' lang='lat' dir='ltr'><strong>eris</strong></span> <span class='ocrx_word' id='word_1_540' title='bbox 957 3804 1124 3859; x_wconf 85' lang='lat' dir='ltr'><strong>cauda</strong></span> <span class='ocrx_word' id='word_1_541' title='bbox 1164 3803 1328 3876; x_wconf 88' lang='lat' dir='ltr'><strong>(Ibid.</strong></span> <span class='ocrx_word' id='word_1_542' title='bbox 1347 3848 1363 3872; x_wconf 93' lang='lat'><strong>,</strong></span> <span class='ocrx_word' id='word_1_543' title='bbox 1394 3805 1520 3877; x_wconf 68' lang='grc'><strong>44),</strong></span> <span class='ocrx_word' id='word_1_544' title='bbox 1548 3804 1655 3862; x_wconf 89' lang='lat' dir='ltr'><strong>hoc</strong></span> <span class='ocrx_word' id='word_1_545' title='bbox 1683 3818 1799 3875; x_wconf 90' lang='lat' dir='ltr'><strong>est,</strong></span> 
     </span>
    </p>
   </div>
   <div class='ocr_carea' id='block_1_69' title="bbox 184 3894 1799 3965">
    <p class='ocr_par' dir='ltr' id='par_1_69' title="bbox 184 3894 1799 3965">
     <span class='ocr_line' id='line_1_69' title="bbox 184 3894 1799 3965; baseline 0.001 -14"><span class='ocrx_word' id='word_1_546' title='bbox 184 3896 283 3951; x_wconf 91' lang='lat' dir='ltr'><strong>ille</strong></span> <span class='ocrx_word' id='word_1_547' title='bbox 313 3894 421 3949; x_wconf 89' lang='lat' dir='ltr'><strong>erit</strong></span> <span class='ocrx_word' id='word_1_548' title='bbox 468 3894 675 3964; x_wconf 91' lang='lat' dir='ltr'><strong>primus</strong></span> <span class='ocrx_word' id='word_1_549' title='bbox 700 3937 715 3961; x_wconf 92' lang='lat'><strong>,</strong></span> <span class='ocrx_word' id='word_1_550' title='bbox 744 3902 804 3949; x_wconf 90' lang='lat' dir='ltr'><strong>tu</strong></span> <span class='ocrx_word' id='word_1_551' title='bbox 839 3894 1066 3951; x_wconf 86' lang='lat' dir='ltr'><strong>ultimus</strong></span> <span class='ocrx_word' id='word_1_552' title='bbox 1096 3904 1153 3951; x_wconf 90' lang='lat' dir='ltr'><strong>et</strong></span> <span class='ocrx_word' id='word_1_553' title='bbox 1179 3896 1445 3965; x_wconf 90' lang='lat' dir='ltr'><strong>abjectus.</strong></span> <span class='ocrx_word' id='word_1_554' title='bbox 1474 3896 1730 3954; x_wconf 84' lang='lat' dir='ltr'><strong>Auferam</strong></span> <span class='ocrx_word' id='word_1_555' title='bbox 1770 3916 1799 3953; x_wconf 87' lang='lat' dir='ltr'><strong>a</strong></span> 
     </span>
    </p>
   </div>
   <div class='ocr_carea' id='block_1_70' title="bbox 186 3985 1799 4055">
    <p class='ocr_par' dir='ltr' id='par_1_70' title="bbox 186 3985 1799 4055">
     <span class='ocr_line' id='line_1_70' title="bbox 186 3985 1799 4055; baseline 0.002 -12"><span class='ocrx_word' id='word_1_556' title='bbox 186 3986 384 4043; x_wconf 63' lang='lat' dir='ltr'><strong>Iudaea</strong></span> <span class='ocrx_word' id='word_1_557' title='bbox 412 3995 577 4055; x_wconf 88' lang='lat' dir='ltr'><strong>caput</strong></span> <span class='ocrx_word' id='word_1_558' title='bbox 603 3996 660 4042; x_wconf 90' lang='lat' dir='ltr'><strong>et</strong></span> <span class='ocrx_word' id='word_1_559' title='bbox 697 3985 954 4055; x_wconf 85' lang='lat' dir='ltr'><strong>caudam,</strong></span> <span class='ocrx_word' id='word_1_560' title='bbox 1006 3986 1214 4043; x_wconf 90' lang='lat' dir='ltr'><strong>initium</strong></span> <span class='ocrx_word' id='word_1_561' title='bbox 1246 4001 1302 4043; x_wconf 92' lang='lat' dir='ltr'><strong>et</strong></span> <span class='ocrx_word' id='word_1_562' title='bbox 1344 3989 1507 4045; x_wconf 87' lang='lat' dir='ltr'><strong>finem</strong></span> <span class='ocrx_word' id='word_1_563' title='bbox 1537 4007 1551 4043; x_wconf 89' lang='lat'><strong>:</strong></span> <span class='ocrx_word' id='word_1_564' title='bbox 1585 3990 1799 4047; x_wconf 91' lang='lat' dir='ltr'><strong>initium</strong></span> 
     </span>
    </p>
   </div>
   <div class='ocr_carea' id='block_1_71' title="bbox 186 4076 1798 4151">
    <p class='ocr_par' dir='ltr' id='par_1_71' title="bbox 186 4076 1798 4151">
     <span class='ocr_line' id='line_1_71' title="bbox 186 4076 1798 4151; baseline 0.002 -18"><span class='ocrx_word' id='word_1_565' title='bbox 186 4076 476 4133; x_wconf 87' lang='lat' dir='ltr'><strong>Christum</strong></span> <span class='ocrx_word' id='word_1_566' title='bbox 498 4117 514 4141; x_wconf 86' lang='lat'><strong>,</strong></span> <span class='ocrx_word' id='word_1_567' title='bbox 543 4077 634 4148; x_wconf 89' lang='lat' dir='ltr'><strong>qui</strong></span> <span class='ocrx_word' id='word_1_568' title='bbox 664 4078 1028 4149; x_wconf 85' lang='lat' dir='ltr'><strong>interrogatus</strong></span> <span class='ocrx_word' id='word_1_569' title='bbox 1072 4079 1194 4149; x_wconf 87' lang='lat' dir='ltr'><strong>quis</strong></span> <span class='ocrx_word' id='word_1_570' title='bbox 1241 4090 1429 4147; x_wconf 91' lang='lat' dir='ltr'><strong>esset,</strong></span> <span class='ocrx_word' id='word_1_571' title='bbox 1467 4081 1749 4151; x_wconf 88' lang='lat' dir='ltr'><strong>respondit</strong></span> <span class='ocrx_word' id='word_1_572' title='bbox 1784 4101 1798 4137; x_wconf 91' lang='lat'><strong>:</strong></span> 
     </span>
    </p>
   </div>
   <div class='ocr_carea' id='block_1_72' title="bbox 189 4170 1799 4246">
    <p class='ocr_par' dir='ltr' id='par_1_72' title="bbox 189 4170 1799 4246">
     <span class='ocr_line' id='line_1_72' title="bbox 189 4170 1799 4246; baseline 0.002 -19"><span class='ocrx_word' id='word_1_573' title='bbox 189 4171 424 4227; x_wconf 85' lang='lat' dir='ltr'><strong>Initium</strong></span> <span class='ocrx_word' id='word_1_574' title='bbox 450 4172 589 4240; x_wconf 87' lang='lat' dir='ltr'><strong>quod</strong></span> <span class='ocrx_word' id='word_1_575' title='bbox 628 4182 676 4227; x_wconf 90' lang='lat' dir='ltr'><strong>et</strong></span> <span class='ocrx_word' id='word_1_576' title='bbox 715 4171 899 4245; x_wconf 84' lang='lat' dir='ltr'><strong>loquor</strong></span> <span class='ocrx_word' id='word_1_577' title='bbox 920 4172 1062 4228; x_wconf 79' lang='lat' dir='ltr'><strong>vobis</strong></span> <span class='ocrx_word' id='word_1_578' title='bbox 1100 4170 1281 4245; x_wconf 82' lang='lat' dir='ltr'><strong>(Joan.</strong></span> <span class='ocrx_word' id='word_1_579' title='bbox 1308 4189 1398 4229; x_wconf 87' lang='lat' dir='ltr'><strong>vut</strong></span> <span class='ocrx_word' id='word_1_580' title='bbox 1418 4216 1435 4239; x_wconf 86' lang='lat'><strong>,</strong></span> <span class='ocrx_word' id='word_1_581' title='bbox 1462 4174 1600 4246; x_wconf 68' lang='lat'><strong>25):</strong></span> <span class='ocrx_word' id='word_1_582' title='bbox 1635 4175 1799 4231; x_wconf 84' lang='lat' dir='ltr'><strong>finem</strong></span> 
     </span>
    </p>
   </div>
   <div class='ocr_carea' id='block_1_73' title="bbox 189 4265 1803 4343">
    <p class='ocr_par' dir='ltr' id='par_1_73' title="bbox 189 4265 1803 4343">
     <span class='ocr_line' id='line_1_73' title="bbox 189 4265 1803 4343; baseline 0.002 -21"><span class='ocrx_word' id='word_1_583' title='bbox 189 4283 417 4340; x_wconf 88' lang='lat' dir='ltr'><strong>quoque</strong></span> <span class='ocrx_word' id='word_1_584' title='bbox 444 4265 718 4323; x_wconf 88' lang='lat' dir='ltr'><strong>Christum</strong></span> <span class='ocrx_word' id='word_1_585' title='bbox 746 4267 917 4323; x_wconf 91' lang='lat' dir='ltr'><strong>dicit:</strong></span> <span class='ocrx_word' id='word_1_586' title='bbox 960 4269 1071 4340; x_wconf 88' lang='lat' dir='ltr'><strong>ipse</strong></span> <span class='ocrx_word' id='word_1_587' title='bbox 1111 4277 1183 4323; x_wconf 86' lang='lat' dir='ltr'><strong>est</strong></span> <span class='ocrx_word' id='word_1_588' title='bbox 1209 4270 1349 4324; x_wconf 86' lang='lat' dir='ltr'><strong>enim</strong></span> <span class='ocrx_word' id='word_1_589' title='bbox 1378 4270 1499 4339; x_wconf 76' lang='lat' dir='ltr'><strong>ﬁnis</strong></span> <span class='ocrx_word' id='word_1_590' title='bbox 1540 4268 1693 4343; x_wconf 85' lang='lat' dir='ltr'><strong>Legis</strong></span> <span class='ocrx_word' id='word_1_591' title='bbox 1733 4271 1803 4325; x_wconf 86' lang='lat' dir='ltr'><strong>ad</strong></span> 
     </span>
    </p>
   </div>
   <div class='ocr_carea' id='block_1_74' title="bbox 180 4362 1799 4438">
    <p class='ocr_par' dir='ltr' id='par_1_74' title="bbox 180 4362 1799 4438">
     <span class='ocr_line' id='line_1_74' title="bbox 180 4362 1799 4438; baseline 0.002 -21"><span class='ocrx_word' id='word_1_592' title='bbox 180 4363 453 4438; x_wconf 75' lang='lat' dir='ltr'><strong>justitiam</strong></span> <span class='ocrx_word' id='word_1_593' title='bbox 493 4364 630 4417; x_wconf 86' lang='lat' dir='ltr'><strong>omni</strong></span> <span class='ocrx_word' id='word_1_594' title='bbox 674 4362 901 4419; x_wconf 85' lang='lat' dir='ltr'><strong>credenti</strong></span> <span class='ocrx_word' id='word_1_595' title='bbox 944 4363 1137 4434; x_wconf 84' lang='lat' dir='ltr'><strong>(Rom.</strong></span> <span class='ocrx_word' id='word_1_596' title='bbox 1168 4379 1238 4430; x_wconf 69' lang='grc' dir='ltr'><strong>Χ,</strong></span> <span class='ocrx_word' id='word_1_597' title='bbox 1268 4362 1358 4436; x_wconf 67' lang='grc'><strong>4).</strong></span> <span class='ocrx_word' id='word_1_598' title='bbox 1390 4363 1535 4437; x_wconf 84' lang='lat' dir='ltr'><strong>Ergo</strong></span> <span class='ocrx_word' id='word_1_599' title='bbox 1559 4365 1652 4436; x_wconf 90' lang='lat' dir='ltr'><strong>qui</strong></span> <span class='ocrx_word' id='word_1_600' title='bbox 1694 4382 1799 4421; x_wconf 90' lang='lat' dir='ltr'><strong>nou</strong></span> 
     </span>
    </p>
   </div>
   <div class='ocr_carea' id='block_1_75' title="bbox 188 4456 1796 4531">
    <p class='ocr_par' dir='ltr' id='par_1_75' title="bbox 188 4456 1796 4531">
     <span class='ocr_line' id='line_1_75' title="bbox 188 4456 1796 4531; baseline 0.001 -18"><span class='ocrx_word' id='word_1_601' title='bbox 188 4458 373 4513; x_wconf 89' lang='lat' dir='ltr'><strong>credit</strong></span> <span class='ocrx_word' id='word_1_602' title='bbox 402 4456 470 4511; x_wconf 91' lang='lat' dir='ltr'><strong>ad</strong></span> <span class='ocrx_word' id='word_1_603' title='bbox 501 4457 762 4528; x_wconf 81' lang='lat' dir='ltr'><strong>justitiam</strong></span> <span class='ocrx_word' id='word_1_604' title='bbox 785 4500 802 4524; x_wconf 93' lang='lat'><strong>,</strong></span> <span class='ocrx_word' id='word_1_605' title='bbox 847 4472 947 4515; x_wconf 90' lang='lat' dir='ltr'><strong>nec</strong></span> <span class='ocrx_word' id='word_1_606' title='bbox 975 4457 1225 4527; x_wconf 89' lang='lat' dir='ltr'><strong>initium,</strong></span> <span class='ocrx_word' id='word_1_607' title='bbox 1253 4472 1353 4515; x_wconf 91' lang='lat' dir='ltr'><strong>nec</strong></span> <span class='ocrx_word' id='word_1_608' title='bbox 1393 4459 1555 4515; x_wconf 90' lang='lat' dir='ltr'><strong>finem</strong></span> <span class='ocrx_word' id='word_1_609' title='bbox 1594 4458 1796 4531; x_wconf 87' lang='lat' dir='ltr'><strong>habet,</strong></span> 
     </span>
    </p>
   </div>
   <div class='ocr_carea' id='block_1_76' title="bbox 191 4550 829 4624">
    <p class='ocr_par' dir='ltr' id='par_1_76' title="bbox 191 4550 829 4624">
     <span class='ocr_line' id='line_1_76' title="bbox 191 4550 829 4624; baseline -0.005 -16"><span class='ocrx_word' id='word_1_610' title='bbox 191 4550 292 4608; x_wconf 91' lang='lat' dir='ltr'><strong>sed</strong></span> <span class='ocrx_word' id='word_1_611' title='bbox 315 4552 435 4624; x_wconf 90' lang='lat' dir='ltr'><strong>ipse</strong></span> <span class='ocrx_word' id='word_1_612' title='bbox 464 4550 588 4607; x_wconf 88' lang='lat' dir='ltr'><strong>finis</strong></span> <span class='ocrx_word' id='word_1_613' title='bbox 615 4552 698 4608; x_wconf 91' lang='lat' dir='ltr'><strong>sui</strong></span> <span class='ocrx_word' id='word_1_614' title='bbox 727 4559 829 4608; x_wconf 87' lang='lat' dir='ltr'><strong>est.</strong></span> 
     </span>
    </p>
   </div>
   <div class='ocr_carea' id='block_1_77' title="bbox 807 4685 1197 4749">
    <p class='ocr_par' dir='ltr' id='par_1_77' title="bbox 807 4685 1197 4749">
     <span class='ocr_line' id='line_1_77' title="bbox 807 4685 1197 4749; baseline 0.008 -5"><span class='ocrx_word' id='word_1_615' title='bbox 807 4687 1033 4745; x_wconf 83' lang='lat' dir='ltr'><strong>CAPUT</strong></span> <span class='ocrx_word' id='word_1_616' title='bbox 1075 4685 1197 4749; x_wconf 82' lang='lat' dir='ltr'><strong>XX.</strong></span> 
     </span>
    </p>
   </div>
   <div class='ocr_carea' id='block_1_78' title="bbox 197 4821 1801 4899">
    <p class='ocr_par' dir='ltr' id='par_1_78' title="bbox 197 4821 1801 4899">
     <span class='ocr_line' id='line_1_78' title="bbox 197 4821 1801 4899; baseline 0.003 -21"><span class='ocrx_word' id='word_1_617' title='bbox 197 4821 483 4880; x_wconf 76' lang='lat' dir='ltr'><strong>Prtemisso</strong></span> <span class='ocrx_word' id='word_1_618' title='bbox 526 4824 756 4896; x_wconf 86' lang='lat' dir='ltr'><strong>pignoris</strong></span> <span class='ocrx_word' id='word_1_619' title='bbox 779 4866 794 4891; x_wconf 93' lang='lat'><strong>,</strong></span> <span class='ocrx_word' id='word_1_620' title='bbox 837 4826 1213 4892; x_wconf 82' lang='lat' dir='ltr'><strong>commendati,</strong></span> <span class='ocrx_word' id='word_1_621' title='bbox 1256 4841 1317 4881; x_wconf 85' lang='lat' dir='ltr'><strong>ac</strong></span> <span class='ocrx_word' id='word_1_622' title='bbox 1347 4826 1570 4899; x_wconf 74' lang='lat' dir='ltr'><strong>depositi</strong></span> <span class='ocrx_word' id='word_1_623' title='bbox 1616 4826 1801 4883; x_wconf 87' lang='lat' dir='ltr'><strong>discri-</strong></span> 
     </span>
    </p>
   </div>
   <div class='ocr_carea' id='block_1_79' title="bbox 268 4919 1802 4991">
    <p class='ocr_par' dir='ltr' id='par_1_79' title="bbox 268 4919 1802 4991">
     <span class='ocr_line' id='line_1_79' title="bbox 268 4919 1802 4991; baseline 0.003 -19"><span class='ocrx_word' id='word_1_624' title='bbox 268 4920 436 4985; x_wconf 84' lang='lat' dir='ltr'><strong>mine,</strong></span> <span class='ocrx_word' id='word_1_625' title='bbox 476 4920 700 4974; x_wconf 81' lang='lat' dir='ltr'><strong>ostendit</strong></span> <span class='ocrx_word' id='word_1_626' title='bbox 746 4919 1017 4991; x_wconf 82' lang='lat' dir='ltr'><strong>spirituale</strong></span> <span class='ocrx_word' id='word_1_627' title='bbox 1054 4921 1244 4991; x_wconf 82' lang='lat' dir='ltr'><strong>pignus</strong></span> <span class='ocrx_word' id='word_1_628' title='bbox 1292 4937 1437 4988; x_wconf 85' lang='lat' dir='ltr'><strong>esse,</strong></span> <span class='ocrx_word' id='word_1_629' title='bbox 1477 4922 1617 4991; x_wconf 85' lang='lat' dir='ltr'><strong>quod</strong></span> <span class='ocrx_word' id='word_1_630' title='bbox 1651 4922 1802 4978; x_wconf 85' lang='lat' dir='ltr'><strong>reddi</strong></span> 
     </span>
    </p>
   </div>
   <div class='ocr_carea' id='block_1_80' title="bbox 270 5013 1803 5088">
    <p class='ocr_par' dir='ltr' id='par_1_80' title="bbox 270 5013 1803 5088">
     <span class='ocr_line' id='line_1_80' title="bbox 270 5013 1803 5088; baseline 0.003 -22"><span class='ocrx_word' id='word_1_631' title='bbox 270 5013 410 5083; x_wconf 83' lang='lat' dir='ltr'><strong>Lege</strong></span> <span class='ocrx_word' id='word_1_632' title='bbox 445 5014 717 5081; x_wconf 82' lang='lat' dir='ltr'><strong>iubeatur;</strong></span> <span class='ocrx_word' id='word_1_633' title='bbox 755 5031 1061 5087; x_wconf 87' lang='lat' dir='ltr'><strong>corporeum</strong></span> <span class='ocrx_word' id='word_1_634' title='bbox 1084 5024 1255 5070; x_wconf 87' lang='lat' dir='ltr'><strong>tamen</strong></span> <span class='ocrx_word' id='word_1_635' title='bbox 1284 5016 1437 5070; x_wconf 85' lang='lat' dir='ltr'><strong>etiam</strong></span> <span class='ocrx_word' id='word_1_636' title='bbox 1464 5014 1612 5070; x_wconf 89' lang='lat' dir='ltr'><strong>reddi</strong></span> <span class='ocrx_word' id='word_1_637' title='bbox 1643 5033 1803 5088; x_wconf 82' lang='lat' dir='ltr'><strong>opor-</strong></span> 
     </span>
    </p>
   </div>
   <div class='ocr_carea' id='block_1_81' title="bbox 274 5107 1807 5179">
    <p class='ocr_par' dir='ltr' id='par_1_81' title="bbox 274 5107 1807 5179">
     <span class='ocr_line' id='line_1_81' title="bbox 274 5107 1807 5179; baseline 0.001 -16"><span class='ocrx_word' id='word_1_638' title='bbox 274 5119 382 5163; x_wconf 88' lang='lat' dir='ltr'><strong>tere</strong></span> <span class='ocrx_word' id='word_1_639' title='bbox 411 5125 431 5163; x_wconf 90' lang='lat'><strong><em>:</em></strong></span> <span class='ocrx_word' id='word_1_640' title='bbox 455 5109 545 5179; x_wconf 91' lang='lat' dir='ltr'><strong>qui</strong></span> <span class='ocrx_word' id='word_1_641' title='bbox 583 5108 793 5163; x_wconf 74' lang='lat' dir='ltr'><strong>uerbum</strong></span> <span class='ocrx_word' id='word_1_642' title='bbox 822 5107 920 5164; x_wconf 87' lang='lat' dir='ltr'><strong>Dei</strong></span> <span class='ocrx_word' id='word_1_643' title='bbox 956 5109 1180 5164; x_wconf 84' lang='lat' dir='ltr'><strong>audierit</strong></span> <span class='ocrx_word' id='word_1_644' title='bbox 1218 5108 1497 5165; x_wconf 89' lang='lat' dir='ltr'><strong>debitorem</strong></span> <span class='ocrx_word' id='word_1_645' title='bbox 1526 5126 1670 5174; x_wconf 85' lang='lat' dir='ltr'><strong>esse,</strong></span> <span class='ocrx_word' id='word_1_646' title='bbox 1715 5126 1807 5165; x_wconf 88' lang='lat' dir='ltr'><strong>nec</strong></span> 
     </span>
    </p>
   </div>
   <div class='ocr_carea' id='block_1_82' title="bbox 272 5204 1803 5278">
    <p class='ocr_par' dir='ltr' id='par_1_82' title="bbox 272 5204 1803 5278">
     <span class='ocr_line' id='line_1_82' title="bbox 272 5204 1803 5278; baseline 0.001 -18"><span class='ocrx_word' id='word_1_647' title='bbox 272 5206 338 5260; x_wconf 86' lang='lat' dir='ltr'><strong>ab</strong></span> <span class='ocrx_word' id='word_1_648' title='bbox 367 5221 429 5260; x_wconf 88' lang='lat' dir='ltr'><strong>eo</strong></span> <span class='ocrx_word' id='word_1_649' title='bbox 456 5206 643 5277; x_wconf 84' lang='lat' dir='ltr'><strong>pignus</strong></span> <span class='ocrx_word' id='word_1_650' title='bbox 670 5204 974 5262; x_wconf 81' lang='lat' dir='ltr'><strong>tollendum.</strong></span> <span class='ocrx_word' id='word_1_651' title='bbox 1004 5204 1084 5260; x_wconf 87' lang='lat' dir='ltr'><strong>De</strong></span> <span class='ocrx_word' id='word_1_652' title='bbox 1116 5205 1423 5278; x_wconf 78' lang='lat' dir='ltr'><strong>euangelicis</strong></span> <span class='ocrx_word' id='word_1_653' title='bbox 1457 5204 1767 5261; x_wconf 80' lang='lat' dir='ltr'><strong>vestimentis</strong></span> <span class='ocrx_word' id='word_1_654' title='bbox 1786 5249 1803 5275; x_wconf 91' lang='lat'><strong>,</strong></span> 
     </span>
    </p>
   </div>
   <div class='ocr_carea' id='block_1_83' title="bbox 279 5362 1798 5436">
    <p class='ocr_par' dir='ltr' id='par_1_83' title="bbox 279 5362 1798 5436">
     <span class='ocr_line' id='line_1_83' title="bbox 279 5362 1798 5436; baseline -0.001 -14"><span class='ocrx_word' id='word_1_655' title='bbox 279 5375 305 5404; x_wconf 82' lang='grc' dir='ltr'>ι</span> <span class='ocrx_word' id='word_1_656' title='bbox 332 5365 462 5422; x_wconf 80' lang='lat' dir='ltr'><strong>Mss.</strong></span> <span class='ocrx_word' id='word_1_657' title='bbox 495 5366 736 5436; x_wconf 88' lang='lat' dir='ltr'><strong>aliquot.</strong></span> <span class='ocrx_word' id='word_1_658' title='bbox 780 5373 940 5434; x_wconf 89' lang='lat' dir='ltr'><strong>atque</strong></span> <span class='ocrx_word' id='word_1_659' title='bbox 984 5379 1173 5420; x_wconf 89' lang='lat' dir='ltr'><strong>omnes</strong></span> <span class='ocrx_word' id='word_1_660' title='bbox 1214 5365 1380 5426; x_wconf 86' lang='lat' dir='ltr'><strong>edit..</strong></span> <span class='ocrx_word' id='word_1_661' title='bbox 1412 5362 1677 5421; x_wconf 87' lang='lat' dir='ltr'><strong>Recusasti</strong></span> <span class='ocrx_word' id='word_1_662' title='bbox 1717 5366 1798 5421; x_wconf 89' lang='lat' dir='ltr'><strong>in-</strong></span> 
     </span>
    </p>
   </div>
   <div class='ocr_carea' id='block_1_84' title="bbox 206 5436 1801 5511">
    <p class='ocr_par' dir='ltr' id='par_1_84' title="bbox 206 5436 1801 5511">
     <span class='ocr_line' id='line_1_84' title="bbox 206 5436 1801 5511; baseline 0 -18"><span class='ocrx_word' id='word_1_663' title='bbox 206 5436 343 5493; x_wconf 80' lang='lat' dir='ltr'><strong>dicta</strong></span> <span class='ocrx_word' id='word_1_664' title='bbox 364 5440 554 5511; x_wconf 65' lang='lat' dir='ltr'><strong>fenoris</strong></span> <span class='ocrx_word' id='word_1_665' title='bbox 576 5438 844 5511; x_wconf 69' lang='lat' dir='ltr'><strong>spiritalis.</strong></span> <span class='ocrx_word' id='word_1_666' title='bbox 869 5436 1019 5491; x_wconf 20' lang='lat' dir='ltr'><strong>Dion.</strong></span> <span class='ocrx_word' id='word_1_667' title='bbox 1046 5437 1282 5492; x_wconf 83' lang='lat' dir='ltr'><strong>secunda</strong></span> <span class='ocrx_word' id='word_1_668' title='bbox 1303 5453 1463 5511; x_wconf 76' lang='lat' dir='ltr'><strong>manu</strong></span> <span class='ocrx_word' id='word_1_669' title='bbox 1480 5446 1573 5511; x_wconf 47' lang='grc' dir='ltr'><strong>,ει</strong></span> <span class='ocrx_word' id='word_1_670' title='bbox 1589 5437 1801 5511; x_wconf 87' lang='lat' dir='ltr'><strong>Thuan.</strong></span> 
     </span>
    </p>
   </div>
   <div class='ocr_carea' id='block_1_85' title="bbox 208 5508 1802 5578">
    <p class='ocr_par' dir='ltr' id='par_1_85' title="bbox 208 5508 1802 5578">
     <span class='ocr_line' id='line_1_85' title="bbox 208 5508 1802 5578; baseline 0.001 -15"><span class='ocrx_word' id='word_1_671' title='bbox 208 5508 377 5578; x_wconf 76' lang='lat' dir='ltr'><strong>prima</strong></span> <span class='ocrx_word' id='word_1_672' title='bbox 399 5552 414 5573; x_wconf 86' lang='lat'><strong>,</strong></span> <span class='ocrx_word' id='word_1_673' title='bbox 438 5508 704 5564; x_wconf 80' lang='lat' dir='ltr'><strong>Recusasti</strong></span> <span class='ocrx_word' id='word_1_674' title='bbox 725 5509 900 5571; x_wconf 84' lang='lat' dir='ltr'><strong>indiqa</strong></span> <span class='ocrx_word' id='word_1_675' title='bbox 916 5550 929 5569; x_wconf 89' lang='lat'><strong>.</strong></span> <span class='ocrx_word' id='word_1_676' title='bbox 953 5520 1086 5573; x_wconf 87' lang='lat' dir='ltr'><strong>elc.,</strong></span> <span class='ocrx_word' id='word_1_677' title='bbox 1108 5509 1473 5573; x_wconf 87' lang='lat' dir='ltr'><strong>commodius;</strong></span> <span class='ocrx_word' id='word_1_678' title='bbox 1496 5508 1636 5563; x_wconf 90' lang='lat' dir='ltr'><strong>idem</strong></span> <span class='ocrx_word' id='word_1_679' title='bbox 1658 5510 1802 5564; x_wconf 87' lang='lat' dir='ltr'><strong>enim</strong></span> 
     </span>
    </p>
   </div>
   <div class='ocr_carea' id='block_1_86' title="bbox 208 5578 1804 5651">
    <p class='ocr_par' dir='ltr' id='par_1_86' title="bbox 208 5578 1804 5651">
     <span class='ocr_line' id='line_1_86' title="bbox 208 5578 1804 5651; baseline 0 -16"><span class='ocrx_word' id='word_1_680' title='bbox 208 5592 289 5635; x_wconf 88' lang='lat' dir='ltr'><strong>est</strong></span> <span class='ocrx_word' id='word_1_681' title='bbox 320 5596 384 5635; x_wconf 86' lang='lat' dir='ltr'><strong>ac</strong></span> <span class='ocrx_word' id='word_1_682' title='bbox 414 5582 459 5635; x_wconf 87' lang='lat' dir='ltr'><strong>si</strong></span> <span class='ocrx_word' id='word_1_683' title='bbox 494 5581 705 5634; x_wconf 80' lang='lat' dir='ltr'><strong>diceres</strong></span> <span class='ocrx_word' id='word_1_684' title='bbox 725 5621 741 5643; x_wconf 88' lang='lat'><strong>,</strong></span> <span class='ocrx_word' id='word_1_685' title='bbox 774 5579 1054 5651; x_wconf 84' lang='lat' dir='ltr'><strong>Synagoga</strong></span> <span class='ocrx_word' id='word_1_686' title='bbox 1086 5594 1181 5633; x_wconf 83' lang='lat' dir='ltr'><strong>seu</strong></span> <span class='ocrx_word' id='word_1_687' title='bbox 1208 5578 1376 5651; x_wconf 82' lang='lat' dir='ltr'><strong>Judea</strong></span> <span class='ocrx_word' id='word_1_688' title='bbox 1414 5581 1682 5651; x_wconf 84' lang='lat' dir='ltr'><strong>recusavit</strong></span> <span class='ocrx_word' id='word_1_689' title='bbox 1711 5598 1804 5649; x_wconf 88' lang='lat' dir='ltr'><strong>pc-</strong></span> 
     </span>
    </p>
   </div>
   <div class='ocr_carea' id='block_1_87' title="bbox 208 5650 1800 5723">
    <p class='ocr_par' dir='ltr' id='par_1_87' title="bbox 208 5650 1800 5723">
     <span class='ocr_line' id='line_1_87' title="bbox 208 5650 1800 5723; baseline 0.002 -19"><span class='ocrx_word' id='word_1_690' title='bbox 208 5653 420 5705; x_wconf 87' lang='lat' dir='ltr'><strong>cuuiam</strong></span> <span class='ocrx_word' id='word_1_691' title='bbox 452 5650 856 5723; x_wconf 61' lang='lat' dir='ltr'><strong>evangelii-am,</strong></span> <span class='ocrx_word' id='word_1_692' title='bbox 885 5666 952 5707; x_wconf 91' lang='lat' dir='ltr'><strong>eo</strong></span> <span class='ocrx_word' id='word_1_693' title='bbox 977 5652 1118 5723; x_wconf 90' lang='lat' dir='ltr'><strong>quod</strong></span> <span class='ocrx_word' id='word_1_694' title='bbox 1148 5666 1281 5720; x_wconf 86' lang='lat' dir='ltr'><strong>gens</strong></span> <span class='ocrx_word' id='word_1_695' title='bbox 1322 5650 1414 5706; x_wconf 89' lang='lat' dir='ltr'><strong>illa</strong></span> <span class='ocrx_word' id='word_1_696' title='bbox 1456 5650 1609 5707; x_wconf 90' lang='lat' dir='ltr'><strong>fenus</strong></span> <span class='ocrx_word' id='word_1_697' title='bbox 1637 5654 1800 5719; x_wconf 82' lang='lat' dir='ltr'><strong>spiri-</strong></span> 
     </span>
    </p>
   </div>
   <div class='ocr_carea' id='block_1_88' title="bbox 212 5722 1797 5794">
    <p class='ocr_par' dir='ltr' id='par_1_88' title="bbox 212 5722 1797 5794">
     <span class='ocr_line' id='line_1_88' title="bbox 212 5722 1797 5794; baseline 0.003 -19"><span class='ocrx_word' id='word_1_698' title='bbox 212 5723 322 5776; x_wconf 86' lang='lat' dir='ltr'><strong>tale</strong></span> <span class='ocrx_word' id='word_1_699' title='bbox 364 5723 579 5779; x_wconf 78' lang='lat' dir='ltr'><strong>solvere</strong></span> <span class='ocrx_word' id='word_1_700' title='bbox 606 5722 958 5793; x_wconf 87' lang='lat' dir='ltr'><strong>nequaquam</strong></span> <span class='ocrx_word' id='word_1_701' title='bbox 1002 5722 1210 5794; x_wconf 83' lang='lat' dir='ltr'><strong>posset.</strong></span> <span class='ocrx_word' id='word_1_702' title='bbox 1247 5723 1375 5778; x_wconf 85' lang='lat' dir='ltr'><strong>Post</strong></span> <span class='ocrx_word' id='word_1_703' title='bbox 1406 5738 1603 5794; x_wconf 89' lang='lat' dir='ltr'><strong>pauca,</strong></span> <span class='ocrx_word' id='word_1_704' title='bbox 1639 5722 1797 5780; x_wconf 80' lang='lat' dir='ltr'><strong>Rom.</strong></span> 
     </span>
    </p>
   </div>
   <div class='ocr_carea' id='block_1_89' title="bbox 212 5793 1801 5865">
    <p class='ocr_par' dir='ltr' id='par_1_89' title="bbox 212 5793 1801 5865">
     <span class='ocr_line' id='line_1_89' title="bbox 212 5793 1801 5865; baseline 0.003 -18"><span class='ocrx_word' id='word_1_705' title='bbox 212 5794 341 5865; x_wconf 78' lang='lat' dir='ltr'><strong>edit.</strong></span> <span class='ocrx_word' id='word_1_706' title='bbox 351 5794 473 5865; x_wconf 74' lang='lat' dir='ltr'><strong>_ista</strong></span> <span class='ocrx_word' id='word_1_707' title='bbox 503 5806 845 5852; x_wconf 87' lang='lat' dir='ltr'><strong>resecaverat</strong></span> <span class='ocrx_word' id='word_1_708' title='bbox 885 5812 919 5849; x_wconf 88' lang='lat' dir='ltr'><strong>a</strong></span> <span class='ocrx_word' id='word_1_709' title='bbox 946 5794 1043 5849; x_wconf 92' lang='lat' dir='ltr'><strong>Dei</strong></span> <span class='ocrx_word' id='word_1_710' title='bbox 1073 5793 1246 5865; x_wconf 76' lang='lat' dir='ltr'><strong>Filio,</strong></span> <span class='ocrx_word' id='word_1_711' title='bbox 1279 5795 1366 5850; x_wconf 90' lang='lat' dir='ltr'><strong>vel</strong></span> <span class='ocrx_word' id='word_1_712' title='bbox 1410 5793 1472 5849; x_wconf 89' lang='lat' dir='ltr'><strong>ut</strong></span> <span class='ocrx_word' id='word_1_713' title='bbox 1498 5804 1608 5852; x_wconf 82' lang='lat' dir='ltr'><strong>vet.</strong></span> <span class='ocrx_word' id='word_1_714' title='bbox 1640 5796 1801 5865; x_wconf 88' lang='lat' dir='ltr'><strong>cdit.,</strong></span> 
     </span>
    </p>
   </div>
   <div class='ocr_carea' id='block_1_90' title="bbox 218 5863 1798 5933">
    <p class='ocr_par' dir='ltr' id='par_1_90' title="bbox 218 5863 1798 5933">
     <span class='ocr_line' id='line_1_90' title="bbox 218 5863 1798 5933; baseline 0.002 -16"><span class='ocrx_word' id='word_1_715' title='bbox 218 5863 312 5917; x_wconf 87' lang='lat' dir='ltr'><strong>Dei</strong></span> <span class='ocrx_word' id='word_1_716' title='bbox 344 5863 502 5925; x_wconf 80' lang='lat' dir='ltr'><strong>Filio.</strong></span> <span class='ocrx_word' id='word_1_717' title='bbox 528 5866 691 5932; x_wconf 75' lang='lat' dir='ltr'><strong>Male,</strong></span> <span class='ocrx_word' id='word_1_718' title='bbox 719 5865 850 5921; x_wconf 91' lang='lat' dir='ltr'><strong>nihil</strong></span> <span class='ocrx_word' id='word_1_719' title='bbox 886 5868 1031 5923; x_wconf 87' lang='lat' dir='ltr'><strong>enim</strong></span> <span class='ocrx_word' id='word_1_720' title='bbox 1072 5863 1173 5921; x_wconf 85' lang='lat' dir='ltr'><strong>sibi</strong></span> <span class='ocrx_word' id='word_1_721' title='bbox 1220 5865 1395 5921; x_wconf 87' lang='lat' dir='ltr'><strong>voluit</strong></span> <span class='ocrx_word' id='word_1_722' title='bbox 1438 5866 1753 5922; x_wconf 84' lang='lat' dir='ltr'><strong>Ambrosius</strong></span> <span class='ocrx_word' id='word_1_723' title='bbox 1786 5863 1798 5933; x_wconf 79' lang='lat'><strong>,</strong></span> 
     </span>
    </p>
   </div>
   <div class='ocr_carea' id='block_1_91' title="bbox 1906 3336 2442 3394">
    <p class='ocr_par' dir='ltr' id='par_1_91' title="bbox 1906 3336 2442 3394">
     <span class='ocr_line' id='line_1_91' title="bbox 1906 3336 2442 3394; baseline -0.006 0"><span class='ocrx_word' id='word_1_724' title='bbox 1906 3337 2098 3394; x_wconf 89' lang='lat' dir='ltr'><strong>damna</strong></span> <span class='ocrx_word' id='word_1_725' title='bbox 2128 3336 2442 3392; x_wconf 82' lang='lat' dir='ltr'><strong>subeamus.</strong></span> 
     </span>
    </p>
   </div>
   <div class='ocr_carea' id='block_1_92' title="bbox 1978 3427 3509 3502">
    <p class='ocr_par' dir='ltr' id='par_1_92' title="bbox 1978 3427 3509 3502">
     <span class='ocr_line' id='line_1_92' title="bbox 1978 3427 3509 3502; baseline -0.003 -14"><span class='ocrx_word' id='word_1_726' title='bbox 1978 3433 2066 3489; x_wconf 87' lang='lat'><strong>69.</strong></span> <span class='ocrx_word' id='word_1_727' title='bbox 2113 3432 2224 3488; x_wconf 81' lang='lat' dir='ltr'><strong>Hoc</strong></span> <span class='ocrx_word' id='word_1_728' title='bbox 2263 3432 2423 3502; x_wconf 83' lang='lat' dir='ltr'><strong>igitur</strong></span> <span class='ocrx_word' id='word_1_729' title='bbox 2460 3431 2653 3502; x_wconf 87' lang='lat' dir='ltr'><strong>pignus</strong></span> <span class='ocrx_word' id='word_1_730' title='bbox 2681 3427 2938 3495; x_wconf 84' lang='lat' dir='ltr'><strong>estquod</strong></span> <span class='ocrx_word' id='word_1_731' title='bbox 2983 3427 3090 3484; x_wconf 79' lang='lat' dir='ltr'><strong>Lex</strong></span> <span class='ocrx_word' id='word_1_732' title='bbox 3122 3427 3377 3498; x_wconf 90' lang='lat' dir='ltr'><strong>prohibet</strong></span> <span class='ocrx_word' id='word_1_733' title='bbox 3425 3427 3509 3496; x_wconf 83' lang='lat' dir='ltr'><strong>pi-</strong></span> 
     </span>
    </p>
   </div>
   <div class='ocr_carea' id='block_1_93' title="bbox 1903 3520 3510 3599">
    <p class='ocr_par' dir='ltr' id='par_1_93' title="bbox 1903 3520 3510 3599">
     <span class='ocr_line' id='line_1_93' title="bbox 1903 3520 3510 3599; baseline -0.003 -18"><span class='ocrx_word' id='word_1_734' title='bbox 1903 3527 2116 3599; x_wconf 87' lang='lat' dir='ltr'><strong>gnerari</strong></span> <span class='ocrx_word' id='word_1_735' title='bbox 2138 3567 2154 3592; x_wconf 93' lang='lat'><strong>,</strong></span> <span class='ocrx_word' id='word_1_736' title='bbox 2186 3536 2241 3581; x_wconf 90' lang='lat' dir='ltr'><strong>et</strong></span> <span class='ocrx_word' id='word_1_737' title='bbox 2271 3525 2536 3580; x_wconf 84' lang='lat' dir='ltr'><strong>violenter</strong></span> <span class='ocrx_word' id='word_1_738' title='bbox 2561 3524 2781 3579; x_wconf 81' lang='lat' dir='ltr'><strong>auferri.</strong></span> <span class='ocrx_word' id='word_1_739' title='bbox 2813 3522 2904 3577; x_wconf 91' lang='lat' dir='ltr'><strong>Sic</strong></span> <span class='ocrx_word' id='word_1_740' title='bbox 2929 3523 3075 3578; x_wconf 90' lang='lat' dir='ltr'><strong>enim</strong></span> <span class='ocrx_word' id='word_1_741' title='bbox 3121 3522 3284 3577; x_wconf 89' lang='lat' dir='ltr'><strong>habet</strong></span> <span class='ocrx_word' id='word_1_742' title='bbox 3322 3520 3510 3594; x_wconf 85' lang='lat' dir='ltr'><strong>Scrip-</strong></span> 
     </span>
    </p>
   </div>
   <div class='ocr_carea' id='block_1_94' title="bbox 1907 3614 3507 3689">
    <p class='ocr_par' dir='ltr' id='par_1_94' title="bbox 1907 3614 3507 3689">
     <span class='ocr_line' id='line_1_94' title="bbox 1907 3614 3507 3689; baseline -0.003 -14"><span class='ocrx_word' id='word_1_743' title='bbox 1907 3629 2064 3675; x_wconf 85' lang='lat' dir='ltr'><strong>tura:</strong></span> <span class='ocrx_word' id='word_1_744' title='bbox 2098 3616 2160 3675; x_wconf 86' lang='lat' dir='ltr'><strong>Si</strong></span> <span class='ocrx_word' id='word_1_745' title='bbox 2198 3618 2421 3673; x_wconf 84' lang='lat' dir='ltr'><strong>debitum</strong></span> <span class='ocrx_word' id='word_1_746' title='bbox 2452 3617 2543 3672; x_wconf 89' lang='lat' dir='ltr'><strong>tibi</strong></span> <span class='ocrx_word' id='word_1_747' title='bbox 2582 3618 2736 3689; x_wconf 78' lang='lat' dir='ltr'><strong>fuerit</strong></span> <span class='ocrx_word' id='word_1_748' title='bbox 2768 3634 2800 3671; x_wconf 92' lang='lat' dir='ltr'><strong>a</strong></span> <span class='ocrx_word' id='word_1_749' title='bbox 2829 3616 3065 3686; x_wconf 73' lang='lat' dir='ltr'><strong>proximo</strong></span> <span class='ocrx_word' id='word_1_750' title='bbox 3091 3625 3180 3671; x_wconf 84' lang='lat' dir='ltr'><strong>tuo</strong></span> <span class='ocrx_word' id='word_1_751' title='bbox 3219 3614 3507 3685; x_wconf 84' lang='lat' dir='ltr'><strong>quodcum-</strong></span> 
     </span>
    </p>
   </div>
   <div class='ocr_carea' id='block_1_95' title="bbox 1902 3710 3510 3783">
    <p class='ocr_par' dir='ltr' id='par_1_95' title="bbox 1902 3710 3510 3783">
     <span class='ocr_line' id='line_1_95' title="bbox 1902 3710 3510 3783; baseline -0.002 -14"><span class='ocrx_word' id='word_1_752' title='bbox 1902 3730 2034 3781; x_wconf 86' lang='lat' dir='ltr'><strong>que,</strong></span> <span class='ocrx_word' id='word_1_753' title='bbox 2075 3729 2176 3767; x_wconf 88' lang='lat' dir='ltr'><strong>non</strong></span> <span class='ocrx_word' id='word_1_754' title='bbox 2203 3712 2438 3767; x_wconf 85' lang='lat' dir='ltr'><strong>intratbis</strong></span> <span class='ocrx_word' id='word_1_755' title='bbox 2460 3711 2516 3765; x_wconf 90' lang='lat' dir='ltr'><strong>in</strong></span> <span class='ocrx_word' id='word_1_756' title='bbox 2544 3711 2751 3765; x_wconf 89' lang='lat' dir='ltr'><strong>domum</strong></span> <span class='ocrx_word' id='word_1_757' title='bbox 2780 3710 2945 3780; x_wconf 86' lang='lat' dir='ltr'><strong>ipsius</strong></span> <span class='ocrx_word' id='word_1_758' title='bbox 2974 3710 3249 3783; x_wconf 84' lang='lat' dir='ltr'><strong>pignerare</strong></span> <span class='ocrx_word' id='word_1_759' title='bbox 3286 3710 3510 3782; x_wconf 84' lang='lat' dir='ltr'><strong>pignus;</strong></span> 
     </span>
    </p>
   </div>
   <div class='ocr_carea' id='block_1_96' title="bbox 1904 3803 3505 3875">
    <p class='ocr_par' dir='ltr' id='par_1_96' title="bbox 1904 3803 3505 3875">
     <span class='ocr_line' id='line_1_96' title="bbox 1904 3803 3505 3875; baseline -0.002 -14"><span class='ocrx_word' id='word_1_760' title='bbox 1904 3817 1951 3861; x_wconf 90' lang='lat' dir='ltr'><strong>et</strong></span> <span class='ocrx_word' id='word_1_761' title='bbox 1995 3806 2149 3860; x_wconf 79' lang='lat' dir='ltr'><strong>homo</strong></span> <span class='ocrx_word' id='word_1_762' title='bbox 2190 3805 2335 3875; x_wconf 85' lang='lat' dir='ltr'><strong>apud</strong></span> <span class='ocrx_word' id='word_1_763' title='bbox 2362 3820 2510 3870; x_wconf 88' lang='lat' dir='ltr'><strong>quem</strong></span> <span class='ocrx_word' id='word_1_764' title='bbox 2547 3813 2621 3859; x_wconf 85' lang='lat' dir='ltr'><strong>est</strong></span> <span class='ocrx_word' id='word_1_765' title='bbox 2662 3803 2887 3857; x_wconf 78' lang='lat' dir='ltr'><strong>debitum</strong></span> <span class='ocrx_word' id='word_1_766' title='bbox 2931 3814 3073 3856; x_wconf 79' lang='lat' dir='ltr'><strong>tuum</strong></span> <span class='ocrx_word' id='word_1_767' title='bbox 3100 3846 3115 3865; x_wconf 89' lang='lat'><strong>,</strong></span> <span class='ocrx_word' id='word_1_768' title='bbox 3156 3803 3381 3874; x_wconf 75' lang='lat' dir='ltr'><strong>proferet</strong></span> <span class='ocrx_word' id='word_1_769' title='bbox 3414 3803 3505 3858; x_wconf 74' lang='lat' dir='ltr'><strong>tibi</strong></span> 
     </span>
    </p>
   </div>
   <div class='ocr_carea' id='block_1_97' title="bbox 1906 3895 3503 3971">
    <p class='ocr_par' dir='ltr' id='par_1_97' title="bbox 1906 3895 3503 3971">
     <span class='ocr_line' id='line_1_97' title="bbox 1906 3895 3503 3971; baseline -0.001 -18"><span class='ocrx_word' id='word_1_770' title='bbox 1906 3902 2048 3971; x_wconf 78' lang='lat' dir='ltr'><strong>foras</strong></span> <span class='ocrx_word' id='word_1_771' title='bbox 2080 3900 2291 3969; x_wconf 87' lang='lat' dir='ltr'><strong>pignus.</strong></span> <span class='ocrx_word' id='word_1_772' title='bbox 2323 3896 2383 3952; x_wconf 90' lang='lat' dir='ltr'><strong>Si</strong></span> <span class='ocrx_word' id='word_1_773' title='bbox 2411 3908 2581 3952; x_wconf 75' lang='lat' dir='ltr'><strong>autem</strong></span> <span class='ocrx_word' id='word_1_774' title='bbox 2624 3895 2779 3951; x_wconf 77' lang='lat' dir='ltr'><strong>homo</strong></span> <span class='ocrx_word' id='word_1_775' title='bbox 2808 3897 2897 3950; x_wconf 87' lang='lat' dir='ltr'><strong>ille</strong></span> <span class='ocrx_word' id='word_1_776' title='bbox 2933 3912 3132 3963; x_wconf 81' lang='lat' dir='ltr'><strong>pauper</strong></span> <span class='ocrx_word' id='word_1_777' title='bbox 3175 3897 3330 3965; x_wconf 69' lang='lat' dir='ltr'><strong>fuerit</strong></span> <span class='ocrx_word' id='word_1_778' title='bbox 3350 3937 3366 3959; x_wconf 86' lang='lat'><strong><em>.</em></strong></span> <span class='ocrx_word' id='word_1_779' title='bbox 3398 3913 3503 3951; x_wconf 83' lang='lat' dir='ltr'><strong>non</strong></span> 
     </span>
    </p>
   </div>
   <div class='ocr_carea' id='block_1_98' title="bbox 1905 3987 3508 4059">
    <p class='ocr_par' dir='ltr' id='par_1_98' title="bbox 1905 3987 3508 4059">
     <span class='ocr_line' id='line_1_98' title="bbox 1905 3987 3508 4059; baseline 0 -14"><span class='ocrx_word' id='word_1_780' title='bbox 1905 3991 2128 4046; x_wconf 88' lang='lat' dir='ltr'><strong>dormies</strong></span> <span class='ocrx_word' id='word_1_781' title='bbox 2172 3992 2226 4044; x_wconf 91' lang='lat' dir='ltr'><strong>in</strong></span> <span class='ocrx_word' id='word_1_782' title='bbox 2268 3990 2483 4059; x_wconf 85' lang='lat' dir='ltr'><strong>pignore</strong></span> <span class='ocrx_word' id='word_1_783' title='bbox 2527 3989 2725 4058; x_wconf 81' lang='lat' dir='ltr'><strong>ipsius,</strong></span> <span class='ocrx_word' id='word_1_784' title='bbox 2773 3990 2862 4044; x_wconf 87' lang='lat' dir='ltr'><strong>sed</strong></span> <span class='ocrx_word' id='word_1_785' title='bbox 2908 3988 3204 4044; x_wconf 77' lang='lat' dir='ltr'><strong>redditione</strong></span> <span class='ocrx_word' id='word_1_786' title='bbox 3235 3987 3418 4043; x_wconf 86' lang='lat' dir='ltr'><strong>reddes</strong></span> <span class='ocrx_word' id='word_1_787' title='bbox 3458 3991 3508 4045; x_wconf 83' lang='lat' dir='ltr'><strong>ei</strong></span> 
     </span>
    </p>
   </div>
   <div class='ocr_carea' id='block_1_99' title="bbox 1908 4082 3505 4155">
    <p class='ocr_par' dir='ltr' id='par_1_99' title="bbox 1908 4082 3505 4155">
     <span class='ocr_line' id='line_1_99' title="bbox 1908 4082 3505 4155; baseline 0.001 -17"><span class='ocrx_word' id='word_1_788' title='bbox 1908 4085 2091 4155; x_wconf 85' lang='lat' dir='ltr'><strong>pignus</strong></span> <span class='ocrx_word' id='word_1_789' title='bbox 2138 4084 2299 4155; x_wconf 86' lang='lat' dir='ltr'><strong>ipsius</strong></span> <span class='ocrx_word' id='word_1_790' title='bbox 2343 4084 2413 4137; x_wconf 87' lang='lat' dir='ltr'><strong>ad</strong></span> <span class='ocrx_word' id='word_1_791' title='bbox 2456 4098 2692 4137; x_wconf 85' lang='lat' dir='ltr'><strong>occasum</strong></span> <span class='ocrx_word' id='word_1_792' title='bbox 2734 4083 2901 4147; x_wconf 76' lang='lat' dir='ltr'><strong>satis;</strong></span> <span class='ocrx_word' id='word_1_793' title='bbox 2927 4092 2977 4137; x_wconf 86' lang='lat' dir='ltr'><strong>et</strong></span> <span class='ocrx_word' id='word_1_794' title='bbox 3009 4082 3225 4137; x_wconf 80' lang='lat' dir='ltr'><strong>dormiet</strong></span> <span class='ocrx_word' id='word_1_795' title='bbox 3262 4083 3315 4137; x_wconf 87' lang='lat' dir='ltr'><strong>in</strong></span> <span class='ocrx_word' id='word_1_796' title='bbox 3351 4084 3505 4139; x_wconf 81' lang='lat' dir='ltr'><strong>resti-</strong></span> 
     </span>
    </p>
   </div>
   <div class='ocr_carea' id='block_1_100' title="bbox 1904 4178 3505 4246">
    <p class='ocr_par' dir='ltr' id='par_1_100' title="bbox 1904 4178 3505 4246">
     <span class='ocr_line' id='line_1_100' title="bbox 1904 4178 3505 4246; baseline 0.002 -12"><span class='ocrx_word' id='word_1_797' title='bbox 1904 4192 2075 4234; x_wconf 87' lang='lat' dir='ltr'><strong>mento</strong></span> <span class='ocrx_word' id='word_1_798' title='bbox 2103 4196 2227 4242; x_wconf 90' lang='lat' dir='ltr'><strong>suo,</strong></span> <span class='ocrx_word' id='word_1_799' title='bbox 2261 4188 2311 4233; x_wconf 88' lang='lat' dir='ltr'><strong>et</strong></span> <span class='ocrx_word' id='word_1_800' title='bbox 2354 4178 2609 4235; x_wconf 74' lang='lat' dir='ltr'><strong>benedicet</strong></span> <span class='ocrx_word' id='word_1_801' title='bbox 2637 4191 2718 4246; x_wconf 89' lang='lat' dir='ltr'><strong>te,</strong></span> <span class='ocrx_word' id='word_1_802' title='bbox 2756 4189 2806 4235; x_wconf 87' lang='lat' dir='ltr'><strong>et</strong></span> <span class='ocrx_word' id='word_1_803' title='bbox 2846 4179 2940 4234; x_wconf 86' lang='lat' dir='ltr'><strong>erit</strong></span> <span class='ocrx_word' id='word_1_804' title='bbox 2977 4180 3032 4234; x_wconf 88' lang='lat' dir='ltr'><strong>in</strong></span> <span class='ocrx_word' id='word_1_805' title='bbox 3061 4189 3111 4235; x_wconf 88' lang='lat' dir='ltr'><strong>te</strong></span> <span class='ocrx_word' id='word_1_806' title='bbox 3150 4179 3505 4238; x_wconf 84' lang='lat' dir='ltr'><strong>misericordia</strong></span> 
     </span>
    </p>
   </div>
   <div class='ocr_carea' id='block_1_101' title="bbox 1906 4272 2628 4348">
    <p class='ocr_par' dir='ltr' id='par_1_101' title="bbox 1906 4272 2628 4348">
     <span class='ocr_line' id='line_1_101' title="bbox 1906 4272 2628 4348; baseline 0.004 -20"><span class='ocrx_word' id='word_1_807' title='bbox 1906 4272 2089 4347; x_wconf 81' lang='lat' dir='ltr'><strong>(Deut.</strong></span> <span class='ocrx_word' id='word_1_808' title='bbox 2120 4291 2275 4341; x_wconf 68' lang='lat' dir='ltr'><strong>xstv,</strong></span> <span class='ocrx_word' id='word_1_809' title='bbox 2308 4276 2377 4331; x_wconf 75' lang='grc'><strong>10</strong></span> <span class='ocrx_word' id='word_1_810' title='bbox 2396 4285 2444 4330; x_wconf 78' lang='lat' dir='ltr'><strong>et</strong></span> <span class='ocrx_word' id='word_1_811' title='bbox 2472 4274 2628 4348; x_wconf 59' lang='grc' dir='ltr'><strong>δρψ).</strong></span> 
     </span>
    </p>
   </div>
   <div class='ocr_carea' id='block_1_102' title="bbox 1978 4369 3505 4445">
    <p class='ocr_par' dir='ltr' id='par_1_102' title="bbox 1978 4369 3505 4445">
     <span class='ocr_line' id='line_1_102' title="bbox 1978 4369 3505 4445; baseline 0.004 -21"><span class='ocrx_word' id='word_1_812' title='bbox 1978 4369 2069 4427; x_wconf 84' lang='lat'><strong>70.</strong></span> <span class='ocrx_word' id='word_1_813' title='bbox 2116 4371 2267 4427; x_wconf 74' lang='lat' dir='ltr'><strong>Ilices</strong></span> <span class='ocrx_word' id='word_1_814' title='bbox 2311 4372 2492 4442; x_wconf 87' lang='lat' dir='ltr'><strong>itaque</strong></span> <span class='ocrx_word' id='word_1_815' title='bbox 2531 4370 2700 4426; x_wconf 87' lang='lat' dir='ltr'><strong>mihi:</strong></span> <span class='ocrx_word' id='word_1_816' title='bbox 2735 4370 2875 4427; x_wconf 79' lang='lat' dir='ltr'><strong>Ecce</strong></span> <span class='ocrx_word' id='word_1_817' title='bbox 2919 4370 3029 4427; x_wconf 81' lang='lat' dir='ltr'><strong>Lex</strong></span> <span class='ocrx_word' id='word_1_818' title='bbox 3063 4373 3260 4429; x_wconf 73' lang='lat' dir='ltr'><strong>auferri</strong></span> <span class='ocrx_word' id='word_1_819' title='bbox 3312 4374 3505 4445; x_wconf 81' lang='lat' dir='ltr'><strong>pignus</strong></span> 
     </span>
    </p>
   </div>
   <div class='ocr_carea' id='block_1_103' title="bbox 1906 4463 3504 4537">
    <p class='ocr_par' dir='ltr' id='par_1_103' title="bbox 1906 4463 3504 4537">
     <span class='ocr_line' id='line_1_103' title="bbox 1906 4463 3504 4537; baseline 0.003 -18"><span class='ocrx_word' id='word_1_820' title='bbox 1906 4463 2218 4535; x_wconf 81' lang='lat' dir='ltr'><strong>prohibuit,</strong></span> <span class='ocrx_word' id='word_1_821' title='bbox 2250 4479 2354 4520; x_wconf 90' lang='lat' dir='ltr'><strong>non</strong></span> <span class='ocrx_word' id='word_1_822' title='bbox 2386 4464 2589 4536; x_wconf 88' lang='lat' dir='ltr'><strong>suscipi</strong></span> <span class='ocrx_word' id='word_1_823' title='bbox 2615 4482 2628 4518; x_wconf 89' lang='lat'><strong>:</strong></span> <span class='ocrx_word' id='word_1_824' title='bbox 2661 4467 2883 4537; x_wconf 87' lang='lat' dir='ltr'><strong>pauperi</strong></span> <span class='ocrx_word' id='word_1_825' title='bbox 2915 4478 3094 4522; x_wconf 89' lang='lat' dir='ltr'><strong>autem</strong></span> <span class='ocrx_word' id='word_1_826' title='bbox 3121 4466 3283 4537; x_wconf 74' lang='lat' dir='ltr'><strong>ju~sit</strong></span> <span class='ocrx_word' id='word_1_827' title='bbox 3313 4468 3463 4524; x_wconf 87' lang='lat' dir='ltr'><strong>reddi</strong></span> <span class='ocrx_word' id='word_1_828' title='bbox 3487 4510 3504 4532; x_wconf 85' lang='lat'><strong>.</strong></span> 
     </span>
    </p>
   </div>
   <div class='ocr_carea' id='block_1_104' title="bbox 1906 4560 3508 4632">
    <p class='ocr_par' dir='ltr' id='par_1_104' title="bbox 1906 4560 3508 4632">
     <span class='ocr_line' id='line_1_104' title="bbox 1906 4560 3508 4632; baseline 0.003 -19"><span class='ocrx_word' id='word_1_829' title='bbox 1906 4574 2015 4614; x_wconf 90' lang='lat' dir='ltr'><strong>non</strong></span> <span class='ocrx_word' id='word_1_830' title='bbox 2046 4561 2320 4614; x_wconf 76' lang='lat' dir='ltr'><strong>omnibus.</strong></span> <span class='ocrx_word' id='word_1_831' title='bbox 2354 4562 2422 4615; x_wconf 82' lang='lat' dir='ltr'><strong>At</strong></span> <span class='ocrx_word' id='word_1_832' title='bbox 2448 4560 2517 4615; x_wconf 90' lang='lat' dir='ltr'><strong>de</strong></span> <span class='ocrx_word' id='word_1_833' title='bbox 2538 4560 2913 4629; x_wconf 81' lang='lat' dir='ltr'><strong>corporalibus</strong></span> <span class='ocrx_word' id='word_1_834' title='bbox 2943 4562 3157 4630; x_wconf 85' lang='lat' dir='ltr'><strong>quidem</strong></span> <span class='ocrx_word' id='word_1_835' title='bbox 3190 4560 3419 4632; x_wconf 87' lang='lat' dir='ltr'><strong>pignoril</strong></span> <span class='ocrx_word' id='word_1_836' title='bbox 3440 4575 3508 4618; x_wconf 86' lang='lat' dir='ltr'><strong>us</strong></span> 
     </span>
    </p>
   </div>
   <div class='ocr_carea' id='block_1_105' title="bbox 1826 4644 3509 4725">
    <p class='ocr_par' dir='ltr' id='par_1_105' title="bbox 1826 4644 3509 4725">
     <span class='ocr_line' id='line_1_105' title="bbox 1826 4644 3509 4725; baseline 0.002 -18"><span class='ocrx_word' id='word_1_837' title='bbox 1826 4644 1881 4707; x_wconf 86' lang='lat' dir='ltr'><strong>D</strong></span> <span class='ocrx_word' id='word_1_838' title='bbox 1906 4663 2125 4710; x_wconf 87' lang='lat' dir='ltr'><strong>sanctus</strong></span> <span class='ocrx_word' id='word_1_839' title='bbox 2152 4655 2318 4709; x_wconf 88' lang='lat' dir='ltr'><strong>etiam</strong></span> <span class='ocrx_word' id='word_1_840' title='bbox 2358 4654 2559 4709; x_wconf 85' lang='lat' dir='ltr'><strong>Esdras</strong></span> <span class='ocrx_word' id='word_1_841' title='bbox 2604 4654 2787 4709; x_wconf 62' lang='lat' dir='ltr'><strong>dicunt</strong></span> <span class='ocrx_word' id='word_1_842' title='bbox 2818 4669 2947 4715; x_wconf 86' lang='lat' dir='ltr'><strong>nos.</strong></span> <span class='ocrx_word' id='word_1_843' title='bbox 2991 4655 3134 4725; x_wconf 90' lang='lat' dir='ltr'><strong>quod</strong></span> <span class='ocrx_word' id='word_1_844' title='bbox 3176 4654 3325 4725; x_wconf 90' lang='lat' dir='ltr'><strong>jam,</strong></span> <span class='ocrx_word' id='word_1_845' title='bbox 3359 4655 3509 4711; x_wconf 72' lang='lat' dir='ltr'><strong>ferte-</strong></span> 
     </span>
    </p>
   </div>
   <div class='ocr_carea' id='block_1_106' title="bbox 1908 4748 3509 4819">
    <p class='ocr_par' dir='ltr' id='par_1_106' title="bbox 1908 4748 3509 4819">
     <span class='ocr_line' id='line_1_106' title="bbox 1908 4748 3509 4819; baseline -0.001 -16"><span class='ocrx_word' id='word_1_846' title='bbox 1908 4760 2150 4809; x_wconf 74' lang='lat' dir='ltr'><strong>ratores,</strong></span> <span class='ocrx_word' id='word_1_847' title='bbox 2181 4748 2438 4803; x_wconf 72' lang='lat' dir='ltr'><strong>adversus</strong></span> <span class='ocrx_word' id='word_1_848' title='bbox 2467 4759 2677 4819; x_wconf 90' lang='lat' dir='ltr'><strong>patrum</strong></span> <span class='ocrx_word' id='word_1_849' title='bbox 2703 4758 3000 4804; x_wconf 83' lang='lat' dir='ltr'><strong>vestrorum</strong></span> <span class='ocrx_word' id='word_1_850' title='bbox 3025 4766 3132 4804; x_wconf 89' lang='lat' dir='ltr'><strong>non</strong></span> <span class='ocrx_word' id='word_1_851' title='bbox 3165 4752 3384 4819; x_wconf 76' lang='lat' dir='ltr'><strong>p0ssitis</strong></span> <span class='ocrx_word' id='word_1_852' title='bbox 3416 4765 3509 4802; x_wconf 82' lang='lat' dir='ltr'><strong>ve-</strong></span> 
     </span>
    </p>
   </div>
   <div class='ocr_carea' id='block_1_107' title="bbox 1909 4840 3511 4913">
    <p class='ocr_par' dir='ltr' id='par_1_107' title="bbox 1909 4840 3511 4913">
     <span class='ocr_line' id='line_1_107' title="bbox 1909 4840 3511 4913; baseline 0.001 -16"><span class='ocrx_word' id='word_1_853' title='bbox 1909 4842 2027 4897; x_wconf 89' lang='lat' dir='ltr'><strong>nire</strong></span> <span class='ocrx_word' id='word_1_854' title='bbox 2072 4841 2484 4911; x_wconf 76' lang='lat' dir='ltr'><strong>professionem.</strong></span> <span class='ocrx_word' id='word_1_855' title='bbox 2519 4840 2653 4896; x_wconf 89' lang='lat' dir='ltr'><strong>Nam</strong></span> <span class='ocrx_word' id='word_1_856' title='bbox 2682 4858 2803 4899; x_wconf 86' lang='lat' dir='ltr'><strong>rum</strong></span> <span class='ocrx_word' id='word_1_857' title='bbox 2828 4843 3150 4911; x_wconf 85' lang='lat' dir='ltr'><strong>juberentur</strong></span> <span class='ocrx_word' id='word_1_858' title='bbox 3175 4845 3265 4913; x_wconf 85' lang='lat' dir='ltr'><strong>qui</strong></span> <span class='ocrx_word' id='word_1_859' title='bbox 3297 4842 3511 4898; x_wconf 75' lang='lat' dir='ltr'><strong>fenera-</strong></span> 
     </span>
    </p>
   </div>
   <div class='ocr_carea' id='block_1_108' title="bbox 1912 4936 3512 5007">
    <p class='ocr_par' dir='ltr' id='par_1_108' title="bbox 1912 4936 3512 5007">
     <span class='ocr_line' id='line_1_108' title="bbox 1912 4936 3512 5007; baseline 0.003 -18"><span class='ocrx_word' id='word_1_860' title='bbox 1912 4943 2134 4999; x_wconf 86' lang='lat' dir='ltr'><strong>verant,</strong></span> <span class='ocrx_word' id='word_1_861' title='bbox 2160 4948 2211 4987; x_wconf 91' lang='lat' dir='ltr'><strong>et</strong></span> <span class='ocrx_word' id='word_1_862' title='bbox 2239 4946 2562 5006; x_wconf 83' lang='lat' dir='ltr'><strong>acceperant</strong></span> <span class='ocrx_word' id='word_1_863' title='bbox 2590 4936 2763 4991; x_wconf 87' lang='lat' dir='ltr'><strong>aliena</strong></span> <span class='ocrx_word' id='word_1_864' title='bbox 2789 4939 3008 5007; x_wconf 84' lang='lat' dir='ltr'><strong>pignora</strong></span> <span class='ocrx_word' id='word_1_865' title='bbox 3030 4977 3046 4999; x_wconf 85' lang='lat'><strong>,</strong></span> <span class='ocrx_word' id='word_1_866' title='bbox 3078 4946 3136 4989; x_wconf 92' lang='lat' dir='ltr'><strong>ut</strong></span> <span class='ocrx_word' id='word_1_867' title='bbox 3158 4936 3512 4993; x_wconf 79' lang='lat' dir='ltr'><strong>restituerent</strong></span> 
     </span>
    </p>
   </div>
   <div class='ocr_carea' id='block_1_109' title="bbox 1912 5026 3507 5102">
    <p class='ocr_par' dir='ltr' id='par_1_109' title="bbox 1912 5026 3507 5102">
     <span class='ocr_line' id='line_1_109' title="bbox 1912 5026 3507 5102; baseline 0.001 -20"><span class='ocrx_word' id='word_1_868' title='bbox 1912 5043 1974 5082; x_wconf 90' lang='lat' dir='ltr'><strong>ea</strong></span> <span class='ocrx_word' id='word_1_869' title='bbox 1996 5070 2011 5091; x_wconf 87' lang='lat'><strong>,</strong></span> <span class='ocrx_word' id='word_1_870' title='bbox 2042 5027 2299 5083; x_wconf 81' lang='lat' dir='ltr'><strong>dixerunt</strong></span> <span class='ocrx_word' id='word_1_871' title='bbox 2328 5048 2343 5084; x_wconf 87' lang='lat'><strong>:</strong></span> <span class='ocrx_word' id='word_1_872' title='bbox 2378 5029 2659 5085; x_wconf 78' lang='lat' dir='ltr'><strong>Reddimus</strong></span> <span class='ocrx_word' id='word_1_873' title='bbox 2680 5072 2694 5095; x_wconf 86' lang='lat'><strong>,</strong></span> <span class='ocrx_word' id='word_1_874' title='bbox 2727 5041 2773 5084; x_wconf 90' lang='lat' dir='ltr'><strong>et</strong></span> <span class='ocrx_word' id='word_1_875' title='bbox 2806 5032 2869 5083; x_wconf 88' lang='lat' dir='ltr'><strong>ab</strong></span> <span class='ocrx_word' id='word_1_876' title='bbox 2897 5030 3022 5102; x_wconf 84' lang='lat' dir='ltr'><strong>ipsis</strong></span> <span class='ocrx_word' id='word_1_877' title='bbox 3060 5026 3192 5082; x_wconf 78' lang='lat' dir='ltr'><strong>nihil</strong></span> <span class='ocrx_word' id='word_1_878' title='bbox 3232 5029 3507 5091; x_wconf 66' lang='lat' dir='ltr'><strong>quiescimus</strong></span> 
     </span>
    </p>
   </div>
   <div class='ocr_carea' id='block_1_110' title="bbox 1915 5118 3506 5192">
    <p class='ocr_par' dir='ltr' id='par_1_110' title="bbox 1915 5118 3506 5192">
     <span class='ocr_line' id='line_1_110' title="bbox 1915 5118 3506 5192; baseline 0.002 -19"><span class='ocrx_word' id='word_1_879' title='bbox 1915 5118 2160 5191; x_wconf 84' lang='lat' dir='ltr'><strong>(Ne/tem.</strong></span> <span class='ocrx_word' id='word_1_880' title='bbox 2186 5136 2247 5186; x_wconf 89' lang='lat' dir='ltr'><strong>v,</strong></span> <span class='ocrx_word' id='word_1_881' title='bbox 2279 5120 2390 5192; x_wconf 68' lang='lat' dir='ltr'><strong>ii).</strong></span> <span class='ocrx_word' id='word_1_882' title='bbox 2428 5123 2555 5177; x_wconf 75' lang='lat' dir='ltr'><strong>Boni</strong></span> <span class='ocrx_word' id='word_1_883' title='bbox 2588 5134 2798 5191; x_wconf 83' lang='lat' dir='ltr'><strong>patres,</strong></span> <span class='ocrx_word' id='word_1_884' title='bbox 2826 5123 2915 5190; x_wconf 90' lang='lat' dir='ltr'><strong>qui</strong></span> <span class='ocrx_word' id='word_1_885' title='bbox 2947 5130 3253 5176; x_wconf 76' lang='lat' dir='ltr'><strong>statuerunt</strong></span> <span class='ocrx_word' id='word_1_886' title='bbox 3283 5124 3506 5191; x_wconf 74' lang='lat' dir='ltr'><strong>pignora</strong></span> 
     </span>
    </p>
   </div>
   <div class='ocr_carea' id='block_1_111' title="bbox 1913 5209 3508 5271">
    <p class='ocr_par' dir='ltr' id='par_1_111' title="bbox 1913 5209 3508 5271">
     <span class='ocr_line' id='line_1_111' title="bbox 1913 5209 3508 5271; baseline 0.003 -6"><span class='ocrx_word' id='word_1_887' title='bbox 1913 5209 2217 5268; x_wconf 82' lang='lat' dir='ltr'><strong>debitorum</strong></span> <span class='ocrx_word' id='word_1_888' title='bbox 2265 5228 2387 5269; x_wconf 85' lang='lat' dir='ltr'><strong>esse</strong></span> <span class='ocrx_word' id='word_1_889' title='bbox 2432 5215 2702 5271; x_wconf 88' lang='lat' dir='ltr'><strong>reddenda</strong></span> <span class='ocrx_word' id='word_1_890' title='bbox 2738 5233 2751 5269; x_wconf 91' lang='lat'><strong>:</strong></span> <span class='ocrx_word' id='word_1_891' title='bbox 2793 5216 2919 5270; x_wconf 89' lang='lat' dir='ltr'><strong>boui</strong></span> <span class='ocrx_word' id='word_1_892' title='bbox 2964 5215 3126 5270; x_wconf 88' lang='lat' dir='ltr'><strong>etiam</strong></span> <span class='ocrx_word' id='word_1_893' title='bbox 3175 5213 3508 5271; x_wconf 72' lang='lat' dir='ltr'><strong>feneratores</strong></span> 
     </span>
    </p>
   </div>
   <div class='ocr_carea' id='block_1_112' title="bbox 1907 5372 3507 5453">
    <p class='ocr_par' dir='ltr' id='par_1_112' title="bbox 1907 5372 3507 5453">
     <span class='ocr_line' id='line_1_112' title="bbox 1907 5372 3507 5453; baseline 0.008 -27"><span class='ocrx_word' id='word_1_894' title='bbox 1907 5372 2009 5453; x_wconf 78' lang='lat' dir='ltr'><strong>nisi</strong></span> <span class='ocrx_word' id='word_1_895' title='bbox 2041 5375 2293 5453; x_wconf 81' lang='lat' dir='ltr'><strong>Davidem</strong></span> <span class='ocrx_word' id='word_1_896' title='bbox 2318 5376 2370 5433; x_wconf 89' lang='lat' dir='ltr'><strong>iu</strong></span> <span class='ocrx_word' id='word_1_897' title='bbox 2393 5378 2595 5436; x_wconf 77' lang='lat' dir='ltr'><strong>Christi</strong></span> <span class='ocrx_word' id='word_1_898' title='bbox 2621 5393 2846 5453; x_wconf 70' lang='lat' dir='ltr'><strong>pet-sana</strong></span> <span class='ocrx_word' id='word_1_899' title='bbox 2872 5380 3109 5436; x_wconf 87' lang='lat' dir='ltr'><strong>locutum</strong></span> <span class='ocrx_word' id='word_1_900' title='bbox 3136 5380 3323 5445; x_wconf 85' lang='lat' dir='ltr'><strong>fuisse.</strong></span> <span class='ocrx_word' id='word_1_901' title='bbox 3347 5396 3507 5453; x_wconf 85' lang='lat' dir='ltr'><strong>quam</strong></span> 
     </span>
    </p>
   </div>
   <div class='ocr_carea' id='block_1_113' title="bbox 1911 5445 3096 5519">
    <p class='ocr_par' dir='ltr' id='par_1_113' title="bbox 1911 5445 3096 5519">
     <span class='ocr_line' id='line_1_113' title="bbox 1911 5445 3096 5519; baseline 0.007 -20"><span class='ocrx_word' id='word_1_902' title='bbox 1911 5445 2122 5519; x_wconf 77' lang='lat' dir='ltr'><strong>dicendi</strong></span> <span class='ocrx_word' id='word_1_903' title='bbox 2159 5450 2382 5505; x_wconf 84' lang='lat' dir='ltr'><strong>formam</strong></span> <span class='ocrx_word' id='word_1_904' title='bbox 2416 5452 2541 5507; x_wconf 84' lang='lat' dir='ltr'><strong>alibi</strong></span> <span class='ocrx_word' id='word_1_905' title='bbox 2573 5445 2767 5514; x_wconf 64' lang='lat' dir='ltr'><strong>smpius</strong></span> <span class='ocrx_word' id='word_1_906' title='bbox 2800 5465 3096 5519; x_wconf 69' lang='lat' dir='ltr'><strong>usurpavit.</strong></span> 
     </span>
    </p>
   </div>
   <div class='ocr_carea' id='block_1_114' title="bbox 1981 5516 3507 5582">
    <p class='ocr_par' dir='ltr' id='par_1_114' title="bbox 1981 5516 3507 5582">
     <span class='ocr_line' id='line_1_114' title="bbox 1981 5516 3507 5582; baseline 0.006 -9"><span class='ocrx_word' id='word_1_907' title='bbox 1981 5516 2008 5555; x_wconf 66' lang='grc' dir='ltr'>δ</span> <span class='ocrx_word' id='word_1_908' title='bbox 2040 5518 2114 5573; x_wconf 82' lang='lat' dir='ltr'><strong>Ita</strong></span> <span class='ocrx_word' id='word_1_909' title='bbox 2150 5520 2305 5577; x_wconf 69' lang='lat' dir='ltr'><strong>liotu.</strong></span> <span class='ocrx_word' id='word_1_910' title='bbox 2334 5523 2439 5576; x_wconf 72' lang='lat' dir='ltr'><strong>t&#39;dll</strong></span> <span class='ocrx_word' id='word_1_911' title='bbox 2472 5525 2558 5577; x_wconf 88' lang='lat' dir='ltr'><strong>cui</strong></span> <span class='ocrx_word' id='word_1_912' title='bbox 2590 5525 2849 5578; x_wconf 74' lang='lat' dir='ltr'><strong>accedunt</strong></span> <span class='ocrx_word' id='word_1_913' title='bbox 2886 5516 3014 5580; x_wconf 64' lang='lat' dir='ltr'><strong>mss.</strong></span> <span class='ocrx_word' id='word_1_914' title='bbox 3040 5524 3325 5581; x_wconf 85' lang='lat' dir='ltr'><strong>Thuau.et</strong></span> <span class='ocrx_word' id='word_1_915' title='bbox 3351 5524 3507 5582; x_wconf 72' lang='lat' dir='ltr'><strong>Coll).</strong></span> 
     </span>
    </p>
   </div>
   <div class='ocr_carea' id='block_1_115' title="bbox 1911 5597 3503 5665">
    <p class='ocr_par' dir='ltr' id='par_1_115' title="bbox 1911 5597 3503 5665">
     <span class='ocr_line' id='line_1_115' title="bbox 1911 5597 3503 5665; baseline 0.006 -23"><span class='ocrx_word' id='word_1_916' title='bbox 1911 5600 2109 5665; x_wconf 69' lang='lat' dir='ltr'><strong>prmtur</strong></span> <span class='ocrx_word' id='word_1_917' title='bbox 2138 5608 2320 5665; x_wconf 66' lang='lat' dir='ltr'><strong>voci-tu</strong></span> <span class='ocrx_word' id='word_1_918' title='bbox 2366 5598 2646 5656; x_wconf 68' lang='lat' dir='ltr'><strong>custodia,</strong></span> <span class='ocrx_word' id='word_1_919' title='bbox 2692 5613 2786 5662; x_wconf 87' lang='lat' dir='ltr'><strong>pro</strong></span> <span class='ocrx_word' id='word_1_920' title='bbox 2824 5614 2923 5665; x_wconf 77' lang='lat' dir='ltr'><strong>qua</strong></span> <span class='ocrx_word' id='word_1_921' title='bbox 2961 5597 3218 5651; x_wconf 77' lang='lat' dir='ltr'><strong>mendose</strong></span> <span class='ocrx_word' id='word_1_922' title='bbox 3267 5598 3503 5665; x_wconf 65' lang='lat' dir='ltr'><strong>habt-ut,</strong></span> 
     </span>
    </p>
   </div>
   <div class='ocr_carea' id='block_1_116' title="bbox 1911 5664 3508 5730">
    <p class='ocr_par' dir='ltr' id='par_1_116' title="bbox 1911 5664 3508 5730">
     <span class='ocr_line' id='line_1_116' title="bbox 1911 5664 3508 5730; baseline 0.007 -16"><span class='ocrx_word' id='word_1_923' title='bbox 1911 5664 2187 5719; x_wconf 78' lang='lat' dir='ltr'><strong>custodiat.</strong></span> <span class='ocrx_word' id='word_1_924' title='bbox 2218 5664 2333 5719; x_wconf 69' lang='lat' dir='ltr'><strong>Vel.</strong></span> <span class='ocrx_word' id='word_1_925' title='bbox 2360 5667 2491 5720; x_wconf 71' lang='lat' dir='ltr'><strong>edit.</strong></span> <span class='ocrx_word' id='word_1_926' title='bbox 2517 5681 2565 5721; x_wconf 88' lang='lat' dir='ltr'><strong>et</strong></span> <span class='ocrx_word' id='word_1_927' title='bbox 2600 5670 2721 5721; x_wconf 82' lang='lat' dir='ltr'><strong>Cod.</strong></span> <span class='ocrx_word' id='word_1_928' title='bbox 2759 5664 2925 5720; x_wconf 84' lang='lat' dir='ltr'><strong>Laud.</strong></span> <span class='ocrx_word' id='word_1_929' title='bbox 2946 5708 2960 5730; x_wconf 96' lang='lat'><strong>,</strong></span> <span class='ocrx_word' id='word_1_930' title='bbox 2992 5666 3324 5723; x_wconf 80' lang='lat' dir='ltr'><strong>Custodiatur</strong></span> <span class='ocrx_word' id='word_1_931' title='bbox 3349 5664 3508 5725; x_wconf 74' lang='lat' dir='ltr'><strong>causa</strong></span> 
     </span>
    </p>
   </div>
   <div class='ocr_carea' id='block_1_117' title="bbox 1911 5734 3509 5818">
    <p class='ocr_par' dir='ltr' id='par_1_117' title="bbox 1911 5734 3509 5818">
     <span class='ocr_line' id='line_1_117' title="bbox 1911 5734 3509 5818; baseline 0.006 -31"><span class='ocrx_word' id='word_1_932' title='bbox 1911 5734 2441 5818; x_wconf 48' lang='lat' dir='ltr'><strong>alicujusucommissi.</strong></span> <span class='ocrx_word' id='word_1_933' title='bbox 2474 5738 2628 5818; x_wconf 74' lang='lat' dir='ltr'><strong>Dion.</strong></span> <span class='ocrx_word' id='word_1_934' title='bbox 2674 5752 2803 5795; x_wconf 88' lang='lat' dir='ltr'><strong>vero</strong></span> <span class='ocrx_word' id='word_1_935' title='bbox 2848 5741 3027 5808; x_wconf 77' lang='lat' dir='ltr'><strong>solus,</strong></span> <span class='ocrx_word' id='word_1_936' title='bbox 3058 5740 3194 5811; x_wconf 88' lang='lat' dir='ltr'><strong>quod</strong></span> <span class='ocrx_word' id='word_1_937' title='bbox 3232 5741 3377 5799; x_wconf 87' lang='lat' dir='ltr'><strong>nobis</strong></span> <span class='ocrx_word' id='word_1_938' title='bbox 3416 5759 3509 5797; x_wconf 86' lang='lat' dir='ltr'><strong>cu-</strong></span> 
     </span>
    </p>
   </div>
   <div class='ocr_carea' id='block_1_118' title="bbox 1910 5806 2753 5875">
    <p class='ocr_par' dir='ltr' id='par_1_118' title="bbox 1910 5806 2753 5875">
     <span class='ocr_line' id='line_1_118' title="bbox 1910 5806 2753 5875; baseline 0.012 -18"><span class='ocrx_word' id='word_1_939' title='bbox 1910 5806 2102 5861; x_wconf 77' lang='lat' dir='ltr'><strong>stodiat</strong></span> <span class='ocrx_word' id='word_1_940' title='bbox 2130 5808 2247 5875; x_wconf 82' lang='lat' dir='ltr'><strong>ille,</strong></span> <span class='ocrx_word' id='word_1_941' title='bbox 2277 5809 2359 5864; x_wconf 90' lang='lat' dir='ltr'><strong>cui</strong></span> <span class='ocrx_word' id='word_1_942' title='bbox 2388 5810 2753 5868; x_wconf 80' lang='lat' dir='ltr'><strong>commisimus.</strong></span> 
     </span>
    </p>
   </div>
  </div>
