4066 6360
643 333 744 386 787

1997 329 2244 385 SANCTI
2286 330 2604 386 AMBROSII
3855 338 3924 390 788

642 447 730 519 qui
764 448 1154 526 reSp‘onderunt
1188 448 1326 518 quod
1355 457 1406 502 et
1453 450 1670 517 pignora
1703 445 1993 500 redderent
2017 489 2030 508 ,
2063 456 2118 501 et
2143 460 2235 515 pe-
2263 447 2315 509 Α
2343 447 2466 500 tiam
2514 447 2661 499 velut
2709 447 2900 501 sortito
2957 447 3059 500 illis
3081 463 3173 498 ma
3227 445 3525 499 tribuisse
3563 445 3923 515 cognoscimus,

641 533 858 595 cuniam'
887 557 990 594 non
1021 541 1388 611 requirerent,
1415 556 1575 610 quam
1601 538 1896 594 dedissent.
1927 539 1993 594 Et
2017 548 2237 594 sentcn-

642 632 710 687 tia
743 649 839 687 vos
869 627 1106 702 paternae
1135 623 1406 688 censionis
1445 632 1528 687 his
1555 631 1840 702 astringit,
1880 640 1934 686 et
1973 630 2236 701 professio

641 728 997 782 creditorum.

711 823 798 876 71.
841 821 935 876 Est
961 831 1137 877 autem
1167 831 1222 877 et
1256 822 1400 877 aliud
1427 822 1624 894 pignus
1654 817 1794 890 quod
1829 819 1940 874 Lex
1981 817 2238 888 spiritalis

639 917 890 987 prohibet
933 917 1160 994 auferri;
1201 927 1257 972 et
1305 918 1350 971 si
1405 915 1593 970 datum
1642 913 1839 978 fuerit,
1884 911 2040 968 reddi
2083 910 2239 980 jubet

636 1022 759 1084 ante
786 1013 915 1067 solis
945 1027 1198 1067 occasum
1231 1030 1245 1065 :
1279 1021 1303 1048 ιι
1331 1010 1475 1081 quod
1509 1011 1674 1064 homo
1703 1008 1917 1063 debitor
1943 1005 2150 1072 reddit,
2185 1012 2241 1060 et

635 1108 750 1178 ipse
782 1105 1022 1176 protulit.
1056 1104 1281 1159 Debitor
1306 1113 1390 1160 est
1420 1113 1599 1157 autem
1628 1101 1806 1155 omnis
1832 1099 1920 1169 qui
1946 1097 2095 1152 audit
2119 1112 2240 1150 ver-

636 1189 948 1268 bum'regni
992 1208 1045 1254 et
1095 1214 1200 1253 non
1242 1199 1497 1268 intelligit
1531 1215 1547 1252 :
1581 1197 1725 1250 venit
1756 1196 1929 1249 malus
1955 1236 1970 1259 ,
2003 1203 2056 1248 et
2098 1191 2241 1260 rapit

636 1294 775 1365 quod
816 1295 1141 1350 semiustum
1179 1305 1262 1349 est
1303 1293 1358 1347 in
1392 1291 1560 1348 corde
1601 1291 1792 1361 ipsius.
1837 1288 1956 1343 Noli
1987 1303 2114 1359 ergo
2158 1288 2239 1341 in-

635 1391 804 1444 troire
843 1389 895 1444 in
935 1388 1154 1443 domum
1187 1388 1339 1458 ejus,
1373 1396 1432 1442 ut
1476 1385 1606 1442 illud
1637 1386 1830 1456 pignus
1862 1383 2114 1454 accipias.
2145 1383 2240 1438 Vat

637 1483 780 1537 enim
820 1483 909 1552 qui
942 1481 1389 1537 scandalizaverit
1420 1496 1588 1534 unum
1634 1478 1702 1532 de
1725 1477 1934 1548 pusillis
1979 1477 2134 1532 istis!
2181 1474 2241 1531 Si

636 1590 732 1631 sua
762 1575 991 1650 stultitia
1018 1575 1264 1630 amiserit
1302 1574 1496 1644 pignus
1541 1587 1723 1638 suum,
1770 1580 1826 1626 tu
1872 1586 1979 1625 non
2011 1556 2243 1625 habebis

638 1667 918 1723 delictum.
951 1666 1010 1723 Si
1036 1678 1214 1721 autem
1252 1681 1456 1736 pauper
1486 1664 1683 1730 fuerit,
1716 1663 1885 1720 redde
1918 1664 2109 1734 pignus
2145 1677 2242 1717 an-

640 1772 693 1817 te
721 1762 854 1816 solis
879 1776 1129 1817 occasum
1159 1777 1171 1814 :
1203 1759 1398 1832 pignus
1428 1771 1604 1814 autem
1639 1759 2018 1814 vestimentum
2047 1765 2151 1811 est.
2180 1755 2240 1810 Si

2339 560 2460 613 qua:
2499 544 2850 616 loquerentur
2878 544 3071 615 singuli
3111 544 3177 597 dc
3224 543 3524 613 operibus
3569 541 3774 594 Domini
3805 539 3925 604 lusu;

2341 647 2399 692 ut
2437 637 2553 706 cjus
2590 649 2739 709 gesta
2781 639 2880 694 sibi
2929 639 3308 694 describenda
3361 652 3472 708 pro
3517 635 3642 707 ejus
3680 644 3799 691 nutu
3832 638 3926 693 diri-

2338 728 2551 784 derent.

2412 822 2500 878 74.
2540 823 2637 879 Est
2663 834 2715 878 et.
2744 825 2830 880 illa
2875 826 3056 881 tunica
3081 840 3250 896 quam
3288 822 3670 904 demonstrat
3696 820 3926 889 Apostolus

2338 919 2566 974 dicens:
2613 918 2820 974 Induite
2847 919 3123 974 Dominum
3166 919 3378 973 Jcsum
3429 915 3622 987 (Rom.
3668 933 3717 980 t,
3759 917 3822 980 5,
3849 919 3926 987 ii).

2343 1013 2467 1068 Haec
2499 1022 2581 1068 est
2613 1013 2792 1067 tunica
2825 1029 2944 1084 qua:
2973 1013 3267 1067 inhonesta
3315 1011 3520 1079 operit
3569 1017 3756 1063 nostra
3778 1052 3790 1072 ,
3823 1021 3866 1064 et
3899 1014 3928 1063 is

2341 1105 2406 1159 iis
2437 1104 2885 1159 abundantiorem
2921 1085 3268 1159 honestatem
3308 1102 3642 1158 circumdat
3673 1102 3724 1155 in
3749 1101 3928 1156 Christo.

2343 1199 2620 1254 Induimus
2647 1201 2854 1253 viscera
2884 1198 3280 1253 misericordia:
3311 1198 3375 1252 in
3415 1195 3685 1261 Christo,
3717 1194 3930 1249 induimus

2341 1293 2520 1347 crucis
2572 1292 2842 1363 gloriam,
2897 1308 3015 1361 qua:
3068 1290 3278 1346 Judaeis
3348 1287 3735 1352 scandalum,
3783 1286 3931 1341 Gre-cis

2341 1387 2567 1442 Stultitia
2598 1386 2902 1440 videbatur.
2937 1385 3017 1440 Illi
3049 1385 3404 1440 erubescunt
3431 1426 3448 1447 ,
3494 1381 3593 1451 qui
3635 1396 3751 1435 eam
3793 1381 3932 1434 erube-

2341 1479 2598 1534 scendam
2632 1489 2862 1549 putant:
2894 1477 3050 1532 nobis
3088 1487 3272 1531 autem
3307 1475 3475 1529 absit
3506 1474 3767 1556 gloriari,
3793 1474 3874 1526 nisi
3899 1476 3928 1526 in
3962 1495 3963 1586 ι

2547 1572 2581 1586 ,ς
2682 1572 2694 1584 .
2740 1572 2752 1584 .
2804 1570 2826 1586 .
2984 1571 3026 1586 ..
3151 1570 3162 1586 ρ
3501 1577 3689 1586 κηῃ,
3727 1565 3923 1586 L_____

2341 1589 2501 1630 cruce
2546 1572 2754 1626 Domini
2799 1570 2948 1626 Jesu.
2984 1571 3110 1626 Haec
3150 1568 3438 1640 ignobilia
3497 1577 3693 1621 nostra
3727 1565 3925 1618 honorem

2342 1665 2793 1720 abundantiorem
2823 1662 3058 1725 habent,
3093 1663 3216 1733 quia
3247 1677 3363 1732 per
3397 1660 3728 1730 passionem
3767 1657 3923 1711 Domitii

2342 1776 2566 1831 regnum
2595 1760 2752 1815 nobis
2777 1768 3000 1830 paratur
3027 1768 3288 1812 aeternum
3315 1773 3333 1821 ;
3375 1771 3501 1826 quo
3535 1755 3688 1809 enim
3714 1753 3824 1823 quis
3847 1754 3921 1820 μσς

639 1851 742 1911 sibi
769 1855 919 1930 dives
947 1851 1192 1918 videtur,
1220 1853 1339 1924 ipse
1380 1866 1441 1907 se
1486 1851 1687 1922 decipit
1707 1891 1722 1914 ,
1755 1852 1800 1904 si
1845 1849 2040 1920 pignus
2068 1847 2232 1903 tradi-
2270 1859 2318 1922 Β
2347 1853 2686 1930 peccaverit,
2717 1867 2782 1908 eo
2810 1852 2928 1924 plus
2957 1851 3155 1922 diligit.
3176 1849 3678 1919 Consepeliamur
3707 1846 3848 1916 igitur
3865 1847 3920 1897 do

641 1948 783 2002 derit
809 1961 965 2000 suum
993 1965 1004 2000 :
1041 1945 1085 2000 si
1115 1955 1296 2000 autem
1324 1960 1530 2016 pauper
1553 1945 1642 2015 qui
1675 1959 1782 1998 non
1803 1943 2002 1998 habeat
2019 1940 2238 1997 divitias

640 2039 900 2116 spiritus,
941 2038 1104 2095 redde
1128 2039 1207 2094 illi
1235 2039 1615 2095 vestimentum
1645 2053 1799 2093 suum
1827 2044 1952 2092 ante
1995 2035 2124 2091 solis
2149 2049 2240 2090 oc-

640 2125 848 2188 casum.

712 2228 799 2283 72.
841 2227 899 2283 Si
925 2228 994 2283 de
1023 2227 1292 2298 corporali
1322 2237 1578 2298 ageretur
1603 2227 1863 2297 pignore,
1895 2224 2084 2295 utique
2125 2238 2242 2278 ma-

639 2324 721 2394 gis
766 2339 864 2393 per
891 2323 1034 2378 diem
1087 2321 1425 2378 reddendum
1474 2321 1614 2386 fuit,
1670 2336 1739 2376 ne
1784 2319 2063 2390 turpitudo
2112 2318 2243 2374 nudi

639 2418 885 2488 corporis
917 2417 1111 2470 diurno
1161 2416 1364 2471 lumine
1407 2414 1764 2486 proderetur;
1816 2415 2056 2469 tenebrae
2097 2415 2242 2468 enim

643 2508 845 2564 nudum
890 2523 998 2562 non
1045 2508 1304 2578 produnt.
1334 2507 1413 2562 Ac
1455 2507 1500 2561 si
1538 2507 1642 2562 hoc
1677 2515 1924 2562 moveret
1949 2506 2092 2577 quod
2136 2521 2243 2561 non

646 2601 873 2657 haberet
906 2611 1132 2671 pauper,
1174 2615 1284 2669 quo
1336 2600 1616 2654 dormiens
1665 2600 1771 2669 tegi
1798 2607 2018 2669 posset,
2062 2599 2248 2668 utique

646 2704 737 2750 aut
785 2677 1091 2762 stragulum
1139 2679 1232 2748 aut
1283 2693 1538 2748 amictum
1592 2693 1798 2748 diceret
1843 2707 1965 2749 esse
2009 2693 2243 2749 redden-

647 2788 796 2844 dum.
843 2787 998 2843 Nunc
1044 2794 1226 2843 autem
1277 2787 1507 2843 dicendo
1545 2788 1968 2854 vestimentum,
2009 2788 2244 2842 tunicam

647 2883 817 2953 magis
842 2883 1110 2954 signiﬁcat
1145 2897 1250 2954 qua
1291 2881 1564 2937 induimur
1591 2891 1756 2952 atque
1783 2883 2063 2936 vcstintur.
2096 2881 2246 2937 Red-

647 2975 714 3031 de
753 2991 882 3048 ergo
927 2961 1432 3047 pauperi'tunicam
1481 2992 1669 3039 suam,
1712 2984 1772 3031 ut
1809 2976 2042 3031 dormiat
2088 2976 2142 3030 in
2180 2990 2247 3031 ea

646 3082 828 3127 noctu.

718 3166 808 3222 75.
851 3165 1041 3222 Nonne
1074 3165 1169 3221 tibi
1204 3165 1418 3249 videtur
1447 3165 1598 3222 illum
1639 3180 1932 3235 pauperem
1973 3163 2246 3235 signiﬁca-

2346 1950 2493 2002 mino
2531 1946 2663 2001 Jesu
2690 1986 2704 2012 ,
2745 1955 2800 2000 ut
2847 1944 3139 2015 participes
3195 1942 3664 1998 resurrectionis
3702 1939 3804 2009 ejus
3843 1951 3918 1990 esse

2343 2053 2688 2092 mercamur:
2728 2037 3096 2106 exspoliemus
3125 2044 3380 2091 veterem
3415 2033 3714 2088 hominem
3742 2045 3841 2084 cum
3863 2045 3916 2080 at-

2348 2129 2491 2186 tibus
2528 2130 2646 2200 ejus
2672 2172 2687 2197 ,
2730 2129 3021 2184 induamus
3058 2143 3293 2196 novum,
3332 2127 3398 2183 in
3449 2142 3574 2198 quo
3615 2133 3701 2181 est
3736 2123 3914 2179 remissio

2348 2232 2716 2294 peccatorum.

2421 2317 2509 2372 75.
2549 2315 2731 2372 Bonus
2761 2331 2892 2388 ergo
2935 2316 3164 2370 amictus
3207 2325 3396 2386 atque»
3429 2315 3712 2377 vestitus,
3755 2309 3903 2365 verbum

2351 2410 2465 2464 Dei.
2494 2411 2604 2464 Hoc
2627 2411 2824 2464 vestitu
2853 2409 2946 2464 ﬁlii
2973 2409 3088 2464 Noe
3113 2409 3370 2478 pudenda
3401 2407 3592 2479 patris
3619 2411 3888 2475 aperuerunt,

2348 2503 2680 2572 accipientes
2707 2518 2870 2573 super
2902 2502 3159 2558 humeros
3197 2502 3622 2557 vestimentum
3645 2539 3658 2561 ,
3692 2503 3745 2551 et
3769 2504 3887 2547 retror-

2350 2614 2468 2654 sum
2503 2607 2822 2668 pergentes;
2863 2613 2931 2651 ne
2971 2599 3218 2652 viderent
3249 2595 3442 2650 virilia
3491 2591 3700 2664 patris,
3728 2592 3888 2647 hottsi.

2350 2707 2614 2764 corporea
2643 2709 2763 2760 quas
2789 2692 2989 2747 habent
3019 2693 3282 2762 pudorem
3313 2691 3635 2760 quemdam
3679 2685 3893 2756 generatio-
3962 2753 3963 2760 γ

2351 2789 2436 2840 nis
2464 2786 2716 2841 humanae
2741 2804 2754 2840 :
2786 2798 2840 2841 et
2870 2785 2995 2840 ideo
3039 2788 3128 2856 qui
3158 2786 3345 2838 videre
3399 2783 3624 2844 voluit,
3654 2773 3892 2849 angustioris

2352 2882 2514 2935 animi
2540 2881 2758 2949 dignam
2800 2879 3103 2935 mercedem
3150 2878 3402 2947 recepit,
3446 2885 3512 2931 ut
3556 2885 3740 2928 servus
3772 2868 3893 2921 ﬁeret:

2351 2977 2530 3030 omnis
2556 2977 2699 3030 enim
2727 2975 2818 3046 qui
2847 2973 2978 3028 facit
3015 2981 3296 3044 peccatum
3319 3012 3334 3036 ,
3383 2983 3593 3026 servus
3620 2975 3700 3022 est
3740 2957 3888 3032 peculi
3962 2955 3963 3002 ἕ

2353 3070 2510 3126 Unde
2539 3071 2634 3126 ille
2684 3071 2736 3124 in
2779 3071 3009 3125 terrenis
3053 3069 3338 3123 remansit.
3377 3067 3505 3123 l-loc
3555 3060 3765 3134 pauperi
3796 3067 3891 3109 neue
3962 3053 3963 3056 “

2353 3165 2508 3219 tollat
2537 3166 2952 3228 vestimentum;
2982 3173 3073 3218 aut
3122 3163 3169 3217 si
3199 3161 3431 3226 tulerit,
3475 3160 3564 3215 sol
3611 3172 3711 3212 non
3751 3147 3884 3204 occidi;

646 3273 741 3326 re,
785 3261 872 3330 qui
913 3275 1034 3315 cum
1079 3259 1260 3314 tunica
1306 3275 1412 3314 una
1452 3260 1674 3331 jubetur
1715 3273 1941 3329 pergere
1963 3301 1978 3321 ,
2025 3259 2247 3314 alteram
2276 3264 2321 3326 ρ
2355 3271 2519 3326 super
2541 3256 2899 3327 despoliatum
2925 3273 2939 3308 :
2967 3271 3089 3310 eum
3119 3264 3245 3310 ante
3271 3255 3576 3316 restituat,
3603 3264 3669 3305 ne
3693 3253 3889 3317 Ρθεωῖυιὲ

647 3369 754 3406 non
795 3355 1114 3424 requirere,
1165 3354 1399 3408 emissus
1447 3368 1474 3406 a
1522 3351 1739 3408 Christo
1784 3352 1849 3406 ad
1898 3351 2249 3418 Evangelium

649 3431 1055 3512 praedicandum
1093 3444 1310 3517 (Matth.
1337 3462 1366 3500 κ
1387 3486 1402 3514 ,
1434 3443 1559 3515 10)?
1589 3445 1707 3514 Ipse
1748 3454 1835 3498 est
1859 3447 2004 3499 enim
2048 3461 2252 3514 pauper

651 3540 885 3607 spiritu,
922 3539 1015 3608 qui
1059 3539 1297 3594 dormire
1343 3535 1558 3608 possit:
1601 3553 1724 3592 nam
1770 3538 1966 3592 satiato
2009 3538 2249 3603 divitiis,

653 3646 760 3686 non
787 3621 870 3686 est
897 3633 987 3701 qui
1016 3631 1161 3685 sinat
1187 3645 1310 3686 eum
1341 3630 1598 3685 dormire.
1632 3631 1844 3684 Dormit
1873 3629 2017 3684 enim
2047 3646 2252 3700 panper

653 3738 901 3779 somnum
951 3723 1411 3787 resurrectionis,
1459 3738 1619 3792 quem
1652 3721 1804 3777 dives
1853 3722 2093 3777 dormire
2145 3738 2252 3778 non

655 3825 870 3884 potest,
906 3814 1074 3887 316
1117 3815 1241 3885 quia
1287 3813 1492 3869 divitiis
1521 3824 1576 3868 et
1605 3815 1973 3884 voluptatibus
2017 3813 2253 3869 suffoca-

657 3921 764 3962 tur.
791 3906 1005 3964 Dormit
1045 3907 1247 3963 Christi
1291 3908 1526 3978 quietem
1567 3907 1841 3964 dicentis:
1884 3906 1999 3980 Ego
2037 3908 2255 3978 dormivi

653 4013 699 4054 et
725 4003 924 4073 quievi,
957 4012 1005 4055 et
1034 4003 1236 4057 surrexi
1263 4001 1432 4074 (Psal.
1457 4017 1549 4068 ιιι,
1583 4002 1660 4075 6).
1697 4003 1823 4058 Haec
1849 4013 1932 4058 est
1960 4005 2138 4058 tunica
2162 4005 2255 4059 illa

657 4095 892 4167 desuper
920 4103 1065 4150 texta
1087 4109 1190 4164 qua
1223 4103 1346 4150 erat
1369 4094 1590 4150 indutus
1615 4094 1867 4150 Christus
1883 4137 1897 4161 ,
1925 4111 2086 4166 quam
2111 4097 2257 4159 scin-

657 4188 789 4244 dere
813 4203 920 4243 non
954 4195 1246 4258 potuerunt
1271 4187 1348 4241 illi
1379 4189 1577 4244 milites
1602 4202 1737 4258 quos
1766 4189 2037 4258 agnoscis.
2067 4189 2257 4243 Nullus

659 4281 805 4334 enim
845 4294 1034 4335 eorum
1061 4281 1444 4334 vestimentum
1478 4279 1680 4338 Christi
1718 4281 1948 4348 scindit,
1979 4282 2076 4338 sed
2120 4283 2257 4338 divi-

661 4371 780 4438 dit;
813 4372 955 4434 sicut
997 4373 1258 4441 soriptum
1297 4381 1385 4428 est
1417 4389 1430 4426 :
1474 4372 1767 4430 Diviserunt
1803 4378 2100 4431 vestimenta
2146 4395 2259 4433 mea

662 4461 763 4517 sibi
782 4504 798 4531 ,
825 4471 875 4518 et
899 4478 1053 4530 super
1081 4471 1266 4522 vastam
1292 4452 1460 4520 meum
1487 4467 1736 4522 miserunt
1771 4477 1959 4521 sortem
1981 4468 2103 4537 (Ps.
2129 4485 2218 4524 xxi
2241 4512 2257 4538 ,

666 4553 780 4625 19).
818 4551 1127 4622 Diviserunt
1159 4556 1261 4610 sibi
1289 4556 1633 4626 evangelista:
1661 4557 1986 4616 vestimenta
2015 4560 2162 4630 ejus,
2204 4571 2262 4618 et

2357 3354 2609 3422 pauperis
2636 3351 2928 3406 feneratori
2955 3350 3125 3420 possit
3147 3349 3378 3413 ascribi;
3413 3360 3472 3405 et
3501 3363 3611 3401 non
3636 3343 3785 3398 solum
3805 3350 3884 3391 suo,
3962 3341 3963 3350 ‘

2355 3445 2449 3499 sed
2477 3445 2637 3498 etiam
2671 3443 2846 3497 alieno
2876 3443 3096 3512 incipiat
3129 3443 3378 3496 laborare
3425 3449 3677 3512 peccato.
3713 3432 3802 3487 Hoc
3843 3425 3885 3488 υἷ’

2355 3552 2493 3607 gnus
2525 3540 2575 3590 in
2611 3536 2711 3590 hac
2754 3536 2941 3592 saeculi
2986 3545 3144 3590 nocte
3185 3535 3484 3599 reddatur,
3522 3535 3628 3587 ltoc
3653 3525 3880 3582 vestitu-nn

2358 3631 2410 3682 iu
2445 3627 2528 3682 his
2557 3629 2738 3682 mundi
2782 3628 3019 3683 tenebris
3050 3628 3322 3682 induatur.

2430 3723 2519 3776 76.
2566 3723 2679 3778 Hoc
2722 3724 2914 3792 pignus
2946 3722 3090 3777 illius
3136 3721 3437 3778 Dominicas
3470 3719 3660 3774 .sortis
3700 3720 3776 3772 est,
3801 3715 3864 3753 "im

2357 3818 2503 3872 illius
2533 3817 2843 3872 contrariis.
2873 3815 3126 3887 Legimus
3168 3816 3308 3868 enim
3339 3817 3481 3870 duas
3521 3822 3696 3868 sortes
3715 3807 3752 3859 il
3768 3795 3864 3852 ων

2359 3913 2498 3975 tico,
2526 3911 2597 3967 de
2639 3913 2834 3982 quibus
2863 3911 3066 3966 dictum
3096 3920 3218 3964 est:
3251 3907 3422 3963 Unam
3474 3908 3588 3962 Deo
3614 3903 3774 3976 facies,
3794 3891 3871 3942 ulte

2357 4021 2469 4058 ram
2499 4005 2849 4058 transmissori
2894 4003 3079 4074 (Leuit.
3114 4019 3201 4057 xv1
3227 4045 3242 4069 ,
3275 4000 3387 4071 18).
3428 3996 3780 4057 Transmissov
3804 3994 3877 4079 “li:

2359 4110 2466 4153 tem
2512 4112 2664 4154 suam
2694 4098 2762 4151 ad
2793 4099 3146 4153 imueratores
3177 4096 3503 4151 transmittit
3529 4113 3541 4146 :
3575 4089 3708 4149 servi
3733 4075 3875 4138 Domitii

2359 4192 2414 4246 in
2441 4201 2587 4247 sorte
2611 4202 2738 4247 sunt
2761 4190 2984 4247 Christi.
3011 4191 3065 4248 In
3094 4191 3196 4245 hac
3219 4200 3367 4245 sorte
3392 4190 3714 4245 constitutus
3733 4178 3877 4231 Aaron.

2360 4285 2653 4341 contrariae
2679 4285 2842 4340 sortis
2871 4283 3108 4339 exclusit
3132 4299 3432 4339 aerumnam
3457 4326 3473 4350 ,
3507 4296 3629 4338 cum
3661 4278 3778 4329 inter
3794 4265 3879 4316 duas

2361 4392 2542 4451 partes
2577 4379 2760 4450 p0puli
2799 4379 3164 4446 constitutus,
3195 4387 3426 4432 mortem
3467 4394 3496 4429 a
3530 4365 3772 4430 defunctis
3802 4369 3878 4408 ser-

2361 4491 2490 4545 Ρθτθ
2512 4475 2674 4546 617
2704 4476 2756 4528 in
2798 4485 3004 4529 sortem
3034 4473 3279 4527 vivorum
3312 4472 3396 4526 sui
3423 4467 3667 4540 corporis
3690 4472 3776 4515 non
3790 4461 3879 4546 per;
3962 4495 3963 4514 η

2365 4537 2773 4636 inisitobjectu.
2809 4565 2979 4636 Hujus
3018 4567 3182 4621 sortis
3218 4566 3418 4620 bonum
3459 4537 3646 4635 pignus
3671 4558 3741 4607 est
3767 4537 3876 4636 “tibi

664 4663 835 4719 super
869 4654 1076 4718 vestem
1114 4647 1268 4718 ejus,
1309 4649 1414 4704 hoc
1451 4659 1572 4715 est,
1612 4665 1774 4720 super
1819 4653 2256 4720 praedicationem
2284 4661 2336 4721 Ι)
2363 4633 2620 4715 amictus.
2649 4659 2798 4714 Hanc
2827 4633 2984 4712 vobis
3025 4658 3259 4722 tunicam
3290 4633 3702 4713 nemo'anfcrat,
3728 4633 3876 4695 deliiID'
3962 4693 3963 4698 η

665 4742 942 4814 Evangelii
967 4757 1068 4814 qua
1097 4743 1324 4802 vestitur
1356 4742 1622 4814 hodieque
1649 4745 1910 4804 Dominus
1929 4747 2091 4804 Jesus
2114 4791 2128 4815 ,
2159 4751 2258 4805 mi-

663 4847 856 4894 serunt
883 4845 1110 4898 sortem.
1137 4837 1288 4896 Illam
1317 4837 1505 4910 utique
1529 4847 1761 4907 sortem,
1794 4857 1912 4910 quas
1941 4842 2140 4900 cecidit
2169 4860 2259 4900 su-

665 4947 761 5002 per
783 4931 1063 4988 Matthiam
1081 4974 1096 4998 ,
1127 4941 1186 4988 ut
1213 4933 1582 5002 apostolorum
1610 4932 1961 4992 duodecimus
1992 4952 2218 4993 numero
2240 4981 2256 5006 ,

666 5026 889 5082 excluso
918 5025 1140 5082 nomine
1177 5025 1497 5096 proditoris,
1527 5027 1928 5099 adjungeretur.
1977 5033 2123 5087 Bene
2162 5050 2260 5088 au-

663 5125 772 5174 tem
801 5117 870 5184 de
906 5118 1257 5188 evangelistis
1293 5118 1498 5181 dictum
1537 5131 1620 5178 est
1662 5123 1788 5193 quia
1835 5123 2100 5180 miserunt
2145 5143 2264 5184 sor-

662 5219 808 5276 tem;
843 5225 966 5266 sors
1008 5211 1151 5267 enim
1201 5212 1368 5268 veluti
1415 5213 1598 5270 divino
1639 5217 1835 5285 pendet
1877 5219 2150 5273 examine.
2194 5220 2262 5275 Et

666 5302 789 5358 ideo
815 5303 940 5372 quia
975 5318 1079 5357 non
1121 5313 1385 5372 potestate
1415 5308 1629 5376 propria
1676 5317 1802 5361 sunt
1845 5308 2051 5375 locuti,
2091 5326 2262 5382 neque

665 5411 856 5452 omnes
906 5395 1121 5452 eadem
1152 5399 1374 5464 omnia;
1426 5399 1521 5453 sed
1575 5400 1820 5469 plerique
1867 5401 2123 5465 dixerunt
2175 5405 2261 5458 di-

667 5504 853 5557 versa,
895 5505 1013 5562 qua:
1042 5489 1187 5562 alius
1225 5506 1332 5560 non
1371 5489 1624 5560 dixerat:
1665 5493 1840 5558 sancti
1881 5493 2115 5564 Spiritus
2139 5512 2263 5566 gra-

742 5662 766 5690 α
797 5651 998 5720 Omnes
1029 5651 1156 5716 edit.
1183 5668 1248 5707 ac
1267 5668 1400 5710 mss.
1425 5652 1658 5722 aliquot,
1689 5654 1825 5722 quod
1856 5655 2007 5710 homo
2035 5655 2259 5712 debitum

670 5723 842 5778 redit:
882 5725 1075 5796 melius
1119 5723 1254 5790 alii,
1285 5725 1519 5788 debitor;
1548 5735 1946 5796 consequenter
1989 5729 2132 5784 enim
2167 5746 2260 5796 po-

671 5799 838 5860 nitur,
866 5794 1060 5848 debitor
1099 5807 1171 5849 est
1205 5807 1411 5864 autem,
1442 5804 1586 5862 etc;
1617 5794 1758 5865 quod
1788 5812 1918 5854 vero
1947 5794 2182 5864 dicitur,
2214 5812 2260 5856 et

673 5867 778 5938 ipse
802 5865 1040 5938 protulit,
1083 5866 1225 5922 idem
1248 5876 1370 5935 est,
1395 5874 1556 5938 atque
1585 5884 1684 5924 non
1714 5884 1806 5940 per
1826 5869 1926 5926 vim
1954 5887 2012 5927 eo
2037 5873 2259 5943 privatus

2363 4769 2452 4809 res
2476 4772 2489 4806 :
2521 4754 2657 4809 hanc
2685 4755 2916 4808 tunicam
2946 4753 3078 4808 nulli
3107 4753 3470 4824 oppigneretis
3495 4795 3508 4816 ,
3541 4749 3582 4804 si
3610 4743 3752 4798 vultis
3774 4740 3872 4785 num-

2365 4863 2524 4916 quam
2584 4846 2972 4917 turpitudinem
3023 4846 3334 4910 sustinere,
3383 4852 3440 4898 ut
3486 4833 3749 4898 dormiatis
3783 4825 3876 4876 inter
3962 4867 3963 4917 ἦ

2363 4941 2544 4997 cleros
2571 4942 2710 4996 sicut
2744 4943 2922 4995 Aaron
2949 4982 2964 5007 ,
2998 4939 3282 4996 dormiatis
3316 4937 3460 4994 inter
3503 4937 3606 4990 duo
3638 4924 3874 4983 Testamen-
3962 4924 3963 4970 1

2365 5042 2415 5088 ta
2439 5075 2452 5100 ,
2487 5043 2546 5088 ut
2569 5033 2851 5089 dormiatis
2879 5049 3128 5088 somnum
3170 5032 3606 5092 resurrectionis,
3635 5031 3683 5078 et
3717 5026 3794 5067 vos
3821 5016 3875 5097 τες
3961 5037 3963 5100 λ

2370 5142 2560 5196 parare
2594 5127 2830 5198 possitis.
2865 5126 2974 5181 Hoc
3020 5134 3104 5180 est
3141 5126 3523 5180 vestimentum
3552 5113 3678 5191 quod
3719 5103 3868 5162 ellamSl

2367 5222 2843 5290 Oppigneraveris,
2885 5220 3254 5291 recipiendum
3297 5220 3351 5274 in
3389 5211 3682 5274 Proverbiis
3714 5198 3872 5255 sane!“s

2365 5314 2620 5369 Salomon
2680 5315 2869 5380 suadet
2907 5315 3130 5370 dicens:
3165 5315 3324 5386 Aufer
3367 5313 3695 5366 vestimentum
3733 5291 3866 5348 tuum:

2366 5406 2591 5477 prwterit
2623 5407 2757 5460 enim
2795 5409 3076 5480 injuriosus
3119 5395 3300 5484 (Prov.
3343 5396 3654 5472 xxv-'11,”).
3808 5468 3831 5484 Δ,

2437 5501 2524 5556 77.
2548 5501 2839 5573 Sapientia:
2865 5480 3246 5560 vestimentum
3269 5510 3354 5558 est
3377 5515 3442 5556 ex
3472 5497 3575 5556 illis
3599 5480 3865 5559 indumentis,

2367 5668 2482 5726 est;
2531 5660 2828 5728 referrique
2875 5663 3035 5719 debet
3077 5664 3142 5718 ad
3188 5677 3248 5718 ea
3289 5676 3410 5732 quae
3453 5661 3681 5730 leguntur
3713 5643 3864 5732 sugg

2364 5703 2718 5802 ξιῖοῖνεὲεῖὶἓὸἑ
2743 5703 3149 5806 ’ἶῶηῗρἒιὶιαέἷ
3187 5703 3432 5806 ἦὲοἳῖἷη
3454 5703 3747 5794 Quintae
3767 5703 3862 5765 inin

2367 5813 2665 5873 sequuntur
2690 5822 2703 5857 :
2741 5807 2799 5858 hi
2825 5823 2918 5864 sua
2945 5804 3163 5884 Stultitia
3186 5804 3442 5869 amiserit,
3467 5814 3576 5859 etc.
