4066 6360
163 315 295 371 789

1513 313 1601 369 DE
1638 312 1842 372 ‘I'OBIA
1881 313 2084 371 LIBER
2125 313 2327 371 UNUS.

3405 310 3508 366 790

165 445 317 501 quae
330 446 412 488 ex
435 434 600 506 bysso
614 445 666 490 et
681 448 910 504 purpura
927 433 1186 503 sapientia
1200 431 1303 487 sibi
1317 429 1443 486 fecit
1461 448 1473 482 :
1493 430 1596 484 hoc
1611 437 1713 496 est,
1730 428 1812 484 in-
1840 431 1887 491 Λ
1918 439 2063 485 tuum
2084 439 2389 486 sustentare
2419 446 2524 486 non
2552 443 2718 500 queas
2733 469 2748 494 ,
2777 443 2898 484 cum
2921 430 3097 483 adhuc
3123 425 3256 482 nihil
3284 400 3536 514 debendi

167 519 537 581 dumentum
564 525 687 580 fidei
713 535 918 581 constat
935 541 1000 579 ex
1016 524 1396 595 praedicatione
1417 522 1740 587 caelestium,
1761 534 1815 576 et

170 615 518 676 Dominicis
537 621 798 690 sanguine
825 619 1088 689 passionis
1113 637 1126 672 :
1153 618 1313 690 bysso
1332 616 1560 670 aetherea
1587 614 1816 684 figuran-

178 720 310 777 tur,
331 728 600 785 purpurae
613 714 790 784 Specie
801 714 1113 786 mysterium
1127 713 1265 768 sacri
1282 710 1558 783 sanguinis
1578 710 1816 764 declara-

174 811 308 870 tur,
328 823 452 876 quo
471 823 692 878 regnum
711 808 932 862 cceleste
953 805 1248 861 confertur.
1269 805 1506 874 Denique
1526 802 1816 858 vestimen-

177 905 318 958 tum
350 900 640 969 sapientia
665 899 952 970 signiﬁcari
971 907 998 935 ⁸
1020 898 1293 967 superiora
1313 895 1578 959 indicant;
1603 895 1817 965 praemi-

177 993 267 1048 sit
293 995 463 1050 enim
494 993 710 1049 dicens:
739 993 959 1064 Sapiens
985 1003 1112 1062 esto,
1136 993 1215 1062 [ili
1233 1035 1249 1058 ,
1269 1001 1323 1046 ut
1350 993 1545 1047 lectetur
1564 1005 1652 1044 cor
1675 999 1818 1043 tuum

186 1085 411 1157 (Prov.
429 1103 596 1155 xxvtt,
613 1088 722 1156 Η).
740 1087 806 1142 Ει
822 1086 954 1142 infra
967 1086 1104 1142 duos
1124 1101 1318 1142 Versus
1334 1085 1438 1140 ait:
1456 1083 1818 1153 Imprudentes

182 1193 390 1237 autem
423 1184 828 1250 supervenientes
855 1183 1099 1237 damnum
1121 1183 1336 1244 pendent
1360 1180 1409 1250 (I
1421 1182 1550 1246 bid.,
1576 1179 1688 1248 12).
1709 1179 1820 1234 Au-

183 1276 280 1330 fer
315 1279 710 1334 vestimentum
740 1289 914 1334 tuum.
944 1279 1112 1334 Aufer
1133 1279 1328 1349 igitur,
1358 1293 1426 1332 ne
1447 1276 1700 1331 damnum
1725 1291 1819 1330 ex—

177 1367 392 1438 cipias
428 1372 832 1442 imprudentiae;
874 1381 931 1428 et
975 1387 1043 1428 ne
1071 1382 1297 1427 exutum
1329 1379 1381 1425 te
1409 1369 1624 1439 proprio
1657 1367 1820 1423 vesti—

180 1474 408 1522 mento
449 1465 814 1536 nequissimus
858 1466 950 1521 ille
1002 1464 1304 1519 communis
1345 1465 1617 1519 fenerator
1655 1475 1821 1530 agno-

184 1568 400 1622 scens,
427 1560 798 1616 confusionem
827 1561 897 1614 tui
916 1560 1168 1631 detegere
1196 1569 1422 1616 conetur
1447 1557 1742 1628 opprobrii,
1767 1565 1821 1610 et

189 1653 550 1718 persuadeat
579 1655 703 1720 tibi,
738 1666 796 1710 ut
818 1665 870 1710 te
900 1654 1041 1709 foliis
1083 1664 1262 1725 tegas,
1296 1663 1350 1708 et
1390 1653 1589 1707 nudum
1621 1658 1674 1704 te
1697 1664 1821 1706 esse

185 1747 584 1814 conspiciens,
613 1749 664 1802 in
698 1748 793 1803 Dei
828 1749 1064 1804 verearis
1089 1749 1274 1803 venire
1303 1755 1671 1816 conspectum.

275 1839 381 1892 78.
415 1839 624 1906 Redde,
665 1842 867 1912 inquit,
904 1843 1142 1914 ρνοωίηιο
1171 1843 1224 1894 in
1256 1851 1502 1910 ιεηιρονε,
1537 1847 1821 1910 οοιιηριιεια
1848 1832 1895 1894 Β
1925 1831 2053 1885 dum
2092 1839 2204 1896 est,
2245 1829 2274 1870 δ
2315 1845 2422 1885 non
2467 1829 2695 1885 reddere
2736 1828 3180 1884 inverecundum.
3211 1829 3518 1883 Postulabis

184 1933 459 1998 uerbum,
503 1943 550 1988 et
579 1935 801 2004 ﬁdeliter
845 1952 940 2006 age
967 1952 1080 1988 cum
1107 1935 1240 2000 illo;
1269 1943 1316 1989 et
1344 1937 1396 1987 in
1427 1934 1580 1988 omni'
1594 1942 1820 1999 tempore

185 2025 443 2081 invenies
470 2027 608 2097 quod
633 2028 725 2082 tibi
755 2030 1100 2084 necessarium
1126 2029 1190 2082 sit
1218 2027 1408 2099 (Eccli.
1435 2043 1581 2091 xxix,
1607 2025 1641 2079 2
1663 2036 1713 2081 et
1733 2025 1814 2098 3),

190 2118 328 2174 Non
366 2129 516 2175 amat
562 2122 748 2176 multis
781 2123 1088 2178 innocentia
1131 2137 1191 2178 se
1225 2121 1534 2178 defendere.
1570 2122 1817 2177 Susanna

194 2214 365 2269 vocis
396 2213 710 2270 adsertione
731 2230 840 2270 non
870 2223 1016 2288 eguit
1055 2235 1066 2269 :
1097 2215 1318 2270 verbum
1351 2216 1725 2284 coangustavit
1750 2214 1816 2269 ad

199 2309 507 2364 Dominum
534 2350 549 2374 ,
590 2319 646 2364 et
692 2311 872 2365 statim
920 2311 1143 2381 adipisci
1175 2310 1371 2364 meruit
1401 2310 1667 2365 castitatis
1695 2324 1819 2380 pro-

198 2403 348 2470 pria:
399 2404 787 2458 testimonium.
821 2405 1053 2458 Plurima
1099 2404 1397 2476 presbyteri
1421 2403 1816 2473 loquebantur,

194 2493 299 2562 qui
356 2493 676 2548 laborabant
722 2493 1007 2550 verborum
1057 2495 1174 2548 fuco
1204 2494 1478 2550 obducere
1505 2495 1816 2559 veritatem,

199 2586 310 2641 sed
349 2603 460 2641 non
497 2587 601 2640 lilia
632 2587 792 2642 Juda.
822 2588 1011 2642 'l‘acuit
1044 2588 1184 2658 apud
1215 2588 1492 2652 homines,
1531 2589 1705 2643 locuta
1734 2597 1823 2643 est

205 2682 358 2736 Deo.
405 2681 783 2736 Erubescenda
810 2691 927 2738 erat
951 2685 1000 2736 in
1028 2683 1182 2750 plebe
1213 2684 1328 2753 ipsa
1356 2683 1600 2737 defensio
1633 2683 1821 2737 mulie-

203 2775 371 2836 bris;
421 2786 475 2830 et
502 2776 628 2830 dum
657 2777 827 2844 pudor
864 2777 1168 2846 defenditur
1194 2819 1206 2840 ,
1236 2777 1564 2846 impudentia
1593 2784 1822 2845 praeten-

208 2869 477 2924 debatur.
493 2869 1107 2940 Coangustavitverbum
1126 2871 1309 2926 dicens
1321 2870 1386 2924 ad
1408 2871 1720 2924 Dominum:
1740 2867 1823 2923 Tu

207 2965 323 3018 scis
351 2965 470 3033 quia
493 2966 628 3035 [alia
652 2966 893 3018 dixerunt
916 2965 980 3018 de
1009 2981 1087 3019 me
1103 2965 1262 3036 (Dan.
1286 2981 1407 3028 xm,
1426 2963 1536 3033 41).
1569 2964 1631 3017 Et
1646 2963 1823 3017 Domi-

212 3071 325 3108 nus
340 3055 584 3124 spiritum
605 3055 836 3110 Danielis
859 3057 1008 3125 pueri
1027 3057 1284 3110 castitatis
1297 3055 1545 3110 excitavit
1569 3055 1820 3109 ultorem.

295 3150 388 3204 79.
431 3149 733 3220 Coangnsta
771 3165 904 3218 ergo
941 3151 1163 3205 verbum
1187 3193 1200 3212 ,
1239 3159 1295 3204 ut
1329 3147 1619 3204 redhibitio
1647 3147 1824 3204 credi-

215 3241 367 3306 tori,
404 3257 509 3296 non
541 3243 720 3313 lingua
750 3243 1092 3311 respondeat.
1129 3242 1252 3298 Sive
1278 3243 1537 3312 mystice:
1569 3239 1816 3310 Cuangu—
1842 3227 1886 3289 C
1921 3229 2064 3284 enim
2113 3229 2313 3284 malum
2362 3229 2505 3284 malo
2551 3228 2834 3299 corrigitur
2857 3271 2872 3297 ,
2929 3244 3030 3284 nec
3066 3229 3260 3285 vulnus
3302 3239 3522 3288 curatur

214 3345 308 3389 sta
340 3336 595 3402 verbum,
627 3335 728 3390 hoc
757 3347 860 3401 est,
889 3351 1226 3390 consumma.
1261 3334 1494 3388 Verbum
1522 3334 1663 3388 enim
1692 3347 1820 3388 con-

214 3443 505 3482 summans
548 3436 602 3482 et
628 3429 884 3496 brevians
919 3427 1080 3483 faciet
1113 3428 1372 3482 Dominus
1398 3442 1560 3496 super
1588 3435 1817 3494 terram,

215 3521 329 3576 hoc
356 3531 466 3586 est,
499 3535 567 3576 ex
597 3522 782 3576 multis
818 3521 1118 3576 ratiociniis
1139 3521 1445 3576 abbreviata
1479 3520 1572 3574 tibi
1611 3534 1819 3574 summa

215 3616 530 3672 conveniat.
575 3615 837 3670 Deducito
870 3616 1013 3685 quod
1052 3615 1307 3684 expensis
1339 3615 1566 3669 diversis
1589 3625 1672 3669 est
1700 3629 1822 3669 ero-

216 3718 436 3776 gatum,
471 3715 528 3762 ut
557 3707 764 3762 salvum
808 3707 1007 3762 habeas
1052 3709 1192 3775 quod
1229 3707 1464 3776 supersit
1494 3723 1508 3760 :
1547 3707 1821 3777 quomodo

220 3800 491 3854 Dominus
536 3800 604 3854 de
635 3801 816 3855 multis
857 3802 1350 3871 dispensationibus
1375 3800 1684 3855 Judaeorum
1705 3842 1724 3868 ,
1753 3817 1820 3856 ex

221 3892 398 3945 multo
437 3892 530 3945 illo
570 3891 852 3946 ratiocinio
896 3904 1240 3962 peccatorum
1265 3895 1663 3958 consummavit
1705 3904 1821 3949 tan-

221 3990 351 4044 dem
401 3995 560 4056 atque
597 3987 888 4053 breviavit,
921 3998 977 4041 ut
1000 3988 1239 4058 reliquiae
1289 3989 1454 4042 salvae
1494 3991 1685 4043 fierent
1728 4004 1822 4056 per

219 4079 544 4135 electionem
587 4078 807 4149 gratia-3,
846 4090 902 4134 et
952 4087 1296 4135 servarentur
1339 4079 1406 4134 ad
1450 4094 1634 4134 semen
1659 4119 1674 4144 ,
1726 4094 1822 4150 per

221 4185 364 4241 quos
387 4170 796 4227 intermortuatn
825 4187 976 4243 spem
1009 4173 1308 4244 Synagoga:
1332 4173 1695 4227 resuscitaret.

611 4311 778 4386 διε
813 4309 1043 4366 CAPUT
1083 4308 1226 4364 xxr.

226 4426 691 4500 Ileprehenduntnr
717 4429 755 4481 ii
787 4429 873 4504 qui
900 4442 1014 4480 cum
1041 4424 1283 4480 solvendo
1311 4441 1413 4478 non
1441 4424 1560 4488 sint,
1590 4434 1822 4480 mutuum

298 4531 519 4578 sumunt.
561 4520 726 4575 Iidem
755 4538 906 4590 quant
949 4521 1136 4592 objecti
1158 4561 1174 4586 ,
1222 4528 1271 4572 et
1302 4519 1727 4589 quemadmodum
1757 4521 1824 4574 ad

1919 533 2075 592 putes
2102 525 2240 593 quod
2271 534 2325 578 et
2355 525 2552 580 victum
2585 533 2732 578 tuum
2761 523 2960 591 possis,
2989 533 3042 576 et
3068 520 3306 576 debitum
3351 517 3538 593 susti-l

1918 591 2047 670 nere
2090 591 2292 669 iiAnte
2336 615 2514 686 cogita
2543 613 2688 669 unde
2725 612 3027 679 dissolvas,
3065 620 3121 666 et
3155 611 3236 666 sic
3261 591 3544 689 mutuum’

1917 719 2087 760 sume.
2135 705 2386 779 Fructus,
2436 707 2628 776 inquit,
2653 705 3110 779 agrodrnrnrcapio.
3145 703 3251 760 Sed
3278 702 3367 773 qui
3401 717 3509 758 non
3543 727 3550 754 t

1917 785 2192 851 abundant
2214 783 2350 865 usui,
2376 798 2646 868 quomodo
2674 796 3030 854 abundabunt
3071 795 3335 851 contracti
3361 794 3514 850 feno-
3546 805 3553 833 =-‘

1917 891 1990 945 ris
2036 890 2413 945 incremento?
2438 890 2545 956 Sed
2576 891 2977 960 possessionem
3007 903 3179 943 meam
3214 887 3408 942 vendo.
3446 888 3516 942 Et
3553 871 3572 956 ’,

1917 985 2059 1039 unde
2107 984 2342 1048 fructus,
2390 985 2584 1053 quibus
2628 984 2798 1039 utaris
2857 984 2923 1038 ad
2971 983 3285 1052 sumptum?
3332 981 3518 1037 Fentts

1918 1094 2025 1133 non
2063 1077 2294 1150 pecunia
2326 1093 2421 1132 sua
2453 1078 2709 1148 solvitur,
2745 1080 2842 1134 sed
2871 1088 3137 1149 augetur:
3171 1078 3516 1134 numerando

1919 1181 2271 1227 coacervatur
2299 1181 2352 1227 et
2374 1173 2590 1227 crescit.

1990 1265 2078 1322 81.
2127 1266 2326 1322 Deinde
2369 1283 2475 1323 non
2523 1268 2727 1336 cogitas
2773 1267 3133 1325 humilitatem
3172 1279 3227 1324 et
3254 1285 3521 1324 verecun-

1920 1361 2063 1416 diam
2109 1361 2472 1431 postulantis?
2519 1361 2696 1416 Donee
2745 1359 3007 1430 accipias,
3035 1362 3299 1417 oscularis
3326 1377 3520 1417 manus

1922 1454 2239 1509 feneratoris
2264 1456 2501 1525 superbi,
2536 1454 2790 1514 humilias
2814 1469 3002 1510 vocem
3029 1463 3194 1522 tuam,
3219 1469 3288 1509 ne
3317 1455 3519 1510 clarior

1923 1549 2132 1603 sonitus
2162 1548 2309 1602 vocis
2348 1557 2453 1602 tute
2496 1563 2653 1603 aures
2683 1547 2801 1618 ejus
2838 1546 3097 1614 ofiendat,
3127 1564 3194 1602 ne
3236 1549 3417 1617 plures
3466 1559 3520 1604 te

1923 1644 2140 1699 audiant
2181 1643 2583 1713 deprecantem.
2628 1643 2923 1712 Paupertas
2952 1658 3059 1698 non
3093 1642 3254 1698 habet
3284 1645 3513 1707 crimen,

1925 1740 2070 1793 nulla
2106 1738 2412 1809 indigentiae
2458 1736 2676 1792 infamia
2723 1749 2808 1792 est
2839 1755 2853 1793 :
2887 1737 2983 1792 sed
3018 1735 3218 1792 debere
3257 1752 3522 1792 verecun-

3534 1688 3588 1949 ἓ

1922 1924 2238 1978 dilationem
2259 1963 2272 1986 ,
2303 1937 2424 1976 cum
2459 1922 2694 1991 coeperis
2722 1922 2998 1976 conveniri
3028 1920 3082 1975 in
3112 1929 3354 1991 tempore
3382 1935 3519 1990 pra:-

1920 2019 2136 2088 scriptze
2178 2016 2466 2071 solutionis
2494 2036 2506 2070 :
2554 2031 2652 2085 pro
2681 2017 2904 2086 pecunia
2937 2014 3136 2071 afferes
3167 2015 3325 2071 taedia
3345 2056 3359 2082 ,
3391 2030 3521 2070 catt-

1919 2110 2129 2166 saberis
2166 2109 2234 2164 de
2274 2117 2538 2177 tempore,
2561 2108 2939 2164 excusationes
2959 2116 3172 2174 strues;
3204 2117 3260 2163 et
3287 2123 3408 2163 cum
3435 2119 3520 2162 to-

1922 2211 2034 2258 tum
2083 2203 2397 2272 promiseris
2417 2246 2432 2269 ,
2467 2218 2536 2256 ne
2564 2205 2616 2257 in
2645 2205 2954 2264 universum
2983 2200 3233 2257 fraudare
3261 2202 3516 2266 videaris,

1922 2300 2012 2353 vix
2057 2298 2337 2352 dimidium
2385 2298 2656 2352 restitues.
2690 2297 2767 2352 De
2807 2297 2981 2352 amico
3010 2297 3287 2352 inimicum
3329 2296 3519 2368 facies,

1921 2406 2020 2460 pro
2067 2389 2274 2446 honore
2323 2389 2524 2446 referes
2554 2389 2965 2453 contumeliam,
3002 2403 3100 2458 pro
3143 2386 3521 2442 benedictione

1923 2481 2286 2537 maledictum.
2309 2482 2480 2548 Quam
2505 2482 2619 2536 hinc
2639 2480 2950 2549 Opinionem
2975 2479 3172 2534 laedant
3191 2477 3475 2534 considera
3502 2494 3517 2532 :

1921 2590 2080 2645 quam
2110 2589 2138 2626 a
2168 2574 2283 2627 viro
2312 2574 2455 2628 bono
2484 2573 2815 2643 discrepent,
2849 2586 3198 2642 recognosce.

1994 2670 2082 2728 89.
2117 2670 2261 2740 Ergo
2290 2669 2418 2724 dum
2450 2668 2588 2724 liber
2615 2683 2675 2724 es
2713 2684 2740 2721 a
2768 2668 3016 2733 vinculis,
3046 2668 3160 2737 ipse
3193 2675 3244 2724 te
3267 2680 3461 2722 revoca
3489 2681 3522 2721 a
3555 2719 3569 2758 ἶ

1921 2765 2048 2834 jugn
2089 2773 2144 2817 et
2175 2779 2344 2818 onere
2373 2763 2669 2818 servitutis.
2713 2762 2874 2818 Dives
2903 2763 3006 2818 es?
3041 2761 3159 2820 Non
3187 2775 3372 2826 sumas
3398 2776 3522 2818 mu-
3551 2759 3565 2826 l

1927 2857 2111 2914 tuum?
2157 2872 2361 2926 pauper
2406 2857 2510 2912 es?
2555 2855 2672 2912 Non
2715 2872 2901 2911 sumas
2929 2865 3198 2914 mutuum.
3238 2857 3396 2924 Dives
3425 2837 3576 2918 08⁸Ξῖ

1925 2952 2138 3006 Nullam
2193 2952 2394 3021 pateris
2440 2952 2656 3020 petendi
2706 2952 3103 3006 necessitatem.
3153 2951 3363 3022 Pauper
3415 2950 3522 3005 es?
3577 2943 3584 3014 ξ

1924 3044 2222 3100 Considera
2267 3045 2513 3102 solvendi
2561 3045 2953 3102 difficultatem.
3007 3045 3293 3115 Opulentia
3343 3046 3523 3101 usuris
3575 3041 3586 3114 Ξ

1929 3138 2215 3202 minuitur,
2248 3146 2538 3208 paupertas
2577 3138 2753 3192 usuris
2799 3153 2904 3192 non
2948 3137 3172 3192 levatur.
3219 3137 3521 3208 Numquam

1924 3325 2167 3388 vulnere,
2199 3323 2296 3378 sed
2321 3331 2673 3393 exasperatur
2694 3323 2894 3380 ulcere.

1993 3416 2084 3472 85.
2138 3416 2250 3480 Hoc
2302 3416 2460 3484 vide,
2511 3431 2581 3472 ne
2615 3416 2740 3474 dum
2786 3416 3068 3487 pecuniam
3097 3416 3274 3486 petis,
3319 3416 3522 3474 molam

1921 3519 2066 3568 tuam
2099 3509 2340 3580 obliges,
2381 3519 2474 3566 aut
2512 3509 2742 3580 lapidem
2782 3509 3233 3579 supermolarem.
3269 3509 3409 3578 Mula
3439 3518 3526 3570 est

1921 3620 2023 3673 qua
2060 3603 2308 3674 similago
2354 3604 2670 3671 conficitur,
2707 3619 2812 3674 qua
2843 3604 2998 3660 molit
3026 3603 3385 3675 similaginem
3415 3619 3524 3664 una

1924 3698 2117 3750 mulier
2167 3714 2287 3768 qua:
2335 3697 2665 3763 assumitur,
2716 3706 2771 3754 et
2809 3699 2978 3754 altera
3012 3714 3131 3768 quae
3175 3699 3519 3768 relinquitur.

1924 3796 2176 3852 Fortasse
2220 3798 2314 3853 illa
2361 3799 2686 3865 assumitur,
2717 3813 2836 3868 quin
2877 3813 3092 3866 semper
3117 3793 3524 3856 molitverbum

1923 3889 2039 3954 Dei,
2075 3899 2132 3943 ιιι
2163 3890 2357 3945 habeat
2385 3891 2777 3960 similaginem,
2813 3900 2868 3945 et
2894 3888 3192 3958 spiritalem
3225 3887 3355 3948 facit
3385 3885 3520 3948 fari-

1925 3999 2080 4047 nam,
2125 3994 2146 4022 ε
2190 3994 2452 4055 expurgat
2480 3994 2637 4040 vetus
2663 3986 3013 4050 fermentum,
3046 3991 3106 4038 ut
3130 3983 3202 4038 sit
3229 3996 3365 4038 nova
3392 3994 3524 4036 con-

1923 4077 2154 4147 spersio,
2183 4078 2418 4134 custodit
2440 4079 2639 4133 molam
2665 4093 2839 4141 suam.
2859 4079 3252 4146 interpretatur
3275 4075 3524 4144 Scriptu-

1924 4186 2015 4225 ras
2038 4212 2052 4238 ,
2085 4179 2268 4226 servat
2307 4171 2410 4227 sibi
2449 4171 2684 4240 lapidem
2728 4170 3155 4241 supermolarem
3182 4187 3195 4222 :
3228 4168 3315 4226 illa
3338 4175 3522 4228 autem

1925 4263 2247 4330 relinquitur
2291 4279 2412 4330 qua:
2459 4264 2779 4333 oppignerat
2817 4262 3013 4318 molam
3045 4276 3219 4316 suam.
3245 4259 3381 4316 Cum
3421 4257 3522 4314 ali-

1924 4355 2051 4423 quid
2078 4355 2366 4410 emoluerit
2392 4354 2786 4425 perfunctorie,
2819 4355 3140 4426 oppignerat
3167 4350 3402 4422 lapidem
3429 4350 3526 4420 qui
3579 4393 3588 4402 .

1925 4461 2008 4505 est
2051 4465 2216 4520 super
2255 4451 2474 4505 molam.
2508 4450 2641 4520 Quis
2672 4451 2771 4504 iste
2816 4450 2886 4504 sit
2911 4449 3075 4520 lapis,
3108 4463 3314 4519 quaaro.
3348 4445 3477 4516 Legi
3508 4462 3523 4499 :

1926 4543 2176 4612 Lapidem
2200 4561 2343 4615 quem
2363 4544 2937 4618 reprobaveruntsls
2951 4542 3286 4614 wdiﬁcantes,
3313 4540 3394 4594 hic
3416 4544 3526 4610 fac-

297 4615 582 4669 condictam
627 4613 762 4668 diem
803 4632 911 4668 non-
949 4613 1215 4667 reddente:
1255 4628 1317 4665 ea:
1361 4612 1538 4664 amicis
1584 4613 1816 4665 inimicos
1847 4616 1896 4675 Ι)
1923 4647 2003 4692 m3
2042 4651 2115 4692 es,
2150 4612 2384 4708 “caput
2417 4640 2596 4711 anguh-
2631 4637 2750 4710 (P8.
2777 4612 2942 4702 ὦ(ζῇ
2975 4612 3092 4705 ρδ).
3125 4635 3306 4704 Quare
3360 4648 3526 4702 super

299 4708 527 4777 faciant;
557 4702 692 4762 unde
725 4708 851 4760 nulli
882 4716 1114 4761 mutuum
1134 4706 1437 4761 sumendum
1466 4707 1810 4760 concluditur.

304 4799 443 4867 Quid
471 4815 561 4870 per
588 4800 776 4852 molam
800 4810 845 4852 et
869 4798 1093 4870 lapidem
1123 4780 1523 4869 superntolarent
1553 4815 1654 4852 non
1684 4800 1815 4852 obli-

301 4895 519 4964 gandum
547 4895 904 4967 intelligatur?

300 5009 388 5065 80.
413 5008 591 5075 Quam
626 5007 870 5066 deforme
902 5019 1020 5075 est,
1054 5018 1110 5065 ιιι
1152 5023 1250 5078 pro
1276 5007 1538 5063 beneficio
1569 5010 1618 5065 ei
1647 5009 1739 5079 qui
1772 5019 1824 5069 te

230 5102 464 5171 adjuvit,
511 5101 772 5172 rependas
802 5102 1139 5156 molestiam!
1172 5101 1306 5155 Cum
1341 5103 1502 5154 istum
1532 5101 1819 5156 fraudave-

195 5195 304 5259 gris
335 5195 418 5250 cui
447 5194 634 5260 debes,
652 5202 835 5262 postea
867 5193 919 5246 in
950 5181 1192 5263 tempore
1219 5193 1558 5256 necessitatis
1588 5205 1691 5248 tute
1718 5211 1822 5252 non

191 5269 474 5368 {invenies
495 5289 842 5350 creditorem.
873 5287 1040 5354 Quam
1065 5290 1366 5360 indignum,
1395 5297 1455 5344 ut
1473 5306 1594 5345 cum
1625 5291 1822 5348 victum

304 5503 329 5529 τι
361 5491 494 5556 Cod,
532 5492 715 5556 Dion.,
760 5494 939 5564 pejora
960 5490 1162 5564 indicat
1174 5491 1302 5558 ;alii
1333 5507 1543 5559 omnes,
1563 5493 1827 5564 superiora

235 5563 465 5628 indicat;
494 5564 652 5630 etlit.,
685 5602 698 5615 .
733 5601 746 5614 .
784 5602 796 5614 .
833 5604 844 5615 .
879 5563 1122 5619 indicant.

303 5634 329 5672 δ
367 5635 568 5688 Omnes
606 5633 734 5687 edit.
769 5649 830 5685 ac
873 5649 1002 5687 mss.
1047 5633 1280 5704 aliquot,
1318 5653 1417 5690 non
1444 5636 1656 5692 reddere
1689 5651 1828 5689 uere-

234 5706 470 5760 cundius.
497 5705 611 5759 Non
639 5704 807 5765 male;
835 5713 1070 5760 attamen
1105 5709 1341 5760 omnium
1361 5709 1722 5775 antiquissimi
1751 5708 1827 5761 le-

236 5789 384 5844 gunt,
414 5795 517 5830 non
538 5776 750 5830 reddere
772 5776 1184 5831 inuerecundiam.
1214 5779 1381 5845 Unus,
1413 5778 1822 5840 inverecundius.

242 5850 303 5904 Et
338 5851 437 5902 hoc
463 5849 627 5903 etiam
660 5863 765 5903 non
795 5847 1029 5906 absurde
1055 5850 1308 5920 explicari
1338 5861 1513 5921 potest
1541 5867 1606 5906 eo
1629 5865 1823 5918 sensu;

1926 4733 2166 4787 molam?
2199 4732 2329 4800 Quia
2382 4733 2497 4802 ipse
2541 4741 2626 4788 est
2645 4733 2736 4802 qui
2782 4732 3050 4791 molentes
3072 4731 3220 4801 juvat
3252 4746 3266 4783 :
3300 4730 3415 4798 ipse
3440 4739 3527 4784 est

1926 4828 2016 4894 qui
2068 4828 2199 4881 dicit
2243 4845 2254 4879 :
2297 4828 2615 4882 Scrutamini
2657 4827 2976 4899 Scripturas.
3018 4826 3072 4880 in
3110 4824 3291 4894 quibus
3332 4823 3527 4892 putatis

1931 4935 2016 4973 vos
2045 4919 2199 4972 vitam
2222 4928 2462 4972 (uernam
2487 4919 2669 4974 habere
2697 4918 2877 4990 (Joan.
2911 4935 2963 4983 v,
2986 4917 3098 4990 59).

2003 5012 2092 5066 8-i.
2141 5009 2284 5075 Noli,
2317 5010 2625 5078 fenerator,
2658 5013 2802 5067 hunc
2831 5011 3063 5082 lapidem
3090 5006 3526 5078 superruolarem

1930 5106 2288 5176 Oppignerare
2309 5146 2325 5172 ,
2370 5122 2436 5161 ne
2466 5106 2628 5160 cadas
2659 5120 2820 5175 super
2844 5105 3017 5158 illum.
3046 5102 3236 5168 Omnis
3257 5102 3400 5156 enim
3431 5101 3526 5172 qui

1930 5200 2188 5258 ceciderit
2217 5215 2380 5272 super
2403 5201 2544 5256 lnmc
2567 5200 2826 5274 lapidem,
2855 5195 3336 5266 conquassabitur:
3362 5209 3526 5264 super

1929 5308 2086 5364 quem
2113 5306 2292 5351 autem
2330 5295 2608 5360 ceciderit,
2637 5292 2968 5354 comminuet
3004 5291 3180 5352 illum.
3210 5287 3323 5360 Nec
3346 5287 3526 5362 vidua:

1931 5511 2054 5551 nam
2082 5501 2170 5566 qui
2205 5497 2365 5556 debet
2394 5494 2714 5554 verecundia
2740 5493 2971 5566 quadam
3005 5493 3257 5566 afficitur,
3285 5493 3374 5564 qui
3400 5509 3530 5558 vero

1931 5585 2035 5622 non
2068 5565 2245 5624 reddit
2267 5613 2282 5636 ,
2319 5567 2712 5633 inverecundus
2739 5578 2902 5636 atque
2931 5565 3210 5635 impudens
3240 5575 3346 5632 est.

2007 5651 2026 5676 ο
2057 5635 2505 5695 Οιιιιιθδοηιιιίιιο
2533 5639 2689 5701 edit.,
2718 5635 3018 5707 Expm'gate
3038 5645 3176 5707 vetus
3199 5639 3528 5707 fermentum,

1931 5721 1985 5766 ut
2026 5713 2168 5778 sitis,
2197 5721 2304 5767 etc.
2351 5714 2480 5766 Mss.
2522 5709 2732 5762 'l‘hnan.
2759 5750 2773 5774 ,
2805 5703 2964 5761 Dion.
2997 5715 3052 5762 et
3075 5705 3243 5781 _Colh.
3267 5749 3282 5772 ,
3319 5703 3533 5781 Επριιτὲ

1931 5793 2038 5852 gat.
2071 5823 2082 5835 .
2119 5823 2134 5837 .
2162 5777 2182 5836 ⁷.
2214 5793 2268 5836 ιιι
2299 5786 2364 5838 sit
2392 5821 2410 5852 ._
2438 5793 2543 5835 etc.
2576 5781 2743 5834 Docet
2770 5781 2911 5852 enim
2951 5777 3213 5832 orationis
3240 5777 3416 5852 series
3442 5782 3529 5852 hic

1933 5849 2040 5910 non
2073 5863 2181 5908 tam
2207 5855 2362 5910 citari
2392 5850 2686 5923 Scriptum
2711 5849 2893 5916 verba,
2919 5864 3078 5921 quam
3103 5850 3527 5924 accommodari,
