4066 6360
588 295 691 353 ’191

1934 290 2183 351 SANCTI
2218 290 2548 352 AMBROSII

3817 289 3916 348 792

586 414 791 487 pignus
819 410 1098 483 suscipias.
1124 410 1299 469 Grave
1327 420 1383 468 et
1411 421 1698 486 utrumque
1717 410 2010 468 secundum
2035 412 2181 469 litte-
2211 414 2266 477 Α
2363 412 2611 469 invexerit
2637 422 2810 469 autem
2849 410 3087 467 diabolus
3124 428 3139 465 :
3190 409 3319 465 huic
3349 413 3678 481 feneratores
3714 407 3914 461 assimi-

590 525 709 565 ram
731 548 747 574 ,
782 518 837 561 ut
878 522 1051 570 usum,
1087 508 1611 579 inatrumentumqne
1641 508 1854 562 vivendi
1882 521 2057 577 egeno
2087 523 2185 561 au-

591 595 768 666 feras,
823 609 913 653 aut
954 598 1125 653 vidua:
1174 599 1363 670 pignus
1404 599 1656 655 detrahas
1686 617 1700 656 :
1732 598 1825 654 sed
1856 600 2108 669 gravius,
2142 598 2189 653 si

586 692 783 747 animre
811 709 931 763 quae
960 692 1107 747 verbi
1137 693 1294 747 vidua
1337 702 1450 758 est,
1475 696 1701 751 verbum
1734 702 1950 759 teneas,
1984 700 2009 729 τι
2055 701 2109 747 et
2136 690 2188 745 ei

593 784 935 841 sterilitatem
965 784 1244 841 viduitatis
1276 787 1505 842 indicas.

1178 923 1407 980 CAPUT
1446 922 1613 979 XXII.

589 1042 753 1107 Quem
798 1045 1137 1115 feneratorem
1167 1043 1361 1095 imitari
1389 1042 1704 1107 debeamus;
1732 1050 1779 1094 et
1806 1042 2059 1111 quomodo
2089 1040 2191 1095 Ec—

656 1136 827 1189 clesia:
839 1132 981 1190 Deus
1009 1136 1125 1203 plus
1146 1134 1367 1198 dederit,
1394 1135 1476 1187 cui
1500 1143 1548 1188 et
1564 1134 1677 1201 ipsa
1704 1134 1823 1204 plus
1845 1134 2067 1188 reddidit
2088 1150 2189 1188 non

660 1230 915 1299 exigenti;
961 1227 1124 1300 deque
1168 1227 1345 1283 divina
1371 1226 1739 1283 misericordia:
1775 1243 1837 1281 ac
1862 1226 2055 1300 judicii
2080 1225 2192 1280 dis-

656 1324 975 1394 pensatione.

655 1440 745 1495 85.
783 1441 959 1507 Atque
990 1445 1049 1491 ut
1075 1437 1263 1493 sciatis
1291 1436 1437 1507 quod
1463 1438 1666 1492 amanti
1700 1438 1813 1492 haec
1847 1436 2043 1492 affectu
2069 1451 2193 1492 sua-

598 1531 780 1596 deam,
809 1540 867 1586 ut
895 1531 1083 1585 sciatis
1112 1529 1253 1600 quod
1279 1530 1441 1585 liceat
1468 1540 1524 1585 et
1553 1530 1690 1584 bene
1713 1530 1980 1593 fenerare,
2010 1539 2193 1583 osten-

585 1628 711 1683 dam
745 1626 897 1682 vobis
927 1642 1087 1696 qucm
1128 1624 1489 1681 feneratorem
1519 1625 1764 1680 debeatis
1794 1624 2014 1688 imitari,
2051 1622 2190 1687 Duo,

581 1721 780 1790 inquit,
819 1729 964 1774 erant
990 1720 1240 1773 debitores
1262 1719 1355 1772 uni
1378 1719 1673 1788 feneratori,
1699 1734 1833 1772 unus
1863 1715 2075 1773 debebat
2105 1718 2195 1774 de-

2362 509 2483 571 lari,
2514 525 2604 563 nec
2631 524 2732 561 non
2759 507 2913 562 etiam
2937 522 3023 562 eos
3045 506 3131 575 qui
3161 504 3541 575 [idejussorem
3571 500 3841 570 obligant.
3866 502 3915 555 in

2359 620 2459 673 quo
2486 604 2581 656 sibi
2616 602 2833 655 alterum
2863 610 3049 670 parant
3076 600 3376 654 inimicum.
3426 598 3608 662 Quam
3638 599 3916 651 cavendam

2358 698 2447 761 sit,
2473 714 2536 752 ne
2555 697 2669 767 quis
2690 712 2783 768 pro
2806 696 2912 749 alio
2938 711 2992 749 se
3016 694 3226 767 obliget,
3253 702 3351 747 aut
3374 692 3570 747 saltem
3597 708 3698 760 pro
3727 708 3916 746 summa

2363 791 2468 845 suis
2499 794 2694 863 majore
2722 789 3049 859 facultatibus
3067 790 3089 843 .'

2362 886 2450 940 88.
2486 884 2703 941 Habetis
2732 899 2863 955 ergo
2893 899 3052 954 quem
3083 882 3397 953 sequamini
3444 881 3856 942 feneratorem.
3885 885 3919 935 si

2288 977 2455 1033 vultis
2478 978 2636 1033 laude
2658 976 2871 1041 donari,
2900 978 2945 1033 si
2974 976 3133 1031 vultis
3156 992 3266 1031 non
3295 992 3426 1031 esse
3449 974 3606 1045 quod
3633 974 3921 1044 repreheno

2291 1071 2453 1127 datur
2496 1088 2526 1127 a
2571 1073 2747 1128 nobis.
2776 1071 2887 1127 Nos
2913 1074 3057 1128 enim
3080 1088 3187 1127 non
3220 1086 3485 1143 personae
3512 1070 3921 1136 obtrcclamus,

2290 1168 2387 1222 sed
2410 1166 2671 1223 avaritiae.
2694 1166 2808 1223 Nec
2839 1166 2973 1222 fallit
3000 1167 3207 1223 dixisse
3232 1167 3486 1236 aliquos.
3520 1180 3653 1221 cum
3681 1172 3823 1218 ante
3842 1163 3923 1219 hac

2291 1262 2514 1317 biduum
2558 1271 2814 1318 tractatus
2848 1270 3033 1317 noster
3066 1277 3257 1317 eorum
3303 1260 3750 1327 compunxisset
3777 1257 3926 1313 affec-

2292 1362 2405 1408 tum
2432 1372 2444 1404 :
2489 1354 2627 1419 Quid
2658 1353 2760 1409 sibi
2793 1353 2961 1408 Voluit
2991 1353 3297 1424 Episcopus
3327 1354 3614 1409 adversus
3660 1352 3925 1407 fenerato-

2294 1460 2384 1499 res
2416 1454 2668 1511 tractare,
2686 1446 2840 1517 quasi
2867 1461 3064 1501 novum
3091 1447 3297 1518 aliquid
3325 1447 3646 1502 admissum
3667 1447 3773 1515 sit,
3791 1451 3922 1516 quas

2296 1538 2349 1593 id
2382 1554 2488 1594 non
2520 1540 2681 1595 etiam
2709 1540 3019 1610 superiores
3049 1539 3302 1607 fecerint,
3333 1542 3500 1612 quasi
3530 1555 3647 1595 non
3680 1552 3851 1595 vetus
3875 1543 3920 1595 si:

2295 1632 2586 1690 fenerare?
2618 1634 2814 1690 Verum
2846 1644 2963 1698 est,
3004 1651 3103 1691 nec
3145 1652 3246 1707 ego
3277 1636 3468 1692 abnuo
3500 1655 3515 1692 :
3554 1636 3660 1692 sed
3699 1646 3764 1691 et
3791 1636 3915 1705 atlp:

2297 1736 2455 1781 vetus
2479 1735 2579 1781 est.
2615 1727 2855 1798 Denique
2878 1736 3156 1798 peccatum
3178 1729 3246 1782 ab
3266 1728 3485 1783 Adam:
3520 1744 3591 1783 ex
3625 1728 3731 1782 illo
3760 1730 3911 1798 culpa,

584 1816 761 1870 uarios
788 1815 1119 1886 quingentos,
1150 1814 1285 1867 alius
1314 1814 1709 1883 quinquaginta.
1745 1812 1869 1866 Non
1896 1811 2196 1866 habentibus
2226 1822 2274 1884 Β
2300 1832 2369 1873 ex
2408 1835 2515 1889 quo
2556 1828 2611 1873 et
2644 1820 2757 1874 Eva
2789 1837 2802 1872 :
2836 1835 2899 1874 ex
2944 1820 3037 1875 illo
3063 1821 3478 1891 prmvariCatio,
3513 1835 3585 1875 ex
3616 1836 3735 1890 quo
3764 1829 3815 1875 et
3844 1820 3912 1873 lte-

580 1908 690 1962 illis
731 1908 865 1960 unde
908 1906 1197 1971 redderent,
1240 1905 1448 1961 donauit
1489 1907 1737 1977 utrisque.
1777 1906 1905 1973 Quis
1928 1921 2049 1977 ergo
2077 1922 2193 1960 eum

584 2004 705 2069 plus
756 2002 972 2073 diligit?
1012 2002 1347 2073 Respondens
1406 2001 1591 2055 Simon
1659 1999 1951 2073 pharisaeus
1997 2000 2128 2054 dixit
2174 2016 2191 2055 :

587 2094 816 2151 xEstimo
837 2096 958 2166 quia
988 2096 1034 2149 is
1057 2096 1140 2148 cui
1165 2095 1279 2164 plus
1310 2094 1516 2149 donauit
1544 2092 1725 2166 (Luc.,
1749 2109 1844 2157 vn,
1868 2094 1932 2148 41
1966 2103 2015 2148 et
2037 2092 2190 2164 seq.).

584 2190 655 2247 Et
683 2190 894 2245 laudata
923 2201 1006 2246 est
1033 2191 1305 2246 sententia
1328 2190 1467 2260 ejus.
1493 2189 1711 2245 dicente
1737 2188 1966 2243 Domino
1993 2206 2009 2243 :
2042 2189 2195 2243 Recte

575 2285 851 2357 judicasti.
903 2285 1070 2341 Recte
1092 2285 1356 2355 judicavit
1385 2286 1715 2354 pharisaeus,
1754 2283 1844 2354 qui
1876 2282 2018 2339 male
2049 2285 2195 2353 (εοεί-

584 2379 739 2439 tavit.
775 2385 969 2445 putans
1000 2377 1146 2448 quod
1173 2379 1451 2449 ignoraret
1476 2379 1649 2449 magis
1684 2378 1945 2431 Daminus
1976 2388 2195 2448 peccata

585 2470 857 2535 mulieris,
882 2485 1043 2539 quam
1074 2470 1321 2525 donaret.
1356 2470 1463 2526 Sed
1492 2470 1742 2525 laudatur
1763 2469 1880 2541 ejus
1901 2471 2193 2539 sententia,

586 2564 943 2618 utexcusatio
973 2566 1023 2620 ei
1049 2566 1229 2619 omnis
1259 2565 1549 2621 adimatur.

660 2656 747 2711 86.
786 2656 915 2711 Plus
958 2659 1245 2714 remissum
1278 2673 1359 2713 est
1403 2660 1662 2715 Ecclesiae
1683 2700 1699 2725 ,
1730 2675 1850 2731 quae
1870 2668 2195 2731 congregata

588 2762 671 2807 est
702 2768 766 2807 ex
790 2754 992 2824 papula
1026 2755 1327 2821 nationum,
1349 2755 1607 2823 quoniant
1637 2754 1757 2826 plus
1787 2753 2023 2809 debebat
2050 2773 2062 2808 :
2098 2752 2193 2810 sed

587 2856 642 2901 ct
683 2848 795 2915 ipsa
845 2848 968 2918 plus
1007 2850 1167 2905 solvit
1194 2868 1299 2903 non
1342 2850 1605 2921 exigenti,
1635 2850 1731 2907 sed
1759 2850 2004 2906 donanti.
2040 2850 2198 2906 Dedit

592 2955 789 3011 aquam
825 2942 1053 3011 pedibus
1080 2942 1313 3010 Christi,
1346 2944 1469 3015 quia
1502 2959 1595 2999 sua
1628 2953 1847 3016 peccata
1879 2945 2194 2999 mundavit:

592 3034 836 3089 osculata
863 3044 947 3091 est
992 3035 1182 3105 pedes,
1200 3034 1381 3092 ferens
1394 3040 1544 3109 pacis
1563 3038 1789 3108 insignia
1814 3055 1826 3092 :
1854 3038 1998 3093 misit
2017 3038 2196 3094 oleum

592 3127 646 3182 in
673 3128 839 3199 pedes
857 3129 995 3200 ejus,
1017 3129 1444 3187 misericordiam
1466 3141 1521 3187 et
1536 3132 1650 3202 ipsa
1668 3133 1719 3186 in
1737 3146 2002 3204 pauperes
2014 3132 2197 3189 conte-

2298 1928 2453 1966 mana
2484 1913 2748 1969 conditio.
2780 1912 2885 1968 Sed
2917 1912 3038 1969 ideo
3067 1912 3318 1968 Christus
3339 1914 3521 1980 venit,
3544 1922 3610 1967 ut
3634 1915 3907 1969 inveterata

2298 2001 2562 2067 aboleret.
2594 2020 2730 2060 nova
2757 2006 3047 2071 conderet;
3076 2019 3131 2061 et
3156 2020 3279 2075 quae
3309 2006 3741 2061 inveteraverat
3762 2008 3905 2076 culpa,

2299 2109 2586 2155 renovaret
2622 2099 2811 2169 gratia.
2836 2099 2963 2154 Ideo
2992 2114 3050 2154 se
3081 2098 3323 2169 passiooi
3354 2098 3584 2161 obtulit.
3618 2108 3682 2153 ut
3713 2114 3903 2153 renova-

2298 2206 2449 2251 retur
2483 2194 2709 2264 spiritu,
2755 2202 2810 2248 et
2859 2192 3163 2249 absolveret
3212 2192 3504 2247 universos
3560 2188 3754 2263 (Conf.
3800 2192 3897 2261 Aug.

2299 2288 2390 2341 lib.
2426 2303 2443 2341 ι
2487 2297 2652 2342 contr.
2691 2284 2804 2340 Jul.
2833 2284 3036 2358 Petag.,
3077 2302 3122 2340 c.
3161 2286 3237 2345 5i.
3262 2284 3527 2339 Diabolus
3548 2294 3743 2339 autem
3764 2283 3895 2339 Evam

2297 2380 2531 2452 decepit,
2583 2389 2640 2435 ut
2692 2380 3063 2451 supplantarct
3101 2377 3311 2444 virum,
3351 2377 3646 2450 obligaret
3694 2376 3887 2433 btet-edi-

2302 2484 2495 2531 tatem.

2370 2568 2459 2625 89.
2489 2568 2627 2637 Quid
2660 2567 2996 2625 feneratores
3025 2566 3271 2622 faciunt?
3299 2565 3611 2637 Decipiunt
3640 2564 3883 2623 delet-en-

2300 2672 2413 2729 tos,
2459 2664 2703 2735 obligant
2748 2662 3141 2734 ﬁdejussores:
3194 2660 3288 2717 sed
3322 2676 3432 2716 non
3471 2660 3692 2717 Tobias
3738 2660 3887 2731 pignus

2299 2760 2568 2829 quaesivit,
2596 2770 2686 2813 aut
2714 2758 3085 2828 ﬁdeiussorem
3118 2758 3362 2829 poposcit
3388 2755 3553 2825 (Tob.
3580 2773 3628 2823 ι,
3666 2758 3755 2821 17,
3777 2768 3884 2817 ettv,

2299 2852 2418 2921 22).
2459 2851 2769 2907 Curandum
2814 2862 2899 2907 est
2926 2852 3105 2917 igitur,
3137 2860 3196 2905 ut
3224 2850 3616 2921 Iidejussorem
3647 2850 3880 2921 requiras.

2302 2956 2359 3001 ut
2396 2961 2517 3000 eum
2555 2948 2659 3001 tuis
2690 2945 2998 3000 nominibus
3029 2944 3317 3014 astringas.
3346 2942 3491 2999 Ecce
3528 2950 3765 3013 paratur
3786 2941 3883 2995 alta

2299 3038 2570 3095 inimicus.
2602 3038 2735 3094 Nam
2764 3054 2885 3092 cum
2923 3053 3028 3091 non
3061 3036 3315 3091 habueris
3346 3035 3495 3091 unde
3524 3035 3780 3090 debitum
3810 3033 3880 3089 sol-

2299 3149 2416 3201 vas,
2447 3134 2539 3189 ille
2568 3150 2664 3203 pro
2694 3144 2746 3188 te
2778 3132 3069 3188 tenebitur.
3099 3130 3433 3186 lnveuirisin
3465 3145 3539 3186 eo
3567 3131 3873 3186 circumves

592 3224 784 3280 reudo.
804 3225 893 3281 Isti
917 3228 1217 3297 suutpedes
1237 3228 1461 3294 Christi,
1482 3230 1532 3284 in
1557 3230 1637 3283 his
1656 3230 1996 3283 innocentius
2012 3229 2201 3285 ambu-
2228 3221 2274 3285 C
2307 3238 2391 3284 tor
2431 3239 2483 3283 et
2514 3228 2673 3283 fallax
2695 3271 2710 3294 ,
2744 3229 2833 3296 qui
2863 3226 3093 3281 amicum
3126 3223 3430 3295 deceperis.
3456 3223 3566 3281 llle
3597 3224 3879 3285 nudabittu,

591 3319 666 3373 lat
692 3319 953 3376 Christus.
977 3322 1041 3377 Et
1059 3324 1273 3389 capillis
1294 3324 1489 3390 capitis
1510 3326 1590 3378 sui
1616 3324 1791 3379 tersit.
1809 3322 2025 3378 Christo
2052 3324 2195 3379 enim

590 3411 936 3482 ltumiliatur,
989 3419 1316 3486 quicumque
1358 3416 1520 3472 habet
1568 3416 1889 3471 humilitatis
1920 3416 2193 3472 allectum.

590 3502 659 3558 Et
690 3506 826 3571 ideo,
860 3509 1061 3579 inquit,
1092 3510 1307 3563 dimissa
1336 3520 1455 3564 sunt
1486 3520 1695 3578 peccata
1721 3510 1833 3577 ejus
1857 3509 2042 3576 multa,
2071 3526 2198 3581 quo-

590 3601 731 3655 niam
761 3602 941 3656 dilexit
974 3604 1189 3657 multum
1223 3602 1419 3671 (Ibid.,
1448 3601 1563 3673 17).

664 3698 754 3751 87.
787 3696 1025 3753 Adverte
1054 3698 1198 3769 quod
1234 3698 1492 3754 Dominus
1515 3709 1567 3754 ct
1590 3698 2011 3755 misericordiam
2043 3700 2197 3770 quasi

590 3789 831 3845 liberalis
858 3791 1127 3861 impertit.
1167 3802 1222 3847 et
1255 3792 1516 3861 judicium
1547 3808 1670 3848 cum
1704 3793 2053 3849 miseratione
2079 3792 2195 3848 dis-

588 3894 802 3954 pensat.
834 3884 976 3940 Ante
1007 3884 1229 3941 donavit
1259 3902 1355 3957 per
1378 3886 1629 3957 gratiam,
1681 3886 1776 3942 sed
1807 3886 2003 3958 quibus
2029 3887 2198 3943 dona-

589 3986 676 4032 ret
719 3976 944 4034 sciebat.
982 3978 1097 4035 Non
1143 3978 1307 4036 habet
1356 3979 1498 4048 quod
1521 3988 1744 4035 excuset
1781 3979 2019 4035 Judaeus.
2066 3981 2195 4037 Mihi

591 4070 744 4140 quasi
784 4072 1053 4139 peccaturi
1100 4072 1250 4141 plura
1279 4072 1535 4137 donavit,
1568 4072 1642 4128 illi
1673 4072 1826 4144 quasi
1859 4073 2071 4144 ingrato
2095 4074 2195 4129 mi-

590 4180 726 4219 nora
751 4167 1041 4221 concessit.
1075 4166 1241 4222 Scivit
1270 4180 1447 4222 tamen
1476 4167 1618 4237 quod
1649 4178 1705 4223 et
1725 4168 1815 4223 ille
1840 4169 1991 4237 quasi
2012 4170 2192 4240 ingra-

591 4266 680 4311 tus
711 4272 815 4313 non
847 4260 1018 4329 possit
1045 4260 1186 4329 quod
1215 4261 1514 4331 accepisset
1538 4262 1841 4327 exsolvere,
1869 4272 1924 4317 et
1952 4262 2196 4319 Ecclesia

594 4364 804 4404 memor
852 4352 1039 4422 gratia:
1086 4366 1151 4405 eo
1197 4352 1349 4421 plura
1404 4352 1682 4419 solveret,
1730 4368 1835 4423 quo
1875 4354 2028 4424 plura
2076 4370 2193 4413 me-

592 4443 813 4500 ruisset.

965 4581 1129 4660 620
1164 4579 1386 4645 CAPUT
1424 4579 1614 4638 xxut.

595 4721 965 4799 Oggerentibus
1002 4738 1176 4778 usura:
1213 4724 1570 4794 antiquitatem
1602 4724 1869 4793 reponitur
1896 4726 2047 4781 etiam
2082 4728 2194 4784 cul-

665 4834 785 4889 pam
814 4817 1079 4890 antiquam
1106 4834 1244 4884 esse,
1273 4833 1428 4889 quam
1456 4818 1684 4873 solutum
1712 4814 1948 4874 Christus
1968 4822 2191 4889 venerit,

664 5017 691 5046 α
726 5006 869 5061 Edit.
918 5019 1138 5067 omnes,
1187 5011 1240 5056 et
1280 4999 1495 5071 quidam
1528 5016 1685 5069 mss.,
1714 5012 1769 5057 ut
1796 5005 1843 5057 ei
1866 5004 2189 5059 sterilitatem

588 5081 853 5136 viduitatis
880 5079 1093 5132 inducas
1116 5092 1134 5130 :
1157 5076 1246 5129 alii
1278 5074 1518 5128 melioris
1546 5085 1709 5142 notze,
1733 5086 1783 5130 et
1810 5078 1877 5129 ei.
1914 5118 1926 5131 .
1962 5116 1976 5131 .
2010 5116 2022 5131 .
2048 5076 2186 5131 indi-

589 5170 698 5217 cas,
731 5155 830 5202 hoc.
859 5163 961 5211 νει,
998 5156 1251 5215 imperes.

662 5224 688 5262 ι)
721 5220 867 5296 LXX
918 5226 1112 5296 itttct'p.
1157 5217 1338 5276 ἔδωκεν
1374 5219 1480 5296 ’γάρ
1516 5225 1616 5296 ’τήν
1653 5220 1836 5296 ψμχὴν
1865 5223 2026 5296 Eii-rat)
2057 5221 2189 5295 ὑπὲρ

590 5319 709 5353 σου.
751 5295 937 5369 ’Δγκθὰ
967 5279 1161 5369 ἐγγῦου-
1194 5279 1482 5369 ἀνατρέᾏιέι-
1506 5279 1829 5369 ἁμαρειίωῖῦξ.
1865 5291 2015 5369 uitus
2056 5279 2185 5369 mss.

587 5382 750 5436 atque
799 5362 929 5419 etlit.
978 5362 1249 5438 Cbtttplttt.
1299 5362 1354 5416 tit
1390 5362 1631 5438 nonum;
1657 5369 1835 5438 iiut-et,
1875 5362 2061 5419 ἔδωκεν
2086 5365 2184 5438 γὰρ

583 5433 678 5501 στήύ
720 5439 903 5515 ψυχήν
945 5440 1101 5515 αὐτος)
1142 5437 1275 5515 ὺπέρ
1308 5455 1425 5515 σοι).
1467 5436 1671 5515 Ἀγειθὴν
1700 5433 1901 5515 ἔγγιδην.
1927 5445 2043 5515 etc.
2078 5433 2181 5515 sed

585 5498 933 5566 Αὶηιιὶηυῖἷιιιη
986 5507 1179 5575 legisse
1227 5498 1467 5577 tiportet,
1518 5498 1705 5565 ἔδωκεν
1734 5498 1849 5581 ’ᾆάρ
1878 5511 1969 5581 τήν
1997 5505 2184 5577 ψυχήν

586 5586 745 5640 αὐτοῦ
782 5584 1042 5658 ὑπέρ-σου
1066 5582 1275 5658 ἀγαθὴν..
1300 5581 1535 5652 Ἐγγνὴν,
1565 5594 1697 5643 etc.,
1728 5578 2181 5651 Qttetltudtttodum

586 5653 893 5707 Obsetvmt
923 5653 1063 5708 idem
1093 5655 1355 5708 Nobilius.

664 5735 687 5763 ε
740 5726 943 5780 Omnes
993 5728 1150 5792 edit.,
1204 5742 1268 5779 ne
1318 5727 1360 5780 si
1403 5726 1541 5796 quod
1596 5723 1685 5778 tibi
1739 5722 1835 5796 (ut
1882 5720 2031 5775 habet
2058 5736 2182 5776 usus

586 5798 852 5863 amicitur)
899 5797 1104 5851 debetur
1152 5808 1239 5852 aut
1295 5798 1491 5853 debitor
1534 5798 1729 5851 dederit
1790 5797 1968 5866 gratia
1997 5834 2011 5858 ,
2068 5802 2179 5866 vet.

582 5867 715 5926 edit.
758 5876 882 5926 cum
927 5879 1061 5926 mss.
1106 5868 1275 5927 Torn.
1323 5881 1381 5928 et
1421 5868 1561 5926 Vict.
1606 5877 1665 5923 ut
1704 5865 1935 5924 videatur
1980 5865 2179 5923 emisse.

2301 3321 2393 3377 ille
2423 3336 2521 3391 pro
2550 3331 2603 3375 te
2631 3322 2681 3374 in
2705 3320 2915 3375 vincula
2940 3318 3205 3374 ducetur:
3235 3319 3384 3373 illum
3410 3322 3731 3389 graviorem
3757 3332 3881 3373 exat-

2302 3423 2471 3470 torem
2521 3414 2791 3470 creditore
2832 3414 3052 3485 patieris
3087 3413 3177 3481 qui
3208 3412 3403 3482 allegat
3426 3402 3875 3467 Wcm

2300 3517 2448 3562 tuum
2497 3524 2657 3578 quem
2686 3505 3043 3579 spopondisti.
3088 3503 3163 3560 ita
3202 3502 3293 3559 ﬁet
3320 3513 3377 3558 ut
3402 3504 3524 3574 ipse
3547 3520 3764 3575 quoque
3785 3518 3872 3558 esse

2300 3600 2525 3671 incipias
2575 3602 2843 3670 ingratus,
2880 3608 2935 3655 et
2973 3605 3265 3668 prmtereas
3305 3596 3436 3652 illttd
3469 3598 3625 3669 quod
3653 3600 3866 3666 scriptam

2300 3702 2423 3750 est:
2466 3692 2699 3748 Gratiam
2739 3692 3120 3763 repromissoris
3159 3707 3221 3745 ne
3268 3689 3651 3757 obliviscaris;
3696 3689 3718 3728 δ
3752 3688 3889 3741 dedit

2299 3786 2433 3839 enim
2465 3802 2559 3856 pro
2587 3797 2634 3841 te
2654 3786 2880 3840 animant
2904 3786 3088 3839 bonaut
3112 3781 3303 3858 (Eccli.
3332 3799 3487 3849 sitis,
3520 3783 3651 3854 20).
3676 3783 3850 3839 Necesse

2298 3889 2382 3934 est
2409 3880 2557 3935 dicas
2582 3898 2596 3933 :
2624 3880 2756 3949 Quis
2781 3881 2925 3935 enim
2951 3889 3001 3935 te
3027 3879 3302 3949 qurerebat
3328 3878 3493 3933 ﬁdem
3522 3876 3858 3936 diceretiiam

2299 3973 2404 4028 nisi
2448 3982 2506 4029 tu
2558 3974 2719 4029 [idem
2771 3974 3041 4041 dixisses,
3088 3986 3189 4045 ego
3222 3989 3327 4028 non
3374 3974 3865 4045 accepissempeett-

2299 4068 2464 4123 niam.
2502 4068 2814 4125 Adulteram
2845 4070 3027 4140 accepi
3061 4068 3346 4141 pecuniam
3370 4110 3385 4135 ,
3418 4083 3497 4124 tes
3522 4084 3666 4125 auro
3700 4068 3866 4124 admis-

2300 4173 2412 4219 tum
2444 4164 2576 4218 mihi
2604 4163 2753 4219 dedit
2785 4182 2798 4218 :
2834 4164 3036 4219 utinam
3069 4172 3122 4219 te
3147 4177 3253 4218 non
3284 4162 3581 4218 obtulisses
3607 4164 3621 4219 ι
3654 4162 3865 4219 Fortasse

2298 4258 2537 4314 creditor
2564 4266 2617 4312 te
2641 4257 2974 4324 subornavit,
3001 4258 3086 4312 vel
3113 4267 3171 4311 tu
3202 4257 3373 4313 illum.

2372 4352 2461 4409 90.
2489 4353 2629 4423 Ergo
2654 4367 2784 4409 cave
2820 4368 2887 4407 ne
2914 4353 3093 4407 alieno
3125 4364 3176 4408 te
3206 4351 3412 4423 obliges
3439 4351 3671 4419 debito;
3702 4368 3764 4408 ne
3792 4352 3868 4407 hoc

2297 4462 2512 4519 quoque
2535 4446 2838 4503 vendidisse
2867 4446 3067 4501 dicaris
3101 4466 3113 4500 :
3145 4458 3167 4485 ο
3195 4462 3262 4502 ne
3288 4446 3484 4517 siquid
3513 4446 3632 4512 tibi,
3660 4456 3717 4502 ut
3739 4448 3871 4503 habet

2299 4555 2427 4595 usus
2474 4539 2757 4604 amicitiae,
2801 4539 3014 4595 debitor
3058 4539 3269 4596 dederit
3296 4540 3522 4610 gratiae,
3553 4548 3610 4595 te
3652 4539 3872 4596 videatur

2216 4629 2269 4691 D
2296 4636 2513 4691 emisse.
2545 4637 2651 4691 Aut
2688 4636 2732 4690 si
2762 4636 2841 4690 vis
2887 4635 3245 4702 intervenire,
3279 4636 3517 4689 moveris
3544 4633 3708 4689 amici
3736 4634 3869 4689 obse-

2298 4738 2481 4784 cratus
2504 4731 2669 4784 oratis
2695 4771 2709 4795 ,
2742 4730 3017 4785 erubescis
3062 4744 3294 4799 negare;
3328 4728 3403 4781 ita
3430 4727 3727 4793 interveni,
3763 4728 3868 4782 utsi

2302 4820 2483 4879 debito
2512 4822 2770 4878 solvendo
2798 4839 2907 4878 non
2944 4823 3103 4878 fuerit
3125 4864 3140 4891 ,
3169 4822 3237 4878 de
3264 4830 3357 4877 tuo
3385 4820 3607 4876 noveris
3634 4835 3752 4877 esse
3772 4820 3866 4877 sol-

2293 5003 2476 5068 Rom.,
2507 5013 2617 5059 uta
2655 5013 2702 5058 te
2740 5002 2979 5058 uideatur
3013 5003 3212 5058 emisse.
3241 5002 3345 5059 Alii
3375 5018 3507 5058 mss.
3551 5013 3609 5058 ιιι
3644 5004 3696 5060 in
3722 5016 3861 5061 textu.

2292 5075 2497 5129 Rursus
2526 5076 2613 5131 ubi
2655 5075 2784 5130 edit.
2814 5087 2950 5135 ant.,
2982 5076 3183 5131 noveris
3210 5076 3357 5129 amici
3388 5076 3683 5131 obsecratus
3705 5079 3858 5141 aratis,

2292 5150 2553 5221 erubesces
2613 5165 2816 5221 negare.
2844 5149 3014 5221 Rom.
3067 5158 3120 5203 et
3156 5163 3320 5221 mss.,
3354 5149 3599 5221 moveris.
3629 5186 3644 5199 .
3677 5187 3691 5203 .
3721 5191 3733 5203 .
3763 5166 3862 5204 era-

2293 5219 2480 5274 besces.
2518 5219 2731 5276 Tltttan.
2760 5261 2776 5285 ,
2838 5220 2991 5274 Dion.
3043 5230 3096 5274 et
3139 5220 3289 5274 Colb.
3317 5262 3333 5285 ,
3375 5220 3630 5274 erubescis
3681 5237 3858 5291 negare.

2296 5290 2538 5346 Latinius
2561 5293 2779 5363 conjicit
2800 5293 3191 5363 reponendum,
3211 5309 3328 5346 nam
3350 5308 3451 5363 ueri
3481 5293 3637 5345 amici
3656 5290 3860 5347 obsecra-

2295 5374 2414 5424 tus.
2446 5376 2552 5419 etc.
2591 5364 2789 5419 Verum
2834 5362 2930 5417 ista
2971 5365 3282 5430 conjectura
3324 5362 3457 5417 nihil
3494 5373 3575 5415 est
3614 5379 3773 5432 opus,
3812 5375 3858 5417 ιιι

2291 5435 2597 5505 dispicienti
2632 5436 2849 5503 planum
2882 5436 2972 5489 l‘tet
3005 5452 3017 5488 :
3050 5436 3213 5489 modo
3243 5446 3368 5490 ante
3396 5436 3557 5490 verba
3581 5437 3795 5499 moueris,
3812 5444 3857 5489 et

2292 5508 2575 5571 erubescis,
2610 5508 2980 5575 subintelligat
3016 5507 3353 5575 particulam.
3384 5508 3447 5559 si.
3487 5505 3722 5577 Denique
3753 5522 3851 5575 pro,

2289 5580 2336 5634 si
2371 5580 2591 5633 debitum
2612 5594 2714 5632 non
2735 5580 2959 5633 solutum
2983 5579 3157 5648 fuerit,
3190 5592 3248 5633 ut
3278 5582 3327 5633 iu
3354 5590 3464 5631 aut.
3495 5578 3628 5632 edit.
3658 5592 3717 5631 ac
3741 5592 3849 5632 mss.

2289 5651 2500 5705 duobus
2534 5652 2709 5721 legere
2754 5663 2868 5712 est;
2900 5649 3057 5704 Rom.
3090 5660 3139 5703 et
3180 5666 3308 5704 mss.
3337 5650 3554 5703 tatideut
3586 5648 3847 5715 exhibent,

2289 5723 2335 5776 si
2374 5723 2567 5776 debitor
2600 5720 2841 5775 solvendo
2882 5738 2982 5775 non
3021 5723 3218 5792 fuerit:
3245 5721 3332 5775 alii
3359 5722 3597 5792 omnium
3628 5722 3847 5776 vetustis-

2289 5796 2431 5877 simi,
2465 5796 2507 5847 si
2539 5795 2703 5849 debito
2729 5794 2991 5859 solvendo,
3009 5790 3141 5861 etc.,
3160 5793 3253 5851 ubi
3278 5790 3717 5863 subintelligenda
3737 5806 3842 5863 var,

2288 5878 2505 5924 amrcus.
