4066 6360
157 295 288 356 793

636 297 728 358 DE
765 295 1416 358 INTERPELLA’I'IONE
1463 297 1578 359 JOB
1619 297 1709 359 ΕΤ
1747 301 1800 361 D.

1912 300 1961 362 Ι)
1989 299 2175 362 LIBRI
2213 299 2570 374 ρυΑτυοιι.
2611 297 3009 362 ADHONITIO.

3388 304 3495 364 794

155 410 466 472 vendum.
507 411 564 472 In
592 413 707 471 hinc
738 425 952 487 paratus
990 413 1208 472 accede.
1238 413 1436 486 Legisti
1460 415 1605 471 enim
1633 434 1646 470 :
1677 414 1800 471 Non
1827 419 1876 480 Α
1905 417 1982 474 illi
2026 420 2116 489 qui
2153 419 2602 478 scandaliaaverit
2640 437 2808 479 unnm
2841 420 2912 480 de
2951 421 3360 493 pusillis'istis!
3393 425 3497 497 Qui

155 512 461 580 spondeas
504 528 656 580 super
699 512 932 567 virtutem
973 521 1113 566 tuam
1137 527 1156 575 ,°
1184 509 1228 564 si
1265 511 1399 565 enim
1439 510 1800 582 spoponderis,

154 604 335 673 quasi
366 607 651 660 restituens
678 605 846 676 cogita
877 603 1063 670 (Eccli.
1095 619 1206 667 viti,
1250 603 1354 673 l6).
1392 602 1458 658 Et
1491 603 1629 658 infra
1655 620 1670 660 :
1700 603 1803 658 Re-

156 698 296 766 cipe
323 702 631 766 proximum
643 700 920 754 secundum
934 699 1163 753 virtutem
1177 707 1338 764 tuam,
1355 710 1401 754 et
1415 697 1575 771 621
1597 698 1803 753 attende

159 790 269 845 tibi
316 809 392 847 ne
434 791 589 847 cadas
616 790 799 862 (Eccli.
845 806 997 856 xxix,
1029 791 1156 863 27),
1187 790 1237 845 id
1270 801 1375 856 est,
1409 808 1476 846 ne
1515 792 1721 860 tnajnre
1752 802 1802 848 te

162 884 418 957 obliges
453 896 480 924 ἰ
529 885 764 941 neminis
788 887 1087 956 quantitate
1123 899 1283 956 quam
1317 883 1460 940 ferre
1501 896 1722 953 possunt
1749 895 1805 941 et

163 978 494 1034 exsolvere
525 989 730 1033 tuarum
755 977 924 1048 copia:
945 975 1273 1032 facultatum.
1299 975 1357 1032 Si
1381 978 1525 1032 enim
1542 976 1687 1048 quod
1711 977 1806 1034 lia-

164 1075 280 1131 bes
317 1075 541 1139 tradas,
571 1070 800 1129 amisisti
841 1087 994 1144 opes,
1021 1088 1126 1128 non
1151 1072 1381 1128 amisisti
1411 1071 1594 1128 ﬁdem.
1624 1071 1807 1128 Fatum

166 1177 292 1224 tua:
348 1169 555 1224 damna
599 1183 705 1224 non
739 1167 930 1234 sentis,
975 1166 1259 1223 redemisti
1286 1167 1518 1223 amicum
1568 1167 1686 1222 sine
1719 1175 1805 1222 tua

163 1259 409 1316 fraude.
462 1259 605 1316 Alibi
643 1275 857 1332 quoque
895 1259 949 1316 id
981 1271 1031 1316 le
1062 1269 1287 1316 monent
1323 1259 1613 1316 Proverbia
1649 1258 1808 1316 Salo-

161 1354 380 1409 monis
412 1353 651 1412 dicentis
681 1373 695 1408 :
727 1353 1002 1425 Spondens
1023 1355 1218 1424 sponde
1240 1355 1403 1409 amico
1429 1363 1538 1420 tuo,
1559 1352 1806 1426 quemad-

163 1448 412 1504 modum
465 1450 552 1514 qui
594 1449 784 1522 obligat
824 1467 877 1506 se
919 1467 1218 1523 sponsorem
1268 1451 1549 1506 amicorum
1593 1465 1806 1505 suorum

163 1541 381 1616 (Prov.
421 1559 560 1609 χιιι,
592 1544 706 1615 18).
730 1543 787 1600 Si
819 1554 1001 1600 autem
1039 1559 1149 1600 non
1180 1543 1367 1609 habes,
1397 1543 1524 1598 audi
1551 1544 1677 1615 quid
1707 1542 1808 1599 Sa-

169 1637 384 1695 lomon
433 1638 577 1695 dicat
606 1655 620 1692 :
648 1636 778 1694 Noli
817 1649 866 1693 te
895 1639 1021 1693 dare
1060 1639 1113 1692 in
1141 1637 1469 1709 sponsionem
1513 1637 1806 1692 erubescens

168 1748 484 1803 personam
507 1751 526 1796 ;
555 1749 600 1788 st
635 1733 773 1788 enim
792 1750 894 1787 non
921 1732 1161 1788 habueris
1191 1733 1326 1786 unde
1354 1733 1542 1798 solvas,
1570 1736 1805 1804 auferent

1907 513 2017 569 scis
2038 529 2104 568 an
2131 514 2183 570 in
2206 529 2274 571 eo
2306 515 2532 588 angelus
2548 516 2652 572 sit?
2676 516 2864 590 Neque
2889 519 3054 592 622
3078 519 3223 576 enim
3251 520 3500 580 dubitare

1905 605 2169 663 debemus
2217 608 2357 680 quod
2402 609 2456 664 in
2489 610 2830 667 mercenaria
2881 616 3054 682 possit
3082 628 3204 670 esse
3251 615 3496 686 angelus,

1906 713 2027 755 cum
2056 715 2178 756 esse
2205 701 2377 772 possit
2397 699 2668 773 Christus,
2693 704 2786 776 qui
2816 703 2870 761 in
2896 703 3122 764 minimo
3142 722 3360 780 quoque
3378 721 3501 764 esse

1906 794 2210 847 consuevit.

1978 885 2071 942 92.
2112 885 2302 942 Redde
2329 903 2462 960 ergo
2489 892 2830 948 mercenaria
2856 893 3162 951 mercedem
3192 909 3372 962 suam,
3403 909 3503 953 nec

1907 995 2030 1037 eum
2060 981 2260 1036 laboris
2287 981 2371 1037 sui
2401 983 2654 1040 mercede
2682 985 3005 1054 defraudes;
3036 988 3164 1058 quia
3190 997 3246 1044 et
3276 998 3330 1043 tu
3361 1004 3505 1044 mer-

1907 1075 2160 1131 cenarius
2185 1074 2389 1131 Christi
2421 1091 2504 1143 es,
2533 1086 2589 1133 et
2618 1087 2672 1133 te
2699 1079 2960 1135 conduxit
2981 1079 3048 1135 ad
3077 1079 3292 1138 vineam
3322 1096 3498 1149 suam,

1909 1179 1964 1224 et
1992 1168 2086 1224 tibi
2117 1184 2328 1226 merces
2354 1171 2593 1241 reposita
2617 1180 2701 1226 est
2727 1171 2987 1229 celestis.
3019 1172 3136 1229 Non
3175 1189 3307 1244 ergo
3337 1173 3502 1229 laedas

1909 1277 2127 1319 servum
2158 1273 2474 1335 operantem
2506 1264 2561 1320 in
2591 1265 2854 1332 veritate,
2887 1282 3064 1338 neque
3107 1267 3506 1324 mercenarium

1910 1355 2128 1412 dantem
2168 1356 2404 1413 animam
2451 1372 2648 1414 suam:
2693 1373 2798 1415 non
2842 1358 3112 1431 despicias
3159 1361 3373 1432 inopem
3418 1359 3512 1433 qui

1911 1452 2075 1507 vitam
2106 1467 2258 1508 suam
2292 1451 2478 1509 labore
2508 1465 2730 1510 exercet
2758 1469 2890 1520 suo,
2918 1463 2974 1510 et
3014 1456 3265 1512 mercede
3293 1466 3512 1512 susten-

1911 1556 2013 1602 tat.
2056 1545 2168 1602 Hoc
2194 1559 2273 1602 est
2302 1547 2446 1602 enim
2478 1547 2786 1606 interficere
2816 1549 3090 1604 hominem
3113 1589 3128 1615 ,
3161 1550 3285 1605 vita:
3309 1562 3422 1606 sna:
3458 1550 3510 1607 ei
3551 1527 3574 1694 ε
3602 1571 3630 1586 νο

1911 1637 2089 1694 debita
2120 1638 2360 1694 subsidia
2403 1639 2695 1694 denegare.
2743 1640 2812 1694 Et
2860 1651 2916 1694 tu
2959 1640 3328 1694 mercenarius
3355 1656 3416 1694 es
3455 1642 3512 1694 in

1909 1637 2089 1695 debita
2120 1638 2360 1695 subsidia
2403 1639 2695 1712 denegare.
2743 1640 2812 1696 Et
2860 1651 2916 1697 tu
2959 1640 3328 1697 mercenarius
3355 1656 3416 1696 es
3455 1642 3512 1698 in

1911 1736 2013 1791 hac
2040 1747 2179 1792 terra
2204 1753 2219 1790 :
2251 1739 2315 1791 da
2346 1737 2657 1793 mercedem
2687 1737 3025 1795 mercenario
3045 1778 3060 1802 ,
3090 1744 3226 1792 utet
3251 1746 3306 1791 tu
3335 1737 3512 1808 possis

166 1834 542 1881 stramentum
564 1826 630 1880 de
651 1827 744 1880 sub
770 1827 1013 1882 lateribus
1041 1827 1144 1882 tuis
1168 1825 1355 1900 (Prov.
1377 1841 1509 1892 uti,
1525 1824 1596 1882 26
1616 1837 1662 1881 et
1683 1826 1802 1898 ‘27).
1836 1829 1884 1891 Β
1909 1828 2091 1885 dicere
2108 1829 2360 1892 Domino,
2389 1845 2511 1884 cum
2532 1832 2810 1900 precaris:
2837 1829 2918 1884 Da
2935 1831 3239 1896 mercedem,
3267 1827 3508 1898 Domine,

164 1917 336 1990 Ergo
379 1919 563 1977 bonus
594 1919 872 1976 fenerator
910 1921 1155 1992 acquiret
1175 1921 1402 1991 gratiam
1424 1959 1440 1987 ,
1473 1919 1802 1976 exsecratio-

167 2012 402 2073 tionein
440 2009 736 2088 improbus.
1735 2011 1750 2025 '

771 2149 1000 2210 CAPUT
1041 2150 1231 2208 XXIV.

175 2268 475 2341 Quomodo
519 2269 710 2326 Tobias
747 2272 802 2326 in
831 2273 1078 2326 mercedis
1113 2272 1370 2327 solutione
1410 2272 1556 2328 nobis
1589 2273 1802 2330 imitan-

1904 1923 2268 1978 sustinentibus
2295 1932 2344 1978 te
2374 1921 2564 1995 (Eccli.
2592 1938 2775 1988 χχχιι,
2812 1923 2922 1995 18).

1977 2017 2067 2073 93.
2110 2017 2307 2074 Tobias
2329 2019 2427 2074 tibi
2448 2017 2616 2073 dicit:
2646 2017 2879 2074 Luxuria
2898 2028 3060 2074 mater
3078 2027 3154 2074 est
3175 2018 3330 2092 famis
3353 2016 3508 2092 (Tob.

1905 2127 1980 2178 tv,
2011 2108 2145 2184 15),
2177 2122 2198 2148 ε
2228 2111 2280 2167 in
2312 2127 2420 2183 quo
2459 2111 2850 2168 continentiam
2887 2111 3070 2168 docet.
3123 2111 3263 2167 Dicit
3301 2111 3504 2168 etiam:

1905 2207 2195 2264 Mercedem
2235 2208 2374 2262 omni
2403 2207 2594 2264 homini
2632 2207 2721 2274 qui
2762 2223 2915 2278 penes
2955 2216 3004 2262 te
3043 2217 3286 2278 operatus
3328 2197 3546 2286 fuerin;

1904 2301 2376 2371 rgddeeademdie,
2393 2310 2438 2354 et
2460 2316 2562 2354 non
2575 2309 2778 2354 maneat
2801 2316 2952 2369 penes
2970 2310 3018 2353 te
3038 2314 3231 2354 merces
3251 2296 3511 2365 hominis;
3529 2297 3532 2300 ’

287 2367 400 2422 dm
420 2384 444 2433 δ
474 2366 674 2434 quad“
699 2367 970 2439 [⁸⁷⁸⁸⁷⁸ηῶ
993 2383 1152 2438 gem“
1176 2367 1317 2422 idem
1356 2375 1449 2422 nos
1473 2367 1692 2422 dom"?
1906 2366 1957 2451 ei
1981 2412 2172 2451 merces
2202 2406 2289 2450 tua
2315 2410 2417 2448 non
2444 2393 2782 2448 minorabitur
2845 2392 3012 2458 lbid.,
3043 2391 3171 2465 15).
3201 2391 3342 2447 Dicit
3369 2391 3464 2446 tibi
3491 2406 3508 2448 :

1907 2487 2035 2544 Noli
2063 2488 2236 2542 vinum
2264 2486 2432 2541 bibere
2449 2487 2501 2540 in
2523 2485 2815 2541 ebrietatem
2847 2483 2901 2558 (1
2907 2485 3036 2550 bid.,
3055 2483 3166 2554 16).
3202 2481 3341 2538 Dicit
3370 2482 3469 2538 tibi
3493 2499 3507 2537 :

1905 2581 1985 2637 De
2007 2597 2140 2651 pane
2163 2590 2248 2634 tuo
2269 2578 2587 2633 communica
2617 2575 2954 2633 esurientibus
2980 2573 3182 2649 (Ibid.,
3213 2571 3336 2649 17).
3368 2573 3505 2632 Vide

1905 2675 2032 2748 quid
2066 2687 2117 2730 te
2145 2673 2394 2729 fenerare
2424 2672 2604 2743 cupiat
2631 2690 2645 2726 :
2677 2669 2744 2726 Et
2789 2671 2852 2724 de
2877 2669 3188 2724 vestimentis
3215 2667 3316 2721 tuis
3340 2664 3508 2720 nudos

1903 2781 2012 2842 tege
2035 2786 2055 2824 :
2081 2785 2146 2824 ea:
2163 2768 2401 2823 omnibus
2421 2783 2535 2838 qua:
2571 2765 2942 2820 abundaverint
2983 2763 3094 2828 tibi,
3119 2768 3203 2835 [ac
3224 2761 3508 2833 eleemosy-

1901 2881 2043 2919 nam.
2063 2862 2217 2918 Omni
2239 2873 2461 2934 tempore
2479 2860 2683 2915 benedic
2697 2856 2974 2913 Dominum
2992 2854 3184 2927 (Ibid.,
3203 2854 3270 2911 18
3285 2864 3329 2908 et
3349 2853 3505 2924 seq.).

1901 2957 1960 3014 ln
1983 2957 2068 3012 his
2091 2958 2270 3028 itaque
2298 2956 2452 3012 lentis
2471 2965 2733 3011 aeternum
2756 2961 2861 3020 est,
2890 2961 2943 3008 et
2974 2965 3135 3006 usura
3167 2956 3446 3021 perpetua.

248 2484 350 2541 91.
396 2483 511 2541 Sed
545 2499 650 2540 non
693 2483 777 2540 his
807 2493 1015 2540 tantum
1047 2483 1304 2539 virtutum
1337 2483 1534 2541 ﬁnibus
1570 2491 1800 2541 conten-

168 2587 269 2635 tus
291 2588 536 2634 sanctus
559 2577 779 2644 Tobias,
808 2579 1144 2634 mercenario
1161 2593 1376 2650 quoque
1399 2579 1556 2635 scivit
1580 2579 1797 2635 solven-

168 2671 310 2728 dam
345 2686 481 2727 esse
507 2671 842 2737 mercedem,
877 2671 1162 2727 dimidium
1193 2686 1362 2743 usque
1395 2671 1588 2727 obtulit
1627 2669 1794 2743 (Tob.

172 2781 258 2833 Iv,
287 2763 440 2835 l5);
471 2766 775 2836 meritoque
819 2779 916 2835 pro
938 2765 1273 2821 mercenaria
1301 2763 1504 2820 invenit
1533 2768 1798 2837 Angelum

171 2859 318 2915 Tob.
346 2875 452 2926 ιιι,
481 2858 560 2932 5).
589 2859 654 2914 Ει
683 2867 736 2913 ιιι
767 2859 909 2915 unde
936 2860 1044 2915 scis
1075 2875 1144 2914 ne
1171 2857 1312 2914 forte
1337 2859 1540 2928 justum
1565 2860 1800 2929 aliquem

177 2954 458 3011 mercede
499 2953 790 3010 defraudes
812 2996 827 3021 ,
857 2952 886 2992 ι)
920 2954 1073 3026 pejus
1102 2953 1150 3008 si
1180 2953 1491 3009 inlirmum?
1536 2952 1630 3010 Vae.
1656 2955 1801 3010 enim

257 3125 288 3154 ι
331 3115 474 3172 Mss.
489 3114 668 3189 τοι-η.
695 3127 750 3173 et
782 3117 919 3174 Vict.
943 3134 1066 3174 cum
1094 3118 1254 3184 edit.,
1287 3119 1614 3174 numismatis
1638 3135 1802 3189 quan-
1827 3119 1874 3184 C
1906 3119 2095 3176 Melius
2135 3119 2383 3186 Thuau.,
2426 3116 2596 3174 Laud.
2619 3157 2636 3184 ,
2672 3113 2831 3172 Dion.
2863 3120 2919 3170 et
2955 3110 3108 3166 Colb.
3129 3149 3144 3175 ,
3171 3110 3323 3181 pejus
3348 3107 3395 3162 si
3427 3105 3509 3162 in-

177 3191 358 3244 titate.
387 3188 498 3244 Sed
518 3204 644 3263 cum
668 3190 902 3256 Thuau.,
937 3190 1130 3252 Land..
1161 3193 1317 3263 Dion.
1345 3201 1400 3246 et
1427 3191 1582 3246 Colb.
1617 3188 1801 3261 legen-
1908 3194 2138 3263 ﬁrmurtt.
2430 3261 2438 3263 ᾗ
2574 3261 2582 3263 Α
2733 3258 2744 3263 _
3255 3250 3276 3263 .
3406 3259 3417 3263 Δ
3453 3250 3467 3262 ο

177 3263 344 3336 dum,
381 3250 947 3336 nominisqunntitate;
976 3250 1158 3318 nomen
1181 3262 1324 3318 enim
1361 3263 1460 3317 hac
1489 3265 1538 3318 in
1573 3250 1798 3336 tnaferia
1908 3250 1920 3263 ’
1981 3267 2005 3297 ο
2049 3263 2118 3319 In
2159 3281 2258 3334 quo
2303 3261 2677 3336 continentiam
2709 3258 2888 3322 docet,
2919 3263 3221 3336 resecatum
3253 3250 3424 3306 fuerat
3452 3250 3506 3306 in

177 3333 335 3389 idem
369 3341 461 3407 est
498 3348 562 3387 ac
591 3327 836 3388 debitum.
881 3327 1034 3391 Unde
1063 3336 1177 3390 ista!
1209 3335 1513 3390 locutiones
1533 3377 1550 3401 ,
1580 3335 1799 3390 nomina
1909 3336 2068 3392 Rom.
2099 3327 2231 3392 edit.
2264 3336 2405 3391 lnlra
2436 3350 2564 3388 verti
2593 3331 2687 3407 ubi
2725 3327 3073 3407 omnesedit.
3095 3339 3171 3407 Aac
3199 3337 3330 3407 tri-ss.
3362 3337 3502 3406 non.-

177 3405 553 3480 coiitraliere,
581 3408 797 3480 nomina
829 3407 1152 3480 dissolvere,
1178 3418 1234 3463 et
1263 3407 1490 3480 similes.
1536 3395 1547 3401 ’
1700 3475 1729 3480 _
1909 3410 2064 3474 nulli,
2094 3409 2220 3478 quid
2240 3419 2288 3462 te
2309 3412 2544 3480 fenerare
2569 3403 2742 3474 cupiat
2760 3443 2774 3465 ,
2803 3400 2894 3480 alii
2926 3399 3112 3469 legunt
3130 3395 3258 3468 quid
3279 3405 3361 3463 te,
3384 3395 3507 3466 qui-

254 3475 286 3516 b
325 3476 474 3554 fidit.
510 3478 912 3554 vet..‘punisne,
937 3479 1340 3554 Rmu.__punisue
1369 3479 1652 3554 infirmum.
1689 3475 1796 3532 Co-
1906 3472 2058 3549 ιιαιηέ
2088 3472 2234 3554 (quid
2259 3472 2323 3534 άέ
2349 3489 2398 3533 ⁸⁸
2414 3474 2435 3548 )
2465 3472 2754 3548 Ῑεπενσῖοτθ
2772 3472 2966 3544 θννίατο

177 3548 292 3606 dex
331 3548 507 3605 Torn.
543 3550 697 3621 punis
726 3553 766 3603 si
789 3551 1070 3622 inﬁrmum.
1101 3550 1236 3607 Vict.
1267 3557 1474 3622 punisse
1506 3551 1792 3622 infirmum.

183 3663 3448 3719 Μ

294 3869 304 3879 -
361 3811 488 3896 ΙΝ
560 3813 972 3901 LIBROS
1048 3816 1210 3900 DE
1282 3813 2391 3902 INTERPELLATIONE
2463 3811 2673 3896 JOB
2748 3809 2898 3893 ET
2973 3802 3340 3892 DAVID

1527 3975 1920 4054 ADMON
1929 3973 2187 4048 ITIO.

1657 4137 1997 4156 ψ

259 4220 483 4278 Constat
517 4218 601 4274 hic
626 4225 878 4272 tractatus
911 4226 1132 4289 quatuor
1160 4217 1306 4273 libris
1339 4217 1408 4275 de
1432 4219 1874 4289 lnterpellatione
1902 4219 1990 4294 (id
2013 4229 2118 4286 est,
2147 4219 2556 4290 expostulatione
2581 4233 2673 4274 seu
2699 4214 2938 4289 querela)
2967 4213 3070 4271 Job
3099 4223 3152 4270 et
3183 4213 3348 4270 David
3368 4255 3386 4284 ,
3413 4217 3509 4286 qui

181 4329 292 4370 non
318 4327 501 4367 omnes
535 4310 691 4365 simul
726 4310 781 4364 in
819 4309 1278 4365 Ambrosianorum
1307 4326 1518 4381 cperunt
1546 4311 1858 4367 editionibus
1878 4312 2212 4384 prodierunt.
2245 4310 2515 4365 Enimvero
2549 4311 2636 4382 qui
2662 4309 2973 4380 antiquiores
2996 4317 3302 4362 curaverunt
3325 4307 3510 4365 editio.

180 4422 312 4469 nes,
360 4419 484 4458 cum
521 4403 574 4456 in
609 4401 849 4456 mutilum
891 4402 1156 4473 exemplar
1199 4402 1540 4468 incidissent,
1588 4402 1773 4458 librum
1813 4405 2094 4458 secundum
2133 4403 2527 4474 prattermisere.
2564 4400 2722 4456 Hunc
2763 4401 2960 4472 primus
2985 4399 3210 4454 omnium
3249 4401 3508 4474 euulgavit

183 4495 470 4559 Erasmus,
503 4493 594 4548 sed
633 4510 750 4548 cum
788 4492 1090 4568 hujusmodi
1125 4509 1342 4548 censura
1381 4495 1401 4558 ί
1427 4494 1594 4566 Epist.
1623 4496 1742 4549 huic
1765 4495 1898 4550 libro
1938 4496 2154 4566 praeﬁxa
2181 4497 2233 4548 in
2257 4496 2380 4549 edit.
2413 4493 2724 4566 Ambros.),
2756 4509 2870 4563 qua
2895 4494 3067 4563 ipsum
3095 4491 3309 4548 Ductori
3333 4503 3508 4550 nostro

183 4589 551 4662 abjudicatum
583 4587 782 4643 auctori
805 4586 922 4641 libri
957 4585 1026 4641 de
1053 4585 1348 4642 Vocatione
1368 4585 1620 4642 Gentium
1643 4587 1963 4642 attribueret.
1989 4585 2123 4657 Ejus
2146 4586 2355 4640 unicum
2381 4595 2741 4658 argumentum
2769 4595 2842 4639 est
2869 4584 2992 4656 styli
3021 4600 3172 4656 quem
3207 4583 3270 4638 ab
3292 4583 3508 4640 Ambro-

183 4680 338 4736 siano
363 4682 520 4753 longe
539 4678 797 4734 diversum
817 4693 928 4732 esse
949 4687 1206 4743 autumat,
1230 4678 1602 4747 discrepantia.
1631 4675 1878 4732 Gillotius
1907 4694 2024 4732 vero
2044 4679 2132 4749 qui
2159 4688 2268 4750 post
2297 4695 2416 4734 eum
2435 4678 2489 4732 in
2509 4678 2721 4733 edendis
2741 4677 2996 4732 Ambrosii
3020 4676 3259 4746 operibus
3284 4677 3507 4731 laborem

185 4777 414 4848 suscepit
437 4791 541 4829 non
567 4773 900 4833 mediocrem,
927 4771 1177 4826 acerrime
1204 4769 1338 4825 hanc
1357 4771 1586 4844 ejusdem
1611 4772 1904 4844 opinionem
1930 4772 2216 4843 impugnat,
2247 4769 2391 4825 illam
2418 4771 2586 4842 fulcro
2613 4786 2798 4844 parum
2819 4768 3097 4824 admodum
3124 4780 3234 4824 tuto
3263 4769 3360 4822 niti
3387 4784 3508 4823 con-

187 4869 402 4924 tendens
445 4867 703 4941 (Prwfat.
737 4868 791 4920 in
821 4865 949 4920 edit.
985 4863 1217 4918 Ambros.
1260 4875 1308 4919 et
1338 4865 1534 4918 monito
1573 4863 1626 4917 in
1669 4862 1946 4918 secundum
1983 4861 2289 4934 Apologiam
2320 4858 2566 4932 David);
2614 4877 2731 4914 cum
2761 4861 2992 4916 videlicet
3032 4860 3224 4916 sanctis
3263 4856 3510 4914 Patribus

187 4963 404 5017 minime
432 4963 657 5016 insolens
681 4960 839 5032 fuerit
860 4958 1053 5028 stglum
1073 4972 1224 5012 suum
1252 4972 1347 5025 pro
1367 4956 1606 5019 materia,
1636 4965 1884 5027 tempore,
1911 4953 1992 5007 vel
2015 4955 2249 5024 personis
2277 4970 2403 5023 quas
2429 4954 2840 5020 alloquebantur,
2865 4964 3097 5018 mutare;
3125 4968 3239 5006 cum
3261 4961 3509 5021 prtcterea

190 5053 397 5108 codices
439 5069 562 5108 mss.
591 5069 716 5122 quos
756 5069 785 5107 e
821 5050 1037 5106 diversis
1077 5047 1392 5103 bibliothecis
1439 5047 1802 5118 conquisierat,
1833 5061 2020 5116 magno
2061 5061 2315 5100 consensu
2355 5047 2488 5100 hanc
2533 5064 2733 5102 omnem
2781 5046 3188 5101 lucubrationem
3235 5043 3505 5101 Ambrosio

190 5143 472 5198 ascribant.
504 5142 718 5198 Gillmio
747 5143 901 5197 etiam
924 5139 1281 5214 suffragantur
1307 5154 1368 5194 ea
1396 5137 1579 5208 quibus
1605 5139 1685 5192 usi
1709 5153 1908 5202 sumus,
1941 5137 2283 5207 exemplaria,
2314 5155 2529 5210 quorum
2556 5156 2716 5194 unum
2753 5141 2835 5193 sin
2873 5139 3043 5192 minus
3069 5144 3178 5192 tam
3211 5137 3396 5192 multae
3420 5147 3507 5195 est

191 5233 556 5304 antiquitatis,
580 5244 639 5288 ut
659 5233 846 5302 jurare
873 5233 1046 5301 possis
1067 5241 1227 5286 aetate
1249 5229 1354 5285 divi
1383 5229 1654 5285 Ambrosii
1686 5230 1948 5300 scriptum
1967 5245 2111 5296 esse,
2139 5232 2569 5302 quemadmodum
2599 5233 2662 5287 de
2685 5231 2910 5301 quodam
2933 5249 2959 5286 e
2983 5231 3092 5286 suis
3115 5231 3343 5294 loquitur
3366 5231 3502 5288 idem

196 5326 464 5391 Gillotius,
494 5327 646 5401 (Loc.
667 5324 785 5398 cit.)
807 5335 858 5379 at
880 5327 1062 5379 saltem
1082 5325 1222 5380 mille
1249 5339 1413 5378 annos
1434 5334 1490 5378 ut
1511 5323 1781 5378 minimum
1805 5326 2034 5395 prafert.
2063 5322 2130 5378 In
2151 5340 2210 5379 eo
2231 5334 2450 5396 quatuor
2475 5325 2529 5379 hi
2552 5324 2668 5379 libri
2698 5324 2877 5379 eodem
2899 5325 3100 5390 ordine,
3127 5341 3190 5378 ac
3207 5323 3300 5380 sub
3322 5325 3503 5382 iisdem

194 5421 380 5486 titulis,
403 5422 584 5492 quibus
610 5419 734 5474 illos
762 5416 986 5472 edendos
1015 5417 1326 5482 curauimus,
1359 5414 1682 5471 exhibentur.

268 5513 332 5567 At
359 5529 477 5568 vero
497 5514 592 5568 etsi
615 5511 759 5567 nobis
785 5509 1014 5563 deessent
1034 5516 1189 5562 tanta,
1217 5507 1535 5563 auctoritatis
1559 5506 1924 5578 manuscripti,
1955 5516 2122 5562 tamen
2159 5508 2272 5582 ipsa
2309 5506 2375 5562 Β.
2409 5505 2662 5562 Prtcsulis
2688 5509 2839 5563 verba
2859 5549 2876 5574 ,
2909 5516 2960 5562 et
2983 5509 3134 5563 totius
3161 5511 3330 5580 operis
3349 5509 3503 5567 series

198 5603 408 5672 planum
444 5607 635 5676 faceret
676 5598 960 5658 secundum
992 5599 1125 5652 hunc
1165 5597 1354 5652 librum
1384 5598 1718 5654 nihilominus
1759 5614 1913 5668 quam
1945 5609 2048 5655 tres
2075 5601 2208 5656 alios
2234 5600 2406 5655 deberi
2430 5597 2719 5655 Ambrosio.
2750 5598 2864 5654 Nec
2883 5601 3015 5656 illud
3039 5617 3271 5657 asserere
3298 5601 3502 5658 dubita-

201 5709 332 5757 mus,
360 5693 632 5749 Erasmum
655 5696 826 5765 ipsum
849 5705 1058 5763 prorsus
1085 5689 1375 5760 Opinionem
1395 5707 1566 5756 suum,
1589 5691 1634 5745 si
1661 5689 1813 5744 modo
1838 5689 2023 5745 horum
2047 5703 2271 5764 quatuor
2292 5693 2541 5746 librorum
2570 5688 2722 5744 initia
2740 5691 2958 5747 invicem
2987 5694 3304 5752 contulisset.
3328 5696 3500 5767 ejura—

203 5792 371 5839 turum
398 5785 574 5856 fuisse.
609 5785 751 5854 Quid
770 5783 908 5840 enim
930 5780 1209 5836 euidentius
1230 5781 1297 5836 iis
1318 5783 1478 5836 verbis
1504 5781 1687 5852 quibus
1715 5783 2014 5838 Ambrosius
2044 5801 2136 5852 per
2157 5783 2390 5839 ordinem
2417 5780 2652 5852 querelas
2673 5799 2707 5836 a
2730 5786 2921 5840 sanctis
2946 5785 3047 5840 Job
3077 5794 3128 5839 et
3153 5784 3324 5842 Dauid
3349 5804 3506 5860 super

207 5877 464 5935 hominum
490 5878 712 5937 miseriis
742 5874 947 5933 habitas
969 5871 1380 5930 esaminnturum
1399 5889 1452 5929 se
1477 5871 1787 5944 proﬁtetur?
1809 5869 2104 5947 Utriusque
2134 5875 2318 5949 igitur,
2343 5872 2511 5944 inquit
2533 5869 2692 5942 (Lib.
2715 5889 2757 5944 ι,
2787 5893 2908 5950 cap.
2942 5877 2992 5948 1,
3020 5891 3168 5935 nunt.
3200 5878 3305 5951 ὅ),
3335 5879 3503 5937 inter-
