4066 6360
568 301 676 360 7οό
1913 309 1991 367 ει
2001 309 2159 368 NCT!
2196 309 2518 370 AMBROSII
3793 317 3824 368 τ
3839 313 3896 368 35

568 416 898 486 pellationes
925 419 1270 478 considerare
1310 425 1456 480 cordi
1485 437 1570 482 est
1613 469 1623 480 .
1655 469 1667 481 .
1705 469 1716 480 .
1769 427 1880 484 Sno
1911 428 2072 500 igitur
2111 427 2302 484 ordine
2333 431 2638 500 spectanda:
2685 433 2839 490 nobis
2887 443 3030 486 sunt.
3067 431 3184 487 Hoc
3209 435 3390 506 utique
3421 449 3530 486 non
3571 433 3684 486 nisi
3713 431 3896 500 primis

568 509 770 566 duobus
795 513 938 568 libris
965 523 1210 584 praestare
1237 520 1423 590 potuit,
1465 519 1602 591 quod
1631 531 1675 575 et
1705 521 1894 576 ibidem
1918 541 1950 576 a
1983 539 2038 578 se
2061 524 2347 592 praestitum
2381 525 2570 592 tradit,
2615 543 2729 584 cum
2767 527 2915 581 initio
2939 529 3072 582 tertii
3101 527 3218 582 libri
3247 530 3322 582 sic
3355 529 3596 596 loquitur
3625 531 3646 596 (
3671 523 3812 598 Cap.
3849 527 3896 590 ί,

567 619 712 662 num.
739 604 807 678 i)
840 623 854 661 :
887 605 1148 676 Superior
1173 610 1328 664 nobis
1355 609 1654 681 disputatio
1679 614 1775 668 init
1801 615 1870 669 de
1898 613 2332 685 interpellatione
2360 627 2667 672 sanctorum
2698 618 2914 688 (nempe
2939 617 3036 671 Job
3078 629 3124 672 et
3169 619 3346 672 David
3365 619 3384 690 )
3418 618 3570 690 quod
3603 617 3826 686 fragilis
3849 627 3898 670 et

569 697 842 756 imbecilla
867 700 1114 756 conditio
1141 701 1406 768 humana,
1435 714 1531 759 etc.
1563 705 1832 762 Postremo
1864 707 2094 778 quisquis
2122 709 2354 762 eumdem
2389 709 2672 762 secundum
2711 707 2898 764 librum
2928 726 3042 764 cum
3069 711 3302 778 ejusdem
3327 711 3504 784 aperis
3533 719 3734 774 quarto
3759 723 3896 760 caut-

567 805 756 862 ponere
796 792 1014 848 uoluerit
1037 835 1051 860 ,
1084 793 1130 848 is
1159 797 1342 866 procul
1371 797 1525 852 dubio
1555 814 1645 868 per
1685 815 1738 854 se
1763 798 2038 872 intelliget,
2071 816 2184 855 eam
2213 799 2556 854 diversitatem
2597 817 2751 870 quam
2781 798 3028 854 Erasmus
3051 801 3264 874 jactitat
3283 844 3298 868 ,
3337 817 3538 873 parum
3569 809 3772 872 putum
3803 813 3900 852 esse

569 891 931 938 θοιηηιεηιιιπι.

637 972 864 1032 Romani
890 979 1098 1046 quidem
1123 981 1342 1038 editores
1371 982 1466 1038 hos
1491 1001 1664 1038 omnes
1689 985 1846 1040 libros
1871 1003 1934 1040 ea:
1962 1003 2106 1056 atquo
2129 989 2222 1042 sub
2241 988 2496 1043 Ambrosii
2525 989 2730 1044 nomine
2755 1005 2871 1042 cum
2901 989 3018 1042 aliis
3040 989 3273 1061 ejusdem
3303 987 3560 1058 operibus
3585 981 3768 1055 prcelo
3789 983 3902 1036 sub-

557 1066 759 1138 jacere,
789 1068 882 1122 sed
911 1085 996 1125 eos
1024 1071 1246 1140 fortasse
1272 1075 1432 1144 paulo
1461 1075 1712 1130 audacius
1741 1079 2026 1132 distraxere
2049 1077 2110 1132 ab
2147 1080 2384 1134 invicem.
2417 1079 2650 1134 Primum
2675 1097 2736 1134 ac
2765 1081 2964 1134 tertium
3001 1079 3188 1134 librum
3222 1091 3494 1149 tamquam
3516 1075 3905 1130 commentaris

565 1155 620 1212 in
647 1157 836 1214 librum
861 1158 962 1215 Job
999 1163 1166 1231 primo
1191 1181 1288 1218 suo
1332 1175 1468 1220 tomo
1507 1167 1874 1223 inseruerunt:
1904 1170 2184 1224 secundum
2223 1181 2390 1226 autem
2433 1181 2480 1224 et
2517 1181 2757 1240 quartum
2783 1187 2816 1224 a
2861 1171 3212 1240 superioribus
3262 1171 3475 1224 avulsas
3523 1171 3586 1222 in
3617 1167 3906 1220 secundum

569 1255 760 1312 tantum
789 1251 884 1304 sub
925 1251 1078 1307 titulo
1099 1253 1512 1310 Enarrationum
1536 1257 1588 1310 in
1615 1259 1841 1329 psalmos
1877 1275 1964 1314 xu
1985 1302 1998 1324 ,
2029 1277 2142 1316 χιιι
2168 1278 2228 1316 ac
2257 1279 2402 1317 Lxxn
2425 1266 2730 1334 rejecerunt.
2763 1261 2930 1316 Porro
2959 1279 3075 1314 cum
3115 1261 3422 1328 huiusmodi
3465 1259 3752 1330 separatio
3803 1257 3906 1324 fieri

565 1355 884 1408 nequaquam
915 1346 1159 1412 potuerit,
1191 1346 1316 1414 quin
1333 1347 1666 1403 induceretur
1685 1351 1740 1404 in
1769 1353 1996 1406 auctoris
2025 1363 2218 1408 textum
2249 1355 2428 1424 aliqua
2451 1355 2694 1420 mutatio,
2728 1363 2776 1408 et
2801 1355 3107 1428 prtrclarunt
3135 1371 3268 1422 apus
3299 1352 3668 1406 membrorum
3699 1365 3906 1402 suerunt

569 1432 836 1490 luxatione
859 1451 922 1490 ac
947 1435 1248 1508 disjectione
1279 1439 1655 1508 quodammodo
1677 1453 2124 1512 corrumperetur;
2166 1445 2284 1498 hinc
2309 1445 2442 1498 illud
2469 1445 2674 1500 consilii
2701 1463 2804 1500 non
2831 1445 2948 1498 tulit
2975 1462 3152 1500 eorum
3183 1443 3648 1515 approbationem,
3683 1441 3784 1509 qui
3811 1437 3906 1492 Pa-

567 1530 704 1584 trum
730 1525 950 1592 scripta,
974 1527 1156 1596 qualia
1179 1527 1242 1582 ab
1269 1529 1374 1584 illis
1399 1530 1578 1586 relicta
1603 1540 1744 1598 sunt,
1768 1535 1895 1588 talia
1919 1533 2016 1588 sibi
2046 1535 2272 1590 exhiberi
2292 1539 2416 1608 jure
2437 1536 2751 1592 desiderant.
2781 1535 2916 1592 Hinc
2943 1537 3198 1592 Nicolaus
3231 1536 3406 1590 Faber
3427 1535 3628 1589 studiis
3657 1532 3904 1586 Ludorici

569 1612 722 1670 XIII
757 1617 1018 1685 quondam
1045 1623 1350 1692 praefectus.
1391 1624 1468 1676 uir
1505 1624 1686 1692 pietate
1707 1627 1864 1696 juxta
1891 1635 2044 1696 atque
2075 1627 2368 1682 eruditione
2407 1627 2724 1682 clarissimus
2759 1629 3052 1699 neutiquam
3083 1629 3183 1681 sibi
3209 1627 3558 1696 temperarit,
3590 1625 3732 1688 quin
3765 1623 3900 1676 libere

573 1707 957 1766 distractionem
985 1710 1118 1764 hanc
1145 1711 1457 1784 improbaret
1481 1715 1532 1770 itt
1557 1716 1778 1785 quadam
1805 1734 1906 1771 sua
1931 1717 2148 1786 epistola
2175 1717 2278 1788 (ad
2303 1716 2490 1772 Front.
2515 1717 2821 1790 Daca-um),
2847 1719 2936 1774 ubi
2963 1719 3168 1773 eosdem
3197 1719 3424 1773 editores
3445 1717 3516 1772 ad
3545 1717 3762 1769 hancce
3787 1715 3900 1766 diri-

573 1797 768 1864 tiottem
798 1798 1168 1864 instituendam
1193 1812 1398 1860 coactos
1433 1805 1596 1876 fuisse
1619 1807 1804 1862 asserit
1837 1808 2082 1878 quadam
2115 1809 2440 1879 interpolare
2472 1811 2692 1866 minime
2721 1809 2986 1879 probabili
3015 1811 3286 1880 exemplo.
3321 1809 3512 1879 Neque
3539 1819 3726 1862 tamen
3761 1815 3894 1878 pste-

575 1887 798 1942 uerimus
823 1889 878 1942 id
906 1891 1026 1946 illos
1053 1894 1234 1962 fecisse
1260 1895 1395 1962 malo
1419 1897 1610 1962 animo,
1643 1897 1732 1952 sed
1755 1899 2034 1956 credidisse
2061 1917 2122 1954 ea
2149 1915 2206 1954 re
2229 1917 2282 1954 se
2311 1904 2634 1956 consulturos
2653 1903 2858 1956 lectoris
2883 1903 3092 1956 utilitati
3115 1945 3130 1966 ,
3159 1903 3204 1956 si
3227 1901 3614 1956 commentaria
3641 1901 3700 1952 in
3731 1899 3882 1952 series

581 1977 869 2050 Scriptura:
896 1995 1068 2053 partes
1088 1986 1286 2056 digesta
1305 1988 1408 2061 ipsi
1429 2001 1808 2060 proponerent;
1831 1992 2003 2050 minus
2033 1993 2236 2048 interim
2263 1991 2330 2046 ea'
2353 1995 2811 2066 incommodajquat
2839 2011 2902 2050 es:
2929 1996 3156 2050 admissa
3183 1996 3236 2048 in
3271 1994 3500 2048 Patrum
3527 1993 3700 2048 libros
3723 1993 3885 2060 hujus-

581 2072 724 2126 modi
751 2072 960 2140 licentia
986 2089 1446 2150 consequerentur,
1469 2083 1830 2150 expendentes.

649 2163 831 2234 Itaque
855 2167 936 2224 his
957 2178 1178 2242 quatuor
1209 2169 1352 2232 libris
1373 2172 1660 2242 legitimum
1689 2173 1924 2238 ordinem
1953 2175 2286 2231 restituimus.
2315 2175 2456 2230 Nam
2485 2179 2622 2248 quod
2649 2177 2694 2232 is
2723 2179 2849 2232 liber
2875 2194 3025 2248 quem
3059 2195 3150 2233 nos
3177 2179 3379 2232 edimus
3405 2177 3647 2232 secundo
3681 2177 3820 2236 loco,
3845 2175 3884 2226 in

577 2254 772 2324 duobus
805 2259 1105 2324 recentioris
1132 2264 1225 2316 aeui
1247 2264 1609 2336 manuscriptis
1631 2273 1816 2332 quarto
1843 2267 2154 2336 reperiatur,
2183 2267 2240 2322 id
2266 2284 2322 2321 eo
2345 2267 2536 2338 factum
2559 2269 2896 2336 arbitramur,
2928 2269 3066 2341 quod
3087 2269 3162 2324 illi
3193 2271 3394 2324 codices
3423 2286 3494 2324 ea:
3521 2269 3712 2338 aliquo
3743 2285 3882 2321 exem-

573 2347 710 2418 plari
737 2351 916 2408 mutila
941 2353 994 2418 in
1013 2369 1115 2423 quo
1143 2355 1282 2410 idem
1306 2359 1559 2416 secundus
1587 2356 1714 2412 liber
1733 2357 2148 2428 desiderabatur,
2179 2359 2426 2430 descripti
2453 2362 2679 2432 fuerint;
2705 2377 2820 2415 cum
2847 2377 2964 2416 vero
2985 2363 3260 2433 scriptores
3288 2371 3468 2431 postea
3495 2361 3742 2414 etintdem
3775 2359 3882 2410 alibi

576 2442 712 2498 nacti
736 2443 984 2516 fuissent,
1018 2445 1170 2500 illum
1204 2457 1318 2517 post
1351 2448 1482 2502 alios
1508 2457 1610 2502 tres
1643 2450 1886 2504 continua
1911 2453 2042 2506 serie
2055 2451 2171 2520 jam
2201 2461 2318 2506 ante
2351 2451 2630 2524 dispositos
2657 2461 2950 2508 exararunt.
2989 2451 3056 2506 Et
3083 2463 3218 2508 certe
3244 2469 3346 2506 non
3373 2452 3630 2505 absimile
3665 2449 3876 2520 quiddam

575 2532 630 2584 in
657 2533 966 2592 editiont'bus
989 2553 1188 2606 quoque
1212 2539 1446 2610 contigit.
1479 2538 1686 2594 Etenim
1709 2541 1940 2594 omnium
1963 2543 2335 2611 antiquissima
2361 2560 2476 2612 qua:
2501 2545 2568 2598 ad
2597 2545 2958 2614 imperfectum
2996 2543 3248 2608 codicem,
3278 2553 3334 2596 ut
3353 2547 3473 2616 jam
3519 2542 3780 2600 diximus.
3805 2555 3880 2592 es:-

578 2637 740 2678 cusste
761 2627 1002 2694 fuerunt,
1031 2636 1131 2688 tres
1157 2628 1314 2690 libros
1335 2645 1463 2696 quos
1483 2629 1622 2684 solos
1649 2629 1854 2704 habent,
1889 2633 1983 2688 sub
2013 2633 2179 2690 titulis
2206 2634 2451 2698 librorum
2483 2651 2522 2700 ι,
2545 2651 2604 2692 ιιι
2625 2645 2672 2690 et
2703 2651 2752 2690 ιγ
2775 2646 3144 2708 repraesentant
3167 2651 3184 2690 :
3208 2645 3478 2704 sequentes
3509 2651 3638 2688 uero
3667 2633 3878 2688 editiones

581 2709 822 2780 Erasini,
861 2713 1103 2784 Costerii,
1145 2717 1372 2788 Gillotii,
1404 2731 1740 2776 memoratum
1780 2723 2058 2778 secundum
2085 2723 2272 2780 librum
2301 2741 2404 2780 non
2431 2742 2526 2780 suo
2567 2727 2676 2782 loco
2703 2727 3012 2797 impressum
3051 2727 3344 2782 ostendunt.
3373 2724 3504 2780 Non
3538 2727 3712 2796 fuisse
3739 2733 3878 2776 arma

581 2803 741 2858 alium
764 2808 928 2862 sancti
945 2805 1189 2872 Doctoris
1204 2811 1438 2868 ordinem
1463 2812 1514 2866 in
1546 2812 1823 2880 scribendis
1847 2814 1926 2874 his
1945 2813 2112 2882 libris,
2135 2831 2288 2886 quam
2307 2833 2424 2870 eum
2443 2834 2544 2884 quo
2570 2817 2651 2872 illi
2675 2836 2708 2872 a
2728 2817 2876 2874 uobis
2897 2819 2980 2872 hic
3001 2817 3323 2888 digeruntur,
3349 2833 3450 2870 non
3479 2817 3666 2876 solum
3693 2816 3876 2885 probest

580 2899 949 2966 antiquissima:
977 2911 1113 2956 notte
1137 2905 1498 2976 manuscripti,
1535 2921 1629 2960 nec
1659 2922 1760 2970 non
1789 2905 2032 2968 Gillotius
2059 2906 2214 2984 (Lac.
2243 2910 2330 2964 cit.
2351 2913 2368 2978 )
2387 2951 2404 2976 ,
2437 2911 2750 2982 typographi
2777 2912 3004 2980 (Annal.
3035 2913 3088 2970 in
3117 2911 3210 2966 lib.
3233 2913 3296 2964 de
3321 2909 3582 2980 lnterpel.
3615 2910 3754 2978 Job)
3779 2911 3874 2964 ulti-

581 3004 782 3044 marunt
809 2989 1171 3047 Parisinarunt
1195 2994 1449 3050 Ambrosii
1473 2997 1779 3064 editionum,
1805 2997 1874 3050 D.
1899 2997 2232 3052 Ilermannus
2262 2997 2436 3069 (Cens.
2463 3001 2551 3054 lib.
2589 3001 2814 3072 Ambr.),
2847 3012 2996 3072 atque
3021 3003 3111 3056 alii
3137 3001 3468 3056 observarunt
3491 3017 3511 3055 :
3543 3019 3730 3055 verum
3755 3001 3874 3055 etiam

580 3089 688 3142 tota
709 3083 880 3152 aperis
908 3085 1063 3140 series
1091 3085 1223 3142 illud
1249 3088 1522 3156 conﬁrmat
1551 3089 1947 3154 euidentissime.
1984 3088 2136 3144 Hanc
2163 3089 2382 3160 breuiter
2413 3094 2578 3146 oculis
2603 3093 2854 3148 lectorum
2880 3095 3204 3160 subjicimus.

653 3171 721 3226 In
752 3174 952 3229 duobus
984 3176 1242 3244 prioribus
1277 3177 1422 3232 libris
1446 3180 1619 3248 agitur
1651 3180 1712 3233 de
1737 3179 2166 3248 lnterpellatione
2193 3180 2294 3235 Job
2319 3193 2366 3236 et
2397 3182 2566 3237 Dauid
2593 3185 2655 3238 ob
2685 3185 2802 3240 uitta
2834 3187 3072 3240 humana:
3097 3186 3335 3240 miseram
3365 3185 3724 3240 conditionem
3751 3185 3870 3254 inﬁr-

581 3263 883 3334 mitatesque
911 3265 1054 3322 illius
1080 3277 1187 3322 tum
1229 3285 1506 3339 corporeus
1525 3313 1539 3337 ,
1581 3280 1691 3324 tum
1721 3272 1984 3340 spiritales
2005 3315 2018 3338 ,
2052 3271 2148 3324 hoc
2176 3281 2283 3338 est,
2319 3273 2520 3327 morbos
2549 3287 2594 3330 et
2639 3275 2958 3330 calamitates
2985 3293 3016 3330 a
3056 3277 3239 3348 quibus
3269 3277 3510 3330 eximitur
3538 3294 3726 3344 nemo;
3755 3289 3874 3346 atque

579 3356 838 3422 infelicem
867 3357 1012 3412 illaut
1039 3361 1391 3426 necessitatem
1417 3378 1474 3416 ea
1502 3371 1709 3432 peccata
1732 3362 2106 3428 committendi,
2135 3379 2356 3430 quorum
2383 3365 2634 3420 rationem
2661 3367 2977 3420 seuerissima
2999 3365 3182 3433 offensi
3213 3365 3305 3420 Dei
3329 3367 3538 3440 judicio
3569 3368 3784 3422 reddere
3803 3381 3874 3418 nat

585 3455 836 3514 oporteat.
863 3447 933 3500 Id
954 3461 1164 3506 sanctus
1192 3452 1420 3510 Antistes
1447 3453 1500 3508 in
1533 3453 1693 3522 priori
1717 3453 1848 3508 libro
1877 3453 2026 3508 docet
2055 3452 2217 3510 verbis
2244 3455 2406 3522 ipsius
2427 3453 2528 3508 Job
2558 3472 2584 3507 ε
2615 3457 2794 3522 primis
2816 3457 3072 3526 capitibus
3101 3457 3222 3510 libri
3249 3460 3518 3528 propheta:
3547 3457 3772 3528 ejusdem
3800 3473 3870 3526 pe-

588 3537 714 3602 titis,
741 3540 1044 3610 capioseque
1070 3542 1245 3595 relatis
1264 3584 1278 3608 ,
1304 3541 1372 3596 ad
1399 3559 1617 3612 quorum
1645 3553 1842 3597 tantum
1875 3544 2181 3614 insigniores
2226 3545 2364 3598 locos
2407 3547 2685 3600 nonnullas
2714 3547 2896 3620 adjicit
2938 3547 3446 3612 observatiunculas;
3489 3549 3582 3602 ubi
3615 3559 3767 3602 tamen
3803 3555 3868 3598 sat

587 3627 756 3696 fusam
775 3633 1118 3694 quorumdam
1142 3632 1412 3690 uerborum
1437 3633 1537 3690 Job
1563 3636 2032 3704 interpretationem
2058 3637 2346 3706 mysticam.
2375 3653 2490 3706 (jure
2509 3638 2610 3706 ipsi
2635 3639 2744 3692 uisa
2771 3648 2846 3693 est
2875 3639 3187 3706 necessaria,
3209 3641 3332 3694 scite
3359 3639 3654 3695 admodum
3683 3637 3862 3693 inseruit

590 3719 744 3789 (Cap.
774 3719 828 3788 5,
861 3739 1002 3780 nam.
1039 3725 1107 3778 12
1138 3735 1186 3778 et
1214 3725 1379 3798 seq.).
1431 3725 1495 3779 In
1519 3725 1742 3780 secundo
1773 3725 1866 3780 Vir
1896 3737 2100 3780 sanctus
2130 3727 2262 3781 idem
2291 3739 2648 3800 argumentum
2678 3731 3000 3800 prosequitur
3033 3731 3246 3801 psalmis
3275 3746 3364 3786 xu
3395 3741 3442 3786 et
3467 3747 3582 3786 xut
3609 3727 3852 3786 accuratis:

593 3814 907 3881 enucleatis;
937 3817 991 3872 in
1025 3817 1205 3886 quibus
1233 3819 1490 3886 triplicem
1521 3816 1802 3888 Propheta:
1829 3817 2202 3890 querimoniam
2231 3803 2458 3876 observat
2484 3817 2644 3892 (Cap.
2671 3819 2725 3882 Ἰ,
2755 3837 2900 3874 num.
2925 3821 3014 3886 26,
3041 3831 3089 3874 et
3111 3837 3226 3888 cap.
3252 3821 3286 3876 8
3307 3861 3320 3884 ,
3345 3837 3490 3874 num.
3513 3821 3650 3894 29),
3679 3821 3852 3890 primum

593 3906 657 3960 de
685 3907 1066 3963 calamitatibus
1093 3926 1223 3980 quas
1243 3926 1333 3982 per
1360 3911 1489 3964 hanc
1513 3910 1628 3964 uitta
1653 3927 1863 3964 usurant
1892 3911 2228 3982 perpetimur,
2263 3910 2479 3972 alterum
2511 3911 2574 3980 de
2595 3911 2842 3964 bonorum
2866 3927 2980 3982 qua:
3005 3929 3271 3980 speramus
3291 3955 3306 3977 ,
3337 3924 3490 3982 atque
3509 3913 3754 3980 imprimis
3783 3908 3862 3961 Do-

593 3999 768 4054 minici
810 4001 1060 4055 adventus
1095 4017 1242 4072 quem
1288 4002 1376 4056 ille
1407 4001 1813 4072 ﬂagrantissimo
1841 4001 2030 4056 ardore
2079 4000 2408 4072 peraplabat,
2443 4001 2690 4055 dilatione
2711 4043 2725 4066 ,
2757 4002 2960 4056 tertiam
3000 4003 3204 4055 demum
3233 4002 3295 4055 tle
3334 4004 3638 4056 necessitate
3667 4005 3802 4055 vitam
3827 4003 3868 4051 in

593 4093 868 4166 impiorum
895 4095 1150 4148 consortio
1187 4094 1510 4148 traducendi.
1545 4093 1701 4148 Addit
1726 4105 1896 4148 autent
1923 4093 1978 4146 in
2007 4103 2218 4162 utroque
2247 4093 2378 4146 libro
2403 4093 2660 4145 rationum
2691 4103 2946 4148 momenta
2979 4093 3252 4164 ﬁrmandae
3287 4091 3441 4146 Verbi
3481 4093 3741 4146 divinitati
3779 4107 3869 4160 ρετ·
3913 4084 3916 4092 ’

595 4185 782 4260 idonea
803 4183 944 4256 (Lib.
973 4201 1013 4251 ι,
1045 4203 1164 4259 cap.
1195 4185 1264 4254 9;
1293 4187 1383 4240 lib.
1415 4201 1473 4250 tt,
1499 4203 1616 4258 cap.
1647 4184 1682 4256 ᾧ
1709 4195 1756 4240 et
1779 4183 1868 4258 6),
1897 4184 2038 4256 quod
2065 4200 2180 4238 eum
2207 4201 2310 4246 non
2341 4185 2446 4238 alia
2467 4185 2531 4238 de
2551 4201 2710 4240 causa
2739 4187 3000 4256 factitasse
3026 4184 3417 4249 crediderimus,
3449 4186 3552 4242 nisi
3575 4195 3630 4242 ut
3659 4185 3871 4242 adversus

598 4290 846 4330 uenenum
873 4275 1186 4336 Arianorum
1212 4278 1302 4347 qui
1325 4275 1612 4338 Mediolani
1639 4293 1699 4331 ea
1723 4285 2020 4342 tempestate
2051 4275 2336 4346 plurimum
2364 4285 2619 4348 poterant,
2642 4277 2892 4348 populum
2918 4293 3067 4332 suum
3091 4277 3451 4332 communiret.

669 4366 788 4426 Duo
811 4370 1118 4438 posteriores
1149 4369 1267 4424 libri
1290 4386 1376 4426 eas
1401 4369 1667 4426 hominum
1695 4369 1928 4438 querelas
1955 4369 2216 4422 continent
2233 4409 2249 4436 ,
2291 4385 2416 4438 quas
2437 4367 2490 4424 hi
2517 4370 2780 4439 prosperis
2819 4369 3080 4424 abundare
3113 4369 3394 4441 improbos,
3425 4371 3616 4440 probos
3637 4385 3750 4426 uero
3775 4385 3874 4426 con-

602 4461 794 4532 flictari
813 4460 1042 4520 adversis
1063 4461 1317 4530 indignati
1339 4461 1525 4520 habere
1558 4462 1743 4522 solent.
1773 4461 2026 4528 Quocirca
2053 4461 2338 4530 primorum
2367 4459 2502 4514 bona
2536 4459 2854 4516 demonstrat
2885 4479 2988 4518 non
3011 4477 3120 4518 esse
3139 4477 3258 4516 uera
3285 4460 3438 4530 bona,
3469 4479 3574 4516 non
3601 4480 3660 4516 ea
3681 4463 3804 4531 ipsis
3831 4461 3872 4512 is

602 4557 874 4626 prsentia!!!
905 4557 1200 4612 meritorum
1227 4573 1466 4612 concessa
1487 4595 1502 4620 ,
1535 4572 1628 4610 nec
1653 4557 1816 4612 ullam
1857 4571 2029 4610 eorum
2056 4554 2376 4624 possessione
2403 4553 2697 4624 felicitatem
2740 4555 2934 4624 adferri
2979 4571 3137 4624 neque
3179 4555 3236 4610 in
3264 4571 3489 4624 presens
3507 4597 3520 4620 ,
3551 4573 3712 4627 neque
3737 4555 3874 4608 multo

602 4649 772 4710 minus
797 4650 852 4712 in
873 4652 1128 4722 futurum,
1160 4665 1262 4716 quo
1288 4659 1512 4722 tempore
1532 4649 1664 4720 justi
1705 4647 1912 4702 demum
1953 4647 2216 4719 regnaturi
2243 4655 2382 4702 sunt.
2417 4644 2556 4700 llnic
2581 4647 2780 4702 veritati
2810 4644 2968 4713 fidem
3001 4646 3125 4713 facit
3151 4645 3326 4702 allatis
3365 4648 3532 4702 uerbis
3553 4646 3654 4700 Job
3688 4665 3748 4702 ea:
3777 4645 3872 4698 aliis

603 4740 854 4813 capitibus
880 4741 1000 4798 libri
1017 4742 1248 4814 ejusdem
1274 4757 1292 4794 :
1321 4756 1494 4796 verum
1523 4739 1608 4804 hic
1635 4755 1738 4794 non
1759 4749 1863 4798 tam
1891 4738 2069 4808 longas
2101 4738 2362 4806 periodos,
2401 4753 2558 4805 quant
2583 4737 2640 4792 in
2679 4738 2846 4806 printo
2869 4735 3028 4808 hujus
3057 4739 3500 4794 connuentationis
3523 4739 3671 4804 libro,
3706 4735 3872 4816 descri-~

607 4835 715 4894 bit:
741 4837 830 4892 sed
859 4835 1010 4892 verba
1034 4850 1152 4905 quae
1173 4834 1270 4890 sibi
1295 4833 1527 4896 uidentur
1547 4832 1616 4892 ad
1637 4847 1740 4892 rem
1773 4831 1936 4902 magis
1961 4846 2067 4886 esse
2092 4828 2476 4884 accommodata
2499 4829 2717 4897 seligens
2747 4844 2806 4882 ea
2837 4828 2972 4880 breui
2997 4829 3318 4897 expositione
3345 4828 3600 4886 illustrat.
3631 4827 3700 4882 In
3719 4835 3872 4908 quarto

605 4929 736 4992 libro
757 4928 934 4990 eadem
963 4927 1184 4992 adstruit
1203 4925 1436 4982 adhibita
1461 4923 1681 4996 eleganti
1709 4922 2032 4978 enarratione
2055 4921 2242 4991 psalmi
2265 4935 2432 4976 Luxu.
2459 4920 2514 4972 in
2541 4935 2640 4986 quo
2667 4918 2837 4974 David
2859 4919 3082 4988 perbelle
3109 4919 3174 4974 de
3201 4920 3378 4974 eadem
3405 4919 3624 4974 materia
3649 4919 3867 4990 disputat.

677 5019 762 5080 Es:
785 5020 964 5086 ethicis
991 5019 1098 5080 illis
1129 5017 1398 5088 praeceptis
1427 5031 1541 5086 qua:
1568 5013 1783 5074 subinde
1803 5014 1922 5068 huic
1951 5013 2195 5068 tractatui
2217 5012 2464 5066 admiscet
2485 5010 2786 5066 Ambrosius
2803 5051 2817 5074 .
2841 5009 2966 5066 satis
2995 5011 3254 5080 intelligas
3281 5026 3394 5064 eunt
3439 5022 3676 5066 constare
3699 5013 3871 5066 concie-

603 5113 784 5182 nibus,
811 5129 936 5184 quas
961 5112 1030 5168 ad
1059 5112 1287 5182 fidelium
1323 5111 1697 5170 institutionem
1723 5117 2098 5178 composuerat.
2135 5105 2244 5166 llas
2267 5115 2444 5170 autem
2467 5105 2530 5162 alt
2556 5106 2647 5162 illo
2676 5103 2856 5160 diebus
2889 5104 3100 5158 diuersis
3133 5103 3332 5158 habitas
3359 5103 3518 5172 fuisse
3545 5121 3660 5160 cum
3690 5103 3870 5160 secundi

603 5205 744 5269 libri,
767 5215 878 5260 tum
907 5205 1126 5262 maxime
1151 5205 1287 5260 tertii
1305 5201 1575 5258 exordium
1603 5219 1704 5256 non
1733 5201 1949 5258 obscuro
1976 5208 2050 5254 est
2076 5209 2398 5269 argumento.

679 5298 760 5354 De
780 5307 1003 5368 tentpore
1027 5297 1232 5367 quidem
1257 5312 1360 5364 quo
1385 5292 1519 5350 illud
1542 5293 1711 5364 aperis
1735 5293 2084 5363 conscriptum
2111 5291 2230 5358 fuit,
2253 5289 2450 5357 aliquid
2479 5289 2820 5352 indubitatum
2849 5291 3080 5360 proferre
3107 5287 3322 5360 majoris
3343 5287 3540 5342 videtur
3561 5303 3667 5344 esse
3691 5287 3868 5357 negotii.

621 5391 978 5445 Verumtamen
1008 5387 1147 5442 haud
1171 5387 1394 5441 absurde
1419 5386 1606 5455 conjici
1629 5385 1791 5454 possit
1819 5399 2010 5437 annum
2038 5383 2201 5436 eidem
2230 5381 2604 5451 assignandum
2633 5381 2948 5448 superiorem
2973 5379 3324 5436 trecentesimo
3352 5379 3658 5449 octogesimo
3685 5377 3871 5447 septimo

609 5503 710 5554 quo
743 5482 1010 5540 Flaccilla:
1038 5480 1312 5536 Theodosii
1343 5478 1522 5549 Magni
1549 5478 1726 5532 uxoris
1751 5485 1950 5532 statuas
1977 5477 2030 5530 in
2058 5474 2299 5547 populari
2327 5474 2577 5530 seditione
2617 5473 2906 5542 dejecerunt
2945 5469 3335 5526 Antiochenses.
3367 5465 3497 5522 Cum
3537 5467 3672 5524 enim
3699 5477 3872 5522 sanctus

617 5575 804 5630 Doctor
829 5575 892 5634 de
925 5573 1217 5644 principum
1242 5573 1348 5640 agit
1376 5569 1705 5641 imaginibus,
1731 5569 1805 5622 ita
1834 5568 2058 5637 loquitur
2081 5566 2220 5634 (Lib.
2248 5582 2322 5632 tv,
2348 5583 2460 5636 cap.
2494 5565 2546 5628 8.
2583 5583 2724 5620 num.
2749 5565 2846 5630 ‘24)
2869 5579 2886 5618 :
2919 5563 3082 5620 Vides
3111 5560 3564 5632 quemadmodum
3593 5560 3648 5616 in
3672 5561 3873 5616 civitati-

615 5665 714 5720 bus
743 5666 1007 5720 bonorum
1035 5664 1336 5734 principum
1366 5663 1624 5732 imagines
1667 5667 2050 5732 perseverent,
2079 5659 2366 5716 deleantur
2405 5661 2667 5728 imagines
2697 5672 3070 5730 tyrannorum.
3101 5657 3230 5724 Quis
3257 5665 3428 5710 autent
3453 5664 3591 5724 patet
3619 5655 3872 5722 pastillum

613 5767 845 5824 euentum
879 5771 1088 5822 summa:
1115 5753 1404 5827 prudentia:
1431 5753 1721 5808 Antistitent
1739 5796 1754 5820 ,
1793 5763 1839 5806 et
1869 5751 2008 5820 apud
2037 5767 2185 5819 quem
2223 5752 2450 5806 maximo
2479 5759 2586 5804 erat
2613 5752 2666 5804 in
2709 5751 2870 5822 pretio
2899 5747 3250 5812 Theodosius,
3281 5745 3581 5816 hujusmodi
3607 5746 3758 5800 verbis
3781 5758 3874 5814 qua

617 5850 994 5928 acerbissimum
1031 5849 1164 5918 tanti
1191 5847 1440 5922 principis
1470 5846 1784 5919 vlt-bitub‘ﬁwl
1821 5846 1931 5902 sine
1959 5843 2266 5908 contumelia
2296 5843 2650 5916 refricassent,
2685 5843 2760 5900 uti
2797 5841 3051 5902 uoluisse?
3087 5839 3344 5904 Prteterca,
3381 5853 3495 5912 quia
3543 5837 3625 5902 hic
3661 5837 3798 5912 (Lib.
3819 5851 3870 5908 tt,

3421 5975 3462 6006 ἢ
