4066 6360
548 307 714 395 vos

1948 294 2197 357 SANC'I‘I
2232 293 2562 355 AMBROSII

3809 293 3907 352 8M

600 421 701 481 sed
726 420 795 478 ad
822 418 1249 494 exaggerandum
1266 425 1323 476 et
1336 416 1701 476 acerbandum
1716 414 2189 481 dolorem,adver-
2215 417 2271 481 Α
2292 414 2519 482 alienos,
2544 422 2607 471 ut
2642 412 2895 471 mercede
2920 420 3193 485 sumptum
3230 419 3522 471 exerceret
3565 411 3765 469 mum?
3803 411 3903 470 Sed

603 517 671 574 tit
708 532 738 571 a
792 516 1018 572 Domino
1060 513 1240 569 datam
1290 513 1342 569 in
1384 528 1444 569 se
1472 512 1785 569 adversario
1826 510 2064 568 tentandi
2112 508 2196 565 sui

604 618 947 682 potestatem.
994 606 1061 664 Et
1089 605 1334 679 quamvis
1365 606 1590 676 sagittas
1632 606 1842 662 Domini
1880 604 1933 661 in
1967 619 2197 675 corpore

602 717 703 760 suo
745 704 972 759 sentiret
1008 718 1128 758 esse
1152 745 1167 769 ,
1199 704 1396 774 quilms
1423 704 1711 773 compungi
1754 717 1814 758 se
1852 701 2087 766 diceret,
2114 710 2196 754 ta-

602 812 725 854 men
748 799 900 868 quasi
926 796 1099 852 b0nus
1126 796 1351 858 athleta.
1385 795 1475 867 qui
1498 796 1671 851 dolori
1698 811 1803 850 non
1828 796 2067 862 cederet,
2098 809 2197 850 nec

600 889 732 947 dura
760 888 1075 945 certaminis
1104 900 1417 956 recusaret,
1448 887 1655 944 addidit
1686 906 1699 941 :
1728 886 1994 957 Incipiens
2018 888 2198 942 Domi—

599 1000 697 1039 nus
725 983 951 1038 vulneret
974 1025 990 1048 ,
1018 984 1074 1037 in
1099 985 1205 1050 fine
1229 994 1399 1037 autent
1426 998 1527 1036 nan
1558 998 1637 1036 me
1657 990 1683 1019 α
1706 985 2040 1053 perimat.....
2069 980 2197 1049 ρμω

600 1078 733 1132 enim
758 1093 868 1130 utea
895 1076 1075 1142 virtus,
1097 1078 1185 1147 qui
1215 1078 1440 1131 sustineo
1462 1092 1481 1131 :
1503 1086 1591 1129 aut
1616 1076 1753 1146 quod
1781 1092 1947 1129 meum
1975 1085 2193 1145 tempus,

600 1180 657 1225 ut
683 1168 899 1237 sufferat
948 1170 1122 1224 anima
1162 1169 1316 1224 mea?
1345 1169 1609 1237 Numquid
1635 1169 1883 1237 fortitudo
1920 1168 2152 1240 lapidum
2177 1211 2193 1236 ,

600 1265 851 1338 fortitudo
876 1281 989 1319 mea
1013 1282 1033 1319 :
1060 1274 1149 1319 aut
1176 1281 1355 1320 carnes
1392 1281 1517 1319 mea:
1534 1274 1651 1320 sunt
1676 1280 1824 1320 terere
1846 1280 1865 1320 :
1888 1274 1976 1319 aut
2012 1282 2112 1320 non
2140 1264 2196 1319 in

595 1356 712 1428 ipso
732 1356 1049 1424 confidebant
1070 1358 1096 1412 ?
1126 1358 1458 1427 Adjutorium
1484 1368 1650 1412 autent
1684 1376 1715 1412 a
1745 1374 1823 1412 me
1843 1359 2045 1412 recessit
2073 1375 2092 1413 :
2117 1358 2196 1413 vi-

598 1448 775 1503 sitatio
800 1459 970 1503 autem
997 1455 1110 1515 ejus
1140 1450 1371 1515 despexit
1395 1466 1473 1504 me
1501 1450 1642 1521 (Job.
1664 1466 1736 1511 Vl.
1763 1452 1796 1506 9
1823 1462 1868 1505 et
1892 1453 2049 1523 τεῳ).

673 1542 727 1597 5.
754 1541 943 1598 Nonne
976 1551 1342 1598 tentamentum
1370 1554 1442 1600 est
1483 1546 1584 1598 vita
1615 1545 1837 1600 hominis
1869 1548 1923 1600 in
1948 1555 2084 1601 terra
2108 1588 2123 1611 ,
2148 1556 2198 1602 et

599 1634 729 1690 sicut
756 1636 1060 1690 mercenarii
1082 1636 1372 1707 quotidiani
1394 1639 1497 1691 vita
1523 1643 1673 1711 ejus;
1693 1650 1781 1693 aut
1811 1642 1941 1693 sicut
1969 1640 2197 1713 famulus

601 1728 786 1783 timens
816 1727 1088 1783 Dominum
1117 1746 1297 1796 suum,
1328 1731 1417 1800 qni
1441 1748 1495 1785 se
1525 1738 1616 1785 sub
1653 1733 1833 1786 umbra
1858 1732 2075 1803 obtegat,
2107 1741 2198 1787 aut

2299 506 2391 563 ille
2418 517 2595 562 tamen
2636 506 2921 578 aliquando
2948 521 3242 563 conversus
3273 514 3391 570 est;
3412 506 3543 577 quia
3574 505 3807 561 revertit
3845 504 3905 561 ad

2298 612 2539 672 patrem,
2560 610 2613 655 et
2645 612 2862 672 peccata
2903 615 2998 656 sua
3035 617 3140 656 non
3183 601 3453 671 repressit
3479 643 3495 667 ,
3516 599 3619 656 sed
3650 599 3903 667 prodidit.

2301 696 2399 752 llic
2424 706 2603 751 autem
2644 698 2731 767 qui
2760 712 2819 751 se
2850 696 3123 753 exiStimat
3150 697 3220 752 ab
3260 712 3329 753 eo
3372 696 3467 769 qui
3497 696 3690 752 omnia
3723 694 3869 750 videt
3890 738 3905 761 ,

2299 805 2407 843 non
2432 789 2625 855 videri,
2651 799 2705 844 et
2738 791 2975 846 tenebris
3000 799 3148 859 putat
3170 789 3468 845 commissa
3499 804 3601 844 sua
3635 802 3807 859 posse
3829 803 3908 845 ce-

2300 884 2422 950 lari,
2455 884 2699 940 umbram
2732 883 3019 955 praetendit
3043 883 3171 940 :sed
3193 882 3394 939 fru~tra
3426 883 3607 939 latere
3627 896 3696 937 se
3721 882 3909 949 credit,

2298 993 2420 1033 cum
2459 976 2650 1033 oculus
2679 978 2887 1033 Domini
2913 977 3141 1033 lucidior
3166 980 3315 1042 sole,
3350 978 3571 1033 occulta
3601 976 3795 1031 omnia
3830 978 3911 1032 de-

2299 1070 2621 1142 prehendat,
2646 1071 2812 1145 628
2847 1072 3129 1127 tenebrosa
3161 1072 3463 1136 illuminet,
3491 1081 3548 1126 et
3588 1070 3778 1125 intimi
3804 1086 3913 1125 cor-

2300 1166 2384 1221 dis
2415 1178 2659 1237 penetret
2687 1165 3096 1231 conscientiam,
3122 1176 3284 1235 atque
3315 1168 3369 1220 in
3403 1167 3514 1220 alta
3549 1176 3608 1221 et
3644 1164 3913 1235 profunda

2299 1258 2611 1315 descendat.
2647 1258 2831 1314 Vanus
2862 1274 2992 1331 ergo
3016 1260 3106 1330 qui
3132 1270 3283 1330 putat
3315 1259 3565 1315 tenebris
3587 1274 3722 1315 esse
3748 1275 3813 1315 se
3840 1270 3915 1314 to-

2300 1360 2444 1416 tum,
2469 1367 2590 1408 cutn
2621 1352 2794 1409 lucem
2827 1353 2996 1408 vitare
3028 1370 3132 1409 non
3174 1353 3345 1423 possit
3369 1369 3526 1425 ,qua:
3559 1352 3717 1408 lucet
3756 1353 3813 1408 in
3847 1364 3917 1409 te-

2300 1444 2514 1509 nebris.
2543 1455 2597 1502 et
2624 1446 2864 1502 tenebrae
2899 1462 3018 1502 eam
3060 1462 3165 1501 non
3199 1446 3708 1509 comprehendunt.
3756 1445 3912 1514 Quasi

2299 1539 2555 1610 fugitivus
2580 1542 2759 1612 itaque
2782 1549 2839 1597 et
2863 1542 3040 1596 malus
3062 1539 3433 1597 mercenarius
3454 1540 3908 1611 deprehenditur.
3990 1539 3993 1611 ἦ

2300 1646 2354 1689 et
2386 1643 2670 1705 antequam
2698 1649 2758 1690 se
2784 1635 3017 1691 occultet
3040 1677 3055 1698 .
3086 1636 3393 1705 agnoscitur
3423 1652 3438 1701 ;
3464 1636 3594 1706 quia
3623 1634 3907 1697 Domino}

2301 1728 2481 1781 omnia
2526 1740 2810 1799 antequam
2850 1739 3091 1799 quazrat,
3129 1728 3340 1799 cognita
3378 1739 3543 1796 sunt,
3583 1744 3703 1783 non
3747 1727 3904 1783 solum

598 1822 730 1877 sicut
771 1824 1114 1877 mercenarius
1154 1836 1452 1896 exspectem
1484 1825 1767 1881 mercedem
1822 1843 2003 1894 suam;
2044 1828 2119 1881 sic
2149 1837 2198 1882 et
2229 1833 2275 1894 B
2302 1835 2423 1890 quae
2450 1819 2610 1887 facta,
2640 1821 2736 1877 sed
2766 1821 2927 1876 etiam
2949 1836 3071 1893 qua:
3100 1820 3278 1877 futura
3302 1820 3464 1877 sunt?

600 1932 692 1987 ego
735 1932 929 1971 menses
967 1918 1255 1985 exspectavi
1299 1935 1502 1985 vacuos,
1536 1932 1707 1976 noctes
1746 1932 1917 1976 autem
1958 1922 2198 1977 dolorum

602 2010 740 2064 datae
778 2021 895 2065 sunt
924 2011 1052 2065 mihi
1070 2012 1097 2066 Ρ
1127 2010 1187 2068 Si
1223 2014 1479 2084 quiescam
1509 2014 1624 2069 dico
1645 2030 1664 2069 :
1701 2014 1919 2081 Quando
1957 2015 2066 2070 dies
2086 2017 2113 2071 .’
2135 2016 2199 2071 Si

598 2120 810 2176 surgam
835 2106 1022 2159 iterum
1044 2121 1064 2160 :
1093 2105 1313 2174 Quando
1339 2108 1553 2178 vesper?
1576 2107 1770 2163 Plenus
1795 2126 1907 2163 sum
1934 2109 2197 2165 doloribus

600 2216 633 2253 a
663 2216 869 2269 vespera
896 2216 1057 2269 usque
1076 2201 1144 2255 ad
1175 2217 1341 2256 mane.
1369 2198 1737 2256 Ferntentatur
1767 2201 1893 2256 mihi
1928 2220 2113 2273 corpus
2142 2203 2197 2257 in

598 2294 867 2365 putredine
893 2296 1142 2350 vermium
1171 2311 1193 2352 :
1222 2296 1491 2367 liquefacio
1512 2307 1682 2350 autem
1708 2297 1881 2368 glebas
1916 2304 2085 2359 term,
2115 2315 2199 2351 sa-

598 2388 733 2442 niem
768 2390 955 2444 radens
984 2392 1233 2445 ulcerum.
1274 2389 1389 2445 Vita
1418 2402 1591 2446 autem
1629 2407 1742 2447 mea
1771 2390 1798 2430 δ
1828 2392 1986 2446 levior
2012 2402 2083 2447 est
2116 2395 2198 2464 fa-

597 2482 736 2549 bula,
766 2482 823 2536 in
858 2499 948 2551 spe
980 2498 1140 2538 vacua
1170 2485 1441 2554 perit......
1482 2484 1698 2552 Dicam,
1733 2485 2087 2540 consolabitur
2120 2502 2199 2541 me

599 2575 818 2630 lectulus
844 2593 1123 2633 meus......
1149 2576 1333 2633 Terras
1360 2595 1439 2634 me
1465 2580 1519 2634 in
1548 2580 1792 2646 somniis,
1824 2591 1871 2636 et
1898 2581 1953 2635 in
1989 2581 2199 2636 visioni~

601 2666 695 2725 bus
715 2686 794 2725 me
815 2670 1051 2741 porcellis
1081 2670 1224 2746 (Job.
1253 2687 1348 2739 vtt,
1378 2673 1400 2729 l
1437 2684 1483 2728 et
1508 2670 1661 2746 seq.).

1224 2853 1451 2913 CAPUT
1486 2854 1573 2913 Ill.

599 2990 682 3049 De
711 2993 899 3049 misera
926 2993 1219 3050 conditione
1249 2994 1496 3059 hominis,
1518 2995 1606 3065 qui
1635 2996 1862 3067 quotidie
1892 2995 1983 3050 sub
2018 2998 2198 3069 formi-

671 3085 790 3141 dine
816 3097 889 3142 est
904 3102 925 3153 ;
950 3104 1202 3159 quamque
1227 3088 1380 3143 stulte
1407 3089 1595 3159 cogitet
1630 3099 1835 3160 peccata
1859 3107 1953 3143 sua
1989 3089 2084 3145 Dei
2112 3108 2198 3145 co-

669 3178 945 3253 gnitionem
972 3179 1155 3251 fallere
1185 3196 1334 3250 posse
1362 3196 1381 3235 :
1406 3180 1527 3234 item
1554 3197 1705 3251 quam
1738 3183 1978 3236 miserum
2003 3182 2058 3236 in
2090 3185 2195 3237 lec-

670 3270 776 3324 tulo
824 3271 965 3325 nobis
1019 3271 1087 3325 ad
1131 3272 1349 3342 quietem
1402 3271 1525 3325 dato
1578 3271 1925 3328 sollicitudine
1974 3275 2191 3346 agitari,
2223 3307 2270 3373 ο

673 3374 826 3436 atque
850 3382 915 3420 ea:
936 3365 1116 3421 eodem
1138 3382 1328 3421 vacuos
1354 3383 1413 3422 ac
1437 3368 1601 3421 nudos
1627 3382 1918 3441 exsurgere,
1944 3385 2060 3440 quis
2080 3371 2195 3425 vita:

674 3459 823 3514 istius
858 3459 1028 3531 imago
1054 3470 1149 3515 est.

674 3573 730 3630 6.
769 3573 939 3641 Quam
969 3576 1167 3631 misera
1192 3573 1427 3630 hominis
1454 3576 1710 3645 conditio,
1730 3592 1850 3649 quae
1872 3580 2025 3651 quasi
2054 3594 2195 3635 mer-

603 3667 821 3724 cenaria
877 3668 998 3722 aliis
1055 3666 1287 3730 laborat.
1343 3668 1443 3724 sibi
1498 3669 1820 3742 indiget,et
1868 3672 1970 3727 nisi
2019 3673 2195 3728 aliena

602 3760 971 3817 misericordia
999 3771 1304 3817 sustentare
1334 3776 1394 3818 se
1423 3762 1648 3834 nequit!
1679 3763 1932 3832 Quotidie
1957 3764 2057 3819 sub
2088 3763 2197 3820 for-

601 3852 834 3921 midine,
867 3852 967 3909 sub
1002 3854 1197 3909 timore
1233 3870 1451 3926 gravem
1488 3856 1726 3911 tolerans
1757 3858 2109 3923 servitutem,
2142 3868 2198 3915 et

599 3964 669 4005 ne
698 3947 1183 4020 deprehendatura
1220 3949 1448 4005 Domino
1467 3992 1482 4019 ,
1512 3951 1746 4007 erratica
1778 3961 1943 4023 atque
1976 3953 2195 4025 fugitiva

598 4045 701 4102 sub
732 4045 919 4102 umbra
941 4046 1170 4118 quadam
1202 4048 1383 4103 saeculi
1416 4046 1575 4119 hujus
1604 4058 1756 4121 putat
1781 4065 1841 4106 se
1873 4065 2032 4122 posse
2060 4051 2197 4109 deli-

600 4149 830 4196 tescere.
855 4139 1151 4197 Considera
1188 4142 1336 4198 illum
1370 4142 1439 4199 de
1467 4158 1573 4216 quo
1599 4144 1675 4199 ait
1714 4146 1767 4200 in
1809 4144 2195 4204 Ecclesiastico

600 4228 829 4303 Syrach.
875 4246 891 4285 :
938 4231 1118 4287 Omnis
1165 4236 1317 4288 homo
1359 4235 1737 4309 transgrediens
1781 4237 1837 4291 in
1884 4238 2016 4293 lecto
2057 4255 2151 4293 suo
2176 4282 2191 4304 ,

602 4333 925 4378 contemnens
970 4334 1018 4379 et
1060 4326 1233 4380 dicens
1266 4327 1322 4381 in
1360 4328 1534 4382 anima
1562 4344 1698 4383 sua:
1733 4328 1861 4396 Quis
1899 4347 1979 4385 me
2018 4332 2197 4387 videt?

602 4415 845 4474 Tenebrae
864 4420 1182 4475 circumdant
1208 4437 1285 4475 me
1307 4431 1353 4476 et
1375 4423 1614 4493 parietes,
1639 4440 1786 4494 quem
1808 4441 1980 4480 vereor
2002 4424 2191 4499 (Eccli.

602 4529 753 4582 xsttt,
798 4514 871 4569 25
926 4524 973 4569 et
1025 4514 1164 4586 26)?
1214 4515 1404 4572 Nonne
1462 4517 1555 4572 tibi
1608 4516 1823 4574 videtur
1856 4530 1877 4557 ε
1916 4519 2018 4575 iste
2070 4536 2196 4577 vere

601 4622 725 4664 esse
749 4609 1120 4664 mercenarius
1144 4610 1231 4681 qui
1263 4625 1357 4664 sua
1405 4610 1744 4681 prodegerit,
1773 4618 1835 4667 ut
1863 4612 1954 4669 ille
1984 4613 2198 4671 adoles-

2373 1938 2427 1991 7.
2467 1935 2613 1992 Perit
2654 1936 2815 2008 igitur
2838 1937 2890 1992 in
2922 1951 3091 1992 vacua
3124 1953 3221 2008 spe
3251 1939 3341 2009 qui
3374 1946 3532 2010 putat
3561 1938 3719 2008 quod
3762 1952 3895 1993 suum

2300 2031 2507 2087 crimen
2556 2030 2896 2087 abscoitdat:
2958 2030 3136 2086 fabula
3167 2040 3251 2089 est
3293 2032 3479 2094 ismd,
3522 2047 3638 2087 non
3684 2032 3893 2089 veritas.

2301 2124 2542 2195 Denique
2570 2123 2747 2179 fabula
2775 2126 3112 2195 peccantium
3138 2125 3311 2179 otiosa
3335 2166 3352 2192 ,
3385 2140 3494 2180 non
3522 2125 3747 2181 habens
3777 2125 3893 2181 fruc-

2303 2219 2549 2289 tum,sed
2573 2221 2855 2290 gemitum.
2883 2221 3131 2276 Narratio
3156 2220 3302 2277 enim
3328 2222 3454 2275 fatui
3483 2221 3709 2276 sarcina
3738 2222 3889 2276 invia.

2299 2311 2439 2380 Quid
2468 2312 2612 2367 enim
2641 2312 2784 2368 aliud
2817 2322 2902 2369 est
2933 2324 3233 2383 peccatum,
3264 2311 3369 2369 nisi
3394 2313 3619 2369 sarcina
3652 2330 3776 2383 qua
3806 2313 3888 2368 ba-

2294 2410 2386 2477 jus
2432 2406 2613 2462 saeculi
2662 2418 2851 2464 onerat
2889 2410 3152 2465 viatorem
3200 2410 3349 2480 gravi
3384 2409 3721 2481 depressum
3767 2408 3882 2464 fasce

2299 2498 2517 2566 delicti;
2541 2500 2632 2571 qui
2663 2500 2708 2555 si
2740 2501 2909 2557 nollet
2935 2504 3091 2557 oneri
3124 2503 3406 2573 subjacere
3432 2544 3447 2569 ,
3478 2502 3685 2559 debuit
3727 2502 3885 2559 audire

2298 2591 2568 2649 dicentem
2603 2611 2617 2647 :
2652 2592 2836 2650 Venite
2867 2596 2936 2651 ad
2968 2612 3049 2650 me
3076 2612 3249 2652 omnes
3288 2598 3377 2667 qui
3414 2596 3675 2652 laboratis
3703 2607 3754 2652 et
3785 2614 3886 2652 eaeo

2297 2687 2401 2743 rati
2426 2687 2571 2755 estis,
2601 2697 2649 2743 et
2673 2705 2767 2763 ego
2797 2705 2883 2744 vos
2908 2690 3138 2759 reficiam
3168 2688 3380 2763 (Matth.
3406 2706 3485 2756 xi,
3512 2689 3643 2762 28).

2369 2802 2424 2857 8.
2465 2800 2605 2871 Quid
2646 2815 2828 2859 autem
2879 2803 3269 2869 :erumnosins,
3307 2818 3430 2860 cum
3472 2805 3597 2876 ipse
3638 2805 3884 2861 let-tussi

2299 2909 2641 2951 communem
2682 2898 2919 2967 quietem
2955 2900 3148 2965 datus,
3189 2912 3355 2970 grave
3401 2897 3606 2955 vulnus
3656 2899 3884 2970 indiget?

2299 2988 2449 3044 Tunc
2480 2990 2625 3045 enim
2653 2989 2892 3046 solemus
2915 3006 3036 3063 qua:
3066 2990 3291 3047 fecimus
3319 2991 3629 3057 recordari,
3660 3003 3717 3049 et
3744 2992 3885 3048 facto-

2298 3098 2417 3139 rum
2444 3098 2667 3139 suorum
2690 3084 2926 3139 stimulis
2950 3086 3332 3156 compungitur
3358 3087 3589 3140 interior
3621 3086 3884 3142 conscien-

2303 3176 2398 3232 tia.
2430 3174 2585 3233 Unde
2613 3175 2889 3247 Scriptura
2919 3178 2994 3233 ait
3038 3178 3123 3233 bis
3157 3195 3172 3232 :
3209 3177 3337 3247 Qua:
3365 3178 3538 3233 dicitis
3576 3180 3637 3234 in
3674 3180 3883 3235 cordibus

2303 3272 2501 3338 vestris,
2522 3282 2572 3326 et
2612 3272 2667 3325 in
2700 3272 2954 3328 cubilibus
2980 3272 3158 3327 vestris
3192 3273 3602 3345 compungimini
3629 3273 3804 3347 (Psal.
3825 3290 3883 3339 tr,

2298 3365 2356 3437 5)
2379 3363 2402 3418 l
2425 3363 2743 3421 Remedium
2765 3364 2985 3436 quidem
3007 3365 3175 3431 dedit,
3190 3365 3288 3421 sed
3313 3375 3492 3423 tamen
3514 3369 3882 3424 conscientiam

2298 3459 2625 3515 vulneravit.
2676 3460 2785 3517 Sed
2842 3470 2963 3517 esto
3019 3469 3079 3516 ut
3129 3460 3418 3533 aliquando
3467 3461 3631 3518 fessis
3685 3474 3877 3517 somnus

2297 3554 2529 3624 obrepat
2550 3596 2567 3622 ,
2590 3563 2857 3610 terremur
2884 3554 3187 3622 insomniis,
3204 3555 3547 3628 exagitamur
3573 3555 3869 3619 visionibus;

2298 3657 2360 3703 ut
2406 3663 2512 3703 non
2553 3647 2664 3719 jam
2705 3648 2940 3719 requies,
2977 3648 3073 3704 sed
3100 3663 3257 3719 pmna
3280 3650 3369 3704 sit.
3397 3649 3476 3705 lta
3516 3652 3671 3707 enim
3703 3651 3863 3705 abeunt

2298 3743 2497 3798 divitiae
2522 3743 2738 3810 saeculi,
2770 3742 2933 3798 veluti
2960 3744 3230 3799 somnium
3262 3747 3638 3815 cxsurgentis.
3658 3742 3852 3803 Sumsit

2298 3837 2492 3908 aliquis
2534 3852 2600 3893 ex
2631 3837 2787 3893 istius
2816 3837 3061 3908 corporis
3088 3853 3303 3905 somno,
3347 3848 3405 3893 et
3442 3838 3587 3895 nihil
3633 3836 3856 3912 possedit,

2298 3928 2460 4001 idque
2485 3929 2661 4001 ipsum
2692 3928 2836 4001 quod
2862 3945 2925 3987 se
2949 3928 3209 3987 credebat
3232 3929 3459 3999 habere,
3488 3934 3699 3989 amisit.

2369 4043 2425 4099 9.
2466 4043 2789 4099 Constituite
2817 4044 2951 4099 mibi
2980 4060 3122 4100 nunc
3144 4044 3366 4100 divitem
3395 4043 3572 4112 illum,
3602 4046 3695 4117 qui
3721 4044 3871 4116 quoti-

2296 4137 2457 4193 diana
2483 4138 2652 4205 lucra,
2682 4148 2737 4193 et
2765 4147 3002 4209 qutestus
3028 4138 3208 4192 varios
3241 4138 3596 4209 congerebat,
3625 4148 3686 4195 et
3721 4138 3875 4209 exagi-

2299 4233 2512 4287 tabatur
2534 4232 2919 4303 cupiditatibus
2939 4233 3074 4298 suis,
3102 4232 3282 4287 subito
3309 4231 3746 4303 resipiscetttem,
3768 4248 3878 4288 con-

2295 4326 2733 4399 siderantemque
2771 4342 2956 4385 secum
2972 4369 2988 4393 ,
3011 4327 3140 4399 quia
3160 4343 3267 4383 non
3295 4343 3419 4383 cum
3444 4329 3732 4397 morietur,
3754 4309 3879 4385 scci-

2295 4419 2411 4492 piet
2455 4420 2657 4489 omnia,
2687 4437 2861 4493 neque
2918 4421 3079 4476 simul
3124 4420 3417 4477 descendet
3452 4436 3579 4478 cum
3619 4438 3688 4479 eo
3732 4421 3877 4494 gloria

2296 4512 2491 4571 domus
2520 4514 2668 4585 ejus;
2694 4525 2716 4552 ο
2741 4523 2796 4570 et
2832 4513 2977 4586 quod
3002 4528 3065 4570 ea
3110 4529 3231 4585 qute
3272 4512 3532 4585 possidet,
3568 4514 3624 4570 in
3655 4514 3759 4571 hac
3791 4514 3879 4569 vita

2298 4609 2534 4666 habeant
2570 4609 2776 4681 aliquid
2804 4608 3099 4678 voluptatis
3121 4650 3138 4676 ,
3167 4622 3274 4664 non
3319 4609 3483 4664 etiam
3513 4606 3568 4663 in
3610 4607 3877 4664 futurum:

599 4719 729 4761 cens
772 4705 824 4760 in
859 4704 1150 4776 Evangelio
1181 4704 1335 4779 (Luc.
1366 4722 1468 4773 xv,
1501 4708 1569 4764 15
1607 4716 1658 4764 et
1686 4708 1845 4782 αφ),
1877 4708 1971 4778 qui
2005 4710 2198 4782 legitur
2223 4710 2279 4773 1)
2301 4703 2633 4776 aperientem
2685 4702 2872 4760 oculos
2913 4702 2981 4759 ad
3025 4702 3289 4760 cmlestia.
3316 4701 3505 4759 Nonne
3552 4702 3649 4758 tibi
3689 4704 3878 4760 videtur

599 4797 874 4869 accepisse
901 4814 932 4854 a
965 4807 1116 4869 patre
1136 4800 1454 4856 substantice
1486 4802 1812 4872 portionem,
1837 4812 1891 4860 et
1919 4819 2084 4876 egens
2108 4815 2195 4862 at-

599 4904 706 4963 que
731 4891 889 4964 in0ps
908 4934 923 4961 ,
951 4907 1059 4963 quo
1084 4890 1283 4949 famem
1314 4892 1537 4961 levaret,
1565 4909 1789 4966 pascere
1815 4912 2010 4971 greges
2030 4899 2199 4971 coepit

674 5090 700 5120 ει
721 5080 878 5147 Voci,
904 5081 1143 5149 perimat,
1176 5078 1503 5151 subiungunt
1545 5081 1791 5152 quredam
1823 5082 1996 5139 Paris.
2033 5082 2191 5147 edit.,

603 5154 687 5211 Sil
726 5169 839 5210 mea
877 5154 1051 5207 civitas
1074 5154 1389 5225 sepulcrum,
1420 5153 1473 5206 in
1510 5170 1610 5220 qua
1638 5171 1795 5224 super
1823 5172 1996 5209 muros
2032 5155 2195 5208 salta-

601 5226 738 5351 lltqm,
760 5228 822 5312 in
845 5242 902 5280 ea
920 5242 1022 5280 non
1048 5223 1331 5280 abstineam
1355 5241 1372 5279 :
1394 5242 1495 5281 non
1521 5227 1654 5281 enim
1672 5223 1836 5299 fefelli
1856 5230 2005 5282 verba
2030 5227 2195 5281 sancti

654 5315 701 5351 et
721 5315 840 5351 met.

654 5315 701 5353 ει
721 5315 840 5354 met.

672 5435 873 5491 bRom.
912 5436 1043 5493 edit.
1075 5452 1198 5492 cum
1242 5437 1362 5493 cod.
1390 5438 1581 5494 Thuan
1609 5445 1665 5493 et
1706 5436 1903 5503 Laud.,
1937 5438 2097 5493 levior
2121 5448 2197 5493 est

604 5508 800 5587 fabula.
836 5508 980 5587 ιιξξΧ
1002 5513 1220 5587 inter?"
1254 5511 1816 5587 aappb‘rspoewtéc.‘
1837 5510 1899 5587 [fit
1926 5509 2065 5587 itane
2092 5511 2194 5587 lec-

601 5583 802 5634 tionem
831 5583 993 5637 etiam
1023 5580 1661 5653 conlirtttant'qum'infra
1698 5581 1766 5635 de
1797 5580 1994 5643 fabula,
2023 5592 2078 5636 et
2113 5580 2193 5636 fa-

606 5652 692 5723 tui_
715 5657 1021 5709 narratione
1052 5654 1232 5723 legere
1260 5663 1345 5709 est
1367 5670 1383 5718 ;
1409 5668 1473 5707 ea
1508 5655 1652 5709 enim
1692 5653 1796 5709 huc
1840 5652 2195 5723 proculdubio

604 5721 931 5778 referuntur.
958 5721 1207 5779 Attamen
1233 5726 1353 5779 aliae
1375 5726 1507 5779 edit.
1539 5734 1699 5792 atque
1726 5721 1855 5780 mss.
1882 5736 2197 5781 constanter

605 5792 817 5867 legunt,
844 5795 1004 5867 levior
1046 5804 1119 5851 est
1160 5797 1357 5865 favilla.
1391 5795 1563 5867 Paris.
1604 5797 1849 5867 quaedam
1889 5798 2018 5853 edit.

610 5836 772 5920 uices
794 5836 1016 5923 iecluliis
1039 5836 1203 5934 nimi,
1391 5836 1811 5935 animiin};
1830 5836 2197 5934 (tibicinam

2302 4800 2443 4855 sicut
2470 4799 2565 4871 qui
2594 4799 2649 4854 in
2687 4799 2893 4855 somnis
2920 4798 3171 4867 bibebat,
3202 4799 3434 4865 bibisse;
3465 4808 3522 4854 et
3546 4798 3688 4854 sicut
3715 4799 3801 4871 qui
3834 4800 3877 4854 in

2301 4894 2507 4953 somnis
2532 4894 2873 4967 epulabatur,
2905 4893 3155 4966 epulatus
3186 4911 3201 4948 :
3230 4893 3510 4965 aperuisse
3543 4902 3727 4949 autem
3767 4907 3877 4950 ocn-

2300 5080 2496 5152 private
2519 5095 2805 5136 sermonem
2824 5079 3012 5134 stratui
3036 5094 3146 5134 meo
3159 5094 3180 5133 :
3207 5091 3329 5149 qua:
3348 5076 3513 5133 verba
3536 5076 3591 5132 in
3619 5075 3739 5133 aliis
3756 5074 3871 5132 edit.

2301 5160 2359 5208 et
2384 5155 2594 5209 cunctis
2626 5167 2757 5207 mss.
2787 5153 3136 5208 omittuntur.

2375 5235 2397 5262 θ
2422 5225 2548 5279 Mss.
2597 5225 2831 5296 aliquot,
2880 5225 2977 5279 iste
3024 5224 3101 5277 vir
3137 5238 3246 5278 esse
3291 5222 3641 5278 mercenarius
3674 5223 3762 5287 qui
3793 5237 3874 5277 sua

2336 5296 2603 5351 rodiderit.

2336 5313 2603 5351 roataertt.

2298 5313 2333 5367 Ρ
2372 5366 2505 5426 dSic
2546 5383 2735 5425 omnes
2779 5382 2911 5424 mss.
2941 5382 3005 5422 ac
3030 5376 3140 5424 vet.
3170 5365 3304 5423 edit.
3335 5367 3494 5423 Rom.
3529 5381 3692 5434 vero,
3721 5367 3873 5422 omnia

2300 5451 2575 5507 antequam
2601 5449 2764 5503 erant,
2789 5441 2993 5511 cognita
3007 5452 3146 5494 sunt.

2371 5522 2394 5549 ο
2427 5512 2570 5567 Edit.
2603 5512 2723 5567 Am.
2755 5509 2877 5566 cunt
2925 5526 3054 5566 tuss.
3091 5510 3227 5565 Vict.
3261 5518 3317 5565 et
3356 5509 3520 5565 Turn.
3545 5550 3561 5573 ,
3589 5519 3641 5565 et
3685 5526 3794 5563 cum
3819 5526 3870 5563 ea

2294 5599 2410 5654 qut:
2432 5585 2655 5650 possidet
2679 5585 2733 5637 in
2747 5583 2844 5637 hac
2867 5584 2972 5638 vita
3002 5582 3216 5636 habeant
3240 5582 3438 5653 aliquid
3457 5581 3726 5654 voluptatis
3747 5597 3764 5635 :
3782 5598 3869 5634 non

2297 5653 2451 5709 etiam
2481 5656 2533 5708 in
2571 5661 2804 5725 futurum
2842 5656 3079 5724 aperiunt
3105 5656 3279 5709 oculos
3302 5697 3317 5717 ,
3342 5662 3448 5708 etc.
3489 5653 3620 5708 Aliae
3648 5653 3773 5707 edit.
3812 5666 3867 5705 ac

2301 5742 2432 5781 mss.
2463 5725 2633 5782 ferme
2657 5729 2797 5782 inter
2824 5742 2887 5783 se
2922 5728 3252 5783 conveniunt
3278 5725 3378 5780 nisi
3416 5725 3468 5778 in
3506 5726 3868 5793 punctuatioue

2078 5805 2200 5867 post
2300 5808 2357 5855 et
2388 5799 2567 5870 paucis
2598 5799 2838 5868 vocalis,
2860 5814 2983 5870 qua:
3019 5813 3242 5856 sensum
3286 5796 3423 5854 haud
3452 5792 3675 5852 multum
3703 5792 3865 5849 diter.

2301 5884 2422 5925 sum
2450 5868 2710 5925 efﬁciunt.
