4066 6360
158 368 283 427 801
1024 365 1114 425 DE
1154 356 1804 425 INTERI‘ELLATIONE

1921 359 1967 419 Β
2015 358 2105 419 ET
2141 357 2360 418 DAVID
2396 355 2600 417 ιιιιειι
2635 357 2679 415 Ι.
2721 348 2737 412 ἶ
3386 349 3500 412 801

157 482 290 552 los,
326 494 397 542 et
424 482 739 558 cognovisse
779 481 924 555 quod
950 482 1128 539 anima
1170 482 1289 553 ejus
1330 480 1491 537 inane
1517 479 1798 549 speravit,

1978 481 2155 536 veteris
2183 480 2496 535 Testamenti
2523 479 2576 533 in
2603 476 2889 550 spiritalem
2912 486 3117 530 sensum
3145 472 3502 529 convertisse:

159 587 235 635 et
267 581 473 637 adhuc
496 579 731 647 esuriat,
755 586 917 649 atque
936 577 1119 643 sitiat;
1147 575 1267 647 quia
1304 571 1522 630 modum
1564 587 1670 627 non
1699 570 1797 626 ha-
1975 574 2192 630 Judwos
2212 615 2227 641 ,
2260 574 2397 644 quod
2435 573 2568 628 illud
2606 571 2986 645 ignoraverint,
3032 568 3347 625 excusabiles
3394 581 3499 621 non

160 671 281 728 bet
316 674 576 737 avaritia.
606 687 705 729 nec
731 669 992 743 rapiendo
1018 669 1263 740 expletur
1280 709 1295 735 ,
1319 666 1414 722 sed
1445 663 1701 721 incitatur
1735 677 1801 720 eo
1977 685 2086 723 esse
2114 669 2176 723 ob
2207 668 2449 741 prodigia
2473 684 2589 738 qua:
2613 665 2806 722 Christi
2833 674 3047 721 mortem
3073 674 3194 719 sunt
3221 661 3501 727 comitata;

164 771 479 836 egentior,
509 784 615 842 quo
642 768 791 840 plura
820 764 1134 838 quaesierit?
1154 763 1221 820 Et
1249 761 1336 819 hic
1364 776 1495 835 ergo
1518 758 1757 819 surrexit
1781 798 1798 827 ,
1974 762 2066 816 sed
2112 762 2333 817 maxime
2374 760 2437 815 ob
2485 760 2610 815 solis
2652 760 2987 831 defectionem
3026 772 3142 828 qua:
3170 752 3497 812 describitur.

168 869 239 919 et
271 878 493 921 vanum
514 872 597 919 est
622 858 915 919 somnium.
1978 855 2284 925 Tanguntur
2308 855 2415 910 alia
2439 853 2679 925 quwdam
2708 851 2901 909 Christi
2948 867 3135 921 opera,
3167 857 3214 905 et
3243 847 3501 921 praecipue

828 996 1053 1056 CAPUT
1092 994 1182 1053 tv.
1977 947 2273 1056 “WW1
2308 947 2363 1001 δ”
2410 949 2541 1056 "39'"
2560 945 2699 1056 ‘1‘.“
2725 946 2791 1054 di
2834 937 3503 1056 ⁸ί²¹⁴ἶ⁰¹ί⁰¹ῗῖρῗέῖίῖῗῖῗῖίῗ

1975 1042 2300 1101 conterendis
2332 1041 2546 1099 navibus
2588 1040 2829 1110 Tharsis,
2862 1039 3043 1112 quibus
3072 1053 3291 1110 corpora
3328 1041 3507 1090 nostra

175 1114 485 1188 Quomodo
507 1114 658 1171 amici
679 1110 783 1170 Job
801 1113 869 1168 ad
889 1110 1261 1168 consolandum
1280 1126 1396 1167 eum
1419 1110 1673 1166 venientes
1693 1111 1804 1184 ejus

1980 1141 2337 1213 designantur.
2355 1149 2361 1201 ξ

255 1212 511 1268 dolorem
532 1208 874 1264 acerbarerint
897 1224 916 1263 :
944 1218 991 1262 et
1024 1224 1181 1280 quam
1217 1206 1491 1279 magniﬁce
1518 1206 1655 1260 idem
1683 1220 1803 1259 sen-

251 1304 402 1358 serit
438 1302 502 1357 de
543 1302 717 1357 divina
744 1309 1021 1374 potestate,
1048 1317 1109 1356 ac
1151 1299 1516 1372 redemptionis
1563 1297 1807 1370 mysteria

254 1396 618 1470 designaverit
632 1397 659 1452 2

1982 1260 2072 1316 12.
2114 1258 2217 1329 Qui
2245 1267 2371 1315 sunt
2392 1258 2536 1316 enim
2577 1266 2793 1315 montes
2832 1272 2968 1328 quos
3000 1257 3396 1314 inveterascere
3424 1251 3506 1308 ia-

1907 1352 2015 1423 cit,
2044 1353 2147 1411 nisi
2192 1352 2403 1427 Moyses
2423 1395 2439 1421 ,
2472 1353 2653 1410 Aaron
2681 1396 2697 1421 ,
2724 1362 2780 1409 et
2809 1352 2980 1418 Elias,
3011 1351 3169 1408 .lesus
3196 1349 3363 1417 Nave,
3394 1347 3505 1405 Ge-

1908 1448 2046 1504 deon
2072 1490 2088 1514 ,
2119 1446 2435 1519 prophetae,
2478 1459 2666 1502 omnes
2707 1444 2830 1501 libri
2874 1445 3081 1501 veteris
3130 1438 3507 1500 Testamenti?

1908 1539 2071 1599 Venit
2096 1541 2357 1597 Dominus
2387 1540 2545 1597 Jesus
2574 1557 2590 1595 :
2620 1554 2818 1596 novum
2849 1538 3043 1594 detulit
3075 1537 3507 1604 Testamentum,

1906 1633 1937 1674 ι)
1968 1645 2023 1692 et
2048 1635 2179 1691 illud
2210 1634 2350 1706 quod
2383 1643 2503 1690 erat
2530 1644 2681 1689 vetus
2702 1674 2717 1699 ,
2747 1632 2947 1689 factum
2978 1641 3063 1689 est
3091 1646 3313 1686 novum.
3346 1629 3509 1684 lnno-

258 1511 365 1568 10.
411 1511 519 1569 Sed
542 1512 734 1569 iterum
764 1511 1251 1585 ipsum‘audiamus
1285 1508 1553 1568 dicentem
1585 1525 1599 1564 :
1630 1506 1697 1563 In
1717 1522 1805 1562 ve-

169 1605 351 1662 ritate
381 1608 499 1663 novi
524 1609 664 1680 quod
695 1609 768 1663 ita
797 1618 909 1677 est;
935 1606 1192 1681 quomodo
1217 1607 1352 1661 enim
1380 1605 1546 1679 629
1573 1603 1665 1658 erit
1684 1604 1805 1675 jus-

172 1708 305 1799 tus,
342 1700 606 1799 mortalis,
635 1711 738 1757 etc.
766 1700 911 1799 μοι.
940 1717 1027 1768 tx,
1052 1702 1087 1773 _l
1124 1710 1172 1755 et
1213 1698 1293 1771 ἓ).
1330 1695 1807 1799 Ιηειιιιιιιιῗιιθῐξιίμξ
1908 1736 2067 1783 vatus
2104 1695 2567 1792 estéltristianus,
2610 1695 2938 1782 inveteravit
2961 1723 3204 1781 Jttdteus.
3227 1722 3509 1779 Renovata

168 1793 372 1890 amici
389 1793 480 1865 qui
497 1794 564 1849 ad
593 1793 981 1890 consolandum
1012 1802 1273 1890 venerant
1294 1833 1309 1858 ,
1421 1791 1574 1862 quasi
1605 1790 1808 1890 ininlici
1910 1829 1996 1876 est
2016 1819 2209 1890 gratia,
2234 1790 2559 1874 inveteravit
2584 1817 2783 1874 littera.
2813 1817 3022 1873 Evertit
3048 1824 3282 1881 montes,
3308 1824 3359 1869 et
3380 1828 3512 1869 con-

170 1885 405 1941 ama'is
427 1902 550 1942 eum
574 1887 933 1957 perurgebant
956 1886 1318 1943 sermonibus'
1348 1885 1526 1943 Unum
1554 1884 1698 1940 enim
1725 1897 1815 1937 ⁵ο·
1842 1895 1890 1958 Β
1917 1884 2097 1967 vertit.
2128 1884 2337 1966 Evertit
2360 1911 2505 1967 enim
2531 1921 2587 1966 et
2611 1910 2825 1967 subruit
2856 1910 3187 1965 intellectum
3217 1905 3512 1963 secundum

168 1977 301 2032 latii
333 1993 516 2048 genus
542 1987 627 2035 est
664 1980 716 2035 in
746 1994 984 2035 aerumna
1023 1991 1077 2035 et
1119 1981 1171 2035 in
1217 1978 1579 2034 amaritudine
1607 1974 1809 2032 consti-

173 2071 323 2129 tutis
352 2074 516 2145 culpa
546 2088 776 2139 vacare;
809 2080 869 2130 ut
897 2089 958 2129 ea
987 2090 1106 2145 qua:
1139 2073 1513 2145 perpetiuntur
1548 2071 1773 2127 adversa
1792 2111 1806 2136 ,

172 2180 296 2222 non
341 2181 451 2238 pro
479 2166 659 2223 delicti
691 2168 865 2237 pretio
892 2169 1164 2224 sustinere
1196 2167 1503 2223 vidcantur.
1534 2165 1648 2221 Hoc
1676 2177 1811 2235 quo-

172 2276 298 2332 que
354 2269 550 2318 sancto
595 2262 714 2318 viro
764 2261 1004 2319 adimere
1049 2261 1388 2335 gesdebant;
1426 2270 1485 2317 ut
1533 2260 1812 2316 videretur

172 2355 312 2425 ipse
354 2369 475 2411 sure
498 2364 690 2412 auctor
715 2370 993 2423 terumnte,
1024 2357 1115 2427 qui
1154 2355 1390 2427 peccatis
1420 2353 1809 2427 gravibuspo-

1908 2006 2167 2073 litteram,
2194 2016 2249 2061 et
2269 2005 2459 2061 statuit
2483 2003 2891 2077 intelligentiam
2919 2003 3236 2074 spiritalem.
3267 2000 3515 2059 Intellec-

1911 2107 1995 2154 tus
2042 2114 2173 2170 ergo
2220 2098 2311 2154 ille
2354 2096 2516 2171 Legis
2554 2098 2777 2154 evanuit
2804 2098 3038 2154 carnalis
3064 2138 3081 2163 ,
3111 2106 3165 2153 et
3212 2096 3383 2151 factus
3426 2099 3514 2151 est

1909 2193 2191 2262 Spiritalis.
2233 2192 2390 2249 Unde
2430 2192 2724 2261 Apostolus
2768 2193 2881 2247 ait:
2929 2191 3132 2248 Scimus
3174 2200 3347 2245 autem
3391 2188 3516 2255 quia

1909 2286 2073 2359 630
2103 2285 2208 2342 Lex
2226 2286 2479 2358 spiritalis
2501 2295 2597 2354 est,
2618 2303 2712 2361 ego
2733 2294 2908 2340 autem
2942 2285 3165 2339 carnalis
3190 2300 3305 2338 sum
3326 2281 3509 2351 (Rom.

1911 2398 2006 2448 vn,
2040 2380 2169 2453 14).
2199 2380 2305 2437 Sed
2358 2390 2412 2438 et
2449 2382 2562 2452 ipse
2607 2382 2696 2452 qui
2747 2378 2983 2435 carnalis
3033 2390 3178 2445 erat,
3211 2377 3386 2434 lactus
3429 2382 3517 2433 est

174 2447 331 2505 mini
362 2448 729 2505 contraxisset
758 2448 1038 2518 offensam,
1067 2457 1122 2504 et
1167 2465 1265 2520 pro
1293 2448 1661 2520 impietatibus
1697 2445 1813 2501 suis

176 2539 282 2597 illa
330 2542 641 2600 toleraret:
675 2542 1047 2600 describentes
1094 2542 1382 2614 impiorum
1428 2541 1721 2614 supplicia;
1754 2548 1814 2597 ut

180 2635 285 2706 qui
334 2636 472 2691 vitia
514 2644 792 2705 sererent,
838 2645 894 2693 et
932 2645 1201 2692 meterent
1240 2635 1341 2692 sibi
1382 2635 1637 2703 dolores,
1670 2634 1814 2706 quod

183 2727 466 2785 mandato
511 2731 753 2800 perirent
801 2730 895 2786 Dei
935 2729 1083 2799 (Job.
1113 2746 1189 2797 tv,
1215 2730 1249 2786 8
1286 2740 1333 2785 et
1352 2728 1434 2801 9),
1465 2738 1491 2766 ι
1518 2739 1573 2784 et
1620 2729 1814 2799 spiritu

187 2824 332 2876 vitae
381 2822 551 2893 ipsius
592 2821 907 2889 interirent,
938 2824 1029 2894 qui
1074 2822 1377 2879 insufﬂaret
1414 2822 1605 2877 domos
1644 2824 1816 2879 luteas

187 2915 639 2973 inhabitantibus
679 2916 871 2990 (lbid.,
897 2917 966 2973 l9
996 2929 1043 2973 et
1073 2919 1230 2990 seq.),
1262 2928 1335 2987 et,
1362 2927 1694 2984 arescerent,
1726 2933 1817 2976 co-

192 3010 504 3081 gitationes
541 3010 865 3068 destitueret
889 3020 1228 3069 versutorum
1257 3054 1272 3078 ,
1302 3026 1364 3067 os
1389 3011 1699 3068 Obstrueret
1734 3012 1817 3068 in-

189 3112 336 3183 justi
373 3112 521 3183 (Job.
544 3129 597 3183 v,
626 3116 695 3172 l5
720 3124 766 3171 et
798 3114 908 3189 16).
933 3115 1063 3183 Qua:
1095 3130 1221 3172 vera
1252 3114 1469 3187 quidem
1500 3114 1569 3172 de
1608 3114 1817 3171 Domini

194 3214 519 3278 potestate;
563 3208 659 3264 sed
708 3223 817 3266 non
863 3209 1237 3266 convenientia
1289 3209 1419 3264 tanti
1471 3209 1574 3265 viri
1609 3208 1817 3265 meritis

197 3302 552 3358 asserebant.

281 3395 379 3451 11.
421 3394 514 3453 llis
540 3411 670 3470 ergo
724 3397 1050 3471 respondit:
1086 3396 1151 3453 In
1196 3401 1408 3454 veritate
1451 3401 1570 3456 novi
1601 3401 1722 3471 quia
1743 3401 1819 3453 ita

199 3498 321 3556 est;
348 3490 606 3560 quomodo
649 3491 782 3546 enim
806 3495 984 3564 justus
1032 3494 1265 3548 mortalis
1303 3492 1445 3566 apud
1494 3492 1819 3549 Dominum?

203 3580 270 3637 Si
302 3580 444 3635 enim
470 3582 688 3638 voluerit
729 3584 936 3658 judicio
983 3585 1289 3642 contendere
1332 3603 1449 3641 cum
1476 3603 1565 3653 eo,
1592 3604 1696 3641 non
1722 3603 1819 3640 au-

202 3676 315 3731 diet
344 3678 529 3745 illum;
555 3689 609 3733 ut
636 3696 737 3734 non
768 3679 836 3733 ad
865 3696 1028 3734 unum
1059 3682 1266 3735 verbum
1287 3685 1398 3755 ejus
1442 3681 1582 3736 mille
1624 3697 1819 3737 sermo-

202 3764 365 3818 nibus
392 3767 731 3819 contradicat.
766 3767 990 3837 Sapiens
1021 3776 1094 3821 est
1137 3769 1269 3823 enim
1306 3768 1597 3836 intellectu,
1627 3779 1674 3823 et
1704 3772 1817 3841 for-

205 3857 309 3919 tis,
342 3868 392 3911 et
414 3870 629 3926 magnus
660 3873 679 3911 :
710 3857 823 3928 quis
852 3869 957 3912 tam
983 3860 1144 3914 durus
1166 3902 1179 3925 ,
1212 3871 1268 3915 ut
1296 3862 1349 3916 in
1394 3872 1665 3935 conspectu
1705 3863 1819 3930 ejus

208 3951 383 4022 possit
418 3952 740 4008 subsistere?
781 3952 881 4020 Qui
925 3956 1049 4025 facit
1104 3967 1299 4012 montes
1342 3958 1732 4022 inveterascere,
1771 3968 1820 4011 et

208 4046 452 4100 nesciunt
474 4085 491 4111 ,
516 4054 563 4100 et
592 4046 766 4100 evertit
813 4063 899 4101 eos
928 4048 1220 4105 iracundia.
1264 4049 1361 4115 Qui
1406 4058 1684 4104 commovet
1730 4065 1819 4102 or-

211 4139 329 4195 bem
373 4150 622 4195 terrarum
663 4160 696 4197 a
740 4144 1128 4215 fundamentis,
1157 4154 1204 4199 et
1245 4144 1497 4201 columna:
1534 4148 1645 4219 ejus
1694 4163 1823 4215 qua-

214 4232 444 4287 tiuntur.
480 4233 577 4301 Qui
610 4235 732 4289 dicit
760 4236 898 4303 soli,
930 4249 976 4292 et
1009 4252 1111 4293 non
1138 4238 1303 4292 oritur
1323 4280 1337 4305 ,
1371 4239 1613 4295 adversus
1652 4251 1820 4296 autem

212 4327 394 4381 sidera
419 4330 705 4402 consignat.
740 4328 843 4395 Qui
871 4331 1099 4385 extendit
1147 4332 1330 4386 (telum
1358 4332 1497 4386 solus
1518 4374 1533 4397 ,
1565 4342 1614 4386 et
1643 4332 1821 4387 ambu-

214 4420 291 4474 lat
323 4419 462 4475 sicut
486 4422 539 4475 in
568 4421 860 4487 pavimento
888 4440 1046 4497 supra
1075 4439 1233 4480 mare.
1272 4424 1376 4493 Qui
1405 4425 1531 4497 facit
1556 4426 1819 4498 vergilias.

214 4522 262 4568 et
295 4513 570 4585 hesperum
593 4558 608 4584 ,
641 4528 688 4572 et
718 4518 1134 4591 septentrionem,
1164 4530 1212 4575 et
1241 4521 1404 4575 austri
1431 4522 1771 4576 ministerium
1800 4538 1822 4576 :

218 4608 311 4680 qui
356 4610 484 4680 facit
530 4628 721 4685 magna
763 4621 811 4667 et
858 4614 1271 4687 investigabilia,
1300 4616 1628 4689 gloriosaque
1653 4631 1698 4674 et
1723 4619 1822 4673 int-

222 4719 438 4770 mensa,
464 4722 680 4774 quorum
723 4724 825 4764 non
871 4719 943 4765 est
973 4726 1235 4766 numerus.
1271 4711 1333 4768 Si
1374 4716 1679 4784 prwterierit
1706 4732 1784 4770 me
1806 4757 1822 4784 ,
1851 4699 1905 4763 Ι)

226 4812 331 4851 non
356 4792 535 4853 videbo
557 4814 577 4853 :
602 4808 650 4854 et
669 4801 714 4855 si
740 4816 821 4856 me
841 4814 1230 4875 prsetergressus
1252 4806 1427 4876 fuerit,
1451 4824 1542 4863 nec
1571 4808 1645 4863 sic
1666 4810 1827 4864 sciam

227 4892 246 4959 (
272 4887 439 4957 Ibid.,
471 4906 546 4955 Ix,
575 4892 609 4949 3
632 4903 681 4948 et
710 4911 816 4966 seq.
845 4893 884 4965 ).
906 4895 1119 4965 Quanto
1140 4897 1546 4956 vehementiore
1569 4900 1691 4956 tuba
1726 4904 1827 4959 iste

228 4984 497 5057 increpuit
513 4987 581 5043 de
599 4987 807 5045 D0tnini
833 4990 1252 5061 potestate?Sed
1280 4993 1330 5047 in
1357 5010 1418 5049 ca
1440 4993 1705 5064 justorutn
1727 5012 1827 5050 au-

226 5078 417 5134 xilium
438 5122 452 5147 ,
478 5096 584 5160 non
620 5096 770 5137 ruina
817 5093 917 5140 est.
951 5084 1194 5157 Denique
1222 5085 1434 5142 videtur
1461 5086 1689 5157 exprimi
1731 5103 1828 5160 po-

230 5169 437 5237 tentia,
470 5158 574 5230 sed
594 5172 765 5247 magis
791 5176 1185 5251 redemptionis
1212 5188 1414 5236 nostra:
1448 5181 1702 5253 mysteria
1731 5158 1827 5239 de-

229 5269 523 5332 clarantur.

871 5369 1099 5432 CAPUT
1138 5371 1204 5431 Υ.

236 5479 404 5542 Deum
452 5485 635 5560 fecisse
681 5498 878 5546 montes
922 5491 1320 5563 inveterascere,
1350 5493 1407 5549 id
1449 5502 1556 5561 est,
1594 5492 1824 5549 litteram

309 5661 334 5724 ἒ
362 5646 520 5724 Rom.
552 5651 684 5708 edit.
717 5662 762 5706 et
808 5654 994 5724 spiritu
1040 5655 1134 5710 ira:
1160 5656 1322 5723 ipsius
1368 5657 1654 5712 interirent.
1688 5655 1824 5713 llnic

239 5718 392 5807 LXX“
410 5722 769 5807 sttﬂragaAntttr
792 5718 874 5780 bis
902 5728 1083 5807 verbis
1108 5746 1121 5781 ε
1149 5718 1251 5807 alia
1275 5727 1826 5807 disrumpens-ocimi:

241 5799 411 5873 ui)th
425 5799 895 5873 ἁφᾳινιᾳθήᾳονται.
928 5798 1115 5869 Neque
1142 5801 1305 5873 etiam
1334 5798 1552 5873 Vulgata
1587 5798 1827 5873 refringa-

242 5878 347 5921 tnr.
381 5868 486 5926 Sed
517 5872 568 5925 in
601 5868 831 5927 lectiOne
855 5887 977 5940 qua:
1002 5868 1136 5928 mss.
1167 5868 1525 5938 omniumfet
1552 5883 1660 5931 vet.
1691 5868 1825 5930 edit.

244 5949 344 6009 est,
369 5940 502 6000 nihil
521 5952 809 6001 mutamus.
839 5943 980 6004 inira
1005 5953 1187 6003 autem
1211 5945 1303 6001 ubi
1327 5960 1518 6007 omnes
1545 5946 1680 6005 edit.
1703 5960 1826 6005 cum

1912 2477 2189 2545 spiritalis.
2221 2475 2362 2530 sicut
2392 2477 2511 2545 ipse
2553 2475 2791 2530 asseruit
2837 2472 3027 2529 dicens
3059 2491 3071 2526 :
3105 2471 3240 2527 Puto
3270 2476 3433 2538 enlm,
3468 2477 3518 2525 et

1914 2586 2008 2642 ego
2052 2570 2294 2641 spiritum
2341 2567 2438 2624 Dei
2487 2568 2647 2624 habeo
2677 2568 2721 2641 (ι
2765 2567 2914 2636 Con,
2945 2584 3014 2623 vtt
3039 2608 3055 2634 ,
3080 2567 3152 2622 40
3173 2565 3217 2637 ).
3249 2565 3357 2621 llos
3385 2578 3518 2635 ergo

1915 2674 2127 2720 montes
2151 2665 2470 2720 inveteravit
2497 2663 2679 2730 .lesus,
2704 2674 2758 2719 et
2786 2661 2957 2719 Judaei
2990 2663 3258 2718 nesciunt.
3287 2659 3344 2717 Si
3371 2658 3516 2715 enim

1916 2759 2335 2830 cognovissent,
2361 2774 2654 2831 numquam
2688 2756 2972 2812 Dominum
3004 2753 3304 2825 maiestatis
3342 2752 3525 2811 cruci-

1918 2853 2168 2909 ﬁxissent
2198 2871 2211 2908 :
2248 2869 2538 2923 numquam
2568 2852 2747 2908 adhuc
2773 2850 3000 2908 Judaica
3046 2850 3399 2905 deliramenta
3431 2862 3521 2904 se-

1918 2958 2232 3021 querentur.
2258 2948 2361 3018 lpsi
2405 2955 2533 3004 sunt
2579 2962 2711 3020 ergo
2750 2947 2841 3019 qui
2892 2946 3162 3003 nesciunt.
3194 2942 3347 2999 Unde
3384 2941 3520 2999 etin

1921 3041 2213 3114 Evangelia
2242 3040 2375 3096 dicit
2406 3039 2663 3097 Dominus
2685 3039 2849 3097 Jcsus
2884 3058 2896 3093 :
2930 3038 3142 3095 Dimitte
3164 3039 3293 3107 illis,
3322 3034 3520 3106 Pater,

1918 3136 2283 3209 quiaptesciunt
2302 3135 2427 3206 quid
2451 3135 2649 3206 faciunt
2671 3133 2849 3207 (Lua,
2872 3150 3022 3201 χχιιι,
3044 3131 3159 3208 34).

1996 3230 2083 3286 l5.
2125 3229 2231 3286 Sed
2254 3246 2362 3286 non
2384 3238 2715 3287 excusantur
2732 3229 2855 3299 quia
2879 3229 3150 3296 nesciunt,
3167 3242 3288 3284 cum
3311 3225 3527 3286 nescire

1841 3289 1888 3355 Ο
1922 3323 2132 3392 nolint,
2160 3324 2303 3395 quod
2350 3322 2642 3379 debuerint
2686 3338 3037 3393 cognoscere.
3064 3322 3226 3378 Certe
3274 3336 3381 3377 non
3412 3318 3524 3377 illis

1918 3420 2243 3487 invidemus,
2268 3420 2312 3476 si
2337 3419 2543 3475 Domini
2585 3432 2886 3491 sequantur
2909 3418 3256 3475 sententiam.
3290 3417 3524 3475 Senten-

1918 3516 1989 3571 tia
2012 3516 2154 3571 enim
2197 3513 2477 3585 superiora
2520 3514 2662 3569 solet
2684 3512 2968 3570 absolvere
2992 3555 3008 3579 ,
3035 3529 3142 3568 non
3182 3513 3384 3569 lutura.
3414 3509 3523 3569 Sed

1920 3624 2022 3665 nec
2042 3608 2132 3663 ille
2154 3608 2408 3663 innnunis
2427 3624 2458 3664 a
2481 3608 2689 3664 scelere
2709 3608 2798 3679 qui
2826 3607 3091 3664 cruciﬁxit
3110 3622 3224 3664 suae
3245 3616 3522 3663 auctorem

1918 3701 2136 3766 salutis,
2166 3708 2222 3757 et
2250 3712 2434 3771 postea
2478 3702 2691 3757 veniam
2733 3716 2839 3756 non
2872 3700 3136 3772 poposcit.
3168 3701 3299 3756 Esto
3322 3708 3377 3756 ut
3398 3707 3527 3757 ante

1920 3794 2246 3866 ignoraverit
2290 3807 2450 3864 quem
2514 3793 2979 3865 persequebatur;
3030 3792 3085 3849 in
3128 3807 3292 3849 cruce
3342 3802 3523 3848 tamen

1922 3886 2155 3958 positum
2184 3884 2371 3940 debuit
2393 3900 2781 3956 recognoscere
2804 3886 3176 3941 universorum
3204 3899 3326 3941 esse
3346 3882 3527 3941 domi-

1923 3994 2050 4032 num
2078 3978 2468 4033 elementorum
2487 4020 2502 4044 ,
2529 3979 2630 4034 sub
2655 3994 2765 4050 quo
2793 3978 2969 4033 omnia
2992 3978 3261 4034 elementa
3286 3986 3527 4034 tremue-

1923 4082 2072 4135 runt,
2101 4072 2299 4127 ctelum
2341 4071 2687 4126 obscuratum
2719 4078 2825 4138 est,
2853 4072 2933 4127 sol
2975 4070 3207 4143 refugit,
3235 4082 3375 4127 terra
3414 4070 3528 4127 dis-

1924 4164 2104 4227 siluit,
2133 4166 2515 4220 defunctorum
2561 4164 2809 4236 sepulcra
2852 4165 3399 4237 patuerunt,mortui
3440 4164 3526 4221 vi-

1924 4260 2163 4315 ventium
2194 4270 2519 4330 receperunt
2549 4261 2848 4317 consortia.
2878 4260 3032 4318 Unde
3053 4271 3108 4318 et
3131 4261 3391 4319 Centurio
3411 4261 3523 4317 ait:

1933 4353 2061 4411 Vere
2089 4354 2186 4410 Dei
2210 4352 2386 4411 Filius
2411 4365 2520 4411 erat
2543 4356 2637 4410 iste
2661 4354 2905 4429 (Matth.,
2930 4373 3096 4424 xxvn,
3122 4358 3237 4428 54).
3267 4356 3529 4414 Centurio
3604 4346 3609 4347 ί

1926 4451 2167 4522 agnoscit
2187 4450 2424 4506 alienum
2444 4492 2461 4518 ,
2492 4451 2649 4506 levita
2674 4466 2779 4507 non
2808 4449 3143 4523 recognoscit
3170 4466 3326 4505 suum
3354 4467 3368 4505 :
3393 4464 3525 4522 gen-

1926 4547 2033 4602 tilis
2057 4557 2374 4614 veneratur,
2406 4544 2665 4602 Hebraeus
2690 4546 2925 4615 abjnrat.
2948 4544 3066 4602 Non
3092 4546 3361 4602 immerito
3395 4557 3528 4618 ergo

1927 4643 2193 4699 columnae
2213 4640 2363 4696 orbis
2388 4651 2652 4696 terrarmn
2680 4649 2841 4696 multa
2863 4648 3011 4708 sunt,
3038 4640 3254 4712 quando
3278 4654 3383 4696 non
3408 4653 3531 4696 cre-

1929 4737 2183 4793 diderunt
2252 4735 2525 4805 principes
2588 4734 2949 4791 sacerdotum.
3022 4734 3127 4790 Sed
3190 4743 3349 4789 moue
3401 4740 3530 4791 sunt

1927 4843 2164 4893 veteres,
2192 4839 2252 4886 ut
2275 4845 2429 4885 novae
2468 4829 2939 4895 conﬁrmarentur,
2972 4827 3109 4884 sicut
3139 4829 3253 4899 ipse
3274 4827 3528 4899 dignatus

1927 4938 2013 4984 est
2062 4928 2245 4983 dicere
2292 4941 2307 4979 :
2356 4924 2466 4995 Ego
2511 4926 2811 4997 conﬁrmavi
2877 4925 3141 4981 columnas
3182 4927 3297 4987 eius
3349 4920 3525 4993 (Psal.

1928 5040 2111 5088 Lsxtv,
2134 5023 2214 5095 4).
2239 5021 2377 5079 Audi
2417 5036 2552 5093 quas
2584 5022 2867 5078 columnas
2889 5017 3311 5077 conﬁrmaverit.
3336 5014 3526 5073 Petrus

1928 5128 1976 5174 et
2015 5117 2241 5172 Jacobus
2262 5128 2307 5172 et
2337 5115 2602 5178 Joannes.
2643 5117 2730 5189 qui
2770 5115 3072 5172 videbantur
3109 5113 3362 5168 columnas
3385 5126 3524 5177 esse,

1934 5212 2169 5269 dexteras
2227 5212 2477 5268 dederunt
2530 5210 2659 5266 mihi
2727 5219 2775 5265 et
2840 5208 3093 5265 Barnabtz
3153 5204 3527 5263 communionis

1934 5304 2174 5377 (Galat..
2197 5320 2256 5368 ιι.
2280 5305 2378 5378 9).

2007 5400 2090 5456 14.
2131 5399 2416 5469 Quomodo
2454 5415 2585 5473 ergo
2622 5406 2883 5457 excusant
2903 5412 2965 5453 se
3005 5395 3272 5465 nescisse,
3294 5408 3524 5470 quorum

1929 5492 2019 5549 alii
2062 5492 2342 5563 viderunt,
2382 5493 2475 5550 alii
2512 5500 2881 5565 cognoverunt
2935 5490 3104 5547 solem
3153 5507 3261 5547 non
3311 5492 3528 5563 espleto

1932 5654 2317 5714 recentioribus
2355 5669 2523 5729 mss”
2558 5651 2616 5709 Is
2642 5671 2763 5728 ergo
2806 5653 3089 5729 respondit,
3120 5650 3255 5710 Cod.
3286 5656 3527 5717 melioris

1930 5740 2074 5786 notae
2105 5732 2309 5800 legunt.
2345 5726 2467 5790 His.
2498 5737 2603 5782 etc.

2003 5801 2031 5841 ι)
2061 5797 2189 5858 Mss.
2222 5802 2457 5866 'l‘hnan.,
2488 5800 2642 5854 Dion.
2671 5807 2727 5856 et
2752 5798 2947 5871 Colb..
2966 5797 3037 5854 Et
3064 5799 3197 5855 illud
3222 5802 3361 5871 quod
3386 5811 3525 5871 erat,

1932 5884 2077 5931 vetus
2103 5873 2297 5942 factum
2316 5882 2410 5927 est.
2440 5872 2751 5943 Innovatus,
2780 5879 2887 5931 etc.
2920 5870 3074 5942 Quod
3107 5870 3272 5930 etiam
3301 5890 3412 5933 non
3445 5870 3529 5933 itt-

1934 5945 2217 6005 commode
2245 5954 2421 6018 potest
2447 5943 2726 6018 explicari.
