  <div class='ocr_page' id='page_1' title='image "/cluster/home/n/w/nwhite01/storage/ocr_20150623/14/hvd.32044015471303/407.png"; bbox 0 0 4066 6360; ppageno 0'>
   <div class='ocr_carea' id='block_1_1' title="bbox 583 317 691 374">
    <p class='ocr_par' dir='ltr' id='par_1_1' title="bbox 583 317 691 374">
     <span class='ocr_line' id='line_1_1' title="bbox 583 317 691 374; baseline 0 -1"><span class='ocrx_word' id='word_1_1' title='bbox 583 317 691 374; x_wconf 75' lang='grc'><strong>805</strong></span> 
     </span>
    </p>
   </div>
   <div class='ocr_carea' id='block_1_2' title="bbox 1935 309 2536 370">
    <p class='ocr_par' dir='ltr' id='par_1_2' title="bbox 1935 309 2536 370">
     <span class='ocr_line' id='line_1_2' title="bbox 1935 309 2536 370; baseline 0.002 -3"><span class='ocrx_word' id='word_1_2' title='bbox 1935 309 2176 370; x_wconf 73' lang='grc' dir='ltr'><strong>εΑΝετι</strong></span> <span class='ocrx_word' id='word_1_3' title='bbox 2217 311 2536 370; x_wconf 70' lang='lat' dir='ltr'><strong>AHBROSII</strong></span> 
     </span>
    </p>
   </div>
   <div class='ocr_carea' id='block_1_3' title="bbox 3803 307 3896 363">
    <p class='ocr_par' dir='ltr' id='par_1_3' title="bbox 3803 307 3896 363">
     <span class='ocr_line' id='line_1_3' title="bbox 3803 307 3896 363; baseline -0.011 0"><span class='ocrx_word' id='word_1_4' title='bbox 3803 307 3896 363; x_wconf 72' lang='lat' dir='ltr'><strong>8M</strong></span> 
     </span>
    </p>
   </div>
   <div class='ocr_carea' id='block_1_4' title="bbox 577 425 3892 504">
    <p class='ocr_par' dir='ltr' id='par_1_4' title="bbox 577 425 3892 504">
     <span class='ocr_line' id='line_1_4' title="bbox 577 425 3892 504; baseline -0.002 -16"><span class='ocrx_word' id='word_1_5' title='bbox 577 435 684 488; x_wconf 80' lang='lat' dir='ltr'><strong>diei</strong></span> <span class='ocrx_word' id='word_1_6' title='bbox 708 432 996 500; x_wconf 88' lang='lat' dir='ltr'><strong>curriculo,</strong></span> <span class='ocrx_word' id='word_1_7' title='bbox 1019 447 1078 490; x_wconf 88' lang='lat' dir='ltr'><strong>se</strong></span> <span class='ocrx_word' id='word_1_8' title='bbox 1115 433 1389 504; x_wconf 87' lang='lat' dir='ltr'><strong>recepisse</strong></span> <span class='ocrx_word' id='word_1_9' title='bbox 1410 449 1426 498; x_wconf 88' lang='lat'><strong>;</strong></span> <span class='ocrx_word' id='word_1_10' title='bbox 1450 439 1506 488; x_wconf 89' lang='lat' dir='ltr'><strong>et</strong></span> <span class='ocrx_word' id='word_1_11' title='bbox 1535 445 1722 486; x_wconf 83' lang='lat' dir='ltr'><strong>rursus</strong></span> <span class='ocrx_word' id='word_1_12' title='bbox 1743 439 1868 484; x_wconf 84' lang='lat' dir='ltr'><strong>ante</strong></span> <span class='ocrx_word' id='word_1_13' title='bbox 1889 437 2166 498; x_wconf 84' lang='lat' dir='ltr'><strong>peractum</strong></span> <span class='ocrx_word' id='word_1_14' title='bbox 2201 433 2248 494; x_wconf 70' lang='grc' dir='ltr'><strong>Δ</strong></span> <span class='ocrx_word' id='word_1_15' title='bbox 2277 431 2448 488; x_wconf 69' lang='lat' dir='ltr'><strong>Naves</strong></span> <span class='ocrx_word' id='word_1_16' title='bbox 2497 431 2742 500; x_wconf 67' lang='lat' dir='ltr'><strong>Marsis,-</strong></span> <span class='ocrx_word' id='word_1_17' title='bbox 2767 429 2816 486; x_wconf 92' lang='lat' dir='ltr'><strong>id</strong></span> <span class='ocrx_word' id='word_1_18' title='bbox 2847 439 2930 486; x_wconf 91' lang='lat' dir='ltr'><strong>est</strong></span> <span class='ocrx_word' id='word_1_19' title='bbox 2951 469 2966 496; x_wconf 91' lang='lat'><strong>,</strong></span> <span class='ocrx_word' id='word_1_20' title='bbox 3007 431 3392 502; x_wconf 72' lang='lat' dir='ltr'><strong>intelligibiles</strong></span> <span class='ocrx_word' id='word_1_21' title='bbox 3441 441 3572 499; x_wconf 71' lang='lat' dir='ltr'><strong>qua:</strong></span> <span class='ocrx_word' id='word_1_22' title='bbox 3617 425 3892 484; x_wconf 73' lang='lat' dir='ltr'><strong>Salomon”.</strong></span> 
     </span>
    </p>
   </div>
   <div class='ocr_carea' id='block_1_5' title="bbox 580 523 2177 596">
    <p class='ocr_par' dir='ltr' id='par_1_5' title="bbox 580 523 2177 596">
     <span class='ocr_line' id='line_1_5' title="bbox 580 523 2177 596; baseline -0.001 -16"><span class='ocrx_word' id='word_1_23' title='bbox 580 527 816 596; x_wconf 84' lang='lat' dir='ltr'><strong>spatium</strong></span> <span class='ocrx_word' id='word_1_24' title='bbox 839 526 1011 580; x_wconf 89' lang='lat' dir='ltr'><strong>noctis</strong></span> <span class='ocrx_word' id='word_1_25' title='bbox 1046 541 1348 596; x_wconf 82' lang='lat' dir='ltr'><strong>egressum,</strong></span> <span class='ocrx_word' id='word_1_26' title='bbox 1393 531 1606 580; x_wconf 88' lang='lat' dir='ltr'><strong>noctem</strong></span> <span class='ocrx_word' id='word_1_27' title='bbox 1647 523 1700 578; x_wconf 88' lang='lat' dir='ltr'><strong>in</strong></span> <span class='ocrx_word' id='word_1_28' title='bbox 1739 523 1828 578; x_wconf 88' lang='lat' dir='ltr'><strong>die</strong></span> <span class='ocrx_word' id='word_1_29' title='bbox 1867 523 2082 590; x_wconf 80' lang='lat' dir='ltr'><strong>fecisse,</strong></span> <span class='ocrx_word' id='word_1_30' title='bbox 2123 523 2177 578; x_wconf 90' lang='lat' dir='ltr'><strong>in</strong></span> 
     </span>
    </p>
   </div>
   <div class='ocr_carea' id='block_1_6' title="bbox 575 615 2180 690">
    <p class='ocr_par' dir='ltr' id='par_1_6' title="bbox 575 615 2180 690">
     <span class='ocr_line' id='line_1_6' title="bbox 575 615 2180 690; baseline -0.002 -16"><span class='ocrx_word' id='word_1_31' title='bbox 575 627 736 674; x_wconf 84' lang='lat' dir='ltr'><strong>nocte</strong></span> <span class='ocrx_word' id='word_1_32' title='bbox 765 618 926 674; x_wconf 89' lang='lat' dir='ltr'><strong>diem.</strong></span> <span class='ocrx_word' id='word_1_33' title='bbox 973 618 1170 689; x_wconf 85' lang='lat' dir='ltr'><strong>Utique</strong></span> <span class='ocrx_word' id='word_1_34' title='bbox 1219 618 1520 690; x_wconf 79' lang='lat' dir='ltr'><strong>intelligere</strong></span> <span class='ocrx_word' id='word_1_35' title='bbox 1567 615 1876 673; x_wconf 88' lang='lat' dir='ltr'><strong>debuerunt</strong></span> <span class='ocrx_word' id='word_1_36' title='bbox 1919 615 2050 688; x_wconf 84' lang='lat' dir='ltr'><strong>quia</strong></span> <span class='ocrx_word' id='word_1_37' title='bbox 2097 615 2180 670; x_wconf 90' lang='lat' dir='ltr'><strong>soi</strong></span> 
     </span>
    </p>
   </div>
   <div class='ocr_carea' id='block_1_7' title="bbox 574 693 2180 783">
    <p class='ocr_par' dir='ltr' id='par_1_7' title="bbox 574 693 2180 783">
     <span class='ocr_line' id='line_1_7' title="bbox 574 693 2180 783; baseline -0.002 -18"><span class='ocrx_word' id='word_1_38' title='bbox 574 693 760 780; x_wconf 80' lang='lat' dir='ltr'><strong>jussus</strong></span> <span class='ocrx_word' id='word_1_39' title='bbox 789 729 847 766; x_wconf 88' lang='lat' dir='ltr'><strong>se</strong></span> <span class='ocrx_word' id='word_1_40' title='bbox 893 713 1130 782; x_wconf 89' lang='lat' dir='ltr'><strong>recepit,</strong></span> <span class='ocrx_word' id='word_1_41' title='bbox 1157 723 1210 768; x_wconf 91' lang='lat' dir='ltr'><strong>et</strong></span> <span class='ocrx_word' id='word_1_42' title='bbox 1233 713 1420 783; x_wconf 90' lang='lat' dir='ltr'><strong>jussus</strong></span> <span class='ocrx_word' id='word_1_43' title='bbox 1451 711 1636 766; x_wconf 79' lang='lat' dir='ltr'><strong>exivit.</strong></span> <span class='ocrx_word' id='word_1_44' title='bbox 1665 709 2005 765; x_wconf 70' lang='lat' dir='ltr'><strong>Praedixerat</strong></span> <span class='ocrx_word' id='word_1_45' title='bbox 2031 709 2180 763; x_wconf 89' lang='lat' dir='ltr'><strong>enim</strong></span> 
     </span>
    </p>
   </div>
   <div class='ocr_carea' id='block_1_8' title="bbox 580 801 2182 876">
    <p class='ocr_par' dir='ltr' id='par_1_8' title="bbox 580 801 2182 876">
     <span class='ocr_line' id='line_1_8' title="bbox 580 801 2182 876; baseline -0.001 -20"><span class='ocrx_word' id='word_1_46' title='bbox 580 803 840 858; x_wconf 80' lang='lat' dir='ltr'><strong>Dominus</strong></span> <span class='ocrx_word' id='word_1_47' title='bbox 871 802 1086 876; x_wconf 80' lang='lat' dir='ltr'><strong>(Matth.</strong></span> <span class='ocrx_word' id='word_1_48' title='bbox 1119 819 1222 872; x_wconf 81' lang='lat' dir='ltr'><strong>xu,</strong></span> <span class='ocrx_word' id='word_1_49' title='bbox 1251 803 1368 876; x_wconf 77' lang='grc'><strong>40),</strong></span> <span class='ocrx_word' id='word_1_50' title='bbox 1401 803 1520 874; x_wconf 90' lang='lat' dir='ltr'><strong>quia</strong></span> <span class='ocrx_word' id='word_1_51' title='bbox 1551 805 1726 858; x_wconf 86' lang='lat' dir='ltr'><strong>tribus</strong></span> <span class='ocrx_word' id='word_1_52' title='bbox 1757 801 1948 858; x_wconf 87' lang='lat' dir='ltr'><strong>diebus</strong></span> <span class='ocrx_word' id='word_1_53' title='bbox 1971 801 2182 856; x_wconf 82' lang='lat' dir='ltr'><strong>iuturus</strong></span> 
     </span>
    </p>
   </div>
   <div class='ocr_carea' id='block_1_9' title="bbox 571 895 2182 966">
    <p class='ocr_par' dir='ltr' id='par_1_9' title="bbox 571 895 2182 966">
     <span class='ocr_line' id='line_1_9' title="bbox 571 895 2182 966; baseline -0.004 -12"><span class='ocrx_word' id='word_1_54' title='bbox 571 905 692 954; x_wconf 73' lang='lat' dir='ltr'><strong>erat</strong></span> <span class='ocrx_word' id='word_1_55' title='bbox 725 899 776 952; x_wconf 88' lang='lat' dir='ltr'><strong>in</strong></span> <span class='ocrx_word' id='word_1_56' title='bbox 821 895 988 954; x_wconf 88' lang='lat' dir='ltr'><strong>corde</strong></span> <span class='ocrx_word' id='word_1_57' title='bbox 1029 908 1224 966; x_wconf 66' lang='lat' dir='ltr'><strong>terrae,</strong></span> <span class='ocrx_word' id='word_1_58' title='bbox 1263 907 1318 954; x_wconf 90' lang='lat' dir='ltr'><strong>et</strong></span> <span class='ocrx_word' id='word_1_59' title='bbox 1366 898 1540 954; x_wconf 87' lang='lat' dir='ltr'><strong>tribus</strong></span> <span class='ocrx_word' id='word_1_60' title='bbox 1591 895 1884 952; x_wconf 85' lang='lat' dir='ltr'><strong>noctibus:</strong></span> <span class='ocrx_word' id='word_1_61' title='bbox 1917 895 2182 950; x_wconf 91' lang='lat' dir='ltr'><strong>didicerat</strong></span> 
     </span>
    </p>
   </div>
   <div class='ocr_carea' id='block_1_10' title="bbox 575 988 2182 1062">
    <p class='ocr_par' dir='ltr' id='par_1_10' title="bbox 575 988 2182 1062">
     <span class='ocr_line' id='line_1_10' title="bbox 575 988 2182 1062; baseline -0.004 -16"><span class='ocrx_word' id='word_1_62' title='bbox 575 989 682 1048; x_wconf 86' lang='lat' dir='ltr'><strong>hoc</strong></span> <span class='ocrx_word' id='word_1_63' title='bbox 709 991 794 1046; x_wconf 81' lang='lat' dir='ltr'><strong>Sol</strong></span> <span class='ocrx_word' id='word_1_64' title='bbox 819 1033 834 1055; x_wconf 88' lang='lat'><strong>,</strong></span> <span class='ocrx_word' id='word_1_65' title='bbox 881 991 1130 1046; x_wconf 91' lang='lat' dir='ltr'><strong>servabat</strong></span> <span class='ocrx_word' id='word_1_66' title='bbox 1183 1003 1536 1062; x_wconf 68' lang='lat' dir='ltr'><strong>praeceptum.</strong></span> <span class='ocrx_word' id='word_1_67' title='bbox 1581 989 1868 1044; x_wconf 88' lang='lat' dir='ltr'><strong>Dubitabat</strong></span> <span class='ocrx_word' id='word_1_68' title='bbox 1910 1003 2074 1060; x_wconf 82' lang='lat' dir='ltr'><strong>ergo,</strong></span> <span class='ocrx_word' id='word_1_69' title='bbox 2103 988 2182 1042; x_wconf 90' lang='lat' dir='ltr'><strong>di-</strong></span> 
     </span>
    </p>
   </div>
   <div class='ocr_carea' id='block_1_11' title="bbox 573 1077 2184 1158">
    <p class='ocr_par' dir='ltr' id='par_1_11' title="bbox 573 1077 2184 1158">
     <span class='ocr_line' id='line_1_11' title="bbox 573 1077 2184 1158; baseline -0.004 -18"><span class='ocrx_word' id='word_1_70' title='bbox 573 1099 704 1140; x_wconf 90' lang='lat' dir='ltr'><strong>cens</strong></span> <span class='ocrx_word' id='word_1_71' title='bbox 733 1103 746 1136; x_wconf 91' lang='lat'>:</span> <span class='ocrx_word' id='word_1_72' title='bbox 781 1077 916 1152; x_wconf 87' lang='lat' dir='ltr'><strong>Quid</strong></span> <span class='ocrx_word' id='word_1_73' title='bbox 950 1083 1128 1138; x_wconf 79' lang='lat' dir='ltr'><strong>facio?</strong></span> <span class='ocrx_word' id='word_1_74' title='bbox 1156 1083 1337 1148; x_wconf 88' lang='lat' dir='ltr'><strong>Orior,</strong></span> <span class='ocrx_word' id='word_1_75' title='bbox 1365 1093 1420 1138; x_wconf 88' lang='lat' dir='ltr'><strong>et</strong></span> <span class='ocrx_word' id='word_1_76' title='bbox 1447 1083 1565 1138; x_wconf 89' lang='lat' dir='ltr'><strong>dies</strong></span> <span class='ocrx_word' id='word_1_77' title='bbox 1592 1093 1676 1136; x_wconf 87' lang='lat' dir='ltr'><strong>est</strong></span> <span class='ocrx_word' id='word_1_78' title='bbox 1709 1098 1720 1134; x_wconf 93' lang='lat'><strong>:</strong></span> <span class='ocrx_word' id='word_1_79' title='bbox 1756 1081 1968 1158; x_wconf 69' lang='lat' dir='ltr'><strong>occido,</strong></span> <span class='ocrx_word' id='word_1_80' title='bbox 1995 1089 2052 1136; x_wconf 89' lang='lat' dir='ltr'><strong>et</strong></span> <span class='ocrx_word' id='word_1_81' title='bbox 2075 1095 2184 1134; x_wconf 77' lang='lat' dir='ltr'><strong>uox</strong></span> 
     </span>
    </p>
   </div>
   <div class='ocr_carea' id='block_1_12' title="bbox 571 1171 2184 1240">
    <p class='ocr_par' dir='ltr' id='par_1_12' title="bbox 571 1171 2184 1240">
     <span class='ocr_line' id='line_1_12' title="bbox 571 1171 2184 1240; baseline -0.002 -8"><span class='ocrx_word' id='word_1_82' title='bbox 571 1185 678 1232; x_wconf 88' lang='lat' dir='ltr'><strong>est.</strong></span> <span class='ocrx_word' id='word_1_83' title='bbox 707 1175 766 1232; x_wconf 88' lang='lat' dir='ltr'><strong>Si</strong></span> <span class='ocrx_word' id='word_1_84' title='bbox 794 1192 1012 1230; x_wconf 84' lang='lat' dir='ltr'><strong>cursum</strong></span> <span class='ocrx_word' id='word_1_85' title='bbox 1047 1191 1228 1230; x_wconf 89' lang='lat' dir='ltr'><strong>meum</strong></span> <span class='ocrx_word' id='word_1_86' title='bbox 1262 1189 1558 1231; x_wconf 75' lang='lat' dir='ltr'><strong>servavero</strong></span> <span class='ocrx_word' id='word_1_87' title='bbox 1583 1217 1598 1240; x_wconf 93' lang='lat'><strong>,</strong></span> <span class='ocrx_word' id='word_1_88' title='bbox 1627 1173 1954 1228; x_wconf 83' lang='lat' dir='ltr'><strong>demorabor</strong></span> <span class='ocrx_word' id='word_1_89' title='bbox 1997 1171 2184 1228; x_wconf 87' lang='lat' dir='ltr'><strong>mundi</strong></span> 
     </span>
    </p>
   </div>
   <div class='ocr_carea' id='block_1_13' title="bbox 575 1265 2186 1338">
    <p class='ocr_par' dir='ltr' id='par_1_13' title="bbox 575 1265 2186 1338">
     <span class='ocr_line' id='line_1_13' title="bbox 575 1265 2186 1338; baseline -0.003 -14"><span class='ocrx_word' id='word_1_90' title='bbox 575 1269 827 1326; x_wconf 81' lang='lat' dir='ltr'><strong>salutem.</strong></span> <span class='ocrx_word' id='word_1_91' title='bbox 859 1269 1206 1326; x_wconf 86' lang='lat' dir='ltr'><strong>Festinemus</strong></span> <span class='ocrx_word' id='word_1_92' title='bbox 1249 1271 1412 1326; x_wconf 85' lang='lat' dir='ltr'><strong>etiam</strong></span> <span class='ocrx_word' id='word_1_93' title='bbox 1463 1267 1530 1322; x_wconf 85' lang='lat' dir='ltr'><strong>ad</strong></span> <span class='ocrx_word' id='word_1_94' title='bbox 1581 1265 2011 1338; x_wconf 77' lang='lat' dir='ltr'><strong>redemptionem</strong></span> <span class='ocrx_word' id='word_1_95' title='bbox 2057 1281 2186 1320; x_wconf 87' lang='lat' dir='ltr'><strong>nos-</strong></span> 
     </span>
    </p>
   </div>
   <div class='ocr_carea' id='block_1_14' title="bbox 575 1357 2180 1431">
    <p class='ocr_par' dir='ltr' id='par_1_14' title="bbox 575 1357 2180 1431">
     <span class='ocr_line' id='line_1_14' title="bbox 575 1357 2180 1431; baseline -0.004 -13"><span class='ocrx_word' id='word_1_96' title='bbox 575 1365 720 1418; x_wconf 79' lang='lat' dir='ltr'><strong>iram</strong></span> <span class='ocrx_word' id='word_1_97' title='bbox 749 1381 763 1416; x_wconf 87' lang='lat'>:</span> <span class='ocrx_word' id='word_1_98' title='bbox 798 1359 1060 1419; x_wconf 78' lang='lat' dir='ltr'><strong>festinare</strong></span> <span class='ocrx_word' id='word_1_99' title='bbox 1085 1363 1252 1418; x_wconf 89' lang='lat' dir='ltr'><strong>etiam</strong></span> <span class='ocrx_word' id='word_1_100' title='bbox 1285 1359 1459 1418; x_wconf 87' lang='lat' dir='ltr'><strong>debeo</strong></span> <span class='ocrx_word' id='word_1_101' title='bbox 1503 1361 1620 1431; x_wconf 87' lang='lat' dir='ltr'><strong>ipse</strong></span> <span class='ocrx_word' id='word_1_102' title='bbox 1649 1359 1714 1415; x_wconf 87' lang='lat' dir='ltr'><strong>ad</strong></span> <span class='ocrx_word' id='word_1_103' title='bbox 1761 1375 1954 1416; x_wconf 82' lang='lat' dir='ltr'><strong>novam</strong></span> <span class='ocrx_word' id='word_1_104' title='bbox 1983 1357 2180 1424; x_wconf 78' lang='lat' dir='ltr'><strong>vitam;</strong></span> 
     </span>
    </p>
   </div>
   <div class='ocr_carea' id='block_1_15' title="bbox 577 1455 2178 1527">
    <p class='ocr_par' dir='ltr' id='par_1_15' title="bbox 577 1455 2178 1527">
     <span class='ocr_line' id='line_1_15' title="bbox 577 1455 2178 1527; baseline -0.004 -13"><span class='ocrx_word' id='word_1_105' title='bbox 577 1461 684 1514; x_wconf 83' lang='lat' dir='ltr'><strong>erit</strong></span> <span class='ocrx_word' id='word_1_106' title='bbox 712 1457 857 1515; x_wconf 88' lang='lat' dir='ltr'><strong>enim</strong></span> <span class='ocrx_word' id='word_1_107' title='bbox 893 1457 1160 1515; x_wconf 84' lang='lat' dir='ltr'><strong>beneﬁcio</strong></span> <span class='ocrx_word' id='word_1_108' title='bbox 1187 1459 1364 1514; x_wconf 86' lang='lat' dir='ltr'><strong>erucis</strong></span> <span class='ocrx_word' id='word_1_109' title='bbox 1395 1471 1496 1527; x_wconf 82' lang='lat' dir='ltr'><strong>qua</strong></span> <span class='ocrx_word' id='word_1_110' title='bbox 1529 1459 1862 1510; x_wconf 76' lang='lat' dir='ltr'><strong>renovantur</strong></span> <span class='ocrx_word' id='word_1_111' title='bbox 1893 1455 2143 1510; x_wconf 88' lang='lat' dir='ltr'><strong>universa</strong></span> <span class='ocrx_word' id='word_1_112' title='bbox 2163 1496 2178 1520; x_wconf 91' lang='lat'><strong>,</strong></span> 
     </span>
    </p>
   </div>
   <div class='ocr_carea' id='block_1_16' title="bbox 575 1549 2182 1622">
    <p class='ocr_par' dir='ltr' id='par_1_16' title="bbox 575 1549 2182 1622">
     <span class='ocr_line' id='line_1_16' title="bbox 575 1549 2182 1622; baseline -0.004 -13"><span class='ocrx_word' id='word_1_113' title='bbox 575 1561 633 1610; x_wconf 88' lang='lat' dir='ltr'><strong>et</strong></span> <span class='ocrx_word' id='word_1_114' title='bbox 656 1555 736 1610; x_wconf 87' lang='lat' dir='ltr'><strong>sol</strong></span> <span class='ocrx_word' id='word_1_115' title='bbox 765 1551 957 1620; x_wconf 84' lang='lat' dir='ltr'><strong>novus,</strong></span> <span class='ocrx_word' id='word_1_116' title='bbox 989 1565 1045 1609; x_wconf 88' lang='lat' dir='ltr'><strong>et</strong></span> <span class='ocrx_word' id='word_1_117' title='bbox 1073 1551 1271 1609; x_wconf 73' lang='lat' dir='ltr'><strong>coelum</strong></span> <span class='ocrx_word' id='word_1_118' title='bbox 1305 1565 1524 1607; x_wconf 81' lang='lat' dir='ltr'><strong>novum.</strong></span> <span class='ocrx_word' id='word_1_119' title='bbox 1553 1549 1774 1606; x_wconf 82' lang='lat' dir='ltr'><strong>Festino</strong></span> <span class='ocrx_word' id='word_1_120' title='bbox 1795 1563 1924 1622; x_wconf 85' lang='lat' dir='ltr'><strong>ergo</strong></span> <span class='ocrx_word' id='word_1_121' title='bbox 1946 1558 2008 1606; x_wconf 90' lang='lat' dir='ltr'><strong>ut</strong></span> <span class='ocrx_word' id='word_1_122' title='bbox 2035 1549 2182 1604; x_wconf 90' lang='lat' dir='ltr'><strong>illum</strong></span> 
     </span>
    </p>
   </div>
   <div class='ocr_carea' id='block_1_17' title="bbox 581 1641 2186 1720">
    <p class='ocr_par' dir='ltr' id='par_1_17' title="bbox 581 1641 2186 1720">
     <span class='ocr_line' id='line_1_17' title="bbox 581 1641 2186 1720; baseline -0.003 -19"><span class='ocrx_word' id='word_1_123' title='bbox 581 1649 785 1720; x_wconf 85' lang='lat' dir='ltr'><strong>possim</strong></span> <span class='ocrx_word' id='word_1_124' title='bbox 835 1649 1022 1703; x_wconf 84' lang='lat' dir='ltr'><strong>videre</strong></span> <span class='ocrx_word' id='word_1_125' title='bbox 1064 1647 1235 1703; x_wconf 86' lang='lat' dir='ltr'><strong>solem</strong></span> <span class='ocrx_word' id='word_1_126' title='bbox 1264 1645 1520 1718; x_wconf 64' lang='lat' dir='ltr'><strong>iustitiae,</strong></span> <span class='ocrx_word' id='word_1_127' title='bbox 1549 1641 1944 1700; x_wconf 86' lang='lat' dir='ltr'><strong>illuminantem</strong></span> <span class='ocrx_word' id='word_1_128' title='bbox 1975 1643 2186 1698; x_wconf 87' lang='lat' dir='ltr'><strong>animas</strong></span> 
     </span>
    </p>
   </div>
   <div class='ocr_carea' id='block_1_18' title="bbox 581 1735 2188 1810">
    <p class='ocr_par' dir='ltr' id='par_1_18' title="bbox 581 1735 2188 1810">
     <span class='ocr_line' id='line_1_18' title="bbox 581 1735 2188 1810; baseline -0.004 -12"><span class='ocrx_word' id='word_1_129' title='bbox 581 1744 985 1798; x_wconf 83' lang='lat' dir='ltr'><strong>universorum.</strong></span> <span class='ocrx_word' id='word_1_130' title='bbox 1013 1739 1122 1799; x_wconf 87' lang='lat' dir='ltr'><strong>Sed</strong></span> <span class='ocrx_word' id='word_1_131' title='bbox 1169 1741 1294 1810; x_wconf 91' lang='lat' dir='ltr'><strong>quid</strong></span> <span class='ocrx_word' id='word_1_132' title='bbox 1341 1735 1576 1795; x_wconf 78' lang='lat' dir='ltr'><strong>faciant?</strong></span> <span class='ocrx_word' id='word_1_133' title='bbox 1603 1737 1722 1810; x_wconf 97' lang='lat' dir='ltr'><strong>Ipse</strong></span> <span class='ocrx_word' id='word_1_134' title='bbox 1763 1739 1876 1794; x_wconf 91' lang='lat' dir='ltr'><strong>vult</strong></span> <span class='ocrx_word' id='word_1_135' title='bbox 1923 1745 2046 1808; x_wconf 87' lang='lat' dir='ltr'><strong>post</strong></span> <span class='ocrx_word' id='word_1_136' title='bbox 2091 1737 2188 1792; x_wconf 90' lang='lat' dir='ltr'><strong>tri-</strong></span> 
     </span>
    </p>
   </div>
   <div class='ocr_carea' id='block_1_19' title="bbox 583 1831 2740 1903">
    <p class='ocr_par' dir='ltr' id='par_1_19' title="bbox 583 1831 2740 1903">
     <span class='ocr_line' id='line_1_19' title="bbox 583 1831 2740 1903; baseline -0.001 -13"><span class='ocrx_word' id='word_1_137' title='bbox 583 1833 748 1890; x_wconf 87' lang='lat' dir='ltr'><strong>dmtut</strong></span> <span class='ocrx_word' id='word_1_138' title='bbox 785 1835 902 1890; x_wconf 83' lang='lat' dir='ltr'><strong>ileri</strong></span> <span class='ocrx_word' id='word_1_139' title='bbox 931 1835 1416 1890; x_wconf 83' lang='lat' dir='ltr'><strong>resurrectionem.</strong></span> <span class='ocrx_word' id='word_1_140' title='bbox 1467 1831 1652 1888; x_wconf 86' lang='lat' dir='ltr'><strong>Inveni</strong></span> <span class='ocrx_word' id='word_1_141' title='bbox 1697 1831 1822 1903; x_wconf 92' lang='lat' dir='ltr'><strong>quid</strong></span> <span class='ocrx_word' id='word_1_142' title='bbox 1865 1831 2060 1886; x_wconf 78' lang='lat' dir='ltr'><strong>faciam</strong></span> <span class='ocrx_word' id='word_1_143' title='bbox 2083 1874 2096 1897; x_wconf 96' lang='lat'><strong>,</strong></span> <span class='ocrx_word' id='word_1_144' title='bbox 2129 1839 2184 1884; x_wconf 89' lang='lat' dir='ltr'><strong>ut</strong></span> <span class='ocrx_word' id='word_1_145' title='bbox 2215 1833 2262 1894; x_wconf 86' lang='grc' dir='ltr'><strong>Β</strong></span> <span class='ocrx_word' id='word_1_146' title='bbox 2291 1831 2430 1886; x_wconf 87' lang='lat' dir='ltr'><strong>bona</strong></span> <span class='ocrx_word' id='word_1_147' title='bbox 2487 1835 2740 1888; x_wconf 82' lang='lat' dir='ltr'><strong>contritio</strong></span> 
     </span>
    </p>
   </div>
   <div class='ocr_carea' id='block_1_20' title="bbox 589 1925 2186 1985">
    <p class='ocr_par' dir='ltr' id='par_1_20' title="bbox 589 1925 2186 1985">
     <span class='ocr_line' id='line_1_20' title="bbox 589 1925 2186 1985; baseline -0.005 -1"><span class='ocrx_word' id='word_1_148' title='bbox 589 1935 644 1984; x_wconf 90' lang='lat' dir='ltr'><strong>et</strong></span> <span class='ocrx_word' id='word_1_149' title='bbox 691 1939 871 1985; x_wconf 87' lang='lat' dir='ltr'><strong>moras</strong></span> <span class='ocrx_word' id='word_1_150' title='bbox 919 1939 1026 1984; x_wconf 87' lang='lat' dir='ltr'><strong>non</strong></span> <span class='ocrx_word' id='word_1_151' title='bbox 1076 1927 1264 1984; x_wconf 81' lang='lat' dir='ltr'><strong>iaciam</strong></span> <span class='ocrx_word' id='word_1_152' title='bbox 1311 1933 1366 1982; x_wconf 87' lang='lat' dir='ltr'><strong>et</strong></span> <span class='ocrx_word' id='word_1_153' title='bbox 1415 1941 1696 1983; x_wconf 87' lang='lat' dir='ltr'><strong>numerum</strong></span> <span class='ocrx_word' id='word_1_154' title='bbox 1743 1925 1956 1980; x_wconf 86' lang='lat' dir='ltr'><strong>dierum</strong></span> <span class='ocrx_word' id='word_1_155' title='bbox 2001 1933 2186 1978; x_wconf 89' lang='lat' dir='ltr'><strong>custo-</strong></span> 
     </span>
    </p>
   </div>
   <div class='ocr_carea' id='block_1_21' title="bbox 587 2019 2188 2092">
    <p class='ocr_par' dir='ltr' id='par_1_21' title="bbox 587 2019 2188 2092">
     <span class='ocr_line' id='line_1_21' title="bbox 587 2019 2188 2092; baseline -0.004 -16"><span class='ocrx_word' id='word_1_156' title='bbox 587 2021 754 2076; x_wconf 85' lang='lat' dir='ltr'><strong>diam.</strong></span> <span class='ocrx_word' id='word_1_157' title='bbox 807 2019 922 2076; x_wconf 79' lang='lat' dir='ltr'><strong>Non</strong></span> <span class='ocrx_word' id='word_1_158' title='bbox 998 2021 1190 2075; x_wconf 78' lang='lat' dir='ltr'><strong>faciam</strong></span> <span class='ocrx_word' id='word_1_159' title='bbox 1263 2021 1530 2092; x_wconf 82' lang='lat' dir='ltr'><strong>integrum</strong></span> <span class='ocrx_word' id='word_1_160' title='bbox 1601 2020 1746 2075; x_wconf 87' lang='lat' dir='ltr'><strong>diem</strong></span> <span class='ocrx_word' id='word_1_161' title='bbox 1811 2027 1866 2073; x_wconf 91' lang='lat' dir='ltr'><strong>et</strong></span> <span class='ocrx_word' id='word_1_162' title='bbox 1925 2019 2188 2087; x_wconf 85' lang='lat' dir='ltr'><strong>integram</strong></span> 
     </span>
    </p>
   </div>
   <div class='ocr_carea' id='block_1_22' title="bbox 583 2111 2188 2182">
    <p class='ocr_par' dir='ltr' id='par_1_22' title="bbox 583 2111 2188 2182">
     <span class='ocr_line' id='line_1_22' title="bbox 583 2111 2188 2182; baseline -0.002 -14"><span class='ocrx_word' id='word_1_163' title='bbox 583 2121 819 2169; x_wconf 87' lang='lat' dir='ltr'><strong>noctem.</strong></span> <span class='ocrx_word' id='word_1_164' title='bbox 867 2113 1210 2168; x_wconf 80' lang='lat' dir='ltr'><strong>Abbreviabo</strong></span> <span class='ocrx_word' id='word_1_165' title='bbox 1241 2113 1426 2178; x_wconf 88' lang='lat' dir='ltr'><strong>horas,</strong></span> <span class='ocrx_word' id='word_1_166' title='bbox 1457 2121 1515 2168; x_wconf 93' lang='lat' dir='ltr'><strong>ut</strong></span> <span class='ocrx_word' id='word_1_167' title='bbox 1543 2113 1713 2168; x_wconf 83' lang='lat' dir='ltr'><strong>tribus</strong></span> <span class='ocrx_word' id='word_1_168' title='bbox 1741 2111 1959 2182; x_wconf 90' lang='lat' dir='ltr'><strong>quidem</strong></span> <span class='ocrx_word' id='word_1_169' title='bbox 1993 2111 2188 2166; x_wconf 88' lang='lat' dir='ltr'><strong>diebus</strong></span> 
     </span>
    </p>
   </div>
   <div class='ocr_carea' id='block_1_23' title="bbox 580 2205 2192 2264">
    <p class='ocr_par' dir='ltr' id='par_1_23' title="bbox 580 2205 2192 2264">
     <span class='ocr_line' id='line_1_23' title="bbox 580 2205 2192 2264; baseline -0.002 -1"><span class='ocrx_word' id='word_1_170' title='bbox 580 2219 642 2264; x_wconf 85' lang='lat' dir='ltr'><strong>ac</strong></span> <span class='ocrx_word' id='word_1_171' title='bbox 671 2205 922 2264; x_wconf 85' lang='lat' dir='ltr'><strong>noctibus</strong></span> <span class='ocrx_word' id='word_1_172' title='bbox 952 2207 1020 2264; x_wconf 90' lang='lat' dir='ltr'><strong>sit</strong></span> <span class='ocrx_word' id='word_1_173' title='bbox 1051 2209 1195 2264; x_wconf 88' lang='lat' dir='ltr'><strong>inter</strong></span> <span class='ocrx_word' id='word_1_174' title='bbox 1221 2217 1469 2264; x_wconf 87' lang='lat' dir='ltr'><strong>mortuos</strong></span> <span class='ocrx_word' id='word_1_175' title='bbox 1505 2207 1772 2264; x_wconf 76' lang='lat' dir='ltr'><strong>Dominus</strong></span> <span class='ocrx_word' id='word_1_176' title='bbox 1804 2207 1961 2263; x_wconf 85' lang='lat' dir='ltr'><strong>.lesus</strong></span> <span class='ocrx_word' id='word_1_177' title='bbox 1991 2225 2004 2262; x_wconf 88' lang='lat'><strong>:</strong></span> <span class='ocrx_word' id='word_1_178' title='bbox 2031 2205 2192 2262; x_wconf 88' lang='lat' dir='ltr'><strong>citius</strong></span> 
     </span>
    </p>
   </div>
   <div class='ocr_carea' id='block_1_24' title="bbox 581 2299 2192 2372">
    <p class='ocr_par' dir='ltr' id='par_1_24' title="bbox 581 2299 2192 2372">
     <span class='ocr_line' id='line_1_24' title="bbox 581 2299 2192 2372; baseline -0.002 -16"><span class='ocrx_word' id='word_1_179' title='bbox 581 2309 763 2356; x_wconf 83' lang='lat' dir='ltr'><strong>tamen</strong></span> <span class='ocrx_word' id='word_1_180' title='bbox 792 2313 952 2372; x_wconf 86' lang='lat' dir='ltr'><strong>quam</strong></span> <span class='ocrx_word' id='word_1_181' title='bbox 993 2299 1158 2356; x_wconf 87' lang='lat' dir='ltr'><strong>trium</strong></span> <span class='ocrx_word' id='word_1_182' title='bbox 1189 2299 1399 2356; x_wconf 87' lang='lat' dir='ltr'><strong>dierum</strong></span> <span class='ocrx_word' id='word_1_183' title='bbox 1431 2311 1488 2356; x_wconf 82' lang='lat' dir='ltr'><strong>et</strong></span> <span class='ocrx_word' id='word_1_184' title='bbox 1516 2299 1753 2356; x_wconf 84' lang='lat' dir='ltr'><strong>noeti‘um</strong></span> <span class='ocrx_word' id='word_1_185' title='bbox 1787 2299 2067 2355; x_wconf 84' lang='lat' dir='ltr'><strong>intervalla</strong></span> <span class='ocrx_word' id='word_1_186' title='bbox 2103 2315 2192 2369; x_wconf 83' lang='lat' dir='ltr'><strong>pa-</strong></span> 
     </span>
    </p>
   </div>
   <div class='ocr_carea' id='block_1_25' title="bbox 585 2391 2196 2466">
    <p class='ocr_par' dir='ltr' id='par_1_25' title="bbox 585 2391 2196 2466">
     <span class='ocr_line' id='line_1_25' title="bbox 585 2391 2196 2466; baseline -0.001 -16"><span class='ocrx_word' id='word_1_187' title='bbox 585 2395 816 2459; x_wconf 86' lang='lat' dir='ltr'><strong>tiuntur,</strong></span> <span class='ocrx_word' id='word_1_188' title='bbox 847 2405 1096 2466; x_wconf 83' lang='lat' dir='ltr'><strong>resurgat</strong></span> <span class='ocrx_word' id='word_1_189' title='bbox 1123 2409 1153 2448; x_wconf 87' lang='lat' dir='ltr'><strong>a</strong></span> <span class='ocrx_word' id='word_1_190' title='bbox 1185 2397 1438 2448; x_wconf 85' lang='lat' dir='ltr'><strong>mortuis.</strong></span> <span class='ocrx_word' id='word_1_191' title='bbox 1471 2391 1814 2450; x_wconf 82' lang='lat' dir='ltr'><strong>Abbreviabo</strong></span> <span class='ocrx_word' id='word_1_192' title='bbox 1847 2395 2007 2464; x_wconf 81' lang='lat' dir='ltr'><strong>igitur</strong></span> <span class='ocrx_word' id='word_1_193' title='bbox 2033 2393 2196 2448; x_wconf 82' lang='lat' dir='ltr'><strong>horas</strong></span> 
     </span>
    </p>
   </div>
   <div class='ocr_carea' id='block_1_26' title="bbox 583 2485 2195 2554">
    <p class='ocr_par' dir='ltr' id='par_1_26' title="bbox 583 2485 2195 2554">
     <span class='ocr_line' id='line_1_26' title="bbox 583 2485 2195 2554; baseline -0.001 -12"><span class='ocrx_word' id='word_1_194' title='bbox 583 2488 678 2543; x_wconf 82' lang='lat' dir='ltr'><strong>ubi</strong></span> <span class='ocrx_word' id='word_1_195' title='bbox 707 2487 1017 2543; x_wconf 88' lang='lat' dir='ltr'><strong>ascenderit</strong></span> <span class='ocrx_word' id='word_1_196' title='bbox 1045 2503 1284 2543; x_wconf 87' lang='lat' dir='ltr'><strong>crucem.</strong></span> <span class='ocrx_word' id='word_1_197' title='bbox 1311 2485 1358 2542; x_wconf 82' lang='grc' dir='ltr'>Α</span> <span class='ocrx_word' id='word_1_198' title='bbox 1384 2497 1539 2542; x_wconf 82' lang='lat' dir='ltr'><strong>sexta</strong></span> <span class='ocrx_word' id='word_1_199' title='bbox 1567 2487 1695 2542; x_wconf 86' lang='lat' dir='ltr'><strong>hora</strong></span> <span class='ocrx_word' id='word_1_200' title='bbox 1719 2489 1900 2542; x_wconf 87' lang='lat' dir='ltr'><strong>statim</strong></span> <span class='ocrx_word' id='word_1_201' title='bbox 1931 2487 2024 2541; x_wconf 88' lang='lat' dir='ltr'><strong>liat</strong></span> <span class='ocrx_word' id='word_1_202' title='bbox 2051 2501 2152 2542; x_wconf 81' lang='lat' dir='ltr'><strong>nox</strong></span> <span class='ocrx_word' id='word_1_203' title='bbox 2179 2503 2195 2554; x_wconf 93' lang='lat'><strong>;</strong></span> 
     </span>
    </p>
   </div>
   <div class='ocr_carea' id='block_1_27' title="bbox 581 2573 2199 2650">
    <p class='ocr_par' dir='ltr' id='par_1_27' title="bbox 581 2573 2199 2650">
     <span class='ocr_line' id='line_1_27' title="bbox 581 2573 2199 2650; baseline 0.001 -16"><span class='ocrx_word' id='word_1_204' title='bbox 581 2595 650 2634; x_wconf 88' lang='lat' dir='ltr'><strong>ne</strong></span> <span class='ocrx_word' id='word_1_205' title='bbox 681 2579 896 2634; x_wconf 81' lang='lat' dir='ltr'><strong>videam</strong></span> <span class='ocrx_word' id='word_1_206' title='bbox 923 2579 1132 2636; x_wconf 82' lang='lat' dir='ltr'><strong>Domini</strong></span> <span class='ocrx_word' id='word_1_207' title='bbox 1167 2581 1493 2649; x_wconf 83' lang='lat' dir='ltr'><strong>passionem,</strong></span> <span class='ocrx_word' id='word_1_208' title='bbox 1519 2579 1616 2635; x_wconf 90' lang='lat' dir='ltr'><strong>sed</strong></span> <span class='ocrx_word' id='word_1_209' title='bbox 1641 2579 1840 2650; x_wconf 79' lang='lat' dir='ltr'><strong>fugiam</strong></span> <span class='ocrx_word' id='word_1_210' title='bbox 1861 2573 2199 2648; x_wconf 70' lang='lat' dir='ltr'><strong>parricidalis</strong></span> 
     </span>
    </p>
   </div>
   <div class='ocr_carea' id='block_1_28' title="bbox 582 2671 2202 2743">
    <p class='ocr_par' dir='ltr' id='par_1_28' title="bbox 582 2671 2202 2743">
     <span class='ocr_line' id='line_1_28' title="bbox 582 2671 2202 2743; baseline 0 -17"><span class='ocrx_word' id='word_1_211' title='bbox 582 2671 981 2743; x_wconf 77' lang='lat' dir='ltr'><strong>persecutionis</strong></span> <span class='ocrx_word' id='word_1_212' title='bbox 995 2671 1384 2742; x_wconf 85' lang='lat' dir='ltr'><strong>spectaculum.</strong></span> <span class='ocrx_word' id='word_1_213' title='bbox 1409 2671 1755 2738; x_wconf 86' lang='lat' dir='ltr'><strong>0ccidam,et</strong></span> <span class='ocrx_word' id='word_1_214' title='bbox 1777 2671 1882 2729; x_wconf 91' lang='lat' dir='ltr'><strong>erit</strong></span> <span class='ocrx_word' id='word_1_215' title='bbox 1907 2687 2015 2727; x_wconf 76' lang='lat' dir='ltr'><strong>nox</strong></span> <span class='ocrx_word' id='word_1_216' title='bbox 2041 2673 2202 2727; x_wconf 86' lang='lat' dir='ltr'><strong>hora-</strong></span> 
     </span>
    </p>
   </div>
   <div class='ocr_carea' id='block_1_29' title="bbox 593 2759 2201 2838">
    <p class='ocr_par' dir='ltr' id='par_1_29' title="bbox 593 2759 2201 2838">
     <span class='ocr_line' id='line_1_29' title="bbox 593 2759 2201 2838; baseline -0.001 -16"><span class='ocrx_word' id='word_1_217' title='bbox 593 2777 710 2822; x_wconf 85' lang='lat' dir='ltr'><strong>rum</strong></span> <span class='ocrx_word' id='word_1_218' title='bbox 733 2767 892 2821; x_wconf 83' lang='lat' dir='ltr'><strong>trium</strong></span> <span class='ocrx_word' id='word_1_219' title='bbox 921 2783 934 2820; x_wconf 91' lang='lat'><strong>:</strong></span> <span class='ocrx_word' id='word_1_220' title='bbox 961 2768 1230 2838; x_wconf 84' lang='lat' dir='ltr'><strong>egrediar,</strong></span> <span class='ocrx_word' id='word_1_221' title='bbox 1246 2777 1298 2822; x_wconf 90' lang='lat' dir='ltr'><strong>et</strong></span> <span class='ocrx_word' id='word_1_222' title='bbox 1321 2759 1769 2832; x_wconf 81' lang='lat' dir='ltr'><strong>innovabodiem,</strong></span> <span class='ocrx_word' id='word_1_223' title='bbox 1793 2777 1848 2820; x_wconf 86' lang='lat' dir='ltr'><strong>ut</strong></span> <span class='ocrx_word' id='word_1_224' title='bbox 1862 2767 1930 2820; x_wconf 89' lang='lat' dir='ltr'><strong>sit</strong></span> <span class='ocrx_word' id='word_1_225' title='bbox 1948 2765 2201 2821; x_wconf 85' lang='lat' dir='ltr'><strong>horarum</strong></span> 
     </span>
    </p>
   </div>
   <div class='ocr_carea' id='block_1_30' title="bbox 587 2859 2206 2932">
    <p class='ocr_par' dir='ltr' id='par_1_30' title="bbox 587 2859 2206 2932">
     <span class='ocr_line' id='line_1_30' title="bbox 587 2859 2206 2932; baseline -0.001 -16"><span class='ocrx_word' id='word_1_226' title='bbox 587 2861 750 2916; x_wconf 85' lang='lat' dir='ltr'><strong>trium</strong></span> <span class='ocrx_word' id='word_1_227' title='bbox 789 2877 804 2914; x_wconf 87' lang='lat'><strong>:</strong></span> <span class='ocrx_word' id='word_1_228' title='bbox 835 2875 1124 2931; x_wconf 85' lang='lat' dir='ltr'><strong>percursus</strong></span> <span class='ocrx_word' id='word_1_229' title='bbox 1146 2863 1230 2916; x_wconf 84' lang='lat' dir='ltr'><strong>est</strong></span> <span class='ocrx_word' id='word_1_230' title='bbox 1257 2862 1459 2932; x_wconf 88' lang='lat' dir='ltr'><strong>primus</strong></span> <span class='ocrx_word' id='word_1_231' title='bbox 1485 2859 1604 2916; x_wconf 88' lang='lat' dir='ltr'><strong>dies</strong></span> <span class='ocrx_word' id='word_1_232' title='bbox 1638 2877 1652 2914; x_wconf 90' lang='lat'><strong>:</strong></span> <span class='ocrx_word' id='word_1_233' title='bbox 1677 2871 1934 2930; x_wconf 78' lang='lat' dir='ltr'><strong>sequetur</strong></span> <span class='ocrx_word' id='word_1_234' title='bbox 1963 2875 2068 2914; x_wconf 73' lang='lat' dir='ltr'><strong>nox</strong></span> <span class='ocrx_word' id='word_1_235' title='bbox 2118 2875 2206 2915; x_wconf 89' lang='lat' dir='ltr'><strong>se-</strong></span> 
     </span>
    </p>
   </div>
   <div class='ocr_carea' id='block_1_31' title="bbox 590 2955 2208 3030">
    <p class='ocr_par' dir='ltr' id='par_1_31' title="bbox 590 2955 2208 3030">
     <span class='ocr_line' id='line_1_31' title="bbox 590 2955 2208 3030; baseline -0.002 -16"><span class='ocrx_word' id='word_1_236' title='bbox 590 2957 764 3014; x_wconf 77' lang='lat' dir='ltr'><strong>Cunda</strong></span> <span class='ocrx_word' id='word_1_237' title='bbox 781 2959 954 3028; x_wconf 77' lang='lat' dir='ltr'><strong>Spatio</strong></span> <span class='ocrx_word' id='word_1_238' title='bbox 971 2955 1133 3030; x_wconf 74' lang='lat'><strong>631</strong></span> <span class='ocrx_word' id='word_1_239' title='bbox 1151 2971 1272 3024; x_wconf 89' lang='lat' dir='ltr'><strong>suo,</strong></span> <span class='ocrx_word' id='word_1_240' title='bbox 1291 2967 1546 3028; x_wconf 82' lang='lat' dir='ltr'><strong>sequetur</strong></span> <span class='ocrx_word' id='word_1_241' title='bbox 1561 2957 1808 3011; x_wconf 88' lang='lat' dir='ltr'><strong>similiter</strong></span> <span class='ocrx_word' id='word_1_242' title='bbox 1825 2957 1940 3011; x_wconf 88' lang='lat' dir='ltr'><strong>dies</strong></span> <span class='ocrx_word' id='word_1_243' title='bbox 1957 2973 1969 3008; x_wconf 91' lang='lat'>:</span> <span class='ocrx_word' id='word_1_244' title='bbox 1987 2955 2208 3026; x_wconf 89' lang='lat' dir='ltr'><strong>incipiet</strong></span> 
     </span>
    </p>
   </div>
   <div class='ocr_carea' id='block_1_32' title="bbox 575 3047 2204 3122">
    <p class='ocr_par' dir='ltr' id='par_1_32' title="bbox 575 3047 2204 3122">
     <span class='ocr_line' id='line_1_32' title="bbox 575 3047 2204 3122; baseline -0.003 -15"><span class='ocrx_word' id='word_1_245' title='bbox 575 3067 698 3107; x_wconf 61' lang='lat' dir='ltr'><strong>‘nox</strong></span> <span class='ocrx_word' id='word_1_246' title='bbox 731 3051 887 3108; x_wconf 83' lang='lat' dir='ltr'><strong>tertia</strong></span> <span class='ocrx_word' id='word_1_247' title='bbox 907 3095 922 3119; x_wconf 91' lang='lat'><strong>,</strong></span> <span class='ocrx_word' id='word_1_248' title='bbox 951 3061 1202 3122; x_wconf 83' lang='lat' dir='ltr'><strong>resurget</strong></span> <span class='ocrx_word' id='word_1_249' title='bbox 1223 3051 1480 3106; x_wconf 79' lang='lat' dir='ltr'><strong>Dominus</strong></span> <span class='ocrx_word' id='word_1_250' title='bbox 1511 3047 1565 3105; x_wconf 84' lang='lat' dir='ltr'><strong>in</strong></span> <span class='ocrx_word' id='word_1_251' title='bbox 1595 3057 1773 3115; x_wconf 85' lang='lat' dir='ltr'><strong>nocte,</strong></span> <span class='ocrx_word' id='word_1_252' title='bbox 1798 3055 1853 3105; x_wconf 86' lang='lat' dir='ltr'><strong>et</strong></span> <span class='ocrx_word' id='word_1_253' title='bbox 1881 3049 1986 3104; x_wconf 89' lang='lat' dir='ltr'><strong>erit</strong></span> <span class='ocrx_word' id='word_1_254' title='bbox 2013 3047 2130 3104; x_wconf 90' lang='lat' dir='ltr'><strong>dies</strong></span> <span class='ocrx_word' id='word_1_255' title='bbox 2151 3049 2204 3102; x_wconf 93' lang='lat' dir='ltr'><strong>in</strong></span> 
     </span>
    </p>
   </div>
   <div class='ocr_carea' id='block_1_33' title="bbox 588 3139 2208 3216">
    <p class='ocr_par' dir='ltr' id='par_1_33' title="bbox 588 3139 2208 3216">
     <span class='ocr_line' id='line_1_33' title="bbox 588 3139 2208 3216; baseline -0.002 -14"><span class='ocrx_word' id='word_1_256' title='bbox 588 3147 792 3208; x_wconf 86' lang='lat' dir='ltr'><strong>lmniue</strong></span> <span class='ocrx_word' id='word_1_257' title='bbox 814 3143 1179 3216; x_wconf 81' lang='lat' dir='ltr'><strong>resurgentis;</strong></span> <span class='ocrx_word' id='word_1_258' title='bbox 1201 3155 1261 3200; x_wconf 91' lang='lat' dir='ltr'><strong>ut</strong></span> <span class='ocrx_word' id='word_1_259' title='bbox 1285 3143 1621 3216; x_wconf 82' lang='lat' dir='ltr'><strong>compleatur</strong></span> <span class='ocrx_word' id='word_1_260' title='bbox 1653 3141 1778 3199; x_wconf 87' lang='lat' dir='ltr'><strong>illud</strong></span> <span class='ocrx_word' id='word_1_261' title='bbox 1809 3161 1822 3197; x_wconf 91' lang='lat'><strong>:</strong></span> <span class='ocrx_word' id='word_1_262' title='bbox 1848 3139 1918 3196; x_wconf 87' lang='lat' dir='ltr'><strong>Et</strong></span> <span class='ocrx_word' id='word_1_263' title='bbox 1938 3145 2054 3210; x_wconf 67' lang='lat' dir='ltr'><strong>noxj</strong></span> <span class='ocrx_word' id='word_1_264' title='bbox 2074 3143 2208 3198; x_wconf 84' lang='lat' dir='ltr'><strong>sicut</strong></span> 
     </span>
    </p>
   </div>
   <div class='ocr_carea' id='block_1_34' title="bbox 2281 524 3896 596">
    <p class='ocr_par' dir='ltr' id='par_1_34' title="bbox 2281 524 3896 596">
     <span class='ocr_line' id='line_1_34' title="bbox 2281 524 3896 596; baseline -0.002 -16"><span class='ocrx_word' id='word_1_265' title='bbox 2281 541 2472 582; x_wconf 88' lang='lat' dir='ltr'><strong>aurum</strong></span> <span class='ocrx_word' id='word_1_266' title='bbox 2517 524 2764 582; x_wconf 84' lang='lat' dir='ltr'><strong>ferebant</strong></span> <span class='ocrx_word' id='word_1_267' title='bbox 2809 535 2970 596; x_wconf 87' lang='lat' dir='ltr'><strong>atque</strong></span> <span class='ocrx_word' id='word_1_268' title='bbox 3021 535 3340 596; x_wconf 74' lang='lat' dir='ltr'><strong>argentum,</strong></span> <span class='ocrx_word' id='word_1_269' title='bbox 3387 524 3444 580; x_wconf 89' lang='lat' dir='ltr'><strong>id</strong></span> <span class='ocrx_word' id='word_1_270' title='bbox 3497 533 3616 588; x_wconf 85' lang='lat' dir='ltr'><strong>est,</strong></span> <span class='ocrx_word' id='word_1_271' title='bbox 3671 537 3896 592; x_wconf 78' lang='lat' dir='ltr'><strong>corpora</strong></span> 
     </span>
    </p>
   </div>
   <div class='ocr_carea' id='block_1_35' title="bbox 2281 615 3897 692">
    <p class='ocr_par' dir='ltr' id='par_1_35' title="bbox 2281 615 3897 692">
     <span class='ocr_line' id='line_1_35' title="bbox 2281 615 3897 692; baseline -0.001 -20"><span class='ocrx_word' id='word_1_272' title='bbox 2281 629 2656 692; x_wconf 74' lang='lat' dir='ltr'><strong>nostra,qute</strong></span> <span class='ocrx_word' id='word_1_273' title='bbox 2703 619 2902 674; x_wconf 83' lang='lat' dir='ltr'><strong>habent</strong></span> <span class='ocrx_word' id='word_1_274' title='bbox 2947 619 3262 676; x_wconf 87' lang='lat' dir='ltr'><strong>thesaurum</strong></span> <span class='ocrx_word' id='word_1_275' title='bbox 3316 620 3372 674; x_wconf 88' lang='lat' dir='ltr'><strong>in</strong></span> <span class='ocrx_word' id='word_1_276' title='bbox 3423 618 3576 674; x_wconf 85' lang='lat' dir='ltr'><strong>vasis</strong></span> <span class='ocrx_word' id='word_1_277' title='bbox 3605 615 3897 676; x_wconf 78' lang='lat' dir='ltr'><strong>ﬁctilibus.</strong></span> 
     </span>
    </p>
   </div>
   <div class='ocr_carea' id='block_1_36' title="bbox 2283 709 3898 784">
    <p class='ocr_par' dir='ltr' id='par_1_36' title="bbox 2283 709 3898 784">
     <span class='ocr_line' id='line_1_36' title="bbox 2283 709 3898 784; baseline 0 -22"><span class='ocrx_word' id='word_1_278' title='bbox 2283 719 2344 766; x_wconf 92' lang='lat' dir='ltr'><strong>ut</strong></span> <span class='ocrx_word' id='word_1_279' title='bbox 2391 711 2684 782; x_wconf 76' lang='lat' dir='ltr'><strong>Apostolus</strong></span> <span class='ocrx_word' id='word_1_280' title='bbox 2723 711 2852 768; x_wconf 83' lang='lat' dir='ltr'><strong>dicit</strong></span> <span class='ocrx_word' id='word_1_281' title='bbox 2879 711 2958 784; x_wconf 86' lang='lat' dir='ltr'><strong>(Il</strong></span> <span class='ocrx_word' id='word_1_282' title='bbox 2986 711 3132 778; x_wconf 88' lang='lat' dir='ltr'><strong>Cor.,</strong></span> <span class='ocrx_word' id='word_1_283' title='bbox 3167 730 3240 778; x_wconf 84' lang='lat' dir='ltr'><strong>tv,</strong></span> <span class='ocrx_word' id='word_1_284' title='bbox 3275 713 3334 784; x_wconf 81' lang='lat'><strong>7)</strong></span> <span class='ocrx_word' id='word_1_285' title='bbox 3367 729 3382 766; x_wconf 88' lang='lat'><strong>:</strong></span> <span class='ocrx_word' id='word_1_286' title='bbox 3419 713 3506 766; x_wconf 83' lang='lat' dir='ltr'><strong>vel</strong></span> <span class='ocrx_word' id='word_1_287' title='bbox 3539 709 3696 782; x_wconf 85' lang='lat' dir='ltr'><strong>quod</strong></span> <span class='ocrx_word' id='word_1_288' title='bbox 3747 710 3898 764; x_wconf 80' lang='lat' dir='ltr'><strong>etiam</strong></span> 
     </span>
    </p>
   </div>
   <div class='ocr_carea' id='block_1_37' title="bbox 2285 799 3900 878">
    <p class='ocr_par' dir='ltr' id='par_1_37' title="bbox 2285 799 3900 878">
     <span class='ocr_line' id='line_1_37' title="bbox 2285 799 3900 878; baseline 0 -22"><span class='ocrx_word' id='word_1_289' title='bbox 2285 799 2372 858; x_wconf 87' lang='lat' dir='ltr'><strong>hic</strong></span> <span class='ocrx_word' id='word_1_290' title='bbox 2413 813 2598 876; x_wconf 76' lang='lat' dir='ltr'><strong>partus</strong></span> <span class='ocrx_word' id='word_1_291' title='bbox 2645 805 2808 860; x_wconf 88' lang='lat' dir='ltr'><strong>dubio</strong></span> <span class='ocrx_word' id='word_1_292' title='bbox 2849 815 3242 870; x_wconf 88' lang='lat' dir='ltr'><strong>conteruntur,</strong></span> <span class='ocrx_word' id='word_1_293' title='bbox 3287 807 3448 878; x_wconf 75' lang='lat' dir='ltr'><strong>juxta</strong></span> <span class='ocrx_word' id='word_1_294' title='bbox 3501 801 3662 875; x_wconf 85' lang='lat' dir='ltr'><strong>quod</strong></span> <span class='ocrx_word' id='word_1_295' title='bbox 3707 803 3900 857; x_wconf 78' lang='lat' dir='ltr'><strong>dictum</strong></span> 
     </span>
    </p>
   </div>
   <div class='ocr_carea' id='block_1_38' title="bbox 2285 897 3900 972">
    <p class='ocr_par' dir='ltr' id='par_1_38' title="bbox 2285 897 3900 972">
     <span class='ocr_line' id='line_1_38' title="bbox 2285 897 3900 972; baseline -0.003 -20"><span class='ocrx_word' id='word_1_296' title='bbox 2285 909 2366 952; x_wconf 85' lang='lat' dir='ltr'><strong>est</strong></span> <span class='ocrx_word' id='word_1_297' title='bbox 2399 915 2412 951; x_wconf 89' lang='lat'><strong>:</strong></span> <span class='ocrx_word' id='word_1_298' title='bbox 2443 897 2536 954; x_wconf 78' lang='lat' dir='ltr'><strong>Va:</strong></span> <span class='ocrx_word' id='word_1_299' title='bbox 2565 901 2946 972; x_wconf 75' lang='lat' dir='ltr'><strong>prtrgnantibus</strong></span> <span class='ocrx_word' id='word_1_300' title='bbox 2974 909 3020 954; x_wconf 84' lang='lat' dir='ltr'><strong>ct</strong></span> <span class='ocrx_word' id='word_1_301' title='bbox 3047 901 3392 954; x_wconf 79' lang='lat' dir='ltr'><strong>nutrientibus</strong></span> <span class='ocrx_word' id='word_1_302' title='bbox 3425 898 3589 971; x_wconf 82' lang='lat' dir='ltr'><strong>(Luc.</strong></span> <span class='ocrx_word' id='word_1_303' title='bbox 3623 913 3754 962; x_wconf 71' lang='lat' dir='ltr'><strong>xm,</strong></span> <span class='ocrx_word' id='word_1_304' title='bbox 3783 897 3900 964; x_wconf 65' lang='lat'><strong>215)!</strong></span> 
     </span>
    </p>
   </div>
   <div class='ocr_carea' id='block_1_39' title="bbox 2285 992 4001 1065">
    <p class='ocr_par' dir='ltr' id='par_1_39' title="bbox 2285 992 4001 1065">
     <span class='ocr_line' id='line_1_39' title="bbox 2285 992 4001 1065; baseline -0.001 -17"><span class='ocrx_word' id='word_1_305' title='bbox 2285 992 2420 1048; x_wconf 83' lang='lat' dir='ltr'><strong>Nam</strong></span> <span class='ocrx_word' id='word_1_306' title='bbox 2459 1009 2582 1048; x_wconf 87' lang='lat' dir='ltr'><strong>cum</strong></span> <span class='ocrx_word' id='word_1_307' title='bbox 2627 995 2804 1048; x_wconf 87' lang='lat' dir='ltr'><strong>anima</strong></span> <span class='ocrx_word' id='word_1_308' title='bbox 2832 995 3068 1065; x_wconf 84' lang='lat' dir='ltr'><strong>quatitur</strong></span> <span class='ocrx_word' id='word_1_309' title='bbox 3089 1037 3104 1060; x_wconf 91' lang='lat'><strong>,</strong></span> <span class='ocrx_word' id='word_1_310' title='bbox 3129 1009 3261 1052; x_wconf 85' lang='lat' dir='ltr'><strong>caro</strong></span> <span class='ocrx_word' id='word_1_311' title='bbox 3291 996 3522 1051; x_wconf 84' lang='lat' dir='ltr'><strong>ﬂuctuat</strong></span> <span class='ocrx_word' id='word_1_312' title='bbox 3549 1012 3566 1048; x_wconf 88' lang='lat'><strong>:</strong></span> <span class='ocrx_word' id='word_1_313' title='bbox 3597 993 3692 1048; x_wconf 84' lang='lat' dir='ltr'><strong>vel</strong></span> <span class='ocrx_word' id='word_1_314' title='bbox 3725 993 3906 1062; x_wconf 78' lang='lat' dir='ltr'><strong>spiritu</strong></span> <span class='ocrx_word' id='word_1_315' title='bbox 3999 992 4001 1065; x_wconf 67' lang='grc' dir='ltr'>ξ</span> 
     </span>
    </p>
   </div>
   <div class='ocr_carea' id='block_1_40' title="bbox 2285 1085 3908 1158">
    <p class='ocr_par' dir='ltr' id='par_1_40' title="bbox 2285 1085 3908 1158">
     <span class='ocr_line' id='line_1_40' title="bbox 2285 1085 3908 1158; baseline 0.001 -20"><span class='ocrx_word' id='word_1_316' title='bbox 2285 1085 2592 1140; x_wconf 71' lang='lat' dir='ltr'><strong>vehementi</strong></span> <span class='ocrx_word' id='word_1_317' title='bbox 2631 1087 3044 1156; x_wconf 69' lang='lat' dir='ltr'><strong>exagitabantur</strong></span> <span class='ocrx_word' id='word_1_318' title='bbox 3089 1089 3302 1155; x_wconf 81' lang='lat' dir='ltr'><strong>infuso,</strong></span> <span class='ocrx_word' id='word_1_319' title='bbox 3333 1101 3460 1143; x_wconf 76' lang='lat' dir='ltr'><strong>cum</strong></span> <span class='ocrx_word' id='word_1_320' title='bbox 3493 1087 3740 1158; x_wconf 74' lang='lat' dir='ltr'><strong>expleto</strong></span> <span class='ocrx_word' id='word_1_321' title='bbox 3785 1095 3908 1140; x_wconf 77' lang='lat' dir='ltr'><strong>teut-</strong></span> 
     </span>
    </p>
   </div>
   <div class='ocr_carea' id='block_1_41' title="bbox 2285 1177 3908 1252">
    <p class='ocr_par' dir='ltr' id='par_1_41' title="bbox 2285 1177 3908 1252">
     <span class='ocr_line' id='line_1_41' title="bbox 2285 1177 3908 1252; baseline -0.001 -18"><span class='ocrx_word' id='word_1_322' title='bbox 2285 1193 2420 1250; x_wconf 87' lang='lat' dir='ltr'><strong>pore</strong></span> <span class='ocrx_word' id='word_1_323' title='bbox 2465 1177 2626 1234; x_wconf 85' lang='lat' dir='ltr'><strong>tuerit</strong></span> <span class='ocrx_word' id='word_1_324' title='bbox 2645 1179 3034 1250; x_wconf 71' lang='lat' dir='ltr'><strong>resurgendum</strong></span> <span class='ocrx_word' id='word_1_325' title='bbox 3057 1223 3073 1248; x_wconf 94' lang='lat'><strong>,</strong></span> <span class='ocrx_word' id='word_1_326' title='bbox 3099 1181 3404 1236; x_wconf 82' lang='lat' dir='ltr'><strong>secundum</strong></span> <span class='ocrx_word' id='word_1_327' title='bbox 3435 1180 3592 1252; x_wconf 85' lang='lat' dir='ltr'><strong>quod</strong></span> <span class='ocrx_word' id='word_1_328' title='bbox 3635 1177 3908 1248; x_wconf 76' lang='lat' dir='ltr'><strong>scriptum</strong></span> 
     </span>
    </p>
   </div>
   <div class='ocr_carea' id='block_1_42' title="bbox 2285 1271 3912 1346">
    <p class='ocr_par' dir='ltr' id='par_1_42' title="bbox 2285 1271 3912 1346">
     <span class='ocr_line' id='line_1_42' title="bbox 2285 1271 3912 1346; baseline -0.001 -18"><span class='ocrx_word' id='word_1_329' title='bbox 2285 1283 2372 1328; x_wconf 77' lang='lat' dir='ltr'><strong>est</strong></span> <span class='ocrx_word' id='word_1_330' title='bbox 2395 1291 2412 1326; x_wconf 89' lang='lat'><strong>:</strong></span> <span class='ocrx_word' id='word_1_331' title='bbox 2451 1271 2604 1336; x_wconf 78' lang='lat' dir='ltr'><strong>Veni,</strong></span> <span class='ocrx_word' id='word_1_332' title='bbox 2633 1272 2870 1342; x_wconf 73' lang='lat' dir='ltr'><strong>spiritus,</strong></span> <span class='ocrx_word' id='word_1_333' title='bbox 2899 1285 2950 1328; x_wconf 80' lang='lat' dir='ltr'><strong>et</strong></span> <span class='ocrx_word' id='word_1_334' title='bbox 2977 1275 3178 1346; x_wconf 50' lang='grc' dir='ltr'><strong>ἐπείρα</strong></span> <span class='ocrx_word' id='word_1_335' title='bbox 3215 1275 3272 1330; x_wconf 81' lang='lat' dir='ltr'><strong>in</strong></span> <span class='ocrx_word' id='word_1_336' title='bbox 3295 1285 3532 1330; x_wconf 67' lang='lat' dir='ltr'><strong>mortuos</strong></span> <span class='ocrx_word' id='word_1_337' title='bbox 3559 1275 3700 1328; x_wconf 80' lang='lat' dir='ltr'><strong>istos</strong></span> <span class='ocrx_word' id='word_1_338' title='bbox 3721 1303 3740 1338; x_wconf 72' lang='lat'><strong>,</strong></span> <span class='ocrx_word' id='word_1_339' title='bbox 3771 1283 3824 1326; x_wconf 76' lang='grc' dir='ltr'><strong>α</strong></span> <span class='ocrx_word' id='word_1_340' title='bbox 3851 1277 3912 1326; x_wconf 75' lang='lat' dir='ltr'><strong>ei-</strong></span> 
     </span>
    </p>
   </div>
   <div class='ocr_carea' id='block_1_43' title="bbox 2287 1363 3912 1436">
    <p class='ocr_par' dir='ltr' id='par_1_43' title="bbox 2287 1363 3912 1436">
     <span class='ocr_line' id='line_1_43' title="bbox 2287 1363 3912 1436; baseline 0.001 -18"><span class='ocrx_word' id='word_1_341' title='bbox 2287 1377 2402 1418; x_wconf 78' lang='lat' dir='ltr'><strong>eeut</strong></span> <span class='ocrx_word' id='word_1_342' title='bbox 2455 1363 2670 1434; x_wconf 76' lang='lat' dir='ltr'><strong>(Ezech.</strong></span> <span class='ocrx_word' id='word_1_343' title='bbox 2699 1379 2904 1428; x_wconf 78' lang='lat' dir='ltr'><strong>xxxvn,</strong></span> <span class='ocrx_word' id='word_1_344' title='bbox 2935 1367 3014 1432; x_wconf 89' lang='lat'><strong>9).</strong></span> <span class='ocrx_word' id='word_1_345' title='bbox 3053 1366 3206 1422; x_wconf 87' lang='lat' dir='ltr'><strong>Unde</strong></span> <span class='ocrx_word' id='word_1_346' title='bbox 3247 1377 3306 1423; x_wconf 89' lang='lat' dir='ltr'><strong>et</strong></span> <span class='ocrx_word' id='word_1_347' title='bbox 3355 1367 3474 1436; x_wconf 80' lang='lat' dir='ltr'><strong>ipse</strong></span> <span class='ocrx_word' id='word_1_348' title='bbox 3495 1365 3608 1422; x_wconf 81' lang='lat' dir='ltr'><strong>Job</strong></span> <span class='ocrx_word' id='word_1_349' title='bbox 3639 1367 3704 1420; x_wconf 83' lang='lat' dir='ltr'><strong>in</strong></span> <span class='ocrx_word' id='word_1_350' title='bbox 3745 1377 3912 1436; x_wconf 68' lang='lat' dir='ltr'><strong>poste</strong></span> 
     </span>
    </p>
   </div>
   <div class='ocr_carea' id='block_1_44' title="bbox 2289 1456 3910 1532">
    <p class='ocr_par' dir='ltr' id='par_1_44' title="bbox 2289 1456 3910 1532">
     <span class='ocr_line' id='line_1_44' title="bbox 2289 1456 3910 1532; baseline 0.002 -20"><span class='ocrx_word' id='word_1_351' title='bbox 2289 1456 2522 1512; x_wconf 88' lang='lat' dir='ltr'><strong>rioribus</strong></span> <span class='ocrx_word' id='word_1_352' title='bbox 2547 1457 2680 1514; x_wconf 84' lang='lat' dir='ltr'><strong>dicit</strong></span> <span class='ocrx_word' id='word_1_353' title='bbox 2712 1477 2728 1516; x_wconf 86' lang='lat'><strong>:</strong></span> <span class='ocrx_word' id='word_1_354' title='bbox 2755 1457 2808 1512; x_wconf 84' lang='grc' dir='ltr'><em>Ν</em></span> <span class='ocrx_word' id='word_1_355' title='bbox 2815 1459 2896 1514; x_wconf 77' lang='lat' dir='ltr'><strong>oui</strong></span> <span class='ocrx_word' id='word_1_356' title='bbox 2925 1459 3062 1512; x_wconf 84' lang='lat' dir='ltr'><strong>enim</strong></span> <span class='ocrx_word' id='word_1_357' title='bbox 3089 1461 3212 1532; x_wconf 90' lang='lat' dir='ltr'><strong>quia</strong></span> <span class='ocrx_word' id='word_1_358' title='bbox 3241 1472 3470 1514; x_wconf 75' lang='lat' dir='ltr'><strong>teteruus</strong></span> <span class='ocrx_word' id='word_1_359' title='bbox 3499 1469 3552 1514; x_wconf 83' lang='lat' dir='ltr'><strong>et</strong></span> <span class='ocrx_word' id='word_1_360' title='bbox 3581 1469 3786 1530; x_wconf 76' lang='lat' dir='ltr'><strong>potens</strong></span> <span class='ocrx_word' id='word_1_361' title='bbox 3815 1471 3910 1516; x_wconf 80' lang='lat' dir='ltr'><strong>cst.</strong></span> 
     </span>
    </p>
   </div>
   <div class='ocr_carea' id='block_1_45' title="bbox 2287 1551 3906 1623">
    <p class='ocr_par' dir='ltr' id='par_1_45' title="bbox 2287 1551 3906 1623">
     <span class='ocr_line' id='line_1_45' title="bbox 2287 1551 3906 1623; baseline 0.002 -23"><span class='ocrx_word' id='word_1_362' title='bbox 2287 1551 2374 1618; x_wconf 83' lang='lat' dir='ltr'><strong>qui</strong></span> <span class='ocrx_word' id='word_1_363' title='bbox 2401 1551 2664 1606; x_wconf 78' lang='lat' dir='ltr'><strong>soluturus</strong></span> <span class='ocrx_word' id='word_1_364' title='bbox 2693 1561 2768 1606; x_wconf 87' lang='lat' dir='ltr'><strong>est</strong></span> <span class='ocrx_word' id='word_1_365' title='bbox 2791 1567 2872 1605; x_wconf 87' lang='lat' dir='ltr'><strong>me</strong></span> <span class='ocrx_word' id='word_1_366' title='bbox 2899 1553 2950 1604; x_wconf 87' lang='lat' dir='ltr'><strong>in</strong></span> <span class='ocrx_word' id='word_1_367' title='bbox 2979 1562 3148 1618; x_wconf 86' lang='lat' dir='ltr'><strong>terra,</strong></span> <span class='ocrx_word' id='word_1_368' title='bbox 3181 1553 3490 1606; x_wconf 79' lang='lat' dir='ltr'><strong>resuscitarc</strong></span> <span class='ocrx_word' id='word_1_369' title='bbox 3517 1553 3730 1623; x_wconf 81' lang='lat' dir='ltr'><strong>pellens</strong></span> <span class='ocrx_word' id='word_1_370' title='bbox 3761 1567 3906 1604; x_wconf 73' lang='lat' dir='ltr'><strong>meant</strong></span> 
     </span>
    </p>
   </div>
   <div class='ocr_carea' id='block_1_46' title="bbox 2287 1639 3908 1716">
    <p class='ocr_par' dir='ltr' id='par_1_46' title="bbox 2287 1639 3908 1716">
     <span class='ocr_line' id='line_1_46' title="bbox 2287 1639 3908 1716; baseline 0.001 -22"><span class='ocrx_word' id='word_1_371' title='bbox 2287 1659 2402 1712; x_wconf 74' lang='lat' dir='ltr'><strong>qum</strong></span> <span class='ocrx_word' id='word_1_372' title='bbox 2433 1643 2648 1710; x_wconf 76' lang='lat' dir='ltr'><strong>portavit</strong></span> <span class='ocrx_word' id='word_1_373' title='bbox 2677 1643 2786 1698; x_wconf 76' lang='lat' dir='ltr'><strong>licet:</strong></span> <span class='ocrx_word' id='word_1_374' title='bbox 2831 1641 2984 1716; x_wconf 77' lang='lat' dir='ltr'><strong>(Job.</strong></span> <span class='ocrx_word' id='word_1_375' title='bbox 3017 1659 3114 1698; x_wconf 74' lang='lat' dir='ltr'><strong>xu</strong></span> <span class='ocrx_word' id='word_1_376' title='bbox 3133 1684 3150 1710; x_wconf 96' lang='lat'><strong>,</strong></span> <span class='ocrx_word' id='word_1_377' title='bbox 3177 1641 3248 1698; x_wconf 72' lang='lat'><strong>25</strong></span> <span class='ocrx_word' id='word_1_378' title='bbox 3275 1654 3325 1698; x_wconf 88' lang='lat' dir='ltr'><strong>et</strong></span> <span class='ocrx_word' id='word_1_379' title='bbox 3353 1645 3424 1700; x_wconf 73' lang='lat'><strong>26</strong></span> <span class='ocrx_word' id='word_1_380' title='bbox 3445 1647 3490 1716; x_wconf 84' lang='lat'><strong>).</strong></span> <span class='ocrx_word' id='word_1_381' title='bbox 3533 1639 3908 1699; x_wconf 77' lang='lat' dir='ltr'><strong>Conterunur</strong></span> 
     </span>
    </p>
   </div>
   <div class='ocr_carea' id='block_1_47' title="bbox 2293 1739 3904 1812">
    <p class='ocr_par' dir='ltr' id='par_1_47' title="bbox 2293 1739 3904 1812">
     <span class='ocr_line' id='line_1_47' title="bbox 2293 1739 3904 1812; baseline 0.001 -20"><span class='ocrx_word' id='word_1_382' title='bbox 2293 1751 2470 1794; x_wconf 88' lang='lat' dir='ltr'><strong>autem</strong></span> <span class='ocrx_word' id='word_1_383' title='bbox 2535 1739 2628 1810; x_wconf 88' lang='lat' dir='ltr'><strong>qui</strong></span> <span class='ocrx_word' id='word_1_384' title='bbox 2681 1741 2734 1794; x_wconf 85' lang='lat' dir='ltr'><strong>in</strong></span> <span class='ocrx_word' id='word_1_385' title='bbox 2779 1739 3048 1812; x_wconf 86' lang='lat' dir='ltr'><strong>judicium</strong></span> <span class='ocrx_word' id='word_1_386' title='bbox 3099 1741 3516 1796; x_wconf 82' lang='lat' dir='ltr'><strong>resuscitantur.</strong></span> <span class='ocrx_word' id='word_1_387' title='bbox 3571 1740 3682 1796; x_wconf 80' lang='lat' dir='ltr'><strong>Est</strong></span> <span class='ocrx_word' id='word_1_388' title='bbox 3747 1749 3904 1794; x_wconf 69' lang='lat' dir='ltr'><strong>autem</strong></span> 
     </span>
    </p>
   </div>
   <div class='ocr_carea' id='block_1_48' title="bbox 2793 1831 3900 1888">
    <p class='ocr_par' dir='ltr' id='par_1_48' title="bbox 2793 1831 3900 1888">
     <span class='ocr_line' id='line_1_48' title="bbox 2793 1831 3900 1888; baseline -0.001 -3"><span class='ocrx_word' id='word_1_389' title='bbox 2793 1850 2808 1885; x_wconf 89' lang='lat'><strong>:</strong></span> <span class='ocrx_word' id='word_1_390' title='bbox 2855 1847 2950 1888; x_wconf 86' lang='lat' dir='ltr'><strong>cur</strong></span> <span class='ocrx_word' id='word_1_391' title='bbox 3003 1835 3146 1888; x_wconf 86' lang='lat' dir='ltr'><strong>enim</strong></span> <span class='ocrx_word' id='word_1_392' title='bbox 3193 1835 3488 1888; x_wconf 84' lang='lat' dir='ltr'><strong>contritum</strong></span> <span class='ocrx_word' id='word_1_393' title='bbox 3539 1843 3600 1888; x_wconf 86' lang='lat' dir='ltr'><strong>et</strong></span> <span class='ocrx_word' id='word_1_394' title='bbox 3651 1831 3900 1888; x_wconf 78' lang='lat' dir='ltr'><strong>humilia-</strong></span> 
     </span>
    </p>
   </div>
   <div class='ocr_carea' id='block_1_49' title="bbox 2295 1925 3902 2000">
    <p class='ocr_par' dir='ltr' id='par_1_49' title="bbox 2295 1925 3902 2000">
     <span class='ocr_line' id='line_1_49' title="bbox 2295 1925 3902 2000; baseline 0 -20"><span class='ocrx_word' id='word_1_395' title='bbox 2295 1935 2406 1980; x_wconf 78' lang='lat' dir='ltr'><strong>tunt</strong></span> <span class='ocrx_word' id='word_1_396' title='bbox 2455 1925 2600 1982; x_wconf 88' lang='lat' dir='ltr'><strong>Deus</strong></span> <span class='ocrx_word' id='word_1_397' title='bbox 2645 1943 2752 1982; x_wconf 84' lang='lat' dir='ltr'><strong>non</strong></span> <span class='ocrx_word' id='word_1_398' title='bbox 2779 1929 2988 1998; x_wconf 88' lang='lat' dir='ltr'><strong>spernit</strong></span> <span class='ocrx_word' id='word_1_399' title='bbox 3035 1927 3054 2000; x_wconf 94' lang='lat'><strong>(</strong></span> <span class='ocrx_word' id='word_1_400' title='bbox 3081 1926 3174 1984; x_wconf 87' lang='lat' dir='ltr'><strong>Ps.</strong></span> <span class='ocrx_word' id='word_1_401' title='bbox 3203 1945 3268 1994; x_wconf 79' lang='grc' dir='ltr'><strong>ι,</strong></span> <span class='ocrx_word' id='word_1_402' title='bbox 3293 1927 3416 2000; x_wconf 83' lang='lat' dir='ltr'><strong>i9).</strong></span> <span class='ocrx_word' id='word_1_403' title='bbox 3445 1927 3514 1982; x_wconf 88' lang='lat' dir='ltr'><strong>Et</strong></span> <span class='ocrx_word' id='word_1_404' title='bbox 3559 1928 3702 1982; x_wconf 83' lang='lat' dir='ltr'><strong>alibi</strong></span> <span class='ocrx_word' id='word_1_405' title='bbox 3734 1945 3750 1980; x_wconf 86' lang='lat'><strong>:</strong></span> <span class='ocrx_word' id='word_1_406' title='bbox 3781 1927 3902 1982; x_wconf 72' lang='lat' dir='ltr'><strong>Sus</strong></span> 
     </span>
    </p>
   </div>
   <div class='ocr_carea' id='block_1_50' title="bbox 2291 2018 3900 2094">
    <p class='ocr_par' dir='ltr' id='par_1_50' title="bbox 2291 2018 3900 2094">
     <span class='ocr_line' id='line_1_50' title="bbox 2291 2018 3900 2094; baseline 0 -22"><span class='ocrx_word' id='word_1_407' title='bbox 2291 2019 2618 2074; x_wconf 81' lang='lat' dir='ltr'><strong>contritiones</strong></span> <span class='ocrx_word' id='word_1_408' title='bbox 2665 2023 2778 2094; x_wconf 84' lang='lat' dir='ltr'><strong>ejus</strong></span> <span class='ocrx_word' id='word_1_409' title='bbox 2807 2018 2986 2090; x_wconf 87' lang='lat' dir='ltr'><strong>(Psal.</strong></span> <span class='ocrx_word' id='word_1_410' title='bbox 3017 2035 3126 2084; x_wconf 69' lang='grc' dir='ltr'><strong>ιιι,</strong></span> <span class='ocrx_word' id='word_1_411' title='bbox 3151 2020 3232 2092; x_wconf 76' lang='grc'><strong>4).</strong></span> <span class='ocrx_word' id='word_1_412' title='bbox 3277 2020 3390 2076; x_wconf 89' lang='lat' dir='ltr'><strong>Sed</strong></span> <span class='ocrx_word' id='word_1_413' title='bbox 3427 2029 3486 2076; x_wconf 91' lang='lat' dir='ltr'><strong>et</strong></span> <span class='ocrx_word' id='word_1_414' title='bbox 3523 2020 3602 2074; x_wconf 82' lang='lat' dir='ltr'><strong>ad</strong></span> <span class='ocrx_word' id='word_1_415' title='bbox 3653 2019 3900 2090; x_wconf 66' lang='lat' dir='ltr'><strong>Iosephi</strong></span> 
     </span>
    </p>
   </div>
   <div class='ocr_carea' id='block_1_51' title="bbox 2293 2109 3896 2183">
    <p class='ocr_par' dir='ltr' id='par_1_51' title="bbox 2293 2109 3896 2183">
     <span class='ocr_line' id='line_1_51' title="bbox 2293 2109 3896 2183; baseline 0 -17"><span class='ocrx_word' id='word_1_416' title='bbox 2293 2109 2496 2166; x_wconf 87' lang='lat' dir='ltr'><strong>dictum</strong></span> <span class='ocrx_word' id='word_1_417' title='bbox 2525 2121 2648 2166; x_wconf 84' lang='lat' dir='ltr'><strong>eSt:</strong></span> <span class='ocrx_word' id='word_1_418' title='bbox 2701 2109 2948 2166; x_wconf 76' lang='lat' dir='ltr'><strong>Contrita:</strong></span> <span class='ocrx_word' id='word_1_419' title='bbox 2975 2123 3094 2168; x_wconf 85' lang='lat' dir='ltr'><strong>sunt</strong></span> <span class='ocrx_word' id='word_1_420' title='bbox 3139 2129 3292 2168; x_wconf 81' lang='lat' dir='ltr'><strong>naves</strong></span> <span class='ocrx_word' id='word_1_421' title='bbox 3335 2115 3411 2168; x_wconf 88' lang='lat' dir='ltr'><strong>ire</strong></span> <span class='ocrx_word' id='word_1_422' title='bbox 3457 2114 3514 2166; x_wconf 82' lang='lat' dir='ltr'><strong>iu</strong></span> <span class='ocrx_word' id='word_1_423' title='bbox 3565 2111 3796 2168; x_wconf 71' lang='lat' dir='ltr'><strong>Titanis</strong></span> <span class='ocrx_word' id='word_1_424' title='bbox 3829 2113 3896 2183; x_wconf 83' lang='lat' dir='ltr'><strong>(il</strong></span> 
     </span>
    </p>
   </div>
   <div class='ocr_carea' id='block_1_52' title="bbox 2297 2203 3892 2280">
    <p class='ocr_par' dir='ltr' id='par_1_52' title="bbox 2297 2203 3892 2280">
     <span class='ocr_line' id='line_1_52' title="bbox 2297 2203 3892 2280; baseline 0.001 -22"><span class='ocrx_word' id='word_1_425' title='bbox 2297 2203 2426 2260; x_wconf 82' lang='lat' dir='ltr'><strong>Par.</strong></span> <span class='ocrx_word' id='word_1_426' title='bbox 2461 2221 2532 2260; x_wconf 76' lang='lat' dir='ltr'><strong>ss</strong></span> <span class='ocrx_word' id='word_1_427' title='bbox 2561 2249 2572 2270; x_wconf 89' lang='lat'><strong>,</strong></span> <span class='ocrx_word' id='word_1_428' title='bbox 2599 2205 2736 2278; x_wconf 78' lang='lat'><strong>37);</strong></span> <span class='ocrx_word' id='word_1_429' title='bbox 2784 2223 2851 2262; x_wconf 92' lang='lat' dir='ltr'><strong>eo</strong></span> <span class='ocrx_word' id='word_1_430' title='bbox 2901 2207 3046 2278; x_wconf 89' lang='lat' dir='ltr'><strong>quod</strong></span> <span class='ocrx_word' id='word_1_431' title='bbox 3090 2223 3150 2264; x_wconf 87' lang='lat' dir='ltr'><strong>se</strong></span> <span class='ocrx_word' id='word_1_432' title='bbox 3185 2207 3212 2248; x_wconf 66' lang='grc' dir='ltr'>δ</span> <span class='ocrx_word' id='word_1_433' title='bbox 3261 2209 3530 2280; x_wconf 69' lang='lat' dir='ltr'><strong>sacrilego</strong></span> <span class='ocrx_word' id='word_1_434' title='bbox 3583 2209 3892 2264; x_wconf 80' lang='lat' dir='ltr'><strong>miscuisset.</strong></span> 
     </span>
    </p>
   </div>
   <div class='ocr_carea' id='block_1_53' title="bbox 2301 2297 3894 2374">
    <p class='ocr_par' dir='ltr' id='par_1_53' title="bbox 2301 2297 3894 2374">
     <span class='ocr_line' id='line_1_53' title="bbox 2301 2297 3894 2374; baseline 0.001 -20"><span class='ocrx_word' id='word_1_435' title='bbox 2301 2297 2596 2370; x_wconf 87' lang='lat' dir='ltr'><strong>Utrumque</strong></span> <span class='ocrx_word' id='word_1_436' title='bbox 2627 2301 2788 2370; x_wconf 78' lang='lat' dir='ltr'><strong>igitur</strong></span> <span class='ocrx_word' id='word_1_437' title='bbox 2823 2299 3079 2356; x_wconf 87' lang='lat' dir='ltr'><strong>contritio</strong></span> <span class='ocrx_word' id='word_1_438' title='bbox 3120 2301 3426 2372; x_wconf 79' lang='lat' dir='ltr'><strong>signiﬁcat;</strong></span> <span class='ocrx_word' id='word_1_439' title='bbox 3453 2301 3592 2374; x_wconf 84' lang='lat' dir='ltr'><strong>quia</strong></span> <span class='ocrx_word' id='word_1_440' title='bbox 3633 2311 3894 2372; x_wconf 74' lang='lat' dir='ltr'><strong>utrunque</strong></span> 
     </span>
    </p>
   </div>
   <div class='ocr_carea' id='block_1_54' title="bbox 2297 2391 3890 2466">
    <p class='ocr_par' dir='ltr' id='par_1_54' title="bbox 2297 2391 3890 2466">
     <span class='ocr_line' id='line_1_54' title="bbox 2297 2391 3890 2466; baseline 0.001 -20"><span class='ocrx_word' id='word_1_441' title='bbox 2297 2403 2382 2446; x_wconf 90' lang='lat' dir='ltr'><strong>est</strong></span> <span class='ocrx_word' id='word_1_442' title='bbox 2427 2393 2478 2447; x_wconf 91' lang='lat' dir='ltr'><strong>in</strong></span> <span class='ocrx_word' id='word_1_443' title='bbox 2525 2393 2612 2448; x_wconf 89' lang='lat' dir='ltr'><strong>die</strong></span> <span class='ocrx_word' id='word_1_444' title='bbox 2633 2391 2823 2464; x_wconf 71' lang='lat' dir='ltr'><strong>iudicii</strong></span> <span class='ocrx_word' id='word_1_445' title='bbox 2853 2413 2866 2450; x_wconf 92' lang='lat'><strong>:</strong></span> <span class='ocrx_word' id='word_1_446' title='bbox 2897 2393 3118 2460; x_wconf 83' lang='lat' dir='ltr'><strong>Quando</strong></span> <span class='ocrx_word' id='word_1_447' title='bbox 3149 2412 3324 2450; x_wconf 79' lang='lat' dir='ltr'><strong>omnes</strong></span> <span class='ocrx_word' id='word_1_448' title='bbox 3365 2397 3456 2466; x_wconf 89' lang='lat' dir='ltr'><strong>qui</strong></span> <span class='ocrx_word' id='word_1_449' title='bbox 3481 2396 3538 2450; x_wconf 83' lang='lat' dir='ltr'><strong>iu</strong></span> <span class='ocrx_word' id='word_1_450' title='bbox 3569 2397 3890 2452; x_wconf 68' lang='lat' dir='ltr'><strong>mansimus</strong></span> 
     </span>
    </p>
   </div>
   <div class='ocr_carea' id='block_1_55' title="bbox 2300 2485 3890 2560">
    <p class='ocr_par' dir='ltr' id='par_1_55' title="bbox 2300 2485 3890 2560">
     <span class='ocr_line' id='line_1_55' title="bbox 2300 2485 3890 2560; baseline 0.003 -22"><span class='ocrx_word' id='word_1_451' title='bbox 2300 2493 2443 2544; x_wconf 85' lang='lat' dir='ltr'><strong>sunt,</strong></span> <span class='ocrx_word' id='word_1_452' title='bbox 2476 2485 2684 2538; x_wconf 76' lang='lat' dir='ltr'><strong>audient</strong></span> <span class='ocrx_word' id='word_1_453' title='bbox 2732 2503 2904 2542; x_wconf 78' lang='lat' dir='ltr'><strong>vocem</strong></span> <span class='ocrx_word' id='word_1_454' title='bbox 2937 2485 3066 2540; x_wconf 86' lang='lat' dir='ltr'><strong>Filii</strong></span> <span class='ocrx_word' id='word_1_455' title='bbox 3097 2485 3236 2554; x_wconf 88' lang='lat' dir='ltr'><strong>Dei,</strong></span> <span class='ocrx_word' id='word_1_456' title='bbox 3263 2497 3310 2542; x_wconf 82' lang='lat' dir='ltr'><strong>et</strong></span> <span class='ocrx_word' id='word_1_457' title='bbox 3339 2489 3628 2560; x_wconf 69' lang='lat' dir='ltr'><strong>procedunt</strong></span> <span class='ocrx_word' id='word_1_458' title='bbox 3671 2491 3762 2560; x_wconf 79' lang='lat' dir='ltr'><strong>qui</strong></span> <span class='ocrx_word' id='word_1_459' title='bbox 3785 2491 3890 2542; x_wconf 76' lang='lat' dir='ltr'><strong>bona</strong></span> 
     </span>
    </p>
   </div>
   <div class='ocr_carea' id='block_1_56' title="bbox 2301 2578 3888 2654">
    <p class='ocr_par' dir='ltr' id='par_1_56' title="bbox 2301 2578 3888 2654">
     <span class='ocr_line' id='line_1_56' title="bbox 2301 2578 3888 2654; baseline 0.004 -22"><span class='ocrx_word' id='word_1_460' title='bbox 2301 2578 2566 2650; x_wconf 74' lang='lat' dir='ltr'><strong>fecerunt,</strong></span> <span class='ocrx_word' id='word_1_461' title='bbox 2599 2581 2650 2634; x_wconf 87' lang='lat' dir='ltr'><strong>in</strong></span> <span class='ocrx_word' id='word_1_462' title='bbox 2677 2583 3104 2636; x_wconf 76' lang='lat' dir='ltr'><strong>resurrectionem</strong></span> <span class='ocrx_word' id='word_1_463' title='bbox 3147 2583 3266 2638; x_wconf 74' lang='grc' dir='ltr'><strong>υἰηε</strong></span> <span class='ocrx_word' id='word_1_464' title='bbox 3291 2601 3310 2638; x_wconf 90' lang='lat'><em>:</em></span> <span class='ocrx_word' id='word_1_465' title='bbox 3337 2585 3430 2654; x_wconf 89' lang='lat' dir='ltr'><strong>qui</strong></span> <span class='ocrx_word' id='word_1_466' title='bbox 3457 2599 3582 2640; x_wconf 79' lang='lat' dir='ltr'><strong>vero</strong></span> <span class='ocrx_word' id='word_1_467' title='bbox 3631 2587 3774 2640; x_wconf 72' lang='lat' dir='ltr'><strong>male</strong></span> <span class='ocrx_word' id='word_1_468' title='bbox 3797 2601 3888 2654; x_wconf 65' lang='lat' dir='ltr'><strong>egr-</strong></span> 
     </span>
    </p>
   </div>
   <div class='ocr_carea' id='block_1_57' title="bbox 2301 2675 3884 2750">
    <p class='ocr_par' dir='ltr' id='par_1_57' title="bbox 2301 2675 3884 2750">
     <span class='ocr_line' id='line_1_57' title="bbox 2301 2675 3884 2750; baseline 0.004 -24"><span class='ocrx_word' id='word_1_469' title='bbox 2301 2683 2446 2740; x_wconf 85' lang='lat' dir='ltr'><strong>runt,</strong></span> <span class='ocrx_word' id='word_1_470' title='bbox 2491 2675 2546 2726; x_wconf 87' lang='lat' dir='ltr'><strong>in</strong></span> <span class='ocrx_word' id='word_1_471' title='bbox 2588 2676 3015 2730; x_wconf 71' lang='lat' dir='ltr'><strong>resurrectionem</strong></span> <span class='ocrx_word' id='word_1_472' title='bbox 3053 2677 3246 2746; x_wconf 81' lang='lat' dir='ltr'><strong>judicii</strong></span> <span class='ocrx_word' id='word_1_473' title='bbox 3275 2675 3464 2750; x_wconf 81' lang='lat' dir='ltr'><strong>(Joau.</strong></span> <span class='ocrx_word' id='word_1_474' title='bbox 3499 2692 3558 2744; x_wconf 67' lang='grc' dir='ltr'><strong>ν,</strong></span> <span class='ocrx_word' id='word_1_475' title='bbox 3586 2677 3664 2732; x_wconf 75' lang='lat'><strong>28</strong></span> <span class='ocrx_word' id='word_1_476' title='bbox 3709 2687 3760 2732; x_wconf 80' lang='lat' dir='ltr'><strong>et</strong></span> <span class='ocrx_word' id='word_1_477' title='bbox 3799 2676 3884 2744; x_wconf 69' lang='lat'><strong>29].</strong></span> 
     </span>
    </p>
   </div>
   <div class='ocr_carea' id='block_1_58' title="bbox 2305 2767 3890 2842">
    <p class='ocr_par' dir='ltr' id='par_1_58' title="bbox 2305 2767 3890 2842">
     <span class='ocr_line' id='line_1_58' title="bbox 2305 2767 3890 2842; baseline 0.001 -21"><span class='ocrx_word' id='word_1_478' title='bbox 2305 2767 2458 2836; x_wconf 85' lang='lat' dir='ltr'><strong>Quod</strong></span> <span class='ocrx_word' id='word_1_479' title='bbox 2509 2771 2672 2824; x_wconf 89' lang='lat' dir='ltr'><strong>etiam</strong></span> <span class='ocrx_word' id='word_1_480' title='bbox 2717 2769 2884 2824; x_wconf 77' lang='lat' dir='ltr'><strong>David</strong></span> <span class='ocrx_word' id='word_1_481' title='bbox 2929 2770 3188 2842; x_wconf 87' lang='lat' dir='ltr'><strong>propheta</strong></span> <span class='ocrx_word' id='word_1_482' title='bbox 3239 2771 3510 2842; x_wconf 72' lang='lat' dir='ltr'><strong>signiﬁcat</strong></span> <span class='ocrx_word' id='word_1_483' title='bbox 3553 2771 3760 2828; x_wconf 86' lang='lat' dir='ltr'><strong>dicens</strong></span> <span class='ocrx_word' id='word_1_484' title='bbox 3789 2791 3804 2824; x_wconf 84' lang='lat'><strong>-.</strong></span> <span class='ocrx_word' id='word_1_485' title='bbox 3831 2769 3890 2823; x_wconf 61' lang='lat' dir='ltr'><strong>iis</strong></span> 
     </span>
    </p>
   </div>
   <div class='ocr_carea' id='block_1_59' title="bbox 2308 2863 3888 2936">
    <p class='ocr_par' dir='ltr' id='par_1_59' title="bbox 2308 2863 3888 2936">
     <span class='ocr_line' id='line_1_59' title="bbox 2308 2863 3888 2936; baseline 0 -20"><span class='ocrx_word' id='word_1_486' title='bbox 2308 2863 2512 2918; x_wconf 88' lang='lat' dir='ltr'><strong>dolores</strong></span> <span class='ocrx_word' id='word_1_487' title='bbox 2545 2873 2598 2916; x_wconf 91' lang='lat' dir='ltr'><strong>ut</strong></span> <span class='ocrx_word' id='word_1_488' title='bbox 2621 2864 2958 2932; x_wconf 86' lang='lat' dir='ltr'><strong>parturientis</strong></span> <span class='ocrx_word' id='word_1_489' title='bbox 2989 2881 3008 2918; x_wconf 90' lang='lat'><strong><em>:</em></strong></span> <span class='ocrx_word' id='word_1_490' title='bbox 3039 2865 3168 2918; x_wconf 83' lang='lat' dir='ltr'><strong>sicut</strong></span> <span class='ocrx_word' id='word_1_491' title='bbox 3191 2867 3504 2936; x_wconf 72' lang='lat' dir='ltr'><strong>audiuimus,</strong></span> <span class='ocrx_word' id='word_1_492' title='bbox 3539 2865 3618 2920; x_wconf 83' lang='lat' dir='ltr'><strong>ita</strong></span> <span class='ocrx_word' id='word_1_493' title='bbox 3639 2876 3690 2920; x_wconf 87' lang='lat' dir='ltr'><strong>et</strong></span> <span class='ocrx_word' id='word_1_494' title='bbox 3709 2867 3888 2920; x_wconf 69' lang='lat' dir='ltr'><strong>ciuitas:</strong></span> 
     </span>
    </p>
   </div>
   <div class='ocr_carea' id='block_1_60' title="bbox 2307 2955 3888 3032">
    <p class='ocr_par' dir='ltr' id='par_1_60' title="bbox 2307 2955 3888 3032">
     <span class='ocr_line' id='line_1_60' title="bbox 2307 2955 3888 3032; baseline 0 -22"><span class='ocrx_word' id='word_1_495' title='bbox 2307 2956 2362 3010; x_wconf 85' lang='lat' dir='ltr'><strong>in</strong></span> <span class='ocrx_word' id='word_1_496' title='bbox 2387 2957 2588 3010; x_wconf 80' lang='lat' dir='ltr'><strong>civitate</strong></span> <span class='ocrx_word' id='word_1_497' title='bbox 2619 2955 2832 3012; x_wconf 85' lang='lat' dir='ltr'><strong>Domini</strong></span> <span class='ocrx_word' id='word_1_498' title='bbox 2860 2959 3138 3026; x_wconf 85' lang='lat' dir='ltr'><strong>virtutum,</strong></span> <span class='ocrx_word' id='word_1_499' title='bbox 3171 2961 3224 3012; x_wconf 87' lang='lat' dir='ltr'><strong>in</strong></span> <span class='ocrx_word' id='word_1_500' title='bbox 3245 2961 3450 3016; x_wconf 74' lang='lat' dir='ltr'><strong>civitate</strong></span> <span class='ocrx_word' id='word_1_501' title='bbox 3485 2959 3584 3014; x_wconf 81' lang='lat' dir='ltr'><strong>Dei</strong></span> <span class='ocrx_word' id='word_1_502' title='bbox 3617 2962 3786 3015; x_wconf 80' lang='lat' dir='ltr'><strong>nostri</strong></span> <span class='ocrx_word' id='word_1_503' title='bbox 3803 2958 3888 3032; x_wconf 80' lang='lat' dir='ltr'><strong>(Ps.</strong></span> 
     </span>
    </p>
   </div>
   <div class='ocr_carea' id='block_1_61' title="bbox 2310 3049 3888 3122">
    <p class='ocr_par' dir='ltr' id='par_1_61' title="bbox 2310 3049 3888 3122">
     <span class='ocr_line' id='line_1_61' title="bbox 2310 3049 3888 3122; baseline 0.003 -18"><span class='ocrx_word' id='word_1_504' title='bbox 2310 3065 2476 3116; x_wconf 72' lang='lat' dir='ltr'><strong>XLVII,</strong></span> <span class='ocrx_word' id='word_1_505' title='bbox 2505 3049 2537 3103; x_wconf 88' lang='lat'>8</span> <span class='ocrx_word' id='word_1_506' title='bbox 2559 3060 2606 3104; x_wconf 89' lang='lat' dir='ltr'><strong>et</strong></span> <span class='ocrx_word' id='word_1_507' title='bbox 2635 3050 2710 3122; x_wconf 83' lang='lat'><strong>9).</strong></span> <span class='ocrx_word' id='word_1_508' title='bbox 2747 3050 2987 3122; x_wconf 86' lang='lat' dir='ltr'><strong>Namque</strong></span> <span class='ocrx_word' id='word_1_509' title='bbox 3015 3061 3072 3108; x_wconf 89' lang='lat' dir='ltr'><strong>et</strong></span> <span class='ocrx_word' id='word_1_510' title='bbox 3094 3052 3338 3110; x_wconf 86' lang='lat' dir='ltr'><strong>dolorem</strong></span> <span class='ocrx_word' id='word_1_511' title='bbox 3368 3053 3620 3108; x_wconf 81' lang='lat' dir='ltr'><strong>futurum</strong></span> <span class='ocrx_word' id='word_1_512' title='bbox 3645 3094 3662 3120; x_wconf 90' lang='lat'><strong>,</strong></span> <span class='ocrx_word' id='word_1_513' title='bbox 3707 3065 3764 3110; x_wconf 84' lang='lat' dir='ltr'><strong>et</strong></span> <span class='ocrx_word' id='word_1_514' title='bbox 3793 3055 3888 3108; x_wconf 71' lang='lat' dir='ltr'><strong>ltui-</strong></span> 
     </span>
    </p>
   </div>
   <div class='ocr_carea' id='block_1_62' title="bbox 2313 3139 3878 3220">
    <p class='ocr_par' dir='ltr' id='par_1_62' title="bbox 2313 3139 3878 3220">
     <span class='ocr_line' id='line_1_62' title="bbox 2313 3139 3878 3220; baseline 0.003 -22"><span class='ocrx_word' id='word_1_515' title='bbox 2313 3145 2442 3198; x_wconf 82' lang='lat' dir='ltr'><strong>tiatu</strong></span> <span class='ocrx_word' id='word_1_516' title='bbox 2467 3139 2882 3214; x_wconf 83' lang='lat' dir='ltr'><strong>comprehendit</strong></span> <span class='ocrx_word' id='word_1_517' title='bbox 2909 3163 2922 3198; x_wconf 91' lang='lat'>:</span> <span class='ocrx_word' id='word_1_518' title='bbox 2952 3145 3198 3202; x_wconf 85' lang='lat' dir='ltr'><strong>dolorem</strong></span> <span class='ocrx_word' id='word_1_519' title='bbox 3222 3145 3288 3202; x_wconf 91' lang='lat' dir='ltr'><strong>de</strong></span> <span class='ocrx_word' id='word_1_520' title='bbox 3309 3147 3539 3220; x_wconf 87' lang='lat' dir='ltr'><strong>judicio,</strong></span> <span class='ocrx_word' id='word_1_521' title='bbox 3562 3155 3622 3202; x_wconf 83' lang='lat' dir='ltr'><strong>et</strong></span> <span class='ocrx_word' id='word_1_522' title='bbox 3656 3147 3730 3204; x_wconf 80' lang='lat' dir='ltr'><strong>de</strong></span> <span class='ocrx_word' id='word_1_523' title='bbox 3767 3146 3878 3202; x_wconf 82' lang='lat' dir='ltr'><strong>abst-</strong></span> 
     </span>
    </p>
   </div>
   <div class='ocr_carea' id='block_1_63' title="bbox 590 3235 2812 3314">
    <p class='ocr_par' dir='ltr' id='par_1_63' title="bbox 590 3235 2812 3314">
     <span class='ocr_line' id='line_1_63' title="bbox 590 3235 2812 3314; baseline -0.002 -18"><span class='ocrx_word' id='word_1_524' title='bbox 590 3239 698 3296; x_wconf 79' lang='lat' dir='ltr'><strong>dies</strong></span> <span class='ocrx_word' id='word_1_525' title='bbox 719 3239 1092 3296; x_wconf 82' lang='lat' dir='ltr'><strong>illuminabimr</strong></span> <span class='ocrx_word' id='word_1_526' title='bbox 1117 3241 1289 3314; x_wconf 84' lang='lat' dir='ltr'><strong>(Psal.</strong></span> <span class='ocrx_word' id='word_1_527' title='bbox 1318 3251 1574 3305; x_wconf 71' lang='lat' dir='ltr'><strong>cxxxvttt,</strong></span> <span class='ocrx_word' id='word_1_528' title='bbox 1607 3237 1716 3312; x_wconf 73' lang='grc' dir='ltr'><strong>η).</strong></span> <span class='ocrx_word' id='word_1_529' title='bbox 1739 3237 1836 3293; x_wconf 84' lang='lat' dir='ltr'><strong>Hic</strong></span> <span class='ocrx_word' id='word_1_530' title='bbox 1865 3243 1950 3292; x_wconf 89' lang='lat' dir='ltr'><strong>est</strong></span> <span class='ocrx_word' id='word_1_531' title='bbox 1977 3238 2092 3292; x_wconf 89' lang='lat' dir='ltr'><strong>dies</strong></span> <span class='ocrx_word' id='word_1_532' title='bbox 2123 3237 2214 3292; x_wconf 89' lang='lat' dir='ltr'><strong>ille</strong></span> <span class='ocrx_word' id='word_1_533' title='bbox 2237 3235 2283 3298; x_wconf 88' lang='lat' dir='ltr'><strong><em>C</em></strong></span> <span class='ocrx_word' id='word_1_534' title='bbox 2319 3235 2526 3292; x_wconf 87' lang='lat' dir='ltr'><strong>iutioue</strong></span> <span class='ocrx_word' id='word_1_535' title='bbox 2553 3237 2812 3292; x_wconf 79' lang='lat' dir='ltr'><strong>laetitiam.</strong></span> 
     </span>
    </p>
   </div>
   <div class='ocr_carea' id='block_1_64' title="bbox 589 3329 2208 3405">
    <p class='ocr_par' dir='ltr' id='par_1_64' title="bbox 589 3329 2208 3405">
     <span class='ocr_line' id='line_1_64' title="bbox 589 3329 2208 3405; baseline -0.002 -17"><span class='ocrx_word' id='word_1_536' title='bbox 589 3345 814 3405; x_wconf 79' lang='lat' dir='ltr'><strong>magnus</strong></span> <span class='ocrx_word' id='word_1_537' title='bbox 835 3341 992 3405; x_wconf 86' lang='lat' dir='ltr'><strong>quem</strong></span> <span class='ocrx_word' id='word_1_538' title='bbox 1019 3333 1154 3388; x_wconf 82' lang='lat' dir='ltr'><strong>vidit</strong></span> <span class='ocrx_word' id='word_1_539' title='bbox 1177 3331 1470 3396; x_wconf 73' lang='lat' dir='ltr'><strong>Abraham,</strong></span> <span class='ocrx_word' id='word_1_540' title='bbox 1499 3343 1550 3386; x_wconf 80' lang='lat' dir='ltr'><strong>et</strong></span> <span class='ocrx_word' id='word_1_541' title='bbox 1591 3333 1806 3402; x_wconf 82' lang='lat' dir='ltr'><strong>gavisus</strong></span> <span class='ocrx_word' id='word_1_542' title='bbox 1846 3339 1930 3386; x_wconf 88' lang='lat' dir='ltr'><strong>est</strong></span> <span class='ocrx_word' id='word_1_543' title='bbox 1959 3347 1974 3384; x_wconf 87' lang='lat'><strong>:</strong></span> <span class='ocrx_word' id='word_1_544' title='bbox 2003 3329 2072 3386; x_wconf 88' lang='lat' dir='ltr'><strong>de</strong></span> <span class='ocrx_word' id='word_1_545' title='bbox 2101 3345 2208 3400; x_wconf 90' lang='lat' dir='ltr'><strong>quo</strong></span> 
     </span>
    </p>
   </div>
   <div class='ocr_carea' id='block_1_65' title="bbox 575 3421 2208 3498">
    <p class='ocr_par' dir='ltr' id='par_1_65' title="bbox 575 3421 2208 3498">
     <span class='ocr_line' id='line_1_65' title="bbox 575 3421 2208 3498; baseline -0.004 -13"><span class='ocrx_word' id='word_1_546' title='bbox 575 3435 649 3485; x_wconf 84' lang='lat' dir='ltr'><strong>&#39;et</strong></span> <span class='ocrx_word' id='word_1_547' title='bbox 679 3431 842 3484; x_wconf 83' lang='lat' dir='ltr'><strong>David</strong></span> <span class='ocrx_word' id='word_1_548' title='bbox 883 3429 956 3484; x_wconf 86' lang='lat' dir='ltr'><strong>ait</strong></span> <span class='ocrx_word' id='word_1_549' title='bbox 989 3445 1004 3482; x_wconf 88' lang='lat'><strong>:</strong></span> <span class='ocrx_word' id='word_1_550' title='bbox 1037 3421 1136 3482; x_wconf 80' lang='lat' dir='ltr'><strong>Hic</strong></span> <span class='ocrx_word' id='word_1_551' title='bbox 1163 3429 1238 3482; x_wconf 87' lang='lat' dir='ltr'><strong>est</strong></span> <span class='ocrx_word' id='word_1_552' title='bbox 1259 3427 1366 3482; x_wconf 87' lang='lat' dir='ltr'><strong>dies</strong></span> <span class='ocrx_word' id='word_1_553' title='bbox 1389 3443 1537 3493; x_wconf 86' lang='lat' dir='ltr'><strong>quem</strong></span> <span class='ocrx_word' id='word_1_554' title='bbox 1561 3427 1679 3498; x_wconf 81' lang='lat' dir='ltr'><strong>fecit</strong></span> <span class='ocrx_word' id='word_1_555' title='bbox 1714 3423 1964 3480; x_wconf 82' lang='lat' dir='ltr'><strong>Dominus</strong></span> <span class='ocrx_word' id='word_1_556' title='bbox 1985 3467 1999 3490; x_wconf 91' lang='lat'><strong>,</strong></span> <span class='ocrx_word' id='word_1_557' title='bbox 2033 3423 2208 3478; x_wconf 73' lang='lat' dir='ltr'><strong>exsul-</strong></span> 
     </span>
    </p>
   </div>
   <div class='ocr_carea' id='block_1_66' title="bbox 591 3515 2210 3590">
    <p class='ocr_par' dir='ltr' id='par_1_66' title="bbox 591 3515 2210 3590">
     <span class='ocr_line' id='line_1_66' title="bbox 591 3515 2210 3590; baseline -0.004 -14"><span class='ocrx_word' id='word_1_558' title='bbox 591 3531 750 3576; x_wconf 79' lang='lat' dir='ltr'><strong>tcmus</strong></span> <span class='ocrx_word' id='word_1_559' title='bbox 787 3531 834 3576; x_wconf 86' lang='lat' dir='ltr'><strong>ct</strong></span> <span class='ocrx_word' id='word_1_560' title='bbox 855 3519 1085 3577; x_wconf 61' lang='lat' dir='ltr'><strong>(utemur</strong></span> <span class='ocrx_word' id='word_1_561' title='bbox 1115 3523 1168 3574; x_wconf 86' lang='lat' dir='ltr'><strong>in</strong></span> <span class='ocrx_word' id='word_1_562' title='bbox 1198 3535 1254 3573; x_wconf 86' lang='lat' dir='ltr'><strong>eo</strong></span> <span class='ocrx_word' id='word_1_563' title='bbox 1283 3515 1460 3587; x_wconf 70' lang='lat' dir='ltr'><strong>(Pani.</strong></span> <span class='ocrx_word' id='word_1_564' title='bbox 1493 3531 1659 3584; x_wconf 78' lang='lat' dir='ltr'><strong>csvn,</strong></span> <span class='ocrx_word' id='word_1_565' title='bbox 1687 3517 1782 3590; x_wconf 58' lang='grc' dir='ltr'><strong>Ἠ)</strong></span> <span class='ocrx_word' id='word_1_566' title='bbox 1809 3537 1822 3572; x_wconf 87' lang='lat'><strong>:</strong></span> <span class='ocrx_word' id='word_1_567' title='bbox 1854 3519 1940 3574; x_wconf 90' lang='lat' dir='ltr'><strong>cui</strong></span> <span class='ocrx_word' id='word_1_568' title='bbox 1971 3531 2078 3572; x_wconf 89' lang='lat' dir='ltr'><strong>non</strong></span> <span class='ocrx_word' id='word_1_569' title='bbox 2109 3515 2210 3570; x_wconf 87' lang='lat' dir='ltr'><strong>mi-</strong></span> 
     </span>
    </p>
   </div>
   <div class='ocr_carea' id='block_1_67' title="bbox 599 3611 2098 3678">
    <p class='ocr_par' dir='ltr' id='par_1_67' title="bbox 599 3611 2098 3678">
     <span class='ocr_line' id='line_1_67' title="bbox 599 3611 2098 3678; baseline -0.005 -8"><span class='ocrx_word' id='word_1_570' title='bbox 599 3615 826 3670; x_wconf 86' lang='lat' dir='ltr'><strong>nisterio</strong></span> <span class='ocrx_word' id='word_1_571' title='bbox 851 3611 1073 3678; x_wconf 82' lang='lat' dir='ltr'><strong>laboris,</strong></span> <span class='ocrx_word' id='word_1_572' title='bbox 1105 3611 1200 3668; x_wconf 85' lang='lat' dir='ltr'><strong>sed</strong></span> <span class='ocrx_word' id='word_1_573' title='bbox 1229 3612 1405 3668; x_wconf 77' lang='lat' dir='ltr'><strong>fructu</strong></span> <span class='ocrx_word' id='word_1_574' title='bbox 1432 3611 1814 3666; x_wconf 80' lang='lat' dir='ltr'><strong>exsultationis</strong></span> <span class='ocrx_word' id='word_1_575' title='bbox 1843 3611 2098 3664; x_wconf 89' lang='lat' dir='ltr'><strong>interero.</strong></span> 
     </span>
    </p>
   </div>
   <div class='ocr_carea' id='block_1_68' title="bbox 672 3699 2205 3778">
    <p class='ocr_par' dir='ltr' id='par_1_68' title="bbox 672 3699 2205 3778">
     <span class='ocr_line' id='line_1_68' title="bbox 672 3699 2205 3778; baseline -0.007 -16"><span class='ocrx_word' id='word_1_576' title='bbox 672 3705 756 3764; x_wconf 76' lang='lat' dir='ltr'><strong>i5.</strong></span> <span class='ocrx_word' id='word_1_577' title='bbox 799 3705 922 3778; x_wconf 84' lang='lat' dir='ltr'><strong>Ipse</strong></span> <span class='ocrx_word' id='word_1_578' title='bbox 951 3719 1082 3777; x_wconf 79' lang='lat' dir='ltr'><strong>ergo</strong></span> <span class='ocrx_word' id='word_1_579' title='bbox 1109 3705 1372 3761; x_wconf 85' lang='lat' dir='ltr'><strong>Dominus</strong></span> <span class='ocrx_word' id='word_1_580' title='bbox 1402 3703 1544 3758; x_wconf 74' lang='lat' dir='ltr'><strong>client</strong></span> <span class='ocrx_word' id='word_1_581' title='bbox 1571 3701 1747 3769; x_wconf 90' lang='lat' dir='ltr'><strong>ducit,</strong></span> <span class='ocrx_word' id='word_1_582' title='bbox 1778 3709 1834 3757; x_wconf 89' lang='lat' dir='ltr'><strong>et</strong></span> <span class='ocrx_word' id='word_1_583' title='bbox 1872 3711 1998 3756; x_wconf 82' lang='lat' dir='ltr'><strong>ante</strong></span> <span class='ocrx_word' id='word_1_584' title='bbox 2023 3699 2205 3754; x_wconf 89' lang='lat' dir='ltr'><strong>mundi</strong></span> 
     </span>
    </p>
   </div>
   <div class='ocr_carea' id='block_1_69' title="bbox 597 3793 2210 3868">
    <p class='ocr_par' dir='ltr' id='par_1_69' title="bbox 597 3793 2210 3868">
     <span class='ocr_line' id='line_1_69' title="bbox 597 3793 2210 3868; baseline -0.007 -8"><span class='ocrx_word' id='word_1_585' title='bbox 597 3799 1128 3860; x_wconf 76' lang='lat' dir='ltr'><strong>consummationem</strong></span> <span class='ocrx_word' id='word_1_586' title='bbox 1173 3797 1438 3855; x_wconf 77' lang='lat' dir='ltr'><strong>videbitur</strong></span> <span class='ocrx_word' id='word_1_587' title='bbox 1479 3797 1700 3864; x_wconf 87' lang='lat' dir='ltr'><strong>iumen,</strong></span> <span class='ocrx_word' id='word_1_588' title='bbox 1743 3795 1886 3868; x_wconf 90' lang='lat' dir='ltr'><strong>quod</strong></span> <span class='ocrx_word' id='word_1_589' title='bbox 1940 3793 2210 3850; x_wconf 77' lang='lat' dir='ltr'><strong>illuminat</strong></span> 
     </span>
    </p>
   </div>
   <div class='ocr_carea' id='block_1_70' title="bbox 581 3889 2206 3960">
    <p class='ocr_par' dir='ltr' id='par_1_70' title="bbox 581 3889 2206 3960">
     <span class='ocr_line' id='line_1_70' title="bbox 581 3889 2206 3960; baseline -0.005 -7"><span class='ocrx_word' id='word_1_590' title='bbox 581 3905 810 3955; x_wconf 83' lang='lat' dir='ltr'><strong>&#39;otunem</strong></span> <span class='ocrx_word' id='word_1_591' title='bbox 843 3895 1120 3951; x_wconf 84' lang='lat' dir='ltr'><strong>hominem</strong></span> <span class='ocrx_word' id='word_1_592' title='bbox 1147 3893 1455 3950; x_wconf 62' lang='lat' dir='ltr'><strong>tinnientem</strong></span> <span class='ocrx_word' id='word_1_593' title='bbox 1487 3891 1542 3947; x_wconf 86' lang='lat' dir='ltr'><strong>in</strong></span> <span class='ocrx_word' id='word_1_594' title='bbox 1587 3891 1729 3946; x_wconf 89' lang='lat' dir='ltr'><strong>hunc</strong></span> <span class='ocrx_word' id='word_1_595' title='bbox 1771 3890 2054 3944; x_wconf 90' lang='lat' dir='ltr'><strong>mundum.</strong></span> <span class='ocrx_word' id='word_1_596' title='bbox 2083 3889 2206 3960; x_wconf 87' lang='lat' dir='ltr'><strong>Ipse</strong></span> 
     </span>
    </p>
   </div>
   <div class='ocr_carea' id='block_1_71' title="bbox 579 3985 2201 4063">
    <p class='ocr_par' dir='ltr' id='par_1_71' title="bbox 579 3985 2201 4063">
     <span class='ocr_line' id='line_1_71' title="bbox 579 3985 2201 4063; baseline -0.007 -13"><span class='ocrx_word' id='word_1_597' title='bbox 579 3997 682 4050; x_wconf 76' lang='lat' dir='ltr'><strong>est</strong></span> <span class='ocrx_word' id='word_1_598' title='bbox 714 3989 1005 4053; x_wconf 87' lang='lat' dir='ltr'><strong>Dominus.</strong></span> <span class='ocrx_word' id='word_1_599' title='bbox 1035 3989 1130 4063; x_wconf 90' lang='lat' dir='ltr'><strong>qui</strong></span> <span class='ocrx_word' id='word_1_600' title='bbox 1173 3991 1352 4060; x_wconf 78' lang='lat' dir='ltr'><strong>signat</strong></span> <span class='ocrx_word' id='word_1_601' title='bbox 1392 3991 1447 4044; x_wconf 86' lang='lat' dir='ltr'><strong>et</strong></span> <span class='ocrx_word' id='word_1_602' title='bbox 1495 3999 1742 4043; x_wconf 87' lang='lat' dir='ltr'><strong>numerat</strong></span> <span class='ocrx_word' id='word_1_603' title='bbox 1799 3985 2201 4040; x_wconf 84' lang='lat' dir='ltr'><strong>multitudinem</strong></span> 
     </span>
    </p>
   </div>
   <div class='ocr_carea' id='block_1_72' title="bbox 601 4077 2206 4154">
    <p class='ocr_par' dir='ltr' id='par_1_72' title="bbox 601 4077 2206 4154">
     <span class='ocr_line' id='line_1_72' title="bbox 601 4077 2206 4154; baseline -0.006 -14"><span class='ocrx_word' id='word_1_604' title='bbox 601 4087 882 4141; x_wconf 74' lang='lat' dir='ltr'><strong>Stellarum</strong></span> <span class='ocrx_word' id='word_1_605' title='bbox 909 4101 925 4145; x_wconf 88' lang='lat'><strong>:</strong></span> <span class='ocrx_word' id='word_1_606' title='bbox 955 4083 1070 4154; x_wconf 88' lang='lat' dir='ltr'><strong>ipse</strong></span> <span class='ocrx_word' id='word_1_607' title='bbox 1101 4087 1188 4138; x_wconf 88' lang='lat' dir='ltr'><strong>est</strong></span> <span class='ocrx_word' id='word_1_608' title='bbox 1231 4081 1495 4136; x_wconf 88' lang='lat' dir='ltr'><strong>Dominus</strong></span> <span class='ocrx_word' id='word_1_609' title='bbox 1515 4123 1530 4147; x_wconf 92' lang='lat'><strong>,</strong></span> <span class='ocrx_word' id='word_1_610' title='bbox 1561 4081 1649 4150; x_wconf 88' lang='lat' dir='ltr'><strong>qui</strong></span> <span class='ocrx_word' id='word_1_611' title='bbox 1679 4079 1873 4133; x_wconf 61' lang='lat' dir='ltr'><strong>coelum</strong></span> <span class='ocrx_word' id='word_1_612' title='bbox 1916 4077 2063 4132; x_wconf 87' lang='lat' dir='ltr'><strong>solus</strong></span> <span class='ocrx_word' id='word_1_613' title='bbox 2111 4093 2206 4131; x_wconf 84' lang='lat' dir='ltr'><strong>ex-</strong></span> 
     </span>
    </p>
   </div>
   <div class='ocr_carea' id='block_1_73' title="bbox 599 4171 2206 4247">
    <p class='ocr_par' dir='ltr' id='par_1_73' title="bbox 599 4171 2206 4247">
     <span class='ocr_line' id='line_1_73' title="bbox 599 4171 2206 4247; baseline -0.007 -14"><span class='ocrx_word' id='word_1_614' title='bbox 599 4179 809 4242; x_wconf 88' lang='lat' dir='ltr'><strong>tendit,</strong></span> <span class='ocrx_word' id='word_1_615' title='bbox 841 4178 932 4247; x_wconf 87' lang='lat' dir='ltr'><strong>qni</strong></span> <span class='ocrx_word' id='word_1_616' title='bbox 958 4175 1253 4231; x_wconf 80' lang='lat' dir='ltr'><strong>ambulavit</strong></span> <span class='ocrx_word' id='word_1_617' title='bbox 1299 4183 1574 4244; x_wconf 84' lang='lat' dir='ltr'><strong>tamquam</strong></span> <span class='ocrx_word' id='word_1_618' title='bbox 1619 4175 1672 4226; x_wconf 87' lang='lat' dir='ltr'><strong>in</strong></span> <span class='ocrx_word' id='word_1_619' title='bbox 1703 4171 2015 4242; x_wconf 84' lang='lat' dir='ltr'><strong>pavimento</strong></span> <span class='ocrx_word' id='word_1_620' title='bbox 2043 4183 2206 4238; x_wconf 84' lang='lat' dir='ltr'><strong>super</strong></span> 
     </span>
    </p>
   </div>
   <div class='ocr_carea' id='block_1_74' title="bbox 599 4263 2206 4342">
    <p class='ocr_par' dir='ltr' id='par_1_74' title="bbox 599 4263 2206 4342">
     <span class='ocr_line' id='line_1_74' title="bbox 599 4263 2206 4342; baseline -0.006 -15"><span class='ocrx_word' id='word_1_621' title='bbox 599 4285 788 4340; x_wconf 84' lang='lat' dir='ltr'><strong>mare;</strong></span> <span class='ocrx_word' id='word_1_622' title='bbox 819 4270 1036 4342; x_wconf 87' lang='lat' dir='ltr'><strong>quando</strong></span> <span class='ocrx_word' id='word_1_623' title='bbox 1082 4269 1274 4324; x_wconf 85' lang='lat' dir='ltr'><strong>Petrus</strong></span> <span class='ocrx_word' id='word_1_624' title='bbox 1329 4267 1468 4322; x_wconf 84' lang='lat' dir='ltr'><strong>vidit</strong></span> <span class='ocrx_word' id='word_1_625' title='bbox 1513 4279 1638 4321; x_wconf 90' lang='lat' dir='ltr'><strong>eum</strong></span> <span class='ocrx_word' id='word_1_626' title='bbox 1686 4263 2050 4319; x_wconf 83' lang='lat' dir='ltr'><strong>ambulantem</strong></span> <span class='ocrx_word' id='word_1_627' title='bbox 2078 4305 2092 4330; x_wconf 93' lang='lat'><strong>,</strong></span> <span class='ocrx_word' id='word_1_628' title='bbox 2151 4272 2206 4317; x_wconf 90' lang='lat' dir='ltr'><strong>et</strong></span> 
     </span>
    </p>
   </div>
   <div class='ocr_carea' id='block_1_75' title="bbox 601 4359 2204 4433">
    <p class='ocr_par' dir='ltr' id='par_1_75' title="bbox 601 4359 2204 4433">
     <span class='ocr_line' id='line_1_75' title="bbox 601 4359 2204 4433; baseline -0.006 -11"><span class='ocrx_word' id='word_1_629' title='bbox 601 4365 736 4423; x_wconf 83' lang='lat' dir='ltr'><strong>dixit</strong></span> <span class='ocrx_word' id='word_1_630' title='bbox 773 4383 785 4418; x_wconf 87' lang='lat'>:</span> <span class='ocrx_word' id='word_1_631' title='bbox 836 4364 1090 4426; x_wconf 82' lang='lat' dir='ltr'><strong>Domine,</strong></span> <span class='ocrx_word' id='word_1_632' title='bbox 1128 4361 1258 4433; x_wconf 80' lang='lat' dir='ltr'><strong>jube</strong></span> <span class='ocrx_word' id='word_1_633' title='bbox 1305 4373 1384 4415; x_wconf 81' lang='lat' dir='ltr'><strong>m‘c</strong></span> <span class='ocrx_word' id='word_1_634' title='bbox 1429 4361 1598 4415; x_wconf 84' lang='lat' dir='ltr'><strong>venire</strong></span> <span class='ocrx_word' id='word_1_635' title='bbox 1641 4359 1710 4412; x_wconf 83' lang='lat' dir='ltr'><strong>ad</strong></span> <span class='ocrx_word' id='word_1_636' title='bbox 1754 4361 1800 4414; x_wconf 85' lang='lat' dir='ltr'><strong>te</strong></span> <span class='ocrx_word' id='word_1_637' title='bbox 1849 4373 2002 4430; x_wconf 84' lang='lat' dir='ltr'><strong>super</strong></span> <span class='ocrx_word' id='word_1_638' title='bbox 2044 4375 2204 4430; x_wconf 82' lang='lat' dir='ltr'><strong>aquas</strong></span> 
     </span>
    </p>
   </div>
   <div class='ocr_carea' id='block_1_76' title="bbox 601 4451 2203 4532">
    <p class='ocr_par' dir='ltr' id='par_1_76' title="bbox 601 4451 2203 4532">
     <span class='ocr_line' id='line_1_76' title="bbox 601 4451 2203 4532; baseline -0.006 -16"><span class='ocrx_word' id='word_1_639' title='bbox 601 4459 817 4532; x_wconf 78' lang='lat' dir='ltr'><strong>(Matth.</strong></span> <span class='ocrx_word' id='word_1_640' title='bbox 853 4473 967 4524; x_wconf 80' lang='lat' dir='ltr'><strong>xrv,</strong></span> <span class='ocrx_word' id='word_1_641' title='bbox 997 4456 1116 4528; x_wconf 70' lang='lat'><strong>28).</strong></span> <span class='ocrx_word' id='word_1_642' title='bbox 1149 4455 1214 4512; x_wconf 80' lang='lat' dir='ltr'><strong>Et</strong></span> <span class='ocrx_word' id='word_1_643' title='bbox 1241 4453 1402 4526; x_wconf 81' lang='lat' dir='ltr'><strong>jussit</strong></span> <span class='ocrx_word' id='word_1_644' title='bbox 1431 4453 1688 4508; x_wconf 87' lang='lat' dir='ltr'><strong>Dominus</strong></span> <span class='ocrx_word' id='word_1_645' title='bbox 1717 4471 1729 4506; x_wconf 86' lang='lat'><strong>:</strong></span> <span class='ocrx_word' id='word_1_646' title='bbox 1761 4451 1856 4506; x_wconf 72' lang='lat' dir='ltr'><strong>sed</strong></span> <span class='ocrx_word' id='word_1_647' title='bbox 1887 4451 1978 4506; x_wconf 88' lang='lat' dir='ltr'><strong>ille</strong></span> <span class='ocrx_word' id='word_1_648' title='bbox 2007 4453 2203 4506; x_wconf 86' lang='lat' dir='ltr'><strong>tituba—</strong></span> 
     </span>
    </p>
   </div>
   <div class='ocr_carea' id='block_1_77' title="bbox 601 4541 2202 4622">
    <p class='ocr_par' dir='ltr' id='par_1_77' title="bbox 601 4541 2202 4622">
     <span class='ocr_line' id='line_1_77' title="bbox 601 4541 2202 4622; baseline -0.007 -12"><span class='ocrx_word' id='word_1_649' title='bbox 601 4555 714 4618; x_wconf 82' lang='lat' dir='ltr'><strong>vit;</strong></span> <span class='ocrx_word' id='word_1_650' title='bbox 745 4563 798 4608; x_wconf 90' lang='lat' dir='ltr'><strong>et</strong></span> <span class='ocrx_word' id='word_1_651' title='bbox 819 4551 921 4607; x_wconf 84' lang='lat' dir='ltr'><strong>nisi</strong></span> <span class='ocrx_word' id='word_1_652' title='bbox 949 4550 1283 4622; x_wconf 73' lang='lat' dir='ltr'><strong>por-rexisset</strong></span> <span class='ocrx_word' id='word_1_653' title='bbox 1305 4549 1354 4603; x_wconf 88' lang='lat' dir='ltr'><strong>ei</strong></span> <span class='ocrx_word' id='word_1_654' title='bbox 1379 4547 1636 4602; x_wconf 87' lang='lat' dir='ltr'><strong>Dominus</strong></span> <span class='ocrx_word' id='word_1_655' title='bbox 1659 4541 1962 4612; x_wconf 75' lang='lat' dir='ltr'><strong>dexteram,</strong></span> <span class='ocrx_word' id='word_1_656' title='bbox 1989 4545 2202 4600; x_wconf 83' lang='lat' dir='ltr'><strong>demer-</strong></span> 
     </span>
    </p>
   </div>
   <div class='ocr_carea' id='block_1_78' title="bbox 2835 3329 3400 3404">
    <p class='ocr_par' dir='ltr' id='par_1_78' title="bbox 2835 3329 3400 3404">
     <span class='ocr_line' id='line_1_78' title="bbox 2835 3329 3400 3404; baseline -0.004 -17"><span class='ocrx_word' id='word_1_657' title='bbox 2835 3331 3000 3404; x_wconf 67' lang='lat'><strong>633</strong></span> <span class='ocrx_word' id='word_1_658' title='bbox 3041 3331 3270 3388; x_wconf 84' lang='lat' dir='ltr'><strong>CAPUT</strong></span> <span class='ocrx_word' id='word_1_659' title='bbox 3307 3329 3400 3386; x_wconf 89' lang='lat' dir='ltr'><strong>v1.</strong></span> 
     </span>
    </p>
   </div>
   <div class='ocr_carea' id='block_1_79' title="bbox 2323 3421 3887 3496">
    <p class='ocr_par' dir='ltr' id='par_1_79' title="bbox 2323 3421 3887 3496">
     <span class='ocr_line' id='line_1_79' title="bbox 2323 3421 3887 3496; baseline 0.001 -20"><span class='ocrx_word' id='word_1_660' title='bbox 2323 3421 2488 3478; x_wconf 81' lang='lat' dir='ltr'><strong>Verba</strong></span> <span class='ocrx_word' id='word_1_661' title='bbox 2527 3421 2627 3478; x_wconf 83' lang='lat' dir='ltr'><strong>Job</strong></span> <span class='ocrx_word' id='word_1_662' title='bbox 2649 3463 2665 3492; x_wconf 92' lang='lat'><strong>,</strong></span> <span class='ocrx_word' id='word_1_663' title='bbox 2695 3425 2874 3494; x_wconf 87' lang='lat' dir='ltr'><strong>quibus</strong></span> <span class='ocrx_word' id='word_1_664' title='bbox 2918 3425 3168 3478; x_wconf 80' lang='lat' dir='ltr'><strong>humanas</strong></span> <span class='ocrx_word' id='word_1_665' title='bbox 3199 3423 3530 3494; x_wconf 76' lang='lat' dir='ltr'><strong>inﬁrmitates</strong></span> <span class='ocrx_word' id='word_1_666' title='bbox 3577 3426 3780 3496; x_wconf 85' lang='lat' dir='ltr'><strong>aperit,</strong></span> <span class='ocrx_word' id='word_1_667' title='bbox 3817 3441 3887 3478; x_wconf 75' lang='lat' dir='ltr'><strong>es-</strong></span> 
     </span>
    </p>
   </div>
   <div class='ocr_carea' id='block_1_80' title="bbox 2383 3517 3885 3590">
    <p class='ocr_par' dir='ltr' id='par_1_80' title="bbox 2383 3517 3885 3590">
     <span class='ocr_line' id='line_1_80' title="bbox 2383 3517 3885 3590; baseline 0 -18"><span class='ocrx_word' id='word_1_668' title='bbox 2383 3517 2696 3590; x_wconf 84' lang='lat' dir='ltr'><strong>penduntur.</strong></span> <span class='ocrx_word' id='word_1_669' title='bbox 2755 3517 3202 3586; x_wconf 84' lang='lat' dir='ltr'><strong>Quemadmodum</strong></span> <span class='ocrx_word' id='word_1_670' title='bbox 3261 3517 3302 3572; x_wconf 77' lang='grc' dir='ltr'><strong><em>γ</em></strong></span> <span class='ocrx_word' id='word_1_671' title='bbox 3309 3521 3354 3570; x_wconf 85' lang='lat' dir='ltr'><strong>ir</strong></span> <span class='ocrx_word' id='word_1_672' title='bbox 3397 3529 3614 3572; x_wconf 86' lang='lat' dir='ltr'><strong>sanctus</strong></span> <span class='ocrx_word' id='word_1_673' title='bbox 3663 3531 3885 3588; x_wconf 66' lang='lat' dir='ltr'><strong>peccatu</strong></span> 
     </span>
    </p>
   </div>
   <div class='ocr_carea' id='block_1_81' title="bbox 2383 3611 3880 3684">
    <p class='ocr_par' dir='ltr' id='par_1_81' title="bbox 2383 3611 3880 3684">
     <span class='ocr_line' id='line_1_81' title="bbox 2383 3611 3880 3684; baseline -0.004 -18"><span class='ocrx_word' id='word_1_674' title='bbox 2383 3629 2532 3666; x_wconf 84' lang='lat' dir='ltr'><strong>suum</strong></span> <span class='ocrx_word' id='word_1_675' title='bbox 2585 3629 2685 3665; x_wconf 86' lang='lat' dir='ltr'><strong>non</strong></span> <span class='ocrx_word' id='word_1_676' title='bbox 2719 3614 3006 3684; x_wconf 84' lang='lat' dir='ltr'><strong>negaverit,</strong></span> <span class='ocrx_word' id='word_1_677' title='bbox 3037 3613 3218 3682; x_wconf 82' lang='lat' dir='ltr'><strong>quidve</strong></span> <span class='ocrx_word' id='word_1_678' title='bbox 3257 3611 3386 3664; x_wconf 85' lang='lat' dir='ltr'><strong>inter</strong></span> <span class='ocrx_word' id='word_1_679' title='bbox 3413 3627 3634 3684; x_wconf 84' lang='lat' dir='ltr'><strong>peccare</strong></span> <span class='ocrx_word' id='word_1_680' title='bbox 3675 3623 3716 3666; x_wconf 80' lang='lat' dir='ltr'><strong>et</strong></span> <span class='ocrx_word' id='word_1_681' title='bbox 3756 3611 3880 3677; x_wconf 63' lang='lat' dir='ltr'><strong>impie</strong></span> 
     </span>
    </p>
   </div>
   <div class='ocr_carea' id='block_1_82' title="bbox 2381 3701 3872 3776">
    <p class='ocr_par' dir='ltr' id='par_1_82' title="bbox 2381 3701 3872 3776">
     <span class='ocr_line' id='line_1_82' title="bbox 2381 3701 3872 3776; baseline 0 -22"><span class='ocrx_word' id='word_1_682' title='bbox 2381 3721 2533 3776; x_wconf 82' lang='lat' dir='ltr'><strong>agere</strong></span> <span class='ocrx_word' id='word_1_683' title='bbox 2579 3705 2644 3757; x_wconf 88' lang='lat' dir='ltr'><strong>sit</strong></span> <span class='ocrx_word' id='word_1_684' title='bbox 2673 3701 3034 3768; x_wconf 85' lang='lat' dir='ltr'><strong>discriminis;</strong></span> <span class='ocrx_word' id='word_1_685' title='bbox 3077 3705 3258 3772; x_wconf 84' lang='lat' dir='ltr'><strong>quibus</strong></span> <span class='ocrx_word' id='word_1_686' title='bbox 3300 3703 3464 3758; x_wconf 79' lang='lat' dir='ltr'><strong>verbis</strong></span> <span class='ocrx_word' id='word_1_687' title='bbox 3493 3705 3738 3760; x_wconf 72' lang='lat' dir='ltr'><strong>homines</strong></span> <span class='ocrx_word' id='word_1_688' title='bbox 3757 3701 3872 3771; x_wconf 69' lang='lat' dir='ltr'><strong>apud</strong></span> 
     </span>
    </p>
   </div>
   <div class='ocr_carea' id='block_1_83' title="bbox 2381 3795 3864 3866">
    <p class='ocr_par' dir='ltr' id='par_1_83' title="bbox 2381 3795 3864 3866">
     <span class='ocr_line' id='line_1_83' title="bbox 2381 3795 3864 3866; baseline -0.003 -18"><span class='ocrx_word' id='word_1_689' title='bbox 2381 3795 2546 3850; x_wconf 84' lang='lat' dir='ltr'><strong>Deum</strong></span> <span class='ocrx_word' id='word_1_690' title='bbox 2575 3808 2784 3850; x_wconf 84' lang='lat' dir='ltr'><strong>conetur</strong></span> <span class='ocrx_word' id='word_1_691' title='bbox 2811 3813 3092 3862; x_wconf 73' lang='lat' dir='ltr'><strong>excusare;</strong></span> <span class='ocrx_word' id='word_1_692' title='bbox 3123 3809 3376 3866; x_wconf 87' lang='lat' dir='ltr'><strong>postremo</strong></span> <span class='ocrx_word' id='word_1_693' title='bbox 3407 3798 3674 3866; x_wconf 74' lang='lat' dir='ltr'><strong>conﬁtenti</strong></span> <span class='ocrx_word' id='word_1_694' title='bbox 3709 3795 3864 3850; x_wconf 72' lang='lat' dir='ltr'><strong>micis</strong></span> 
     </span>
    </p>
   </div>
   <div class='ocr_carea' id='block_1_84' title="bbox 2381 3891 3872 3965">
    <p class='ocr_par' dir='ltr' id='par_1_84' title="bbox 2381 3891 3872 3965">
     <span class='ocr_line' id='line_1_84' title="bbox 2381 3891 3872 3965; baseline -0.003 -19"><span class='ocrx_word' id='word_1_695' title='bbox 2381 3891 2641 3960; x_wconf 87' lang='lat' dir='ltr'><strong>promitti,</strong></span> <span class='ocrx_word' id='word_1_696' title='bbox 2671 3909 2733 3946; x_wconf 92' lang='lat' dir='ltr'><strong>ac</strong></span> <span class='ocrx_word' id='word_1_697' title='bbox 2753 3895 2957 3965; x_wconf 83' lang='lat' dir='ltr'><strong>justum</strong></span> <span class='ocrx_word' id='word_1_698' title='bbox 2987 3891 3276 3962; x_wconf 82' lang='lat' dir='ltr'><strong>iniquitates</strong></span> <span class='ocrx_word' id='word_1_699' title='bbox 3309 3907 3432 3946; x_wconf 89' lang='lat' dir='ltr'><strong>suas</strong></span> <span class='ocrx_word' id='word_1_700' title='bbox 3472 3907 3769 3964; x_wconf 76' lang='lat' dir='ltr'><strong>agnoscere,</strong></span> <span class='ocrx_word' id='word_1_701' title='bbox 3803 3903 3872 3942; x_wconf 83' lang='lat' dir='ltr'><strong>os-</strong></span> 
     </span>
    </p>
   </div>
   <div class='ocr_carea' id='block_1_85' title="bbox 2381 3985 2624 4040">
    <p class='ocr_par' dir='ltr' id='par_1_85' title="bbox 2381 3985 2624 4040">
     <span class='ocr_line' id='line_1_85' title="bbox 2381 3985 2624 4040; baseline 0 -2"><span class='ocrx_word' id='word_1_702' title='bbox 2381 3985 2624 4040; x_wconf 78' lang='lat' dir='ltr'><strong>tenditur.</strong></span> 
     </span>
    </p>
   </div>
   <div class='ocr_carea' id='block_1_86' title="bbox 2381 4071 3878 4146">
    <p class='ocr_par' dir='ltr' id='par_1_86' title="bbox 2381 4071 3878 4146">
     <span class='ocr_line' id='line_1_86' title="bbox 2381 4071 3878 4146; baseline -0.005 -16"><span class='ocrx_word' id='word_1_703' title='bbox 2381 4075 2467 4132; x_wconf 87' lang='lat' dir='ltr'><strong>-i(i.</strong></span> <span class='ocrx_word' id='word_1_704' title='bbox 2509 4075 2616 4132; x_wconf 88' lang='lat' dir='ltr'><strong>Sed</strong></span> <span class='ocrx_word' id='word_1_705' title='bbox 2645 4075 2709 4130; x_wconf 89' lang='lat' dir='ltr'><strong>ad</strong></span> <span class='ocrx_word' id='word_1_706' title='bbox 2737 4075 3026 4146; x_wconf 75' lang='lat' dir='ltr'><strong>propositae</strong></span> <span class='ocrx_word' id='word_1_707' title='bbox 3051 4075 3206 4131; x_wconf 88' lang='lat' dir='ltr'><strong>nobis</strong></span> <span class='ocrx_word' id='word_1_708' title='bbox 3234 4073 3696 4143; x_wconf 83' lang='lat' dir='ltr'><strong>interpellationis</strong></span> <span class='ocrx_word' id='word_1_709' title='bbox 3719 4071 3878 4128; x_wconf 73' lang='lat' dir='ltr'><strong>seri-ent</strong></span> 
     </span>
    </p>
   </div>
   <div class='ocr_carea' id='block_1_87' title="bbox 2307 4167 3880 4239">
    <p class='ocr_par' dir='ltr' id='par_1_87' title="bbox 2307 4167 3880 4239">
     <span class='ocr_line' id='line_1_87' title="bbox 2307 4167 3880 4239; baseline -0.005 -13"><span class='ocrx_word' id='word_1_710' title='bbox 2307 4183 2664 4226; x_wconf 78' lang='lat' dir='ltr'><strong>revertamur.</strong></span> <span class='ocrx_word' id='word_1_711' title='bbox 2693 4167 2890 4224; x_wconf 80' lang='lat' dir='ltr'><strong>Multas</strong></span> <span class='ocrx_word' id='word_1_712' title='bbox 2912 4212 2926 4234; x_wconf 91' lang='lat'><strong>,</strong></span> <span class='ocrx_word' id='word_1_713' title='bbox 2959 4169 3164 4238; x_wconf 89' lang='lat' dir='ltr'><strong>inquit,</strong></span> <span class='ocrx_word' id='word_1_714' title='bbox 3213 4169 3549 4223; x_wconf 81' lang='lat' dir='ltr'><strong>contritiones</strong></span> <span class='ocrx_word' id='word_1_715' title='bbox 3599 4171 3720 4239; x_wconf 78' lang='lat' dir='ltr'><strong>fecit</strong></span> <span class='ocrx_word' id='word_1_716' title='bbox 3755 4167 3880 4228; x_wconf 74' lang='lat' dir='ltr'><strong>mihi,</strong></span> 
     </span>
    </p>
   </div>
   <div class='ocr_carea' id='block_1_88' title="bbox 2306 4261 3886 4338">
    <p class='ocr_par' dir='ltr' id='par_1_88' title="bbox 2306 4261 3886 4338">
     <span class='ocr_line' id='line_1_88' title="bbox 2306 4261 3886 4338; baseline -0.006 -18"><span class='ocrx_word' id='word_1_717' title='bbox 2306 4267 2565 4338; x_wconf 81' lang='lat' dir='ltr'><strong>respirare</strong></span> <span class='ocrx_word' id='word_1_718' title='bbox 2617 4282 2694 4318; x_wconf 80' lang='lat' dir='ltr'><strong>me</strong></span> <span class='ocrx_word' id='word_1_719' title='bbox 2743 4281 2844 4318; x_wconf 86' lang='lat' dir='ltr'><strong>non</strong></span> <span class='ocrx_word' id='word_1_720' title='bbox 2867 4265 2988 4318; x_wconf 81' lang='lat' dir='ltr'><strong>sinit</strong></span> <span class='ocrx_word' id='word_1_721' title='bbox 3015 4307 3032 4330; x_wconf 90' lang='lat'><strong>,</strong></span> <span class='ocrx_word' id='word_1_722' title='bbox 3079 4265 3288 4336; x_wconf 76' lang='lat' dir='ltr'><strong>replevit</strong></span> <span class='ocrx_word' id='word_1_723' title='bbox 3341 4280 3419 4316; x_wconf 86' lang='lat' dir='ltr'><strong>me</strong></span> <span class='ocrx_word' id='word_1_724' title='bbox 3459 4261 3886 4322; x_wconf 72' lang='lat' dir='ltr'><strong>amaritudinth</strong></span> 
     </span>
    </p>
   </div>
   <div class='ocr_carea' id='block_1_89' title="bbox 2306 4353 3886 4430">
    <p class='ocr_par' dir='ltr' id='par_1_89' title="bbox 2306 4353 3886 4430">
     <span class='ocr_line' id='line_1_89' title="bbox 2306 4353 3886 4430; baseline -0.003 -20"><span class='ocrx_word' id='word_1_725' title='bbox 2306 4359 2426 4428; x_wconf 80' lang='lat' dir='ltr'><strong>quin</strong></span> <span class='ocrx_word' id='word_1_726' title='bbox 2471 4357 2658 4410; x_wconf 82' lang='lat' dir='ltr'><strong>virtute</strong></span> <span class='ocrx_word' id='word_1_727' title='bbox 2685 4365 2758 4410; x_wconf 87' lang='lat' dir='ltr'><strong>est</strong></span> <span class='ocrx_word' id='word_1_728' title='bbox 2785 4367 2989 4430; x_wconf 84' lang='lat' dir='ltr'><strong>potens,</strong></span> <span class='ocrx_word' id='word_1_729' title='bbox 3018 4372 3166 4410; x_wconf 87' lang='lat' dir='ltr'><strong>nemo</strong></span> <span class='ocrx_word' id='word_1_730' title='bbox 3197 4365 3361 4428; x_wconf 82' lang='lat' dir='ltr'><strong>potest</strong></span> <span class='ocrx_word' id='word_1_731' title='bbox 3399 4355 3606 4428; x_wconf 84' lang='lat' dir='ltr'><strong>judicio</strong></span> <span class='ocrx_word' id='word_1_732' title='bbox 3649 4358 3760 4428; x_wconf 68' lang='lat' dir='ltr'><strong>ejus</strong></span> <span class='ocrx_word' id='word_1_733' title='bbox 3785 4353 3886 4406; x_wconf 75' lang='lat' dir='ltr'><strong>resi-</strong></span> 
     </span>
    </p>
   </div>
   <div class='ocr_carea' id='block_1_90' title="bbox 2303 4445 3886 4520">
    <p class='ocr_par' dir='ltr' id='par_1_90' title="bbox 2303 4445 3886 4520">
     <span class='ocr_line' id='line_1_90' title="bbox 2303 4445 3886 4520; baseline -0.004 -16"><span class='ocrx_word' id='word_1_734' title='bbox 2303 4461 2454 4504; x_wconf 87' lang='lat' dir='ltr'><strong>stere.</strong></span> <span class='ocrx_word' id='word_1_735' title='bbox 2490 4447 2550 4504; x_wconf 88' lang='lat' dir='ltr'><strong>Si</strong></span> <span class='ocrx_word' id='word_1_736' title='bbox 2572 4449 2746 4520; x_wconf 86' lang='lat' dir='ltr'><strong>justus</strong></span> <span class='ocrx_word' id='word_1_737' title='bbox 2771 4459 2885 4502; x_wconf 81' lang='lat' dir='ltr'><strong>sum</strong></span> <span class='ocrx_word' id='word_1_738' title='bbox 2913 4449 3096 4516; x_wconf 86' lang='lat' dir='ltr'><strong>corde,</strong></span> <span class='ocrx_word' id='word_1_739' title='bbox 3122 4447 3300 4520; x_wconf 85' lang='lat' dir='ltr'><strong>lingua</strong></span> <span class='ocrx_word' id='word_1_740' title='bbox 3325 4465 3438 4502; x_wconf 78' lang='lat' dir='ltr'><strong>utea</strong></span> <span class='ocrx_word' id='word_1_741' title='bbox 3467 4459 3630 4501; x_wconf 85' lang='lat' dir='ltr'><strong>errat.</strong></span> <span class='ocrx_word' id='word_1_742' title='bbox 3667 4487 3682 4501; x_wconf 91' lang='lat'><strong>.</strong></span> <span class='ocrx_word' id='word_1_743' title='bbox 3719 4487 3732 4499; x_wconf 92' lang='lat'><strong>.</strong></span> <span class='ocrx_word' id='word_1_744' title='bbox 3759 4445 3886 4515; x_wconf 70' lang='lat' dir='ltr'><strong>Mag-</strong></span> 
     </span>
    </p>
   </div>
   <div class='ocr_carea' id='block_1_91' title="bbox 2305 4537 3886 4612">
    <p class='ocr_par' dir='ltr' id='par_1_91' title="bbox 2305 4537 3886 4612">
     <span class='ocr_line' id='line_1_91' title="bbox 2305 4537 3886 4612; baseline -0.006 -15"><span class='ocrx_word' id='word_1_745' title='bbox 2305 4551 2487 4598; x_wconf 86' lang='lat' dir='ltr'><strong>numet</strong></span> <span class='ocrx_word' id='word_1_746' title='bbox 2509 4551 2762 4612; x_wconf 87' lang='lat' dir='ltr'><strong>potentem</strong></span> <span class='ocrx_word' id='word_1_747' title='bbox 2791 4539 3041 4610; x_wconf 84' lang='lat' dir='ltr'><strong>disperdit</strong></span> <span class='ocrx_word' id='word_1_748' title='bbox 3069 4541 3166 4594; x_wconf 87' lang='lat' dir='ltr'><strong>ira.</strong></span> <span class='ocrx_word' id='word_1_749' title='bbox 3205 4539 3230 4594; x_wconf 94' lang='lat' dir='ltr'><strong>l</strong></span> <span class='ocrx_word' id='word_1_750' title='bbox 3237 4541 3434 4612; x_wconf 87' lang='lat' dir='ltr'><strong>mprobi</strong></span> <span class='ocrx_word' id='word_1_751' title='bbox 3457 4543 3512 4593; x_wconf 83' lang='lat' dir='ltr'><strong>in</strong></span> <span class='ocrx_word' id='word_1_752' title='bbox 3541 4549 3702 4594; x_wconf 86' lang='lat' dir='ltr'><strong>morte</strong></span> <span class='ocrx_word' id='word_1_753' title='bbox 3728 4537 3886 4610; x_wconf 67' lang='lat' dir='ltr'><strong>grati:</strong></span> 
     </span>
    </p>
   </div>
   <div class='ocr_carea' id='block_1_92' title="bbox 602 4627 3884 4706">
    <p class='ocr_par' dir='ltr' id='par_1_92' title="bbox 602 4627 3884 4706">
     <span class='ocr_line' id='line_1_92' title="bbox 602 4627 3884 4706; baseline -0.006 -3"><span class='ocrx_word' id='word_1_754' title='bbox 602 4663 697 4704; x_wconf 88' lang='lat' dir='ltr'><strong>sus</strong></span> <span class='ocrx_word' id='word_1_755' title='bbox 721 4643 970 4702; x_wconf 83' lang='lat' dir='ltr'><strong>lltlctlbus</strong></span> <span class='ocrx_word' id='word_1_756' title='bbox 1001 4641 1305 4700; x_wconf 79' lang='lat' dir='ltr'><strong>occidisset.</strong></span> <span class='ocrx_word' id='word_1_757' title='bbox 1337 4640 1610 4696; x_wconf 81' lang='lat' dir='ltr'><strong>Titubavit</strong></span> <span class='ocrx_word' id='word_1_758' title='bbox 1631 4645 1789 4706; x_wconf 78' lang='lat' dir='ltr'><strong>caro,</strong></span> <span class='ocrx_word' id='word_1_759' title='bbox 1819 4639 2048 4694; x_wconf 82' lang='lat' dir='ltr'><strong>salvavit</strong></span> <span class='ocrx_word' id='word_1_760' title='bbox 2073 4637 2202 4694; x_wconf 81' lang='lat' dir='ltr'><strong>dex-</strong></span> <span class='ocrx_word' id='word_1_761' title='bbox 2227 4630 2282 4694; x_wconf 85' lang='lat' dir='ltr'><strong>D</strong></span> <span class='ocrx_word' id='word_1_762' title='bbox 2300 4629 2434 4698; x_wconf 74' lang='lat' dir='ltr'><strong>justi</strong></span> <span class='ocrx_word' id='word_1_763' title='bbox 2462 4645 2632 4689; x_wconf 85' lang='lat' dir='ltr'><strong>autem</strong></span> <span class='ocrx_word' id='word_1_764' title='bbox 2657 4633 2960 4690; x_wconf 80' lang='lat' dir='ltr'><strong>irridentur.</strong></span> <span class='ocrx_word' id='word_1_765' title='bbox 2995 4629 3122 4687; x_wconf 84' lang='lat' dir='ltr'><strong>Doti</strong></span> <span class='ocrx_word' id='word_1_766' title='bbox 3162 4643 3284 4688; x_wconf 87' lang='lat' dir='ltr'><strong>sunt</strong></span> <span class='ocrx_word' id='word_1_767' title='bbox 3321 4635 3457 4689; x_wconf 86' lang='lat' dir='ltr'><strong>enim</strong></span> <span class='ocrx_word' id='word_1_768' title='bbox 3485 4633 3538 4688; x_wconf 84' lang='lat' dir='ltr'><strong>in</strong></span> <span class='ocrx_word' id='word_1_769' title='bbox 3561 4649 3744 4687; x_wconf 85' lang='lat' dir='ltr'><strong>manus</strong></span> <span class='ocrx_word' id='word_1_770' title='bbox 3764 4627 3884 4703; x_wconf 68' lang='grc' dir='ltr'><strong>ἰηιρᾶ</strong></span> 
     </span>
    </p>
   </div>
   <div class='ocr_carea' id='block_1_93' title="bbox 603 4731 2198 4806">
    <p class='ocr_par' dir='ltr' id='par_1_93' title="bbox 603 4731 2198 4806">
     <span class='ocr_line' id='line_1_93' title="bbox 603 4731 2198 4806; baseline -0.009 -8"><span class='ocrx_word' id='word_1_771' title='bbox 603 4749 739 4798; x_wconf 81' lang='lat' dir='ltr'><strong>tera.</strong></span> <span class='ocrx_word' id='word_1_772' title='bbox 770 4739 837 4796; x_wconf 86' lang='lat' dir='ltr'><strong>Et</strong></span> <span class='ocrx_word' id='word_1_773' title='bbox 867 4739 941 4793; x_wconf 87' lang='lat' dir='ltr'><strong>ait</strong></span> <span class='ocrx_word' id='word_1_774' title='bbox 970 4739 1044 4792; x_wconf 89' lang='lat' dir='ltr'><strong>illi</strong></span> <span class='ocrx_word' id='word_1_775' title='bbox 1063 4755 1076 4789; x_wconf 94' lang='lat'><strong>:</strong></span> <span class='ocrx_word' id='word_1_776' title='bbox 1097 4735 1148 4790; x_wconf 83' lang='grc' dir='ltr'><em>Μ</em></span> <span class='ocrx_word' id='word_1_777' title='bbox 1156 4735 1320 4790; x_wconf 65' lang='lat' dir='ltr'><strong>adicit</strong></span> <span class='ocrx_word' id='word_1_778' title='bbox 1336 4735 1477 4804; x_wconf 81' lang='lat' dir='ltr'><strong>fidei,</strong></span> <span class='ocrx_word' id='word_1_779' title='bbox 1506 4741 1532 4770; x_wconf 75' lang='grc' dir='ltr'>ιι</span> <span class='ocrx_word' id='word_1_780' title='bbox 1555 4743 1716 4805; x_wconf 79' lang='lat' dir='ltr'><strong>quare</strong></span> <span class='ocrx_word' id='word_1_781' title='bbox 1737 4733 1981 4787; x_wconf 77' lang='lat' dir='ltr'><strong>dubitasti</strong></span> <span class='ocrx_word' id='word_1_782' title='bbox 2007 4731 2198 4806; x_wconf 81' lang='lat' dir='ltr'><strong>(lbid.,</strong></span> 
     </span>
    </p>
   </div>
   <div class='ocr_carea' id='block_1_94' title="bbox 603 4825 2204 4906">
    <p class='ocr_par' dir='ltr' id='par_1_94' title="bbox 603 4825 2204 4906">
     <span class='ocr_line' id='line_1_94' title="bbox 603 4825 2204 4906; baseline -0.009 -15"><span class='ocrx_word' id='word_1_783' title='bbox 603 4833 760 4906; x_wconf 73' lang='lat'><strong>31)?</strong></span> <span class='ocrx_word' id='word_1_784' title='bbox 790 4827 952 4888; x_wconf 78' lang='lat' dir='ltr'><strong>Fides</strong></span> <span class='ocrx_word' id='word_1_785' title='bbox 979 4843 1108 4900; x_wconf 77' lang='lat' dir='ltr'><strong>ergo</strong></span> <span class='ocrx_word' id='word_1_786' title='bbox 1153 4827 1445 4883; x_wconf 77' lang='lat' dir='ltr'><strong>ambulavit</strong></span> <span class='ocrx_word' id='word_1_787' title='bbox 1479 4826 1532 4880; x_wconf 90' lang='lat' dir='ltr'><strong>in</strong></span> <span class='ocrx_word' id='word_1_788' title='bbox 1579 4825 1872 4896; x_wconf 80' lang='lat' dir='ltr'><strong>Apostoio,</strong></span> <span class='ocrx_word' id='word_1_789' title='bbox 1905 4839 2010 4878; x_wconf 92' lang='lat' dir='ltr'><strong>non</strong></span> <span class='ocrx_word' id='word_1_790' title='bbox 2055 4835 2204 4878; x_wconf 89' lang='lat' dir='ltr'><strong>caro.</strong></span> 
     </span>
    </p>
   </div>
   <div class='ocr_carea' id='block_1_95' title="bbox 583 4919 2210 4999">
    <p class='ocr_par' dir='ltr' id='par_1_95' title="bbox 583 4919 2210 4999">
     <span class='ocr_line' id='line_1_95' title="bbox 583 4919 2210 4999; baseline -0.008 -13"><span class='ocrx_word' id='word_1_791' title='bbox 583 4929 850 4999; x_wconf 82' lang='lat' dir='ltr'><strong>Denique</strong></span> <span class='ocrx_word' id='word_1_792' title='bbox 876 4925 1009 4982; x_wconf 70' lang='lat' dir='ltr'><strong>ildt-s</strong></span> <span class='ocrx_word' id='word_1_793' title='bbox 1039 4923 1309 4990; x_wconf 76' lang='lat' dir='ltr'><strong>titubavit,</strong></span> <span class='ocrx_word' id='word_1_794' title='bbox 1339 4929 1395 4978; x_wconf 88' lang='lat' dir='ltr'><strong>et</strong></span> <span class='ocrx_word' id='word_1_795' title='bbox 1421 4935 1552 4978; x_wconf 79' lang='lat' dir='ltr'><strong>caro</strong></span> <span class='ocrx_word' id='word_1_796' title='bbox 1577 4919 1780 4977; x_wconf 86' lang='lat' dir='ltr'><strong>sentire</strong></span> <span class='ocrx_word' id='word_1_797' title='bbox 1809 4927 2052 4991; x_wconf 74' lang='lat' dir='ltr'><strong>cmperat</strong></span> <span class='ocrx_word' id='word_1_798' title='bbox 2083 4935 2210 4974; x_wconf 86' lang='lat' dir='ltr'><strong>nau-</strong></span> 
     </span>
    </p>
   </div>
   <div class='ocr_carea' id='block_1_96' title="bbox 605 5014 2207 5094">
    <p class='ocr_par' dir='ltr' id='par_1_96' title="bbox 605 5014 2207 5094">
     <span class='ocr_line' id='line_1_96' title="bbox 605 5014 2207 5094; baseline -0.006 -16"><span class='ocrx_word' id='word_1_799' title='bbox 605 5021 852 5094; x_wconf 75' lang='lat' dir='ltr'><strong>fragium.</strong></span> <span class='ocrx_word' id='word_1_800' title='bbox 887 5021 1042 5089; x_wconf 82' lang='lat' dir='ltr'><strong>Quod</strong></span> <span class='ocrx_word' id='word_1_801' title='bbox 1074 5027 1180 5073; x_wconf 84' lang='lat' dir='ltr'><strong>non</strong></span> <span class='ocrx_word' id='word_1_802' title='bbox 1224 5015 1521 5086; x_wconf 85' lang='lat' dir='ltr'><strong>improprie</strong></span> <span class='ocrx_word' id='word_1_803' title='bbox 1547 5014 1754 5070; x_wconf 87' lang='lat' dir='ltr'><strong>dictum</strong></span> <span class='ocrx_word' id='word_1_804' title='bbox 1777 5019 1898 5081; x_wconf 78' lang='lat' dir='ltr'><strong>est;</strong></span> <span class='ocrx_word' id='word_1_805' title='bbox 1929 5014 2050 5084; x_wconf 85' lang='lat' dir='ltr'><strong>quia</strong></span> <span class='ocrx_word' id='word_1_806' title='bbox 2079 5027 2207 5068; x_wconf 86' lang='lat' dir='ltr'><strong>caro</strong></span> 
     </span>
    </p>
   </div>
   <div class='ocr_carea' id='block_1_97' title="bbox 605 5105 2205 5178">
    <p class='ocr_par' dir='ltr' id='par_1_97' title="bbox 605 5105 2205 5178">
     <span class='ocr_line' id='line_1_97' title="bbox 605 5105 2205 5178; baseline -0.009 -6"><span class='ocrx_word' id='word_1_807' title='bbox 605 5115 760 5172; x_wconf 72' lang='lat' dir='ltr'><strong>bovis</strong></span> <span class='ocrx_word' id='word_1_808' title='bbox 787 5121 870 5170; x_wconf 68' lang='grc' dir='ltr'><strong>εει</strong></span> <span class='ocrx_word' id='word_1_809' title='bbox 899 5112 1116 5175; x_wconf 73' lang='lat' dir='ltr'><strong>animm,</strong></span> <span class='ocrx_word' id='word_1_810' title='bbox 1147 5105 1288 5165; x_wconf 68' lang='lat' dir='ltr'><strong>sicut</strong></span> <span class='ocrx_word' id='word_1_811' title='bbox 1315 5108 1576 5178; x_wconf 83' lang='lat' dir='ltr'><strong>scriptum</strong></span> <span class='ocrx_word' id='word_1_812' title='bbox 1603 5115 1724 5163; x_wconf 79' lang='lat' dir='ltr'><strong>est:</strong></span> <span class='ocrx_word' id='word_1_813' title='bbox 1759 5107 1860 5172; x_wconf 88' lang='lat' dir='ltr'><strong>Qui</strong></span> <span class='ocrx_word' id='word_1_814' title='bbox 1891 5105 2205 5160; x_wconf 80' lang='lat' dir='ltr'><strong>descendunt</strong></span> 
     </span>
    </p>
   </div>
   <div class='ocr_carea' id='block_1_98' title="bbox 605 5197 2210 5275">
    <p class='ocr_par' dir='ltr' id='par_1_98' title="bbox 605 5197 2210 5275">
     <span class='ocr_line' id='line_1_98' title="bbox 605 5197 2210 5275; baseline -0.006 -13"><span class='ocrx_word' id='word_1_815' title='bbox 605 5213 748 5262; x_wconf 79' lang='lat' dir='ltr'><strong>inure</strong></span> <span class='ocrx_word' id='word_1_816' title='bbox 773 5207 830 5260; x_wconf 71' lang='lat' dir='ltr'><strong>in</strong></span> <span class='ocrx_word' id='word_1_817' title='bbox 855 5203 1068 5260; x_wconf 67' lang='lat' dir='ltr'><strong>naribus</strong></span> <span class='ocrx_word' id='word_1_818' title='bbox 1093 5202 1112 5275; x_wconf 86' lang='lat'><strong>(</strong></span> <span class='ocrx_word' id='word_1_819' title='bbox 1137 5201 1283 5256; x_wconf 70' lang='lat' dir='ltr'><strong>Prol.</strong></span> <span class='ocrx_word' id='word_1_820' title='bbox 1311 5209 1420 5268; x_wconf 78' lang='lat' dir='ltr'><strong>tm,</strong></span> <span class='ocrx_word' id='word_1_821' title='bbox 1445 5199 1518 5256; x_wconf 64' lang='lat'><strong>25</strong></span> <span class='ocrx_word' id='word_1_822' title='bbox 1541 5201 1582 5271; x_wconf 85' lang='lat'><strong>).</strong></span> <span class='ocrx_word' id='word_1_823' title='bbox 1622 5201 1690 5255; x_wconf 85' lang='lat' dir='ltr'><strong>Et</strong></span> <span class='ocrx_word' id='word_1_824' title='bbox 1713 5197 1846 5255; x_wconf 87' lang='lat' dir='ltr'><strong>alibi</strong></span> <span class='ocrx_word' id='word_1_825' title='bbox 1875 5219 1888 5254; x_wconf 90' lang='lat'>:</span> <span class='ocrx_word' id='word_1_826' title='bbox 1923 5197 2008 5252; x_wconf 81' lang='lat' dir='ltr'><strong>lbi</strong></span> <span class='ocrx_word' id='word_1_827' title='bbox 2061 5197 2210 5252; x_wconf 83' lang='lat' dir='ltr'><strong>dolo-</strong></span> 
     </span>
    </p>
   </div>
   <div class='ocr_carea' id='block_1_99' title="bbox 605 5291 2207 5370">
    <p class='ocr_par' dir='ltr' id='par_1_99' title="bbox 605 5291 2207 5370">
     <span class='ocr_line' id='line_1_99' title="bbox 605 5291 2207 5370; baseline -0.005 -16"><span class='ocrx_word' id='word_1_828' title='bbox 605 5317 687 5356; x_wconf 82' lang='lat' dir='ltr'><strong>res</strong></span> <span class='ocrx_word' id='word_1_829' title='bbox 715 5311 769 5355; x_wconf 88' lang='lat' dir='ltr'><strong>ut</strong></span> <span class='ocrx_word' id='word_1_830' title='bbox 797 5298 1162 5370; x_wconf 84' lang='lat' dir='ltr'><strong>parturientis,</strong></span> <span class='ocrx_word' id='word_1_831' title='bbox 1193 5297 1248 5350; x_wconf 85' lang='lat' dir='ltr'><strong>in</strong></span> <span class='ocrx_word' id='word_1_832' title='bbox 1275 5295 1460 5368; x_wconf 86' lang='lat' dir='ltr'><strong>spiritu</strong></span> <span class='ocrx_word' id='word_1_833' title='bbox 1489 5291 1770 5348; x_wconf 82' lang='lat' dir='ltr'><strong>vehementi</strong></span> <span class='ocrx_word' id='word_1_834' title='bbox 1799 5301 2030 5346; x_wconf 68' lang='lat' dir='ltr'><strong>conteras</strong></span> <span class='ocrx_word' id='word_1_835' title='bbox 2055 5307 2207 5346; x_wconf 70' lang='lat' dir='ltr'><strong>naves</strong></span> 
     </span>
    </p>
   </div>
   <div class='ocr_carea' id='block_1_100' title="bbox 585 5387 2204 5464">
    <p class='ocr_par' dir='ltr' id='par_1_100' title="bbox 585 5387 2204 5464">
     <span class='ocr_line' id='line_1_100' title="bbox 585 5387 2204 5464; baseline -0.006 -16"><span class='ocrx_word' id='word_1_836' title='bbox 585 5391 822 5448; x_wconf 78' lang='lat' dir='ltr'><strong>&#39;Tharsis</strong></span> <span class='ocrx_word' id='word_1_837' title='bbox 855 5391 1028 5464; x_wconf 83' lang='lat' dir='ltr'><strong>(Psal.</strong></span> <span class='ocrx_word' id='word_1_838' title='bbox 1069 5401 1246 5452; x_wconf 71' lang='lat' dir='ltr'><strong>sun,</strong></span> <span class='ocrx_word' id='word_1_839' title='bbox 1273 5387 1354 5454; x_wconf 80' lang='lat'><strong>8).</strong></span> <span class='ocrx_word' id='word_1_840' title='bbox 1403 5387 1612 5442; x_wconf 74' lang='lat' dir='ltr'><strong>Anium</strong></span> <span class='ocrx_word' id='word_1_841' title='bbox 1641 5387 1784 5440; x_wconf 88' lang='lat' dir='ltr'><strong>enim</strong></span> <span class='ocrx_word' id='word_1_842' title='bbox 1833 5387 2032 5440; x_wconf 79' lang='lat' dir='ltr'><strong>nostrae</strong></span> <span class='ocrx_word' id='word_1_843' title='bbox 2081 5397 2204 5438; x_wconf 86' lang='lat' dir='ltr'><strong>cum</strong></span> 
     </span>
    </p>
   </div>
   <div class='ocr_carea' id='block_1_101' title="bbox 609 5481 2204 5558">
    <p class='ocr_par' dir='ltr' id='par_1_101' title="bbox 609 5481 2204 5558">
     <span class='ocr_line' id='line_1_101' title="bbox 609 5481 2204 5558; baseline -0.008 -15"><span class='ocrx_word' id='word_1_844' title='bbox 609 5487 850 5546; x_wconf 77' lang='lat' dir='ltr'><strong>Verbum</strong></span> <span class='ocrx_word' id='word_1_845' title='bbox 901 5483 1248 5558; x_wconf 82' lang='lat' dir='ltr'><strong>parturiunt,</strong></span> <span class='ocrx_word' id='word_1_846' title='bbox 1299 5482 1470 5537; x_wconf 80' lang='lat' dir='ltr'><strong>edunt</strong></span> <span class='ocrx_word' id='word_1_847' title='bbox 1517 5481 1734 5536; x_wconf 87' lang='lat' dir='ltr'><strong>dolores</strong></span> <span class='ocrx_word' id='word_1_848' title='bbox 1781 5495 1794 5532; x_wconf 90' lang='lat'><strong>:</strong></span> <span class='ocrx_word' id='word_1_849' title='bbox 1853 5487 1974 5546; x_wconf 69' lang='lat' dir='ltr'><strong>quae</strong></span> <span class='ocrx_word' id='word_1_850' title='bbox 2024 5487 2204 5532; x_wconf 81' lang='lat' dir='ltr'><strong>autem</strong></span> 
     </span>
    </p>
   </div>
   <div class='ocr_carea' id='block_1_102' title="bbox 610 5572 2208 5654">
    <p class='ocr_par' dir='ltr' id='par_1_102' title="bbox 610 5572 2208 5654">
     <span class='ocr_line' id='line_1_102' title="bbox 610 5572 2208 5654; baseline -0.009 -15"><span class='ocrx_word' id='word_1_851' title='bbox 610 5583 861 5654; x_wconf 86' lang='lat' dir='ltr'><strong>peperit,</strong></span> <span class='ocrx_word' id='word_1_852' title='bbox 905 5581 1014 5650; x_wconf 87' lang='lat' dir='ltr'><strong>jam</strong></span> <span class='ocrx_word' id='word_1_853' title='bbox 1065 5593 1171 5631; x_wconf 81' lang='lat' dir='ltr'><strong>non</strong></span> <span class='ocrx_word' id='word_1_854' title='bbox 1219 5575 1467 5630; x_wconf 88' lang='lat' dir='ltr'><strong>meminit</strong></span> <span class='ocrx_word' id='word_1_855' title='bbox 1517 5572 1750 5628; x_wconf 63' lang='lat' dir='ltr'><strong>tristitia:</strong></span> <span class='ocrx_word' id='word_1_856' title='bbox 1803 5579 2023 5640; x_wconf 86' lang='lat' dir='ltr'><strong>propter</strong></span> <span class='ocrx_word' id='word_1_857' title='bbox 2074 5587 2208 5638; x_wconf 86' lang='lat' dir='ltr'><strong>gau-</strong></span> 
     </span>
    </p>
   </div>
   <div class='ocr_carea' id='block_1_103' title="bbox 610 5661 2202 5744">
    <p class='ocr_par' dir='ltr' id='par_1_103' title="bbox 610 5661 2202 5744">
     <span class='ocr_line' id='line_1_103' title="bbox 610 5661 2202 5744; baseline -0.008 -14"><span class='ocrx_word' id='word_1_858' title='bbox 610 5671 778 5738; x_wconf 88' lang='lat' dir='ltr'><strong>dium;</strong></span> <span class='ocrx_word' id='word_1_859' title='bbox 807 5673 932 5744; x_wconf 87' lang='lat' dir='ltr'><strong>quia</strong></span> <span class='ocrx_word' id='word_1_860' title='bbox 961 5679 1116 5725; x_wconf 90' lang='lat' dir='ltr'><strong>uatus</strong></span> <span class='ocrx_word' id='word_1_861' title='bbox 1143 5673 1226 5724; x_wconf 86' lang='lat' dir='ltr'><strong>est</strong></span> <span class='ocrx_word' id='word_1_862' title='bbox 1255 5665 1332 5722; x_wconf 90' lang='lat' dir='ltr'><strong>illi</strong></span> <span class='ocrx_word' id='word_1_863' title='bbox 1364 5667 1526 5722; x_wconf 87' lang='lat' dir='ltr'><strong>homo</strong></span> <span class='ocrx_word' id='word_1_864' title='bbox 1551 5663 1640 5738; x_wconf 90' lang='lat' dir='ltr'><strong>qui</strong></span> <span class='ocrx_word' id='word_1_865' title='bbox 1667 5661 1924 5718; x_wconf 81' lang='lat' dir='ltr'><strong>mundum</strong></span> <span class='ocrx_word' id='word_1_866' title='bbox 1955 5661 2202 5718; x_wconf 83' lang='lat' dir='ltr'><strong>redemit.</strong></span> 
     </span>
    </p>
   </div>
   <div class='ocr_carea' id='block_1_104' title="bbox 685 5775 2058 5855">
    <p class='ocr_par' dir='ltr' id='par_1_104' title="bbox 685 5775 2058 5855">
     <span class='ocr_line' id='line_1_104' title="bbox 685 5775 2058 5855; baseline -0.01 -12"><span class='ocrx_word' id='word_1_867' title='bbox 685 5797 710 5826; x_wconf 71' lang='grc' dir='ltr'><strong>ει</strong></span> <span class='ocrx_word' id='word_1_868' title='bbox 739 5785 864 5842; x_wconf 74' lang='lat' dir='ltr'><strong>Mss.</strong></span> <span class='ocrx_word' id='word_1_869' title='bbox 896 5791 1128 5855; x_wconf 81' lang='lat' dir='ltr'><strong>quatuor</strong></span> <span class='ocrx_word' id='word_1_870' title='bbox 1155 5778 1398 5836; x_wconf 87' lang='lat' dir='ltr'><strong>melioris</strong></span> <span class='ocrx_word' id='word_1_871' title='bbox 1425 5787 1590 5855; x_wconf 63' lang='lat' dir='ltr'><strong>apta,</strong></span> <span class='ocrx_word' id='word_1_872' title='bbox 1617 5791 1776 5847; x_wconf 81' lang='lat' dir='ltr'><strong>quare</strong></span> <span class='ocrx_word' id='word_1_873' title='bbox 1796 5775 2058 5855; x_wconf 69' lang='lat' dir='ltr'><strong>titubant?</strong></span> 
     </span>
    </p>
   </div>
   <div class='ocr_carea' id='block_1_105' title="bbox 685 5847 2212 5920">
    <p class='ocr_par' dir='ltr' id='par_1_105' title="bbox 685 5847 2212 5920">
     <span class='ocr_line' id='line_1_105' title="bbox 685 5847 2212 5920; baseline 0.006 -23"><span class='ocrx_word' id='word_1_874' title='bbox 685 5859 714 5897; x_wconf 75' lang='grc' dir='ltr'><strong>ι,</strong></span> <span class='ocrx_word' id='word_1_875' title='bbox 743 5857 886 5916; x_wconf 62' lang='lat' dir='ltr'><strong>ﬁdit.</strong></span> <span class='ocrx_word' id='word_1_876' title='bbox 917 5847 1154 5919; x_wconf 64' lang='lat' dir='ltr'><strong>omnes,</strong></span> <span class='ocrx_word' id='word_1_877' title='bbox 1179 5861 1235 5906; x_wconf 90' lang='lat' dir='ltr'><strong>et</strong></span> <span class='ocrx_word' id='word_1_878' title='bbox 1281 5863 1414 5906; x_wconf 85' lang='lat' dir='ltr'><strong>mss.</strong></span> <span class='ocrx_word' id='word_1_879' title='bbox 1457 5849 1626 5916; x_wconf 57' lang='lat' dir='ltr'><strong>Vict,</strong></span> <span class='ocrx_word' id='word_1_880' title='bbox 1672 5847 1982 5920; x_wconf 72' lang='lat' dir='ltr'><strong>sacrilegio;</strong></span> <span class='ocrx_word' id='word_1_881' title='bbox 2022 5849 2212 5906; x_wconf 80' lang='lat' dir='ltr'><strong>ntelius</strong></span> 
     </span>
    </p>
   </div>
   <div class='ocr_carea' id='block_1_106' title="bbox 2309 4723 3882 4804">
    <p class='ocr_par' dir='ltr' id='par_1_106' title="bbox 2309 4723 3882 4804">
     <span class='ocr_line' id='line_1_106' title="bbox 2309 4723 3882 4804; baseline -0.004 -18"><span class='ocrx_word' id='word_1_882' title='bbox 2309 4729 2450 4802; x_wconf 80' lang='lat' dir='ltr'><strong>(Job.</strong></span> <span class='ocrx_word' id='word_1_883' title='bbox 2481 4747 2553 4796; x_wconf 76' lang='lat' dir='ltr'><strong>Ix,</strong></span> <span class='ocrx_word' id='word_1_884' title='bbox 2591 4727 2652 4787; x_wconf 82' lang='grc'><strong>17</strong></span> <span class='ocrx_word' id='word_1_885' title='bbox 2685 4743 2730 4786; x_wconf 86' lang='lat' dir='ltr'><strong>et</strong></span> <span class='ocrx_word' id='word_1_886' title='bbox 2761 4723 3068 4804; x_wconf 72' lang='lat' dir='ltr'><strong>seq.).Vide</strong></span> <span class='ocrx_word' id='word_1_887' title='bbox 3098 4732 3326 4803; x_wconf 79' lang='lat' dir='ltr'><strong>singula.</strong></span> <span class='ocrx_word' id='word_1_888' title='bbox 3359 4725 3681 4786; x_wconf 84' lang='lat' dir='ltr'><strong>Potentibus</strong></span> <span class='ocrx_word' id='word_1_889' title='bbox 3709 4731 3782 4784; x_wconf 91' lang='lat' dir='ltr'><strong>ira</strong></span> <span class='ocrx_word' id='word_1_890' title='bbox 3810 4743 3882 4783; x_wconf 75' lang='lat' dir='ltr'><strong>sua</strong></span> 
     </span>
    </p>
   </div>
   <div class='ocr_carea' id='block_1_107' title="bbox 2306 4825 3882 4898">
    <p class='ocr_par' dir='ltr' id='par_1_107' title="bbox 2306 4825 3882 4898">
     <span class='ocr_line' id='line_1_107' title="bbox 2306 4825 3882 4898; baseline -0.003 -18"><span class='ocrx_word' id='word_1_891' title='bbox 2306 4827 2484 4898; x_wconf 81' lang='lat' dir='ltr'><strong>gravis</strong></span> <span class='ocrx_word' id='word_1_892' title='bbox 2515 4833 2598 4882; x_wconf 84' lang='lat' dir='ltr'><strong>est</strong></span> <span class='ocrx_word' id='word_1_893' title='bbox 2619 4869 2633 4894; x_wconf 93' lang='lat'><strong>,</strong></span> <span class='ocrx_word' id='word_1_894' title='bbox 2665 4827 2929 4898; x_wconf 89' lang='lat' dir='ltr'><strong>improbis</strong></span> <span class='ocrx_word' id='word_1_895' title='bbox 2956 4825 3192 4898; x_wconf 77' lang='lat' dir='ltr'><strong>nequitia</strong></span> <span class='ocrx_word' id='word_1_896' title='bbox 3217 4869 3230 4890; x_wconf 85' lang='lat'><strong>,</strong></span> <span class='ocrx_word' id='word_1_897' title='bbox 3261 4827 3422 4896; x_wconf 89' lang='lat' dir='ltr'><strong>justis</strong></span> <span class='ocrx_word' id='word_1_898' title='bbox 3464 4825 3787 4881; x_wconf 90' lang='lat' dir='ltr'><strong>conditionis</strong></span> <span class='ocrx_word' id='word_1_899' title='bbox 3821 4825 3882 4876; x_wconf 84' lang='lat' dir='ltr'><strong>in-</strong></span> 
     </span>
    </p>
   </div>
   <div class='ocr_carea' id='block_1_108' title="bbox 2311 4919 3882 4991">
    <p class='ocr_par' dir='ltr' id='par_1_108' title="bbox 2311 4919 3882 4991">
     <span class='ocr_line' id='line_1_108' title="bbox 2311 4919 3882 4991; baseline -0.002 -15"><span class='ocrx_word' id='word_1_900' title='bbox 2311 4921 2558 4977; x_wconf 87' lang='lat' dir='ltr'><strong>iirmilas.</strong></span> <span class='ocrx_word' id='word_1_901' title='bbox 2594 4919 2669 4976; x_wconf 87' lang='lat' dir='ltr'><strong>Ita</strong></span> <span class='ocrx_word' id='word_1_902' title='bbox 2704 4921 2839 4975; x_wconf 91' lang='lat' dir='ltr'><strong>nihil</strong></span> <span class='ocrx_word' id='word_1_903' title='bbox 2863 4923 3106 4991; x_wconf 87' lang='lat' dir='ltr'><strong>periculo</strong></span> <span class='ocrx_word' id='word_1_904' title='bbox 3137 4929 3311 4976; x_wconf 84' lang='lat' dir='ltr'><strong>vacat.</strong></span> <span class='ocrx_word' id='word_1_905' title='bbox 3361 4919 3644 4976; x_wconf 87' lang='lat' dir='ltr'><strong>Fortitudo</strong></span> <span class='ocrx_word' id='word_1_906' title='bbox 3687 4929 3740 4975; x_wconf 90' lang='lat' dir='ltr'><strong>et</strong></span> <span class='ocrx_word' id='word_1_907' title='bbox 3759 4933 3882 4988; x_wconf 73' lang='lat' dir='ltr'><strong>mag-</strong></span> 
     </span>
    </p>
   </div>
   <div class='ocr_carea' id='block_1_109' title="bbox 2311 5012 3882 5088">
    <p class='ocr_par' dir='ltr' id='par_1_109' title="bbox 2311 5012 3882 5088">
     <span class='ocr_line' id='line_1_109' title="bbox 2311 5012 3882 5088; baseline -0.004 -17"><span class='ocrx_word' id='word_1_908' title='bbox 2311 5017 2498 5071; x_wconf 89' lang='lat' dir='ltr'><strong>nitudo</strong></span> <span class='ocrx_word' id='word_1_909' title='bbox 2525 5015 2624 5071; x_wconf 85' lang='lat' dir='ltr'><strong>viri</strong></span> <span class='ocrx_word' id='word_1_910' title='bbox 2654 5031 2748 5072; x_wconf 86' lang='lat' dir='ltr'><strong>Sua</strong></span> <span class='ocrx_word' id='word_1_911' title='bbox 2783 5025 3050 5086; x_wconf 80' lang='lat' dir='ltr'><strong>potestate</strong></span> <span class='ocrx_word' id='word_1_912' title='bbox 3090 5015 3390 5088; x_wconf 86' lang='lat' dir='ltr'><strong>decipitur,</strong></span> <span class='ocrx_word' id='word_1_913' title='bbox 3421 5015 3737 5085; x_wconf 87' lang='lat' dir='ltr'><strong>improbitas</strong></span> <span class='ocrx_word' id='word_1_914' title='bbox 3769 5012 3882 5068; x_wconf 77' lang='lat' dir='ltr'><strong>allii-</strong></span> 
     </span>
    </p>
   </div>
   <div class='ocr_carea' id='block_1_110' title="bbox 2313 5105 3879 5180">
    <p class='ocr_par' dir='ltr' id='par_1_110' title="bbox 2313 5105 3879 5180">
     <span class='ocr_line' id='line_1_110' title="bbox 2313 5105 3879 5180; baseline -0.003 -18"><span class='ocrx_word' id='word_1_915' title='bbox 2313 5111 2487 5180; x_wconf 83' lang='lat' dir='ltr'><strong>gitur,</strong></span> <span class='ocrx_word' id='word_1_916' title='bbox 2517 5109 2688 5164; x_wconf 87' lang='lat' dir='ltr'><strong>virtus</strong></span> <span class='ocrx_word' id='word_1_917' title='bbox 2737 5105 2962 5163; x_wconf 89' lang='lat' dir='ltr'><strong>ridetur.</strong></span> <span class='ocrx_word' id='word_1_918' title='bbox 2995 5105 3092 5164; x_wconf 89' lang='lat' dir='ltr'><strong>Ille</strong></span> <span class='ocrx_word' id='word_1_919' title='bbox 3120 5109 3242 5180; x_wconf 84' lang='lat' dir='ltr'><strong>quia</strong></span> <span class='ocrx_word' id='word_1_920' title='bbox 3273 5110 3394 5180; x_wconf 92' lang='lat' dir='ltr'><strong>plus</strong></span> <span class='ocrx_word' id='word_1_921' title='bbox 3425 5117 3598 5178; x_wconf 82' lang='lat' dir='ltr'><strong>potest</strong></span> <span class='ocrx_word' id='word_1_922' title='bbox 3625 5151 3638 5174; x_wconf 92' lang='lat'><strong>,</strong></span> <span class='ocrx_word' id='word_1_923' title='bbox 3667 5107 3879 5162; x_wconf 89' lang='lat' dir='ltr'><strong>labitur:</strong></span> 
     </span>
    </p>
   </div>
   <div class='ocr_carea' id='block_1_111' title="bbox 2315 5197 3882 5274">
    <p class='ocr_par' dir='ltr' id='par_1_111' title="bbox 2315 5197 3882 5274">
     <span class='ocr_line' id='line_1_111' title="bbox 2315 5197 3882 5274; baseline -0.003 -16"><span class='ocrx_word' id='word_1_924' title='bbox 2315 5207 2418 5258; x_wconf 86' lang='lat' dir='ltr'><strong>iste</strong></span> <span class='ocrx_word' id='word_1_925' title='bbox 2445 5204 2566 5274; x_wconf 90' lang='lat' dir='ltr'><strong>quia</strong></span> <span class='ocrx_word' id='word_1_926' title='bbox 2595 5201 2724 5256; x_wconf 90' lang='lat' dir='ltr'><strong>nihil</strong></span> <span class='ocrx_word' id='word_1_927' title='bbox 2781 5201 2990 5272; x_wconf 86' lang='lat' dir='ltr'><strong>potest,</strong></span> <span class='ocrx_word' id='word_1_928' title='bbox 3023 5197 3300 5274; x_wconf 75' lang='lat' dir='ltr'><strong>afﬂigitur.</strong></span> <span class='ocrx_word' id='word_1_929' title='bbox 3333 5199 3673 5256; x_wconf 86' lang='lat' dir='ltr'><strong>Couditionis</strong></span> <span class='ocrx_word' id='word_1_930' title='bbox 3713 5211 3786 5254; x_wconf 89' lang='lat' dir='ltr'><strong>est</strong></span> <span class='ocrx_word' id='word_1_931' title='bbox 3821 5197 3882 5254; x_wconf 81' lang='lat' dir='ltr'><strong>vi-</strong></span> 
     </span>
    </p>
   </div>
   <div class='ocr_carea' id='block_1_112' title="bbox 2311 5293 3884 5364">
    <p class='ocr_par' dir='ltr' id='par_1_112' title="bbox 2311 5293 3884 5364">
     <span class='ocr_line' id='line_1_112' title="bbox 2311 5293 3884 5364; baseline -0.003 -14"><span class='ocrx_word' id='word_1_932' title='bbox 2311 5297 2476 5364; x_wconf 89' lang='lat' dir='ltr'><strong>tium,</strong></span> <span class='ocrx_word' id='word_1_933' title='bbox 2509 5297 2633 5364; x_wconf 85' lang='lat' dir='ltr'><strong>quia</strong></span> <span class='ocrx_word' id='word_1_934' title='bbox 2665 5295 2766 5348; x_wconf 77' lang='lat' dir='ltr'><strong>vito</strong></span> <span class='ocrx_word' id='word_1_935' title='bbox 2789 5305 2964 5350; x_wconf 87' lang='lat' dir='ltr'><strong>nostra</strong></span> <span class='ocrx_word' id='word_1_936' title='bbox 2998 5295 3156 5350; x_wconf 87' lang='lat' dir='ltr'><strong>levior</strong></span> <span class='ocrx_word' id='word_1_937' title='bbox 3181 5305 3254 5350; x_wconf 83' lang='lat' dir='ltr'><strong>est</strong></span> <span class='ocrx_word' id='word_1_938' title='bbox 3277 5311 3504 5350; x_wconf 86' lang='lat' dir='ltr'><strong>cursore.</strong></span> <span class='ocrx_word' id='word_1_939' title='bbox 3537 5293 3785 5348; x_wconf 80' lang='lat' dir='ltr'><strong>Transicit</strong></span> <span class='ocrx_word' id='word_1_940' title='bbox 3809 5335 3822 5358; x_wconf 92' lang='lat'><strong>,</strong></span> <span class='ocrx_word' id='word_1_941' title='bbox 3845 5301 3884 5346; x_wconf 76' lang='lat' dir='ltr'><strong>et</strong></span> 
     </span>
    </p>
   </div>
   <div class='ocr_carea' id='block_1_113' title="bbox 2313 5387 3880 5462">
    <p class='ocr_par' dir='ltr' id='par_1_113' title="bbox 2313 5387 3880 5462">
     <span class='ocr_line' id='line_1_113' title="bbox 2313 5387 3880 5462; baseline 0 -20"><span class='ocrx_word' id='word_1_942' title='bbox 2313 5389 2446 5442; x_wconf 83' lang='lat' dir='ltr'><strong>nihil</strong></span> <span class='ocrx_word' id='word_1_943' title='bbox 2469 5389 2612 5442; x_wconf 81' lang='lat' dir='ltr'><strong>vidit.</strong></span> <span class='ocrx_word' id='word_1_944' title='bbox 2647 5387 2932 5458; x_wconf 76' lang='lat' dir='ltr'><strong>Tamquam</strong></span> <span class='ocrx_word' id='word_1_945' title='bbox 2971 5391 3115 5444; x_wconf 78' lang='lat' dir='ltr'><strong>navis</strong></span> <span class='ocrx_word' id='word_1_946' title='bbox 3161 5389 3430 5460; x_wconf 82' lang='lat' dir='ltr'><strong>vestigium</strong></span> <span class='ocrx_word' id='word_1_947' title='bbox 3455 5432 3468 5454; x_wconf 92' lang='lat'><strong>,</strong></span> <span class='ocrx_word' id='word_1_948' title='bbox 3495 5401 3582 5444; x_wconf 87' lang='lat' dir='ltr'><strong>aut</strong></span> <span class='ocrx_word' id='word_1_949' title='bbox 3608 5389 3786 5462; x_wconf 68' lang='lat' dir='ltr'><strong>aquilis</strong></span> <span class='ocrx_word' id='word_1_950' title='bbox 3808 5405 3880 5442; x_wconf 68' lang='grc' dir='ltr'><strong>εο-</strong></span> 
     </span>
    </p>
   </div>
   <div class='ocr_carea' id='block_1_114' title="bbox 2315 5481 3880 5554">
    <p class='ocr_par' dir='ltr' id='par_1_114' title="bbox 2315 5481 3880 5554">
     <span class='ocr_line' id='line_1_114' title="bbox 2315 5481 3880 5554; baseline 0.003 -20"><span class='ocrx_word' id='word_1_951' title='bbox 2315 5481 2470 5534; x_wconf 85' lang='lat' dir='ltr'><strong>lanu&#39;s</strong></span> <span class='ocrx_word' id='word_1_952' title='bbox 2487 5491 2530 5534; x_wconf 81' lang='lat' dir='ltr'><strong>et</strong></span> <span class='ocrx_word' id='word_1_953' title='bbox 2557 5482 2836 5552; x_wconf 61' lang='lat' dir='ltr'><strong>querentis</strong></span> <span class='ocrx_word' id='word_1_954' title='bbox 2857 5495 3022 5537; x_wconf 77' lang='lat' dir='ltr'><strong>essent</strong></span> <span class='ocrx_word' id='word_1_955' title='bbox 3047 5481 3238 5554; x_wconf 64' lang='grc' dir='ltr'><strong>αὐδά..</strong></span> <span class='ocrx_word' id='word_1_956' title='bbox 3263 5483 3336 5540; x_wconf 63' lang='grc' dir='ltr'><strong>εδ</strong></span> <span class='ocrx_word' id='word_1_957' title='bbox 3363 5491 3412 5536; x_wconf 83' lang='lat' dir='ltr'><strong>et</strong></span> <span class='ocrx_word' id='word_1_958' title='bbox 3439 5483 3570 5552; x_wconf 65' lang='lat'><strong>20);</strong></span> <span class='ocrx_word' id='word_1_959' title='bbox 3597 5484 3671 5538; x_wconf 80' lang='lat' dir='ltr'><strong>ita</strong></span> <span class='ocrx_word' id='word_1_960' title='bbox 3691 5491 3880 5552; x_wconf 75' lang='lat' dir='ltr'><strong>pra-ter-</strong></span> 
     </span>
    </p>
   </div>
   <div class='ocr_carea' id='block_1_115' title="bbox 2315 5572 3878 5644">
    <p class='ocr_par' dir='ltr' id='par_1_115' title="bbox 2315 5572 3878 5644">
     <span class='ocr_line' id='line_1_115' title="bbox 2315 5572 3878 5644; baseline 0 -17"><span class='ocrx_word' id='word_1_961' title='bbox 2315 5572 2356 5627; x_wconf 87' lang='lat' dir='ltr'><strong>it</strong></span> <span class='ocrx_word' id='word_1_962' title='bbox 2381 5583 2435 5628; x_wconf 89' lang='lat' dir='ltr'><strong>et</strong></span> <span class='ocrx_word' id='word_1_963' title='bbox 2484 5575 2590 5627; x_wconf 85' lang='lat' dir='ltr'><strong>vita</strong></span> <span class='ocrx_word' id='word_1_964' title='bbox 2643 5574 2894 5629; x_wconf 88' lang='lat' dir='ltr'><strong>hominis.</strong></span> <span class='ocrx_word' id='word_1_965' title='bbox 2943 5575 3098 5641; x_wconf 85' lang='lat' dir='ltr'><strong>Quod</strong></span> <span class='ocrx_word' id='word_1_966' title='bbox 3149 5576 3446 5644; x_wconf 78' lang='lat' dir='ltr'><strong>loquimur,</strong></span> <span class='ocrx_word' id='word_1_967' title='bbox 3503 5573 3878 5634; x_wconf 86' lang='lat' dir='ltr'><strong>obliviscimur,</strong></span> 
     </span>
    </p>
   </div>
   <div class='ocr_carea' id='block_1_116' title="bbox 2315 5659 3874 5737">
    <p class='ocr_par' dir='ltr' id='par_1_116' title="bbox 2315 5659 3874 5737">
     <span class='ocr_line' id='line_1_116' title="bbox 2315 5659 3874 5737; baseline -0.004 -15"><span class='ocrx_word' id='word_1_968' title='bbox 2315 5679 2415 5722; x_wconf 85' lang='lat' dir='ltr'><strong>nec</strong></span> <span class='ocrx_word' id='word_1_969' title='bbox 2475 5665 2644 5720; x_wconf 88' lang='lat' dir='ltr'><strong>ullum</strong></span> <span class='ocrx_word' id='word_1_970' title='bbox 2695 5667 2952 5722; x_wconf 86' lang='lat' dir='ltr'><strong>transitus</strong></span> <span class='ocrx_word' id='word_1_971' title='bbox 2997 5665 3170 5722; x_wconf 87' lang='lat' dir='ltr'><strong>nostri</strong></span> <span class='ocrx_word' id='word_1_972' title='bbox 3219 5665 3428 5737; x_wconf 83' lang='lat' dir='ltr'><strong>insigne</strong></span> <span class='ocrx_word' id='word_1_973' title='bbox 3456 5659 3874 5736; x_wconf 83' lang='lat' dir='ltr'><strong>deprehenditur.</strong></span> 
     </span>
    </p>
   </div>
   <div class='ocr_carea' id='block_1_117' title="bbox 2315 5779 3880 5864">
    <p class='ocr_par' dir='ltr' id='par_1_117' title="bbox 2315 5779 3880 5864">
     <span class='ocr_line' id='line_1_117' title="bbox 2315 5779 3880 5864; baseline 0.001 -30"><span class='ocrx_word' id='word_1_974' title='bbox 2315 5779 2402 5834; x_wconf 77' lang='lat' dir='ltr'><strong>alii</strong></span> <span class='ocrx_word' id='word_1_975' title='bbox 2437 5793 2594 5864; x_wconf 64' lang='lat' dir='ltr'><strong>mss,</strong></span> <span class='ocrx_word' id='word_1_976' title='bbox 2623 5781 2898 5864; x_wconf 10' lang='lat' dir='ltr'><strong>sacrilegia,</strong></span> <span class='ocrx_word' id='word_1_977' title='bbox 2931 5781 2982 5864; x_wconf 79' lang='lat' dir='ltr'><strong>id</strong></span> <span class='ocrx_word' id='word_1_978' title='bbox 3012 5789 3116 5864; x_wconf 54' lang='lat' dir='ltr'><strong>es},</strong></span> <span class='ocrx_word' id='word_1_979' title='bbox 3144 5779 3402 5838; x_wconf 63' lang='lat' dir='ltr'><strong>00min</strong></span> <span class='ocrx_word' id='word_1_980' title='bbox 3433 5781 3550 5854; x_wconf 63' lang='lat' dir='ltr'><strong>regi</strong></span> <span class='ocrx_word' id='word_1_981' title='bbox 3583 5779 3740 5838; x_wconf 69' lang='lat' dir='ltr'><strong>Israel</strong></span> <span class='ocrx_word' id='word_1_982' title='bbox 3775 5797 3880 5838; x_wconf 86' lang='lat' dir='ltr'><strong>cum</strong></span> 
     </span>
    </p>
   </div>
   <div class='ocr_carea' id='block_1_118' title="bbox 2319 5849 3162 5922">
    <p class='ocr_par' dir='ltr' id='par_1_118' title="bbox 2319 5849 3162 5922">
     <span class='ocr_line' id='line_1_118' title="bbox 2319 5849 3162 5922; baseline 0.006 -19"><span class='ocrx_word' id='word_1_983' title='bbox 2319 5867 2428 5920; x_wconf 88' lang='lat' dir='ltr'><strong>quo</strong></span> <span class='ocrx_word' id='word_1_984' title='bbox 2455 5849 2718 5922; x_wconf 74' lang='lat' dir='ltr'><strong>Josaphat</strong></span> <span class='ocrx_word' id='word_1_985' title='bbox 2741 5849 2858 5908; x_wconf 84' lang='lat' dir='ltr'><strong>iniit</strong></span> <span class='ocrx_word' id='word_1_986' title='bbox 2879 5854 3162 5911; x_wconf 73' lang='lat' dir='ltr'><strong>amicitias.</strong></span> 
     </span>
    </p>
   </div>
  </div>
