4066 6360
153 308 262 365 805

970 307 1060 365 DE
1096 300 1750 364 INTERI‘ELLATIONE
1790 303 1912 364 JOB
1949 305 2037 364 ET
2077 305 2308 363 DAV'ID.
2349 304 2554 364 LIBER
2587 307 2630 362 Ι.

3356 309 3460 371 806

152 421 260 476 nisi
294 423 444 495 quod
469 425 539 481 sit
566 426 784 498 plenum
815 426 1064 510 maeroris
1091 433 1148 480 et
1169 425 1422 495 gemitus.
1455 422 1763 492 Concutior,
1796 443 1847 502 Α
1873 428 2097 500 erigere;
2129 428 2309 498 plenus
2331 429 2601 504 enin-num
2623 427 2958 498 confusionis.
2992 425 3177 482 Justus
3203 423 3346 480 enim
3368 424 3459 478 ad-

145 514 353 587 inquit,
384 519 623 574 omnibus
668 518 923 574 membris.
962 511 1170 573 Utinam
1214 519 1279 572 sit
1319 517 1566 571 mediator
1596 527 1766 570 noster

143 625 379 683 arguens
405 625 456 668 et
484 613 780 688 dijudicans
801 614 933 668 inter
954 622 1228 682 utrumque
1268 620 1497 666 nostrum
1532 607 1653 682 (Job
1682 621 1761 676 ιι,

146 701 244 770 es,
278 703 401 777 55).

234 799 319 854 l7.
365 797 558 856 Dicam
589 802 810 858 Domino
839 817 858 857 :
892 795 1066 868 Quare
1091 805 1164 856 sic
1201 817 1279 856 me
1305 799 1553 875 judicas?
1575 800 1652 854 An
1680 795 1769 855 bo-

155 911 280 947 nuut
313 896 406 950 tibi
431 905 513 952 est
557 907 612 950 ut
637 898 858 971 injustas
887 916 976 969 ego
996 899 1129 964 sim;
1172 898 1294 967 quia
1344 895 1576 966 repulisti
1617 911 1772 965 opera

155 1003 411 1042 manuum
470 1001 714 1056 tuarum,
757 1001 806 1044 et
863 991 1078 1045 consilio
1133 991 1411 1059 impiorum
1468 986 1772 1041 intendisti?

159 1081 439 1153 Numquid
465 1085 600 1136 sicut
626 1083 859 1138 mortalis
896 1084 1032 1138 videt
1058 1125 1072 1149 ,
1101 1084 1176 1137 sic
1212 1083 1500 1148 vides-,aut
1543 1083 1644 1135 cita
1685 1089 1772 1134 tua

157 1173 290 1228 sicut
322 1174 547 1226 hominis
567 1213 582 1238 ,
608 1184 698 1228 aut
739 1176 865 1229 anni
914 1177 991 1229 tui
1016 1177 1145 1230 sicut
1173 1175 1316 1242 viri;
1350 1175 1469 1244 quia
1513 1171 1773 1243 exquisisti

158 1268 464 1336 iniquitates
513 1284 688 1335 meas,
717 1278 765 1323 et
810 1280 1018 1339 peccata
1058 1286 1170 1325 mea
1213 1267 1577 1340 investigasti.’
1625 1266 1775 1322 Nosti

157 1361 296 1414 enim
321 1360 448 1431 quia
471 1362 628 1433 impie
652 1377 758 1418 non
807 1364 939 1434 gessi
970 1377 989 1417 :
1017 1363 1108 1418 sed
1149 1364 1263 1433 quis
1306 1373 1378 1416 est
1404 1362 1490 1432 qui
1519 1361 1584 1415 de
1612 1357 1776 1414 mani-

158 1453 252 1505 bus
281 1454 386 1507 tuis
408 1465 622 1508 eruatur
642 1454 787 1526 (Job.
803 1471 860 1522 x,
883 1457 920 1509 2
940 1463 989 1511 ei
1011 1455 1172 1527 seq.)?
1194 1457 1383 1527 Magna
1409 1455 1563 1520 fides,
1585 1465 1773 1525 magna

157 1548 468 1601 auctoritas
493 1549 863 1616 conscientite,
899 1550 1066 1604 Deum
1099 1559 1295 1604 testem
1326 1548 1524 1603 mentis
1553 1561 1667 1602 sua:
1695 1559 1779 1600 ar-

159 1653 404 1694 cessere.
441 1640 598 1708 Quod
626 1641 955 1697 conditionis
994 1653 1112 1707 est,
1146 1656 1253 1695 non
1276 1649 1472 1711 negat:
1501 1639 1645 1710 quod
1676 1639 1777 1693 im-

160 1731 387 1799 pietatis
420 1745 527 1797 εει,
555 1734 772 1803 repellit
801 1751 814 1786 :
845 1733 988 1802 quod
1017 1731 1371 1798 infirmitatis,
1408 1732 1625 1786 fatetur.
1650 1731 1782 1785 Pec-

159 1838 321 1879 casse
373 1827 704 1881 conditionis
749 1838 863 1893 est,
909 1828 1033 1897 quia
1081 1841 1241 1880 nemo
1287 1825 1543 1880 immunis
1596 1825 1780 1894 lapsus

164 1931 249 1973 est
282 1940 295 1973 :
330 1921 500 1992 impie
549 1937 710 1991 agere
739 1935 844 1976 non
885 1921 1214 1976 conditionis
1259 1926 1372 1980 est.
1399 1920 1493 1974 sed
1542 1917 1781 1988 perfidia:

161 2022 219 2067 et
247 2014 606 2082 nequissima:
640 2015 836 2069 mentis
869 2030 1162 2069 venenum.
1191 2023 1217 2050 ει
1241 2012 1360 2067 Non
1397 2011 1640 2081 agnoscit
1681 2011 1783 2065 hoc

155 2104 342 2175 justus
373 2124 387 2158 :
419 2106 516 2161 sed
564 2108 835 2164 absolutio
866 2107 1103 2162 hominis
1151 2108 1206 2162 in
1249 2107 1342 2161 Dei
1398 2106 1781 2172 miseratione,

163 2189 273 2252 nim
310 2200 364 2253 in
397 2198 637 2255 hominis
668 2208 935 2270 petestate
965 2205 1067 2254 est.

239 2293 329 2346 18.
377 2289 604 2356 Manus,
640 2292 843 2361 inquit,
878 2301 982 2346 tace
1023 2291 1404 2360 plasmaverant
1444 2305 1527 2344 me
1555 2306 1574 2344 :
1609 2300 1786 2362 postea

164 2386 468 2438 conoertisti
515 2395 563 2438 et
592 2385 891 2455 percussisti
921 2401 1020 2438 me.
1055 2383 1311 2438 Memento
1351 2383 1473 2454 quia
1501 2384 1666 2436 lutum
1709 2397 1788 2436 me

167 2480 376 2547 fecisti,
406 2489 455 2533 et
496 2481 553 2532 in
600 2489 737 2534 terra
785 2495 864 2532 me
886 2480 1124 2532 resolues.
1155 2476 1424 2548 Numquid
1457 2493 1560 2529 non
1609 2483 1665 2528 ut
1705 2475 1786 2529 lac

167 2575 400 2629 mulsisti
430 2591 533 2640 me,
560 2575 824 2646 confecisti
845 2591 924 2628 me
951 2575 1085 2628 sicut
1115 2574 1348 2628 caseum?
1371 2571 1580 2628 Corium
1600 2583 1648 2626 et
1675 2588 1789 2624 car-

171 2686 290 2723 nem
320 2686 401 2723 rne
432 2669 670 2735 induisti,
701 2667 903 2723 ossibus
932 2678 980 2722 et
1010 2667 1177 2722 nervis
1204 2683 1285 2721 me
1306 2667 1572 2722 inser-nisti
1596 2683 1614 2719 :
1637 2667 1792 2721 vitam

172 2773 223 2815 et
270 2761 685 2815 misericordiam
727 2761 783 2814 in
830 2776 911 2814 me
951 2761 1203 2831 posuisti;
1233 2769 1280 2813 et
1304 2759 1526 2813 visitatio
1552 2768 1642 2812 tua
1665 2773 1790 2826 pro-

174 2855 304 2908 texit
334 2855 576 2922 spiritum
619 2868 788 2906 meum
833 2851 1024 2923 (lbid.,
1053 2853 1086 2907 8
1112 2863 1160 2905 et
1187 2858 1340 2923 seq.).
1369 2852 1574 2917 Quanta
1597 2849 1792 2919 deplo-

177 2947 324 3002 ratio
370 2944 545 3000 sancti
588 2945 688 2998 viri
738 2960 835 3014 pro
883 2946 1156 3000 communi
1209 2944 1552 3009 inﬁrmitate,
1591 2952 1794 3014 quanta

177 3039 568 3094 conventionis
593 3037 916 3104 auctoritas,
946 3037 1091 3107 quod
1125 3037 1268 3092 Deus
1308 3036 1582 3091 hominem
1621 3036 1796 3090 mani-

179 3132 285 3187 bus
327 3131 442 3186 suis
470 3130 699 3184 iecerit?
727 3130 1030 3186 Excusatur
1059 3130 1216 3200 culpa
1246 3130 1572 3184 inﬁrmitatis
1607 3130 1797 3183 obten-

179 3237 275 3294 tu,
309 3225 724 3282 commendatur
753 3228 923 3296 gratia
967 3225 1250 3296 privilegio
1281 3224 1608 3294 operationis
1638 3235 1797 3278 atter-

175 3338 305 3386 Jtaz,
341 3318 368 3358 δ
396 3329 452 3374 et
500 3319 856 3387 protectionis
904 3319 1218 3390 dignatione
1259 3317 1520 3373 emisistis.
1573 3317 1647 3372 De
1689 3333 1797 3388 quo

185 3413 310 3468 loco
357 3412 525 3466 etiam
557 3410 724 3465 David
769 3409 1136 3480 pulcherrime
1184 3412 1396 3464 locutus
1441 3417 1526 3463 est
1558 3408 1792 3464 dicens:

190 3506 332 3571 Quid
353 3514 429 3560 est
459 3506 640 3571 homo,
672 3506 808 3574 quod
833 3522 1025 3559 memor
1051 3521 1101 3558 es
1126 3508 1275 3578 ejus;
1302 3513 1325 3543 ο
1351 3512 1444 3558 aut
1472 3504 1614 3573 ﬁlius
1634 3503 1798 3558 homi-

188 3603 294 3666 nis,
320 3600 422 3652 nisi
439 3601 561 3669 quia
587 3599 762 3653 oisitas
789 3615 905 3652 eum
927 3597 1098 3669 (Psal.
1130 3614 1243 3665 vttt,
1264 3597 1362 3669 5)?

259 3691 428 3763 633
459 3693 547 3746 '19.
576 3689 722 3758 llwc,
751 3693 946 3762 inquit,
975 3689 1128 3744 habes
1152 3693 1206 3744 in
1227 3701 1274 3745 te
1299 3706 1317 3744 .·
1340 3693 1458 3744 novi
1481 3689 1606 3760 quia
1626 3688 1801 3742 omnia

192 3797 364 3856 potes,
394 3785 714 3854 impossibile
742 3795 913 3839 autem
939 3785 1029 3838 tibi
1060 3785 1212 3838 nihil.
1248 3784 1308 3838 Si
1335 3786 1470 3838 enim
1501 3798 1796 3853 peccavero,

193 3882 459 3935 custodias
500 3897 608 3947 me,
659 3881 721 3934 ab
767 3879 1034 3949 iniquitate
1071 3889 1243 3933 autem
1290 3878 1682 3932 immaculatum
1721 3893 1802 3930 me

196 3989 304 4026 non
333 3973 522 4041 fecisti.
558 3971 618 4026 Si
656 3972 846 4041 intpius
873 3975 1042 4041 fuero,
1074 3986 1150 4024 va:
1186 3970 1351 4022 mihi!
1382 3969 1442 4025 Si
1472 3969 1572 4022 sint
1588 3972 1798 4041 justus,

197 4083 305 4120 non
331 4081 544 4137 possum
578 4081 657 4118 me
680 4063 894 4134 erigere.
927 4062 1124 4117 Plenus
1151 4078 1268 4116 sunt
1292 4064 1427 4116 enim
1464 4063 1798 4132 confusionis,

199 4161 482 4230 investigor
509 4139 641 4212 sicui
668 4160 745 4212 leo
769 4159 836 4212 ad
865 4175 1036 4212 necem
1066 4157 1210 4229 (Job.
1233 4173 1290 4223 Χ,
1318 4159 1384 4212 15
1411 4169 1458 4212 et
1488 4157 1647 4230 seq.).
1675 4157 1804 4214 Vide

204 4255 308 4308 tria
338 4271 350 4306 :
388 4254 448 4308 Si
479 4269 774 4326 peccavero,
808 4253 1011 4323 inquit,
1059 4252 1320 4307 custodies
1365 4269 1461 4306 me.
1506 4252 1574 4307 Et
1601 4252 1747 4319 ideo,
1770 4269 1805 4309 0

205 4350 405 4415 homo,
458 4349 626 4402 fatere
675 4356 996 4420 peccatum,
1050 4359 1107 4402 ut
1149 4349 1363 4404 veniam
1407 4351 1803 4420 consequaris:

206 4442 330 4509 Dic,
356 4445 553 4514 inquit,
584 4443 874 4513 iniquitates
896 4452 1034 4507 tuas,
1061 4451 1116 4496 ut
1133 4443 1438 4514 justiﬁeeris
1461 4443 1628 4514 (Esai.
1654 4458 1806 4508 mu,

209 4539 326 4611 26).
359 4539 501 4607 Quid
532 4539 809 4594 erubescis
856 4538 1010 4594 fateri
1053 4553 1146 4593 eas
1191 4541 1246 4593 in
1294 4539 1490 4607 quibus
1521 4548 1677 4595 natus
1713 4540 1809 4595 es?

1810 1861 1859 1921 B

1871 522 2038 575 vertit
2082 523 2251 592 magis
2283 522 2624 593 fragilitatem
2670 538 2822 577 suam
2848 563 2862 587 ,
2911 536 3069 592 quam
3111 519 3374 590 injustus;
3411 531 3466 574 ct

1869 614 2086 682 sapiens
2131 618 2406 686 agnoscit,
2453 632 2558 672 non
2608 616 2849 687 agnoscit
2893 615 3172 685 insipiens.
3224 613 3467 684 Denique

1871 705 2108 776 lapsibus
2135 708 2246 762 suis
2273 709 2490 779 sapiens
2511 709 2912 780 compungitur,
2942 707 3203 778 insipiens
3229 706 3468 763 delecta-

1870 805 1957 854 tur
2000 814 2013 851 :
2053 799 2234 870 justus
2281 810 2563 857 accusator
2607 811 2690 857 est
2734 802 2848 868 sui,
2897 800 3128 871 injustus
3176 809 3466 857 assertor:

1867 891 2046 964 justus
2079 892 2377 963 praevenire
2408 896 2522 949 vult
2550 904 2923 951 accusatorem
2963 893 3308 950 confessione
3347 909 3472 964 pec-

1872 986 2012 1052 cati,
2051 985 2284 1056 injustus
2324 997 2602 1057 peccatum
2646 1002 2802 1043 suum
2834 988 3107 1043 occultare
3151 987 3470 1043 desiderat:

1875 1078 1964 1134 ille
2006 1080 2059 1133 in
2093 1079 2361 1150 principio
2405 1081 2672 1136 sermonis
2712 1082 2948 1137 occurrit
2995 1092 3055 1136 ut
3099 1081 3290 1151 prodat
3317 1097 3471 1137 erro-

1874 1189 2024 1242 rem,
2059 1176 2160 1229 iste
2189 1174 2532 1244 multiloquio
2555 1176 2827 1234 sermonis
2856 1178 2940 1232 sui
2966 1174 2992 1213 ά
3022 1191 3214 1234 sonum
3255 1193 3477 1236 accusa-

1877 1268 2043 1324 tionis
2075 1267 2322 1335 involvit,
2353 1285 2421 1325 nc
2450 1269 2644 1340 prodat
2673 1285 2942 1326 errorem.

2485 1401 2712 1459 CAPUT
2750 1397 2861 1458 Vl].

1883 1514 2127 1571 Omnium
2154 1527 2365 1573 aetatum
2391 1521 2613 1573 maxime
2645 1517 2895 1573 lubricam
2921 1517 3318 1575 adolescentiam
3343 1537 3362 1574 :
3389 1538 3482 1576 nos

1953 1627 2130 1665 eorum
2167 1612 2323 1666 etiam
2349 1621 2702 1683 peccatorum,
2735 1627 2847 1684 qua:
2881 1614 3042 1668 vitare
3072 1613 3481 1685 nequiverimus,

1956 1707 2210 1762 rationem
2255 1723 2362 1761 esse
2408 1708 2703 1762 reddituros
2733 1725 2751 1762 :
2795 1725 3052 1763 wrnmnas
3095 1719 3298 1763 nostras
3327 1708 3485 1762 maris

1959 1815 2020 1853 ac
2058 1809 2208 1854 teme
2240 1801 2582 1854 incommodis
2621 1817 2724 1854 non
2765 1801 2891 1855 satis
2925 1795 3185 1873 exprimi:
3216 1801 3398 1854 calum
3429 1815 3490 1853 ac

1959 1903 2148 1946 terram
2179 1891 2473 1947 innovanda
2502 1907 2638 1957 esse,
2673 1907 2764 1946 nec
2805 1893 3034 1965 futuram
3061 1892 3491 1947 resurrectionem
3517 1895 3521 1898 ’

1959 1987 2078 2040 ante
2101 1987 2372 2041 adventum
2402 1990 2534 2060 ejus,
2567 1988 2657 2057 qui
2684 1999 2811 2041 nava
2839 1987 3012 2042 omnia
3038 1987 3102 2042 sit
3124 1992 3385 2059 facturus.

1959 2102 2049 2156 ’21.
2091 2100 2292 2156 lterum
2315 2101 2578 2170 adjiciens
2606 2100 2737 2156 dicit
2768 2120 2783 2156 :
2822 2101 2995 2169 Quare
3016 2101 3308 2172 ascripsisti
3339 2111 3360 2138 θ
3391 2101 3493 2156 ad-

1887 2208 2086 2249 versum
2125 2211 2204 2248 nte
2226 2194 2394 2262 mala,
2426 2205 2471 2248 et
2498 2191 2793 2265 apposuisti
2823 2189 2949 2248 mihi
2977 2189 3340 2249 adolescentia:
3368 2211 3492 2265 pec-

1889 2297 2004 2340 cata
2038 2285 2181 2357 (Job.
2225 2297 2352 2352 xm,
2385 2285 2516 2359 9.6)?
2552 2279 2783 2342 Pulchre
2828 2285 2879 2341 id
2929 2287 3105 2342 aetatis
3153 2285 3379 2358 arripuit
3428 2286 3498 2342 ad

1889 2379 2190 2451 querelam,
2224 2395 2344 2449 qua:
2372 2379 2541 2450 magis
2564 2381 2630 2434 ad
2664 2379 2850 2434 vitium
2885 2377 3089 2435 lubrica
3113 2395 3238 2436 esse
3261 2395 3498 2436 consue-

1890 2474 1986 2526 vit.
2021 2465 2193 2527 liabet
2223 2471 2368 2527 enim
2404 2473 2633 2541 pueritia
2664 2471 3056 2540 innocentiam,
3086 2482 3340 2528 senectus
3372 2488 3500 2543 pru-

1892 2565 2164 2634 dentiam,
2217 2568 2333 2637 ipsa
2382 2564 2557 2620 vicina
2607 2559 2996 2622 adolescentia:
3037 2566 3296 2636 juventus
3345 2564 3502 2620 bona:
3591 2555 3594 2558 ⁴

1893 2659 2315 2714 existimationis
2338 2659 2616 2727 intuitum,
2639 2671 2694 2714 et
2712 2658 3096 2715 verecundiam
3117 2653 3500 2729 delinquendi:

1895 2749 2266 2807 adolescentia
2293 2753 2409 2807 sola
2438 2761 2523 2808 est
2555 2747 2788 2807 invalida
2820 2751 3048 2816 viribus,
3082 2749 3295 2807 inﬁrma
3327 2751 3506 2806 consi-

1895 2845 2008 2914 liis,
2041 2845 2173 2902 vitio
2201 2848 2408 2912 calens,
2439 2846 2721 2904 fastidiosa
2754 2843 3116 2903 monitoribus
3136 2891 3150 2914 ,
3181 2847 3503 2901 illecebrosa

1897 2943 2130 3000 deliciis.
2164 2939 2220 2998 in
2254 2955 2403 2998 tanto
2435 2945 2598 3016 igitur
2626 2951 2682 3000 et
2711 2951 2818 2997 tam
2849 2941 3174 3014 confragoso
3210 2952 3264 2996 et
3290 2939 3504 3012 procel-

1899 3033 2018 3089 loso
2050 3036 2233 3089 mundi
2265 3029 2425 3104 hujus
2456 3034 2675 3089 turbine
2697 3075 2711 3099 ,
2740 3049 2839 3089 cur
2866 3041 2973 3088 tam
3002 3033 3193 3088 crebra
3223 3032 3508 3110 naufragia

1903 3131 2225 3200 improvidm
2267 3127 2614 3184 ascribuntur
2641 3127 2825 3182 :etati?
2855 3126 3009 3183 Unde
3047 3127 3310 3198 praeclare
3336 3125 3508 3180 David

1824 3250 1869 3312 C
1906 3225 2071 3279 totius
2105 3220 2364 3294 temporis
2409 3222 2526 3291 ejus
2554 3223 2768 3276 veniam
2799 3219 2906 3276 sibi
2936 3235 2967 3275 a
3003 3218 3234 3275 Domino
3265 3218 3509 3290 postula-

1905 3325 1982 3376 vit
2010 3321 2198 3376 dicens
2230 3337 2244 3375 :
2277 3319 2535 3374 Delictum
2562 3319 2848 3390 iuventutis
2883 3336 3009 3373 mete
3038 3332 3085 3372 et
3117 3317 3429 3390 ignorantia:
3449 3335 3514 3374 ne

1903 3413 2216 3481 memineris,
2252 3409 2471 3468 Domine
2492 3411 2667 3484 (Psal.
2692 3429 2841 3479 sxw,
2862 3411 2942 3484 7),
2973 3413 3098 3484 quia
3128 3423 3254 3467 tunc
3276 3413 3513 3468 maxime

1901 3510 2053 3565 calor
2082 3507 2327 3580 corporis
2369 3507 2572 3577 fervet,
2605 3517 2662 3564 et
2704 3517 2840 3562 :estu
2891 3505 3173 3579 sanguinis
3203 3507 3515 3578 vaporantis

1903 3603 2152 3674 ignescit.

1975 3695 2065 3754 22.
2112 3699 2217 3756 Sed
2247 3700 2440 3755 iterum
2467 3699 2645 3768 ipsum
2673 3698 2958 3754 audiamus
2984 3717 2996 3751 :
3023 3693 3288 3766 Mortalis,
3320 3696 3514 3768 inquit,

1903 3793 2046 3864 ﬁlius
2076 3794 2328 3856 mulieris,
2356 3793 2517 3846 brevis
2545 3793 2662 3846 vita:
2689 3803 2787 3862 est,
2808 3803 2853 3847 et
2881 3798 3066 3865 plenus
3098 3792 3403 3857 iracundice,
3430 3791 3518 3859 qui

1905 3888 2041 3942 sicut
2067 3887 2164 3958 ﬂos
2191 3889 2393 3957 floruit,
2423 3897 2467 3941 et
2492 3881 2715 3953 decidit,
2750 3883 2971 3940 discedit
3003 3897 3172 3940 autem
3211 3895 3266 3938 ut
3297 3881 3480 3938 umbra
3501 3926 3516 3951 ,

1909 3990 1957 4035 et
1979 3997 2081 4034 non
2106 3981 2313 4035 resistit.
2342 3977 2535 4036 Nonne
2553 3979 2688 4034 etab
2709 3978 2806 4034 hoc
2827 3979 2960 4034 ratio
2983 3971 3268 4050 quan'itur?
3291 3975 3361 4034 Et
3383 3979 3520 4032 hunc

1911 4074 2082 4146 fecisti
2110 4074 2302 4128 intrare
2329 4074 2383 4128 in
2403 4073 2665 4144 judicium
2691 4073 2784 4127 sub
2814 4083 3092 4144 conspectu
3123 4083 3228 4126 tuo.
3267 4071 3395 4140 Quis
3425 4089 3522 4125 au-

1913 4179 2014 4223 tem
2037 4169 2256 4223 mundus
2278 4178 2351 4223 est
2373 4186 2402 4222 a
2423 4167 2616 4222 sorde?
2640 4165 2746 4223 Sed
2765 4183 2932 4234 nemo,
2957 4161 3126 4238 634
3146 4167 3346 4220 etiamsi
3371 4165 3530 4220 unius

1913 4265 2017 4320 diei
2044 4266 2110 4318 sit
2132 4267 2233 4318 vita
2255 4264 2365 4335 ejus
2385 4251 2543 4332 super
2570 4271 2758 4316 terram
2785 4258 2908 4335 (Job
2936 4276 3050 4326 XIV,
3083 4262 3108 4316 l
3136 4271 3182 4314 et
3201 4258 3356 4330 seq.).
3384 4255 3526 4314 Vere

1915 4355 2242 4412 miserabilis
2283 4353 2552 4420 conditio,
2584 4365 2640 4409 ut
2672 4347 2882 4426 peccati
2913 4353 2998 4408 sui
3041 4349 3184 4424 quod
3213 4353 3390 4407 vitare
3419 4369 3524 4408 non

1919 4450 2123 4520 possit,
2158 4448 2420 4503 rationem
2465 4457 2728 4518 praestare
2762 4445 2781 4486 τ
2827 4451 3092 4517 cogatur:
3121 4439 3388 4517 judicium
3442 4443 3527 4499 in—

1918 4551 2082 4610 trare,
2117 4545 2167 4597 in
2216 4549 2567 4612 conspectum
2624 4541 2837 4596 Domini
2893 4537 3078 4595 subire
3133 4535 3531 4610 omnipotentis

209 4635 491 4704 Negantis,
525 4649 631 4688 non
657 4632 870 4687 fatentis
897 4634 1102 4688 crimen
1129 4642 1232 4698 est,
1259 4649 1458 4702 negare
1481 4635 1624 4703 quod
1646 4642 1814 4690 natus
1842 4651 1896 4712 ι)
1921 4635 2288 4706 compellitur,
2318 4631 2482 4689 edere
2507 4649 2700 4689 causas
2726 4637 3002 4704 gestorum
3027 4650 3272 4699 suorum,
3302 4648 3422 4703 quze
3453 4639 3533 4684 tot

214 4727 312 4781 sis.
346 4726 502 4793 Quod
527 4726 809 4795 accepisti,
840 4725 1044 4780 utinam
1073 4740 1280 4780 serves.
1308 4726 1417 4780 Cur
1446 4735 1604 4796 putas
1634 4734 1686 4781 te
1713 4727 1814 4780 ita-

222 4819 349 4876 bere
397 4819 542 4891 quod
587 4835 691 4874 non
723 4818 1040 4887 acceperis?
1071 4819 1215 4888 Ergo
1263 4829 1512 4888 peccator
1559 4820 1812 4887 fateatur,

220 4915 416 4985 impius
444 4915 760 4984 ingemiscnt
780 4954 792 4976 ,
831 4916 1008 4982 justus
1039 4927 1146 4968 non
1179 4927 1238 4968 se
1267 4915 1444 4983 erigat
1470 4924 1527 4968 et
1556 4896 1814 4984 eitullat;

222 5020 292 5060 ne
318 5021 413 5074 per
445 5004 805 5074 arrogantiam
841 5005 1074 5058 fructum
1093 5003 1320 5073 justitia:
1352 5006 1586 5059 amittat.

293 5100 386 5155 ‘20.
432 5100 498 5154 Et
527 5098 749 5170 pulchre
772 5101 889 5154 ait:
925 5099 987 5155 Si
1005 5101 1182 5172 justus
1211 5115 1346 5166 sum,
1374 5115 1476 5153 non
1501 5114 1710 5168 possum
1737 5117 1819 5155 me

302 5277 328 5304 α
357 5267 511 5322 Rom.
545 5264 704 5328 edit.,
738 5262 936 5332 Lapsus
962 5277 1080 5315 suos
1109 5261 1340 5332 agitoscit
1362 5262 1558 5333 justus.
1592 5261 1663 5315 At
1688 5275 1821 5318 con-

235 5348 312 5392 tra
342 5339 562 5392 aliarum
591 5336 719 5389 edit.
746 5349 808 5387 ac
834 5347 964 5388 mss.
998 5333 1235 5386 omnium
1273 5333 1454 5388 fidem.
1490 5334 1698 5389 Sensus
1728 5349 1824 5389 au-

234 5418 339 5463 tem
383 5420 465 5464 est
487 5409 690 5485 justum
738 5405 829 5485 qui
859 5419 916 5458 se
941 5418 1166 5473 peccare
1201 5408 1472 5475 agnoscit,
1504 5421 1612 5461 non
1645 5417 1822 5461 tamen

599 5496 608 5530 ξ
641 5492 803 5530 1111018
829 5491 1006 5530 agerc.

236 5497 523 5550 agnoscere
549 5495 608 5534 se
641 5492 803 5545 impie
829 5491 1006 5545 agerc.

307 5551 334 5590 δ
363 5553 566 5606 Omnes
611 5546 1193 5621 edit.,_et-_prote_ctione
1239 5547 1588 5621 dignationis;
1634 5557 1830 5603 Omnes

241 5640 369 5677 is.
398 5635 446 5676 et
475 5619 804 5687 protectionis
829 5618 1143 5687 dignatione.

313 5707 332 5732 ε
360 5694 433 5747 lta
464 5677 596 5748 ἔπιδε.
626 5677 1132 5760 (ιυὶιιψιθνῖηθιίοΐίε
1158 5691 1280 5743 aevi.
1313 5692 1420 5746 Alii
1449 5707 1590 5747 vero:
1611 5701 1664 5744 et
1689 5691 1823 5746 edit.

241 5781 444 5835 omnes.
474 5773 564 5820 aut
589 5759 730 5835 ﬁlius
753 5759 996 5827 hamatis,
1021 5760 1142 5832 quia
1167 5761 1342 5835 sicitas
1365 5779 1501 5835 sunt.

313 5832 339 5873 ά
376 5836 518 5916 καί).
549 5831 689 5898 vel”
721 5844 956 5886 somnum
997 5831 1370 5898 educationis;
1396 5833 1556 5889 lum.
1577 5873 1592 5900 ,
1639 5843 1826 5889 sonum

1923 4729 2051 4782 vita:
2079 4741 2192 4783 suae
2223 4726 2472 4781 aetatibus
2513 4721 2878 4796 percurrerit,
2910 4741 3033 4782 cum
3066 4724 3301 4781 mundus
3329 4741 3358 4777 a
3405 4739 3530 4792 pec-

1921 4831 2047 4878 cato
2095 4821 2272 4890 quivis
2314 4833 2436 4875 esse
2466 4834 2572 4875 non
2622 4823 2827 4891 possit,
2869 4829 2927 4874 ut
2955 4821 3023 4874 ab
3074 4815 3208 4890 ipsis
3250 4815 3534 4871 cunabulis

1927 4918 2077 4986 prius
2107 4914 2333 4985 obrepat
2368 4913 2614 4970 infantia
2638 4914 2819 4986 culpa,
2863 4930 3022 4986 quam
3059 4915 3132 4969 sit
3158 4907 3300 4967 unus
3341 4926 3535 4966 sensus

1926 5007 2149 5062 erroris.
2179 5005 2462 5077 Quamque
2493 5005 2623 5062 illud
2656 5005 2988 5069 miserabile,
3023 5006 3080 5058 ut
3108 4997 3291 5058 brevis
3320 5003 3392 5056 sit
3424 4997 3532 5055 vita

1928 5100 2068 5172 ejus,
2099 5099 2273 5154 dulcis
2301 5095 2596 5168 illecebra,
2625 5095 2908 5171 multiplex
2940 5105 3214 5163 :erutnna,
3259 5091 3536 5152 iracundia

1937 5262 2318 5330 excusationis;
2339 5261 2480 5320 Gall.
2505 5277 2662 5327 mss.,
2685 5271 2924 5316 somnum
2941 5259 3302 5314 accusationis.
3324 5257 3538 5328 Optime

1939 5333 2063 5387 Vat.
2102 5335 2252 5403 cod.,
2281 5351 2462 5388 sonum
2506 5333 2886 5398 accusationis;
2926 5333 3071 5386 idem
3103 5341 3185 5386 est
3232 5331 3374 5403 enim
3406 5345 3467 5383 ac
3493 5330 3536 5383 si

1937 5405 2194 5461 diceret:
2236 5399 2369 5461 eum
2425 5421 2485 5460 se
2535 5406 2759 5460 deberet
2807 5413 3084 5468 accusare,
3137 5399 3536 5457 accusationem

1940 5491 2092 5532 suam
2124 5478 2194 5532 ita
2228 5477 2472 5536 involvit.
2507 5485 2565 5532 ut
2593 5474 2949 5530 animadverti
2979 5485 3086 5528 non
3116 5473 3310 5544 possit.

2017 5560 2040 5585 υ
2079 5549 2215 5604 Cod.
2247 5549 2377 5612 duo,
2404 5548 2675 5602 aduersum
2694 5559 2773 5599 me
2797 5545 3041 5600 laborem.

2019 5619 2036 5657 ί
2081 5620 2240 5675 Rom.
2276 5621 2406 5676 edit.
2430 5629 2674 5690 cogatur,-
2704 5619 2903 5690 intrare
2920 5618 2977 5669 in
3005 5625 3279 5686 conspectu
3308 5614 3540 5690 Domini,

1937 5701 1992 5746 et
2019 5687 2519 5774 judicium‘subire'
2543 5687 3310 5774 omnipotejntt'snfompeltn‘tur‘.
3362 5688 3545 5774 Dentis

1940 5759 2159 5835 quidem
2188 5762 2480 5835 verborum
2511 5759 2693 5835 ordo,
2721 5759 2820 5835 sed
2856 5759 2990 5813 edit.
3016 5765 3230 5835 tonse
3253 5767 3382 5835 mss.
3415 5759 3538 5814 eod.

1943 5828 2168 5892 isi-itm
2194 5828 2563 5890 consentiens.
2599 5830 2782 5888 Aliam
2803 5828 2987 5899 itaque
3018 5830 3376 5889 remittimus.
