4042 6378
560 355 669 417 807

563 580 823 642 perpetua
853 577 955 626 est.

632 663 723 719 25.
764 660 889 726 Est,
920 660 1123 730 inquit,
1163 660 1338 716 arbori
1365 676 1500 730 spes.
1546 659 1608 717 Si
1645 661 1782 715 enim
1827 658 1984 731 fuerit
2015 668 2039 697 ε
2067 674 2157 713 ea:-

562 756 702 823 cisa,
731 755 971 822 virescit;
998 764 1047 811 et
1093 756 1147 809 in
1177 764 1323 827 petra
1358 764 1586 810 mortuus
1610 770 1785 809 ramus
1824 754 1938 824 ejus
1969 752 2155 824 fuerit,

564 854 633 907 ad
671 851 880 908 odorem
915 866 1065 923 aqua
1107 850 1342 922 ﬂorebit;
1371 852 1522 924 faciet
1564 862 1739 905 autem
1788 866 2001 904 messem
2029 849 2160 902 sicut

563 945 784 1002 novella.
817 944 911 1000 Vir
931 953 1101 1001 autem
1120 944 1395 1017 defunctus
1424 945 1552 999 abiit
1571 988 1585 1009 .
1610 943 1799 999 cadens
1827 954 1997 997 autem
2019 957 2159 996 mor-

562 1040 681 1095 talis
706 1041 859 1094 homo
887 1055 990 1095 non
1017 1039 1156 1093 ultra
1180 1047 1275 1095 est.
1299 1036 1553 1110 Tempore
1578 1046 1747 1092 autem
1777 1037 1996 1107 ﬂuctuat
2020 1048 2162 1089 more

564 1130 686 1189 Job.
767 1148 897 1189 ιιιν
953 1132 997 1208 ).
1060 1131 1438 1204 Spectavimus
1503 1132 1808 1203 prophetici
1891 1128 2163 1186 sermonis

564 1227 762 1284 seriem
793 1243 861 1285 ex
897 1227 1109 1284 duobus
1150 1226 1502 1284 inferioribus
1544 1227 1863 1293 elementis,
1912 1234 2054 1281 terra
2100 1239 2163 1281 ac

567 1321 744 1389 mari,
777 1337 899 1393 qua:
944 1321 1091 1376 omni
1124 1320 1340 1390 injuria:
1360 1362 1375 1388 ,
1406 1319 1721 1391 crebrisque
1751 1316 2166 1389 tempestatibus

565 1414 847 1487 subiacent
875 1432 890 1470 :
920 1431 1083 1488 quam
1122 1415 1365 1472 validum
1409 1424 1785 1488 argumentum
1827 1424 2027 1471 nostra:
2070 1428 2169 1471 ex-

567 1510 770 1581 pressit
799 1511 1095 1567 terumnze?
1125 1510 1365 1567 Terrena
1388 1551 1403 1577 ,
1446 1512 1638 1582 inquit,
1672 1510 1898 1582 virgulta
1919 1552 1936 1579 ,
1981 1524 2170 1566 nemo-

568 1619 805 1677 rosaque
834 1605 1118 1674 arborum,
1142 1609 1304 1663 etiam
1326 1622 1447 1663 cum
1470 1607 1671 1664 fuerint
1697 1616 1929 1674 mortua,
1958 1606 2011 1662 in
2040 1620 2169 1663 usus

569 1696 768 1755 vitales
789 1706 1098 1770 resurgunt.
1132 1698 1276 1756 Mare
1303 1715 1516 1772 quoque
1545 1702 1718 1774 ipsum
1750 1709 2058 1771 temporum
2090 1699 2171 1754 vi-

569 1791 727 1849 cibus
772 1790 916 1847 solet
956 1791 1241 1849 tluctuare.
1282 1792 1352 1849 At
1390 1809 1518 1849 vero
1560 1807 1688 1849 caro
1732 1803 1919 1849 nostra
1956 1807 2172 1863 semper

572 1895 872 1955 exaestuat,
918 1887 1128 1960 sibique
1155 1888 1267 1959 ipsa
1299 1897 1594 1960 tempestas
1619 1897 1733 1955 est,
1768 1903 1870 1945 nec
1912 1901 2166 1957 umquam
2196 1902 2244 1965 Β
2274 1925 2436 1980 donec

570 1998 602 2040 a
645 1982 881 2042 motibus
909 1986 1266 2058 procellarum
1298 1986 1729 2058 miserandisque
1756 1982 2053 2056 naufragiis
2082 1982 2165 2038 l'e-

571 2079 762 2137 riatur.

640 2172 733 2231 ει.
775 2174 903 2230 Cum
937 2183 1110 2233 autem
1134 2173 1402 2232 dormierit
1431 2176 1616 2243 homo,
1651 2172 1679 2214 ιι
1707 2192 1812 2230 non
1836 2174 2056 2248 resurgit
2080 2189 2172 2229 us-

565 2281 664 2340 que
691 2266 815 2323 dum
840 2269 1022 2327 caelum
1062 2286 1163 2326 non
1190 2282 1431 2325 ussuatur
1456 2267 1650 2340 (lbid.,
1688 2267 1801 2341 12).
1836 2266 1992 2338 Quod
2021 2266 2172 2323 vide-

566 2368 654 2418 tur
678 2360 993 2431 declarare,
1022 2364 1198 2420 donec
1222 2364 1420 2420 ctelum
1454 2371 1718 2429 novetur;
1752 2362 1859 2419 erit
1884 2362 2029 2419 enim
2060 2376 2169 2417 cte-

570 2456 682 2513 lum
712 2474 914 2515 novum
943 2470 998 2514 et
1028 2469 1172 2516 terra
1197 2475 1366 2523 nova,
1399 2459 1539 2514 sicut
1567 2459 1828 2527 scriptum
1871 2467 1954 2511 est
1994 2454 2167 2529 (Esai.
2238 2472 2243 2481 ·

572 2565 699 2618 va,
722 2551 833 2622 l7).
861 2552 997 2609 Nam
1025 2554 1169 2623 quod
1200 2554 1461 2617 assuiittr,
1495 2562 1651 2609 vetus
1680 2561 1763 2607 est
1787 2571 1799 2606 :
1825 2551 1966 2622 quod
1995 2562 2171 2617 vetus,

573 2645 891 2702 mutabitur.
924 2646 1166 2719 Denique
1187 2645 1311 2701 audi
1339 2644 1508 2701 David
1537 2645 1807 2701 dicentem
1837 2661 1851 2699 :
1882 2642 2043 2698 Initio
2073 2654 2175 2699 ter-

569 2753 683 2794 ram
712 2749 768 2794 tu
798 2738 1063 2809 fundasti,
1106 2736 1364 2802 Domine,
1392 2748 1441 2795 et
1480 2755 1640 2809 opera
1680 2754 1927 2792 manuum
1968 2748 2174 2793 tuarum

571 2841 692 2887 sunt
721 2831 856 2887 cmli.
882 2829 994 2904 Ipsi
1024 2830 1259 2901 peribunt
1286 2847 1305 2887 :
1331 2840 1388 2887 tu
1413 2842 1584 2887 autem
1609 2848 1900 2902 permanes,
1927 2841 1975 2887 et
2001 2847 2175 2886 omnes

568 2923 703 2980 sicut
728 2926 1082 2981 vestimentum
1109 2935 1420 2981 oeterascent
1441 2970 1454 2988 .
1485 2938 1529 2981 et
1558 2927 1689 2981 sicut
1719 2926 2035 2998 opertorium
2063 2940 2179 2979 mu-

571 3018 702 3075 tabis
730 3036 818 3075 eos
838 3030 886 3076 et
910 3020 1247 3076 mutabuntur
1273 3019 1447 3091 (Psal.
1477 3036 1553 3088 Cl,
1576 3020 1648 3076 26
1669 3030 1718 3075 et
1737 3020 1852 3094 27).
1881 3020 2178 3075 Pussumus

570 3114 732 3171 etiam
768 3114 897 3171 illud
916 3115 1197 3181 adtexere,
1230 3115 1487 3188 quoniam
1514 3115 1659 3188 quod
1692 3127 1847 3173 vetus
1873 3124 1978 3180 est,
2002 3113 2179 3171 assui-

574 3217 692 3276 tur;
723 3208 867 3282 quod
900 3225 1095 3266 novum
1114 3252 1128 3275 ,
1159 3211 1388 3282 cogitur.
1427 3208 1475 3265 A
1505 3210 1699 3266 diebus
1727 3221 1908 3265 autem
1948 3206 2179 3265 Joannis

572 3301 829 3375 Baptista:
859 3319 1083 3375 regnum
1114 3302 1377 3360 caelorum
1403 3303 1636 3374 cogitur,
1669 3310 1725 3356 et
1754 3310 2018 3371 cogentes
2042 3298 2177 3354 diri-
2206 3308 2250 3374 α

575 3395 731 3467 piunt
759 3395 912 3453 illud.
943 3395 1213 3451 Assuebat
1241 3410 1374 3467 ergo
1400 3394 1527 3450 illud
1568 3393 1851 3466 Synagoga
1883 3391 1937 3447 in
1968 3392 2173 3461 paucis,

578 3487 821 3545 Ecclesia
847 3489 995 3560 cogit
1020 3489 1075 3545 iu
1108 3489 1366 3546 millibus.
1400 3488 1494 3544 Vel
1524 3488 1648 3558 quia
1680 3503 1822 3543 nunc
1865 3489 2063 3545 caelum
2093 3502 2180 3543 as-

576 3584 658 3640 sui
679 3583 893 3641 videtur
915 3584 1129 3641 nebulis
1150 3594 1205 3641 et
1224 3583 1479 3655 caligine,
1504 3583 1894 3653 nocturnisque
1916 3581 2179 3647 tenebris,

578 3690 632 3737 et
656 3694 850 3735 croceo
883 3679 990 3738 diei
1034 3682 1307 3751 surgentis
1352 3678 1550 3735 rubore
1590 3677 1807 3734 diversa
1835 3688 1890 3734 et
1919 3675 2181 3733 discolori

578 3772 763 3845 specie
806 3788 953 3845 saepe
995 3783 1331 3830 contextum.
1362 3772 1516 3829 Tunc
1555 3782 1737 3827 autem
1770 3788 1875 3828 nox
1924 3788 2029 3827 non
2076 3772 2181 3827 erit

579 3867 833 3939 amplius,
866 3876 921 3924 et
951 3883 1056 3922 nou
1089 3864 1407 3939 indigebunt
1435 3866 1557 3922 luce
1586 3864 1855 3928 lucenue,
1888 3876 1940 3920 et
1973 3864 2181 3920 lumine

575 3964 738 4031 solis;
760 3961 883 4035 quia
909 3961 1167 4018 Dominus
1191 3960 1518 4017 illuminabit
1546 3976 1714 4033 super
1736 3974 1856 4027 eos,
1885 3960 2028 4015 sicut
2050 3958 2183 4014 dicit

577 4054 815 4115 Joannes
846 4056 1033 4131 (Apoc.
1069 4073 1139 4121 tt,
1167 4055 1283 4129 23).
1317 4055 1411 4111 Vel
1443 4055 1567 4126 quia
1602 4073 1615 4110 :
1661 4052 1751 4109 Va:
1791 4054 1857 4108 iis
1895 4053 1983 4123 qui
2029 4068 2181 4106 assu-

582 4161 727 4206 munt
758 4152 1029 4207 cervicalia
1062 4152 1132 4205 ad
1174 4149 1467 4205 evertendas
1505 4150 1706 4204 auintas
1744 4148 1927 4221 populi
1951 4142 2179 4219 (Ezech.

583 4259 702 4310 xm,
741 4244 853 4313 l8).

651 4336 745 4393 ΞΒ.
792 4337 1100 4408 Deploraoti
1129 4336 1408 4409 prophetae
1439 4333 1713 4392 miseriam
1742 4342 1942 4391 nostra:
1976 4330 2183 4405 fragili-

580 4433 741 4500 tatis,
783 4450 903 4505 qure
932 4446 986 4491 et
1015 4433 1071 4490 in
1106 4434 1210 4489 hac
1237 4433 1348 4489 vita
1390 4432 1631 4505 requiem
1665 4447 1770 4485 non
1818 4430 2081 4496 haberet,
2129 4434 2186 4484 et

584 4526 839 4583 universa
881 4527 1062 4583 subito
1091 4527 1309 4583 incursu
1352 4528 1543 4581 mortis
1586 4523 1898 4590 amitteret,
1946 4521 2186 4592 Spiritus

584 4630 804 4679 sanctus
840 4619 1035 4677 inludit
1063 4620 1265 4676 tamdiu
1307 4634 1415 4675 non
1455 4625 1859 4675 resurrecturus
1892 4614 2180 4684 homines,

582 4718 757 4778 donec
778 4717 989 4775 veniret
1012 4718 1104 4788 qui
1127 4734 1236 4774 non
1258 4727 1501 4773 assueret
1522 4725 1704 4771 vetera
1732 4713 1913 4781 novis,
1942 4727 2043 4770 nec
2063 4727 2184 4769 ves-
2209 4718 2264 4781 Ι)

580 4814 864 4871 timeutum
894 4829 1091 4869 novum
1113 4811 1479 4869 committeret
1501 4812 1554 4867 in
1585 4812 1966 4867 vestimentum
1995 4818 2180 4877 vetus;

584 4905 681 4963 sed
712 4906 890 4965 omnia
920 4903 1124 4962 faceret
1152 4920 1288 4961 nova
1311 4946 1327 4972 ,
1360 4905 1500 4959 sicut
1539 4903 1656 4974 ipse
1699 4902 1842 4959 dixit
1872 4922 1887 4960 :
1936 4901 2068 4959 Ecce
2096 4902 2181 4972 fa-

583 5001 719 5056 ciam
748 5018 894 5056 nova.
924 5000 1045 5071 Ipse
1070 5008 1156 5057 est
1186 4998 1330 5056 enim
1365 4997 1693 5055 resurrectio
1717 5039 1733 5066 ,
1768 5001 1881 5067 ipse
1914 4996 2187 5066 primoge-

583 5096 732 5153 ttitus
758 5111 822 5151 ex
848 5094 1079 5151 mortuis
1101 5094 1154 5151 in
1182 5108 1291 5165 quo
1318 5107 1509 5148 omnes
1538 5091 1701 5165 635
1727 5091 1947 5163 quidem
1981 5105 2189 5162 praero-

582 5189 815 5261 gativam
847 5187 1044 5244 futurae
1074 5183 1490 5243 resurrectionis
1515 5187 1826 5253 accepimus
1858 5199 1873 5237 :
1906 5184 2055 5238 solus
2101 5192 2185 5237 tu-

582 5298 708 5342 men
738 5282 856 5353 ipse
897 5280 1076 5338 adhuc
1104 5279 1502 5338 resurrectione
1547 5285 1809 5349 perpetua
1857 5275 2184 5332 resurrexit.

661 5434 689 5464 ι
726 5423 819 5481 Sic
859 5435 991 5478 mss.
1024 5429 1080 5476 et
1107 5430 1215 5477 vet.
1258 5418 1390 5477 edit.
1437 5417 1539 5474 nisi
1578 5415 1718 5483 quod
1761 5431 1878 5483 pro.
1920 5415 1975 5469 in
2021 5424 2185 5488 petra,

588 5513 721 5555 mss.
766 5495 874 5551 duo
914 5504 968 5551 et
998 5493 1130 5549 edit.
1175 5492 1368 5548 habent
1400 5491 1454 5545 in
1490 5500 1661 5555 terra,
1688 5489 1896 5544 etalias
1922 5487 2184 5556 quasdam

589 5569 930 5626 diversitates
962 5564 1159 5621 nullius
1200 5564 1481 5618 momenti.
1512 5561 1672 5615 Rom.
1720 5566 1899 5615 autem
1929 5559 2061 5613 edit.
2116 5559 2185 5613 ita

593 5642 835 5711 reposuit
861 5657 873 5695 :
906 5636 1121 5705 Excisa,
1154 5636 1324 5690 adhuc
1352 5634 1629 5711 oiridescit,
1664 5644 1711 5711 et
1740 5647 1912 5711 ramus
1935 5632 2051 5701 ejus
2082 5645 2188 5685 non

595 5703 792 5779 deficiet
816 5728 835 5767 :
864 5712 954 5765 etsi
981 5710 1035 5764 in
1063 5703 1199 5763 terra
1226 5716 1425 5762 mortua
1450 5707 1617 5779 miluo
1630 5708 1742 5779 ejus
1770 5703 1946 5772 fuerit,
1978 5713 2188 5759 truncus

596 5776 710 5858 ejus
733 5782 903 5858 adhuc
923 5784 986 5837 ab
1015 5781 1173 5858 odore
1200 5794 1345 5848 aqua:
1370 5776 1692 5846 germinabit,
1724 5787 1831 5858 etc.

668 5857 696 5898 δ
735 5856 937 5912 Outnes
963 5850 1121 5917 etlit.,
1150 5846 1253 5907 non
1279 5858 1536 5919 resurget.
1567 5864 1726 5917 usque
1751 5846 1876 5902 dum
1895 5846 2079 5903 calum
2103 5864 2189 5905 as-

598 5942 898 5988 suatur.....
921 5932 1168 5981 movetur.
1204 5927 1351 5990 ἐλαι,
1381 5929 1610 5979 novetur.
1640 5920 1770 5979 Mss.
1792 5933 1892 5977 ses
1916 5929 1977 5978 ut
2005 5935 2109 5979 nos
2133 5921 2191 5979 in

1903 349 2151 413 SANC'I'I
2189 350 2512 412 AMBROSII

559 474 896 548 quotidiana.
927 473 1109 547 Itaque
1136 472 1192 530 in
1228 471 1420 545 exigua
1449 469 1815 530 delectatione
1853 470 2159 528 amaritudo
2183 473 2239 535 Α

3782 343 3893 403 808

2849 465 3078 526 CAPUT
3117 464 3255 525 VIII.

2266 590 2535 659 Quomodo
2574 589 2748 645 beatus
2788 584 2891 642 Job
2927 584 3351 642 resurrectionem
3397 592 3563 651 atque
3602 578 3750 633 iram
3784 576 3893 632 Do-

2332 683 2459 737 mini
2503 682 2559 737 in
2607 680 3041 737 consummatione
3081 682 3309 749 futuram
3358 671 3800 746 signiﬁcaverit;
3845 678 3892 722 et

2332 790 2486 846 quam
2522 772 2885 829 desideraverit
2921 788 2988 829 ea:
3018 772 3115 825 hac
3143 771 3276 840 vita,
3322 767 3416 824 ubi
3444 765 3688 840 perﬁdia
3717 763 3893 818 donti-

2334 878 2510 935 natur,
2544 868 2785 924 evolare!

2334 982 2428 1040 26.
2468 981 2667 1037 Audito
2691 980 2854 1053 igitur
2880 979 3009 1051 quid
3036 980 3246 1036 locutus
3270 986 3423 1035 esset
3447 978 3504 1032 in
3531 989 3605 1032 eo
3640 973 3823 1037 Dens,
3843 982 3896 1029 et

2265 1076 2486 1146 cognitu
2515 1090 2611 1147 per
2653 1074 2911 1146 Spiritum
2942 1087 3188 1129 sanctum
3230 1070 3381 1145 quod
3417 1069 3602 1126 Filius
3646 1066 3756 1123 Dei
3787 1082 3892 1121 nua

2265 1169 2441 1227 solum
2468 1168 2685 1227 veniret
2711 1169 2763 1223 in
2792 1176 2989 1233 terras,
3020 1165 3116 1223 sed
3140 1166 3302 1223 etiam
3324 1164 3719 1221 descensurus
3748 1169 3895 1217 esset

2267 1264 2335 1322 ad
2367 1262 2588 1331 inferos,
2619 1272 2679 1319 ut
2717 1274 2962 1318 mortuos
3003 1260 3354 1318 resuscitaret
3382 1255 3560 1332 (quod
3592 1264 3740 1311 tunc
3779 1254 3895 1325 quia

2269 1357 2392 1415 dem
2436 1358 2632 1416 factum
2672 1366 2759 1413 est
2791 1368 2814 1396 ο
2850 1354 2920 1411 ad
2966 1354 3336 1411 testimonium
3379 1348 3761 1423 praesentium
3785 1386 3802 1409 ,
3846 1357 3892 1401 et

2271 1452 2578 1524 exemplum
2622 1448 2973 1520 futurorum),
3001 1461 3299 1504 conversus
3325 1445 3393 1499 ad
3429 1443 3744 1498 Dominum
3777 1440 3850 1494 ait
3877 1454 3891 1492 :

2275 1547 2487 1605 Utinam
2518 1548 2571 1601 in
2603 1546 2808 1617 inferno
2833 1560 2912 1599 me
2937 1557 3291 1607 conservans,
3319 1538 3681 1594 abscondens
3729 1544 3894 1589 ante:

2272 1658 2383 1707 me,
2414 1641 2576 1695 donec
2601 1640 2798 1694 desinat
2837 1640 2919 1693 ira
2961 1647 3078 1704 tua,
3118 1646 3166 1691 et
3194 1645 3395 1691 statuas
3426 1632 3563 1687 mihi
3601 1642 3824 1701 tempus
3844 1630 3893 1681 is

2272 1752 2374 1809 quo
2422 1734 2721 1789 memoriam
2769 1732 2867 1786 mei
2909 1732 3091 1804 facias.
3138 1729 3201 1787 Si
3249 1729 3388 1784 enim
3441 1736 3697 1783 mortuus
3746 1720 3891 1794 fuerit

2277 1831 2452 1898 homo,
2494 1830 2624 1885 oioet
2653 1844 3012 1884 consummans
3051 1827 3158 1882 dies
3204 1826 3319 1880 trite
3361 1824 3555 1895 ipsius.
3606 1820 3888 1877 διιειὶηὼ

2471 1925 2654 1979 iterum
2700 1924 2858 1993 fiam,
2887 1923 3074 1978 deinde
3111 1920 3315 1977 vocabis
3356 1935 3470 1986 me;
3509 1933 3612 1990 ego
3642 1926 3822 1970 autem
3846 1926 3885 1968 te

2273 2020 2549 2075 oboudiam
2587 2036 2607 2077 :
2650 2030 2704 2075 at
2750 2035 2905 2090 opera
2951 2034 3195 2072 manuum
3237 2026 3443 2070 tuarum
3484 2030 3555 2068 ne
3602 2012 3877 2082 despicias.

2274 2112 2580 2170 Numerain
2608 2126 2777 2169 autem
2802 2129 2940 2167 meas
2967 2110 3372 2175 adinventiones,
3400 2124 3497 2162 nec
3527 2107 3823 2179 preter-ibit
3844 2116 3882 2157 te

2273 2210 2554 2282 quidquam
2581 2224 2645 2263 ea:
2682 2208 2899 2281 peccatis
2927 2205 3073 2260 meis.
3109 2203 3345 2276 Signasti
3378 2210 3561 2258 autem
3590 2200 3879 2269 iniquitates

2276 2322 2416 2361 meas
2460 2306 2515 2360 in
2559 2304 2804 2368 sacculo,
2850 2312 2896 2359 et
2945 2302 3135 2357 notasti
3162 2302 3207 2356 si
3233 2298 3362 2372 quid
3398 2298 3607 2353 inscius
3637 2295 3880 2366 praeterii

2275 2402 2420 2475 (Job.
2448 2416 2559 2468 xw,
2593 2401 2663 2458 15
2682 2408 2729 2455 et
2755 2400 2909 2471 seq.).
2941 2399 3113 2468 Quam
3141 2395 3322 2452 suavis
3349 2395 3507 2451 locus
3526 2436 3543 2460 ,
3571 2395 3669 2462 qui
3705 2407 3803 2446 nos
3826 2389 3879 2443 de

2277 2495 2678 2551 resurrectione
2704 2491 3019 2558 conﬁrmat;
3046 2502 3101 2547 et
3120 2504 3280 2561 quam
3307 2488 3529 2544 videtur
3558 2484 3694 2541 voci
3722 2484 3878 2539 Domi-

2277 2591 2415 2647 nica:
2453 2588 2780 2655 convenire,
2811 2601 2935 2657 quas
2961 2585 3016 2641 in
3045 2582 3345 2655 Evangelio
3374 2581 3601 2653 legitur,
3633 2579 3735 2635 ubi
3774 2580 3835 2632 sit
3861 2596 3873 2632 :

2280 2684 2425 2741 Tunc
2462 2684 2708 2757 incipient
2736 2682 2905 2737 dicere
2938 2679 3194 2735 montibus
3225 2693 3244 2733 :
3272 2675 3455 2731 Cadite
3482 2691 3649 2747 super
3693 2678 3871 2737 ποκα

2279 2779 2500 2837 collibus
2527 2796 2546 2835 :
2580 2778 2792 2850 Operite
2833 2792 2926 2832 nos
2974 2775 3127 2849 (Luc.
3160 2787 3324 2839 xsttt,
3352 2769 3471 2842 50).
3507 2769 3637 2826 Erit
3666 2769 3809 2823 enim
3834 2767 3872 2821 in

2280 2874 2750 2933 consummatione
2777 2872 2963 2931 smculi
2995 2872 3072 2927 ira
3105 2869 3339 2926 Domini.
3371 2867 3545 2922 Recte
3582 2881 3727 2938 ergo
3765 2864 3871 2921 San-

2280 2978 2400 3025 ctus
2438 2970 2492 3025 in
2535 2967 2797 3039 judicium
2843 2965 3050 3022 mavult
3078 2975 3399 3034 resurgere,
3446 2974 3620 3031 quam
3672 2959 3731 3013 in
3767 2967 3870 3012 ten-

2281 3078 2382 3135 pus
2403 3062 2607 3120 divina:
2637 3060 2965 3129 iracundias,
2996 3072 3118 3131 quas
3148 3054 3408 3113 terribilis
3436 3053 3607 3111 etiam
3636 3053 3868 3108 innocen-

2284 3158 2428 3215 tibus
2456 3166 2561 3215 est.

2354 3252 2446 3308 27.
2486 3250 2657 3309 Simul
2695 3250 2860 3308 etiam
2892 3247 3023 3305 illud
3063 3245 3394 3318 prophetare
3439 3242 3786 3314 intelligitur,
3813 3238 3860 3294 ὦ

2284 3345 2459 3403 cendo
2489 3364 2503 3401 :
2535 3345 2754 3402 Statuas
2774 3345 2901 3401 mihi
2925 3353 3121 3416 tempus
3145 3341 3199 3396 in
3225 3356 3327 3413 quo
3352 3338 3666 3393 memoriam
3691 3337 3789 3390 mei
3810 3336 3870 3405 fs-

2282 3442 2429 3507 eias;
2458 3437 2602 3511 quod
2634 3439 2687 3493 in
2730 3436 2981 3506 passione
3015 3434 3226 3490 Domini
3271 3428 3691 3488 resuscitandus
3722 3429 3863 3491 foret,

2283 3534 2426 3590 sicut
2453 3533 2504 3588 io
2537 3532 2641 3589 line
2666 3532 2821 3588 istius
2844 3530 2963 3587 libri
2991 3529 3425 3591 demonstratur;
3462 3540 3570 3581 nec
3603 3535 3773 3579 tamen
3790 3520 3863 3576 de-

2286 3627 2503 3699 plorare
2530 3624 2770 3681 dcsinit:
2809 3636 2865 3681 et
2908 3640 3017 3696 quo
3056 3623 3227 3695 magis
3277 3619 3535 3691 intelligit
3564 3619 3672 3675 sibi
3711 3631 3859 3673 r85!!-

2284 3719 2581 3776 rectionem
2612 3734 2735 3775 esse
2772 3720 3103 3792 propositam
3125 3760 3140 3785 ,
3170 3716 3333 3771 vitam
3366 3716 3508 3771 hanc
3539 3714 3709 3785 fugere
3726 3710 3844 3765 desi-

2285 3813 2445 3869 derat
2465 3855 2479 3877 ,
2510 3813 2701 3869 videns
2728 3829 2788 3870 se
2818 3814 2871 3869 in
2916 3828 3109 3869 manus
3136 3811 3394 3867 traditum
3429 3807 3841 3867 adversariorum.

2286 3904 2587 3977 projectum
2640 3920 2700 3962 se
2744 3908 2795 3960 in
2845 3913 3166 3976 potestatem
3216 3902 3547 3974 impiorum,
3600 3901 3682 3958 cui
3719 3898 3855 3953 etiam

2286 4000 2445 4056 amici
2481 4001 2533 4054 in
2566 3998 2816 4055 inimicus
2843 3999 3099 4056 conversi
3127 4007 3281 4061 sunt,
3310 3996 3400 4067 qui
3429 4011 3558 4051 cum
3607 3991 3860 4051 debuerint

2287 4094 2600 4161 consolari,
2629 4096 2838 4151 ruinam
2886 4109 3050 4166 super
3097 4092 3305 4149 ruinam
3351 4090 3632 4157 inferant;
3683 4100 3861 4145 memor

2289 4197 2468 4244 tamen
2508 4188 2858 4244 conscientiae
2902 4203 3014 4242 suae
3053 4201 3239 4258 pune,
3288 4194 3343 4240 et
3372 4184 3591 4239 mundm
3632 4179 3863 4239 uratiou'u

2287 4284 2409 4338 ait:
2450 4281 2610 4337 Terra
2651 4297 2753 4336 non
2796 4282 3061 4355 cooperias
3095 4276 3122 4317 ἀ
3163 4282 3218 4333 in
3255 4276 3508 4351 sanguine
3555 4276 3725 4331 carnis
3766 4286 3866 4327 me:

2290 4373 2415 4448 (Job
2448 4391 2560 4444 χιιι,
2590 4375 2713 4448 19);
2742 4383 2802 4431 ιιι
2824 4376 2999 4431 oratio
3022 4372 3140 4444 ejus
3160 4373 3299 4429 sicut
3327 4374 3609 4427 incensum
3632 4369 3865 4439 dirigatur

2289 4472 2356 4526 ad
2390 4470 2710 4536 Dominum,
2744 4487 2850 4526 non
2897 4470 2950 4525 in
2996 4480 3137 4525 terra
3169 4465 3500 4523 diversetur.
3532 4465 3715 4522 Sancti
3744 4463 3861 4520 enim

2290 4568 2466 4623 oratio
2495 4566 2666 4623 nubes
2696 4574 2975 4638 penetrat;
3008 4564 3305 4636 peccatoris
3330 4562 3665 4627 orationem,
3695 4558 3860 4615 sicut:

2295 4663 2407 4720 Deo
2434 4661 2567 4719 Cain
2608 4663 2811 4720 dictum
2858 4670 2942 4718 est
2982 4658 3304 4732 parricidae,
3350 4658 3604 4728 aperiens
3632 4671 3691 4710 os
3729 4667 3858 4710 suum

2290 4764 2436 4812 terra
2484 4757 2535 4811 in
2584 4756 2848 4827 sanguine
2877 4753 3059 4810 carnis
3088 4750 3393 4810 abscondit.
3426 4747 3761 4815 Maledictus,
3800 4746 3860 4800 iu-

2292 4849 2427 4923 quit,
2460 4867 2491 4905 a
2521 4858 2681 4918 terra,
2710 4864 2826 4920 quae
2844 4850 3047 4921 aperuit
3077 4864 3135 4903 os
3160 4861 3313 4901 suum
3336 4843 3571 4917 accipere
3590 4841 3857 4914 sanguinem

2292 4943 2471 5016 fratris
2516 4944 2590 4998 tui
2626 4944 2691 4999 de
2727 4959 2886 4999 manu
2924 4954 3050 5011 tua;
3078 4943 3320 5012 quoniam
3361 4938 3657 5012 operoberis
3699 4946 3855 4992 terreis

2296 5038 2452 5113 (Gen.
2484 5054 2563 5108 tv,
2597 5038 2712 5111 tl).

2910 5148 3140 5211 CAPUT
3176 5149 3270 5209 IX.

2297 5268 2761 5345 Reprehenduntur
2795 5268 2835 5324 ii
2855 5309 2870 5331 ,
2899 5269 2990 5339 qui
3028 5266 3286 5324 curiosius
3323 5261 3595 5337 sapientia:
3621 5262 3764 5335 adyta
3794 5255 3852 5313 ri-

2299 5422 2477 5481 textu;
2539 5426 2700 5483 quam
2756 5410 3046 5467 lectionem
3098 5424 3223 5468 esse
3269 5410 3556 5483 genuinam
3612 5406 3850 5480 sequentis

2295 5496 2483 5555 aperte
2502 5485 2759 5539 clamant.

2318 5551 2389 5642 ,ἐ
2432 5555 2580 5612 Edit.
2611 5555 2740 5612 thl.
2780 5569 2846 5611 ac
2885 5555 3073 5625 Rom.,
3110 5556 3180 5610 ad
3219 5555 3566 5612 testimonium
3592 5551 3848 5627 prtecedert-

2334 5648 2364 5683 ll
2425 5670 2437 5684 .

2292 5642 2328 5686 ﬂ
2362 5647 2416 5739 ἐκ
2435 5700 2553 5756 Vet.
2585 5700 2717 5756 edit.
2748 5716 2871 5757 cum
2912 5716 3044 5757 mss.
3073 5701 3309 5771 aliquot,
3340 5700 3396 5755 in
3432 5701 3683 5771 sanguine
3707 5710 3849 5771 comes

2291 5790 2464 5841 meas;
2498 5773 2656 5829 Rom.
2682 5789 2805 5846 cum
2827 5774 2948 5829 aliis
2966 5815 2981 5838 ,
3016 5776 3069 5827 in
3096 5769 3345 5846 sanguine
3368 5769 3543 5827 carnis
3566 5786 3709 5846 πιηυφ.
3728 5769 3848 5846 juxta

2293 5846 2415 5939 vat.
2454 5846 2575 5936 cod;
2621 5844 2769 5902 LXX
2807 5843 3207 5918 interpretum,
3240 5843 3332 5902 ubi
3365 5846 3534 5902 habes
3562 5860 3583 5900 :
3611 5844 3685 5919 ἐφ’
3705 5844 3847 5916 αἵματι

2291 5941 2384 5983 της
2410 5940 2602 5999 capso:
2627 5941 2751 5994 μου.
