4060 6386
33 602 68 638 ἑὲ

49 2826 78 2881 Ξ.

32 3143 78 3154 πνι-

37 3153 80 3170 δι-

183 358 309 415 809

1015 364 1104 426 DE
1143 368 1788 429 INTERPELLATIONE
1827 375 1946 431 J08
1987 378 2075 434 ΕΤ
2115 381 2327 438 ΒΛἮΙ)
2366 375 2579 442 LIBER
2616 387 2656 442 Ι.

3404 404 3512 460 810

267 479 414 533 mari
455 480 644 535 audent
675 498 694 536 :
723 497 836 536 eam
865 497 1027 554 neque
1051 487 1109 540 in
1150 489 1356 559 abysso.
1393 507 1548 561 neque
1577 491 1628 544 in
1677 493 1806 545 mari
1834 495 1886 555 Α
1914 495 2015 548 mei
2043 510 2160 549 eam
2195 499 2414 554 turbare
2445 511 2754 569 potuerunt.
2789 502 2854 558 Et
2885 513 2937 559 tn
2961 521 3091 577 ergo
3117 509 3170 563 in
3204 509 3306 566 hoc
3327 516 3516 570 smculi

263 574 608 643 quwrendant
635 591 777 640 esse;
807 585 852 630 et
871 594 974 645 qua
995 597 1152 636 causa
1175 599 1193 636 :
1225 582 1442 652 denique
1466 585 1696 657 ejusdem
1718 603 1799 640 co-

264 667 556 738 gnitionem
583 668 683 723 soli
724 667 865 740 Deo,
897 682 946 727 et
975 673 1158 745 quibus
1199 692 1313 730 eam
1351 676 1438 731 ille
1475 679 1802 748 revelaverit,

259 767 470 826 patere.

260 847 366 904 ‘28.
409 849 691 908 Flebiliter
718 853 902 926 itaque
945 857 1178 914 Sanctus
1217 859 1468 926 deplorat
1493 864 1616 919 vitio
1648 863 1804 920 istius

179 948 450 1013 tempora
481 961 494 998 :
527 943 713 1009 Pereo,
739 946 934 1022 inquit,
958 961 1006 1005 et
1030 952 1214 1023 spiritu
1237 955 1404 1028 636
1427 958 1762 1027 circumferor
1785 975 1804 1013 :

176 1052 288 1092 oro
315 1049 490 1094 autem
510 1040 846 1112 sepulturam.
872 1051 923 1097 et
947 1061 1050 1099 non
1070 1047 1308 1118 impetro,
1340 1067 1519 1118 precor
1539 1050 1798 1106 laborans.

175 1128 261 1184 Et
294 1131 429 1203 quid
454 1135 645 1205 faciam
666 1133 786 1208 (Job
815 1153 944 1202 xvtt,
972 1139 996 1193 1
1025 1148 1073 1194 et
1099 1138 1195 1211 2)?
1229 1140 1352 1196 Dies
1395 1145 1494 1199 mei
1522 1153 1547 1181 ο
1581 1146 1803 1198 transie-

175 1237 318 1281 runt
344 1228 400 1281 in
426 1227 675 1284 horrore:
705 1231 901 1303 dirupti
921 1243 1040 1286 sunt
1061 1234 1267 1288 articuli
1287 1237 1461 1291 cordis
1488 1239 1584 1290 mei
1609 1236 1804 1306 (Ibid..

177 1318 312 1390 H).
355 1319 466 1378 Nec
511 1333 689 1378 tamen
739 1339 961 1392 usquam
1004 1326 1231 1398 derogat
1270 1328 1474 1399 judicio
1528 1331 1654 1395 Dei;
1704 1331 1808 1387 scit

176 1411 348 1468 enim
380 1413 702 1479 profundam
733 1431 858 1472 esse
878 1417 1212 1474 altitudinem
1239 1421 1519 1493 sapientia:
1549 1433 1605 1478 et
1630 1426 1808 1479 scien-

177 1507 284 1564 tiae
325 1507 443 1571 Dei.
482 1520 537 1564 et
565 1512 932 1568 inscrutabilia
959 1513 1165 1585 judicia
1191 1518 1331 1588 ejus,
1364 1529 1525 1588 atque
1577 1519 1805 1577 investi-

178 1601 410 1671 gabiles
441 1602 557 1658 vias
587 1603 726 1672 ejus.

265 1695 371 1751 29.
417 1694 538 1750 Non
562 1699 921 1763 calcaverunt,
955 1700 1159 1771 inquit,
1190 1718 1276 1758 eas
1305 1705 1402 1775 ﬁlii
1429 1721 1484 1760 se
1507 1707 1808 1778 gloriﬁcan-

186 1787 367 1852 tium,
411 1805 502 1871 nec
527 1792 763 1846 transivit
791 1809 881 1862 per
933 1805 1017 1848 eas
1059 1794 1138 1848 leo
1170 1793 1294 1862 (Job
1325 1813 1494 1852 xxvtn
1517 1839 1531 1866 ,
1565 1801 1641 1871 8).
1676 1801 1808 1868 Quis

1910 585 2068 641 istius
2101 591 2307 656 positus
2333 591 2494 654 freto,
2521 594 2633 648 noli
2665 594 2955 663 perfectam
2984 599 3130 654 illam
3162 603 3250 657 ltei
3282 604 3510 675 Sapien-

1909 678 2036 734 tiam
2070 680 2119 734 iti
2151 681 2255 737 hoc
2281 686 2484 740 mundo
2510 704 2791 758 qnwrere;
2821 691 2944 761 quia
2986 694 3219 748 mundus
3248 711 3366 750 eam
3399 713 3508 753 non

1907 774 2179 842 cognovit.
2210 775 2315 830 Sed
2339 779 2384 832 si
2408 781 2487 833 vis
2515 797 2634 835 eam
2661 785 2926 848 invenire,
2957 786 3103 840 calca
3133 786 3324 842 ﬂuctus
3352 790 3512 860 hujus

1908 865 2115 931 mundi,
2146 867 2288 922 sicut
2316 871 2546 926 ealcavit
2575 873 2799 942 Petrus,
2827 885 2884 930 et
2907 879 3120 933 ambula
3148 894 3314 950 super
3341 898 3511 952 aquas

1909 957 2072 1028 hujus
2103 960 2311 1023 saeculi,
2336 969 2392 1016 et
2418 965 2653 1033 porriget
2684 967 2776 1022 tibi
2809 969 3087 1026 dexteram
3111 971 3410 1042 Sapientia,
3435 975 3508 1029 si-

1907 1060 2000 1106 cut
2032 1056 2270 1122 porrexit
2294 1064 2351 1111 et
2381 1056 2576 1124 Petro;
2608 1063 2732 1127 quia
2767 1079 2930 1118 nemo
2961 1065 3057 1120 fuit
3081 1083 3240 1133 quem
3271 1085 3377 1124 non
3409 1085 3514 1126 sa:-

1906 1145 2012 1198 culi
2043 1145 2204 1220 hujus
2235 1148 2373 1202 unda
2412 1151 2732 1208 turbaverit.
2760 1155 3020 1213 Turbavit
3047 1159 3320 1215 Abraham
3341 1204 3355 1228 ,
3390 1172 3510 1218 tur-

1907 1237 2058 1293 bavit
2100 1249 2156 1296 et
2196 1241 2446 1313 Moysen,
2499 1248 2732 1302 turbavit
2775 1259 2829 1304 et
2878 1250 3120 1306 Petrum.
3156 1256 3372 1327 Moyses
3417 1273 3514 1327 per

1908 1349 2059 1388 mare
2093 1337 2374 1401 transivit,
2409 1347 2464 1393 et
2493 1355 2589 1408 per
2630 1358 2777 1396 mare
2825 1345 3058 1412 peditent
3094 1347 3246 1402 duxit
3289 1351 3512 1405 exerci-

1910 1436 2066 1481 tum:
2099 1429 2192 1482 sed
2239 1437 2366 1485 ante
2410 1442 2464 1486 et
2510 1430 2627 1499 ipse
2671 1434 2914 1489 turbatus
2962 1447 3066 1491 est.
3114 1438 3306 1494 Petrus
3349 1456 3513 1511 super

1907 1534 2075 1590 aquas
2103 1522 2334 1577 calcavit
2364 1541 2376 1576 :
2410 1524 2506 1579 sed
2537 1541 2748 1582 niersiis
2782 1530 2956 1583 fuerat
2983 1545 3236 1600 corpore,
3270 1535 3396 1602 quia
3429 1535 3514 1590 in-

1910 1608 2169 1666 ﬁrmioris
2201 1611 2325 1668 ﬁdei
2350 1616 2581 1686 vestigio
2611 1619 2954 1675 claudicavit.
2987 1621 3130 1691 Ergo
3158 1625 3264 1696 poli
3295 1625 3516 1695 Sapien-

1911 1702 2036 1756 tiam
2085 1701 2138 1758 in
2184 1707 2318 1760 mari
2360 1724 2637 1778 quaerere;
2687 1711 2848 1784 637
2881 1715 3002 1784 quia
3053 1731 3159 1768 non
3207 1716 3343 1770 dixit
3387 1733 3510 1773 cum
3593 1701 3600 1704 ’

1911 1796 2044 1848 mari
2073 1811 2134 1851 se
2164 1797 2401 1854 futurum
2432 1801 2696 1858 Dominus
2725 1803 2882 1860 Jesns
2903 1846 2919 1872 ,
2951 1807 3045 1861 sed
3085 1824 3208 1863 cum
3249 1811 3517 1878 apostolis

184 1883 348 1937 enim
402 1867 572 1951 potuit
613 1886 730 1941 vias
767 1886 887 1955 ejus
931 1890 1427 1960 Comprehendere,
1476 1867 1807 1961 qﬁtﬁvttbtiile

1914 1889 2054 1955 suis;
2093 1899 2149 1944 ιιι
2181 1891 2360 1958 aliqua
2404 1910 2469 1948 ex
2505 1903 2660 1964 parte
2690 1914 2812 1952 eum
2858 1911 3286 1968 cognoscerent,
3320 1895 3517 1968 quibus

183 1975 410 2030 occulta
443 1979 779 2048 penetravit?
813 1979 962 2036 Unde
984 2023 998 2048 ,
1025 1985 1226 2053 inquit,
1262 1986 1466 2040 inventa
1497 1998 1567 2041 est
1599 1991 1807 2057 sapien-

185 2069 268 2122 tia
288 2110 304 2134 ,
349 2078 443 2123 aut
469 2071 582 2140 quis
629 2072 773 2127 locus
802 2072 1141 2145 disciplinae?
1169 2075 1350 2133 Nescit
1380 2081 1614 2135 mortalis
1657 2082 1808 2136 homo

186 2161 336 2214 viam
360 2164 494 2235 ejus,
522 2179 615 2217 nec
637 2165 836 2219 inventa
867 2178 940 2221 est
963 2169 1016 2221 in
1037 2168 1346 2226 hominibus.
1371 2169 1602 2244 Abyssus
1632 2174 1762 2229 dixit
1789 2192 1807 2229 :

191 2251 326 2308 Non
350 2264 426 2309 est
455 2256 508 2310 in
539 2273 620 2311 me
637 2275 659 2324 ;
700 2269 746 2312 et
771 2276 914 2314 mare
937 2261 1110 2316 dixit:
1139 2261 1261 2318 Non
1290 2274 1364 2318 est
1413 2283 1606 2320 mecum
1638 2266 1688 2338 (Ι
1699 2269 1804 2323 bid.

195 2345 269 2403 12
298 2358 346 2401 et
369 2349 526 2420 seq.).
560 2349 679 2406 Non
707 2351 800 2405 tibi
835 2352 962 2408 licet
987 2358 1152 2419 scire,
1181 2371 1215 2408 o
1245 2355 1430 2420 homo,
1455 2359 1564 2412 alta
1593 2362 1808 2432 sapien-

193 2438 324 2506 tiae;
359 2441 481 2496 ideo
510 2443 602 2497 tibi
648 2445 909 2516 scriptum
949 2458 1033 2503 est
1063 2467 1076 2504 :
1123 2447 1250 2504 Noli
1279 2453 1443 2507 altum
1468 2470 1681 2526 sapere,
1715 2458 1809 2512 sed

191 2534 320 2588 time
350 2535 528 2604 (Rom.
565 2553 657 2603 XI,
687 2538 803 2608 20).
837 2541 975 2608 Quid
1018 2545 1235 2601 curiose
1278 2551 1431 2615 cupis
1479 2547 1807 2622 investigare

193 2628 344 2697 quod
384 2629 479 2685 tibi
512 2646 619 2685 non
653 2633 871 2701 expedit
902 2636 1074 2701 scire,
1105 2653 1205 2692 nec
1251 2654 1584 2710 cognoscere
1610 2642 1808 2700 datur?

195 2720 402 2777 Paulus
431 2723 634 2778 audivit
666 2726 844 2790 aliqua
874 2741 1083 2784 secreta
1115 2731 1428 2800 sapientiae,
1462 2750 1584 2802 quae
1619 2737 1806 2804 prohi-

198 2813 346 2868 bitus
373 2825 457 2870 est
484 2815 604 2872 aliis
631 2819 916 2886 intimare;
951 2830 1007 2876 et
1037 2823 1158 2876 ideo
1187 2835 1374 2893 raptus
1399 2835 1482 2880 est
1510 2828 1561 2879 in
1594 2829 1806 2897 paradi-

199 2920 353 2972 sum,
389 2922 575 2980 rapius
607 2926 777 2982 usque
804 2912 872 2967 ad
901 2915 1120 2969 tertium
1150 2916 1349 2971 cteluin
1373 2959 1388 2983 ,
1419 2928 1473 2971 ut
1504 2919 1715 2974 audiret
1741 2936 1804 2976 ea

202 3014 320 3067 quae.
354 3003 562 3068 positus
589 3003 639 3056 in
670 3005 829 3058 terris
854 3004 1047 3061 audire
1077 3024 1183 3062 non
1210 3019 1422 3077 poterat
1449 3011 1519 3076 (Il
1546 3009 1666 3067 Cor.
1691 3029 1764 3068 xu
1785 3055 1799 3082 ,

200 3091 310 3147 ὕει
339 3091 416 3162 4).
459 3091 519 3149 Si
563 3109 684 3164 qua:
716 3097 925 3151 audivit
957 3098 1155 3165 homo,
1201 3116 1308 3154 non
1351 3101 1502 3158 licuit
1529 3105 1578 3159 ei
1624 3104 1800 3173 l0qui,

149 3257 152 3259 Δ
204 3186 656 3254 quemadmodum
685 3189 829 3259 quod
862 3207 970 3245 non
1001 3192 1238 3254 audivit.
1270 3195 1536 3266 inquirit?
1562 3197 1802 3268 Impera-

1910 1980 2026 2034 ait:
2060 1979 2195 2036 Ecce
2239 2001 2331 2057 ego
2359 1987 2614 2040 vobiscum
2649 2005 2765 2042 sum
2807 2007 2964 2061 usque
3004 1993 3072 2046 ad
3113 1999 3516 2052 consummatio-

1911 2087 2025 2126 nent
2053 2076 2232 2129 steculi
2258 2079 2471 2146 (Matth.
2500 2095 2698 2137 xxvm.
2725 2081 2839 2150 20).
2871 2082 3016 2137 Beati
3040 2102 3159 2141 cum
3189 2089 3380 2156 quibu~
3406 2099 3514 2158 est,

1912 2168 2116 2221 utinam
2145 2178 2196 2222 et
2221 2170 2503 2226 nobiscum
2536 2173 2626 2226 sit.
2657 2173 2710 2229 St
2731 2175 2764 2228 d
2798 2176 3076 2232 nobiscum
3111 2195 3258 2233 mare
3279 2191 3385 2246 est,
3417 2183 3518 2236 Pe—

1914 2270 2028 2314 trus
2062 2277 2184 2316 cum
2213 2261 2452 2322 Lhristo.
2487 2269 2610 2335 quia
2644 2275 2700 2320 et
2741 2267 2855 2334 ipse
2893 2271 3119 2325 ealcavit
3150 2288 3317 2327 mare.
3349 2272 3518 2330 Nobis

1909 2365 2102 2406 aurum
2146 2353 2295 2408 Cordi
2341 2365 2507 2426 atque
2553 2367 2832 2426 argentum
2876 2369 2960 2413 est
2991 2379 3004 2415 :
3034 2362 3294 2432 sapientia
3334 2377 3513 2418 autem

1910 2457 2072 2506 supra
2100 2460 2316 2511 aurum,
2351 2463 2459 2500 non
2507 2448 2558 2500 in
2591 2463 2722 2502 auro
2754 2459 2854 2504 est.
2902 2449 3028 2504 ldeo
3059 2456 3147 2520 qui
3181 2454 3514 2520 Sapientiam

1910 2535 2114 2592 habere
2142 2539 2415 2607 cupiebat,
2445 2539 2747 2609 Argentum,
2779 2543 2874 2607 ait,
2905 2552 2951 2595 et
2981 2559 3161 2596 aurum
3190 2562 3292 2598 non
3322 2546 3516 2611 habeo;

1909 2632 1999 2685 sed
2029 2634 2168 2698 quod
2210 2630 2392 2698 habeo,
2429 2633 2495 2686 do
2527 2635 2617 2687 tibi
2641 2650 2659 2688 :
2685 2635 2737 2688 in
2775 2637 2980 2689 nomine
3017 2635 3146 2691 Jesu
3187 2635 3379 2693 Christi
3404 2638 3520 2694 Na-

1908 2725 2085 2778 zareni
2111 2741 2265 2796 surge
2291 2735 2339 2778 et
2378 2725 2582 2780 ambula
2613 2727 2750 2799 (Act.
2781 2743 2856 2793 ιιι,
2889 2727 2965 2796 6).
3004 2727 3136 2796 Quia
3186 2746 3376 2785 aurum
3408 2747 3516 2786 non

1909 2816 2180 2882 habebat,
2229 2818 2281 2871 in
2314 2818 2533 2873 nomine
2566 2819 2762 2872 Christi
2794 2819 3022 2872 habt-hat
3056 2823 3156 2889 pia:
3183 2824 3518 2888 Operationis

1907 2911 2157 2978 gratiam.
2195 2909 2322 2964 Ideo
2357 2921 2410 2964 et
2438 2911 2534 2964 tibi
2563 2911 2760 2964 dicitur
2788 2929 2802 2965 :
2834 2910 2900 2965 Et
2927 2911 3073 2966 trahe
3106 2913 3429 2985 Sapientiam
3461 2919 3513 2972 in

1907 3002 2154 3057 interiora
2190 3002 2312 3056 tJob
2348 3019 2543 3070 xxvttt,
2582 3003 2702 3073 18);
2744 3014 2799 3058 et
2842 3006 2977 3059 intra
3007 3025 3016 3058 :
3053 3006 3261 3072 Latuit,
3315 3010 3514 3080 inquit,

1907 3110 2108 3149 omnem
2138 3096 2392 3149 hominem
2413 3139 2428 3162 ,
2476 3106 2524 3150 et
2563 3113 2594 3149 a
2637 3097 2929 3151 volatilibus
2958 3100 3069 3152 αειί
3097 3101 3398 3155 abscondita
3443 3112 3517 3156 est

1911 3187 2076 3261 (Ibid.
2103 3189 2221 3254 ‘21).
2250 3188 2360 3244 Nec
2404 3189 2652 3243 homines
2681 3190 2924 3244 sciebant
2953 3191 3042 3245 ubi
3091 3203 3238 3252 erat.
3269 3209 3369 3247 nec
3406 3193 3514 3250 An-

207 3279 340 3333 toris
376 3279 530 3349 hujus
562 3283 614 3336 in
659 3282 822 3338 terris
855 3300 959 3338 non
992 3285 1120 3341 licet
1148 3286 1246 3341 tibi
1277 3288 1420 3343 scire
1456 3291 1680 3344 Consilia
1702 3333 1716 3353 .
1751 3301 1805 3347 et
1831 3283 1876 3346 (ἶ
1909 3282 2035 3350 ἔθην
2063 3283 2187 3352 quia
2212 3282 2314 3352 iP‘i
2345 3292 2470 3335 50'“
2499 3298 2627 3336 ave“
2647 3283 2794 3344 1'03"»
2824 3282 2892 3336 d0
2923 3286 3119 3351 ‘lmh'ls
3145 3284 3348 3339 (“mw
3381 3296 3464 3341 θεῖ
3497 3304 3510 3340 ³

206 3370 286 3424 vis
318 3371 457 3426 scire
487 3371 704 3441 divina;
741 3390 848 3429 non
878 3375 1005 3432 licet
1035 3378 1128 3432 tibi
1158 3379 1426 3434 curiosius
1474 3381 1800 3452 investigare

205 3477 324 3534 quae
369 3465 420 3516 in
468 3467 628 3519 terris
665 3475 953 3537 geruntur,
1001 3477 1057 3523 et
1102 3469 1371 3526 curiosius
1403 3473 1632 3543 requiris
1670 3475 1799 3545 quid

206 3573 360 3629 Supra
389 3559 588 3616 C(Biltlll
617 3573 826 3631 agatur.
858 3561 966 3617 Cur
1009 3571 1063 3618 tu
1102 3564 1346 3633 disputas
1378 3566 1520 3621 unde
1564 3578 1684 3622 nata
1729 3570 1802 3624 sit

206 3653 516 3725 Sapientia?
541 3654 724 3710 Nescit
755 3656 918 3711 homo
944 3658 1084 3711 viam
1117 3658 1255 3727 ejus,
1284 3675 1382 3714 nec
1409 3660 1460 3714 in
1491 3660 1800 3719 hominibus

206 3749 418 3805 inventa
446 3759 532 3805 est
559 3749 798 3819 perfecta
843 3751 1142 3816 Sapientia.
1176 3752 1300 3828 Non
1345 3753 1400 3808 iu
1447 3755 1656 3827 Moyse.
1693 3774 1798 3813 non

206 3845 259 3900 in
286 3847 484 3908 Aaron,
513 3859 621 3899 non
666 3846 716 3900 iii
745 3845 876 3901 Jesu
897 3844 1044 3901 Nave
1071 3846 1200 3912 luit,
1249 3863 1356 3901 non
1389 3849 1440 3900 in
1484 3849 1602 3916 ipso
1629 3850 1796 3905 David

207 3939 292 4008 qui
331 3938 404 3993 ait
432 3955 447 3992 :
483 3937 694 3992 Incerta
723 3948 772 3992 et
800 3940 1001 3993 occulta
1034 3941 1301 4005 sapientia:
1326 3949 1428 3994 tute
1453 3943 1800 4012 munifestasti

206 4032 327 4086 mihi
353 4029 526 4100 (Psal.
555 4047 604 4091 ι..
635 4030 724 4098 8);
755 4032 878 4102 quia
919 4029 1038 4099 ipse
1077 4032 1214 4085 dixit
1259 4031 1311 4085 in
1360 4034 1749 4099 posterioribus
1782 4051 1797 4091 :

211 4125 356 4181 Velut
373 4126 668 4196 jumentum
688 4103 859 4194 [actus
885 4141 1001 4178 sum
1029 4123 1173 4191 apud
1200 4135 1249 4178 te
1272 4122 1447 4195 (Psal.
1479 4141 1650 4187 Lxxn,
1677 4125 1794 4196 25).

206 4220 368 4290 Supra
410 4229 464 4275 te
487 4229 574 4272 est
611 4218 790 4283 scire,
823 4233 855 4269 ο
889 4215 1072 4274 Ιιοιιιυ.
1105 4217 1450 4271 altitudinem
1479 4217 1794 4289 Sapientiae,

206 4313 330 4369 satis
353 4319 436 4366 est
466 4310 563 4365 tibi
592 4321 642 4362 nt
673 4309 885 4366 credas.
922 4307 985 4362 Si
1024 4309 1157 4362 enim
1189 4325 1294 4363 non
1319 4310 1642 4364 credideritis
1662 4354 1676 4377 ,
1716 4310 1800 4366 in-

207 4407 341 4480 quit,
384 4422 473 4460 nec
514 4404 812 4475 intelligetis
852 4401 1026 4474 (Esai.
1074 4417 1180 4467 vu,
1213 4402 1293 4473 9).
1339 4402 1611 4474 Abyssuin
1659 4407 1798 4460 scire

208 4515 309 4558 non
333 4508 508 4569 potes,
533 4498 785 4569 abyssum
817 4511 922 4548 non
952 4505 1106 4565 potes
1131 4495 1596 4564 comprehendere
1614 4536 1630 4561 ,
1662 4512 1798 4564 quo-

199 4592 358 4649 modo
374 4589 717 4646 altitudinem
743 4588 1037 4656 Sapientia:
1057 4587 1528 4655 Comprehendes?
1549 4589 1810 4660 Abyssus,

1907 3370 1976 3426 Et
2020 3374 2124 3426 vidi
2153 3375 2405 3442 Angelum
2447 3374 2697 3428 volantem
2727 3391 2819 3443 per
2849 3376 3032 3430 coelum
3066 3376 3087 3448 (
3111 3379 3252 3445 tpoc.
3293 3395 3404 3441 κιν,
3432 3379 3514 3451 6).

1976 3467 2064 3520 5|.
2093 3467 2264 3523 Nemo
2313 3470 2488 3538 potuit
2521 3485 2746 3524 no~cere
2771 3470 3106 3530 Sapientiam
3131 3491 3146 3534 ;
3175 3474 3321 3540 quia-
3352 3491 3516 3532 nemo

1905 3560 2060 3614 novit
2109 3558 2306 3616 Filium
2343 3562 2444 3615 nisi
2470 3574 2641 3630 pater.
2673 3575 2724 3616 et
2774 3580 2933 3617 nemo
2967 3569 3115 3620 novit
3159 3565 3372 3622 Patrem
3409 3570 3514 3626 nisi

1903 3650 2094 3715 Filius,
2124 3661 2182 3708 et
2209 3652 2299 3707 cui
2338 3654 2574 3709 voluerit
2606 3653 2776 3708 Filius
2807 3656 3072 3711 revelare.
3104 3658 3223 3724 Ipse
3273 3675 3401 3730 ergo
3429 3677 3514 3718 re-

1903 3746 2101 3801 velavit
2128 3746 2322 3801 Joanni
2349 3762 2468 3802 cum
2492 3763 2600 3818 quo
2633 3757 2782 3802 esset
2805 3751 3067 3808 sapientia
3101 3766 3114 3815 ;
3145 3763 3196 3804 et
3223 3752 3344 3807 ideo
3369 3755 3514 3815 dixit.

1904 3837 2014 3892 ille.
2044 3855 2149 3892 non
2179 3840 2320 3908 quod
2353 3853 2510 3894 Suum
2557 3851 2696 3902 erat,
2741 3839 2835 3892 sed
2866 3841 3034 3913 638
3056 3843 3196 3908 quod
3231 3844 3508 3909 Sapientia

1905 3932 2101 3985 inludit
2130 3933 2179 3985 ei
2216 3949 2228 3984 :
2258 3919 2323 3986 In
2350 3932 2606 4000 principia
2634 3942 2744 3985 erat
2772 3931 3011 3997 Verbum,
3045 3944 3096 3988 et
3128 3934 3352 3990 Verbum
3397 3949 3508 3993 erat

1903 4029 2041 4097 apud
2068 4023 2229 4079 Deum
2259 4023 2436 4096 (Joan.
2475 4041 2513 4088 ι,
2551 4027 2625 4094 1).
2649 4026 2834 4078 Nescit
2866 4025 3200 4094 Sapientiam
3228 4031 3506 4099 interitus,

1904 4124 2076 4176 nescit
2103 4119 2327 4174 malitia.
2355 4120 2606 4172 Interiltts
2624 4118 2768 4172 enim
2796 4127 2984 4174 teni-re
3012 4135 3131 4173 eain
3167 4137 3270 4174 non
3309 4125 3501 4192 potuit,

1902 4220 1992 4285 qui
2017 4211 2298 4266 dixit:Ubi
2325 4222 2420 4270 est,
2457 4227 2615 4270 mors.
2649 4211 2862 4265 uictoria
2891 4212 3020 4270 tua?
3053 4210 3153 4267 Ubi
3192 4231 3349 4275 mors.
3379 4232 3506 4268 acu-

1903 4305 2014 4359 leus
2037 4301 2344 4377 tuus(|Cor.
2361 4319 2452 4369 xv,
2467 4301 2788 4371 55)?Nesctt
2805 4319 2925 4357 eam
2951 4305 3180 4372 malitia,
3197 4323 3321 4376 qua
3338 4307 3507 4363 dixit:

1905 4397 2150 4463 Qutereut
2180 4411 2260 4450 me
2288 4394 2433 4459 ntali,
2469 4403 2518 4448 et
2555 4411 2654 4449 non
2684 4395 2938 4449 invenient
2961 4394 3144 4468 (Prov.
3170 4413 3209 4463 ι,
3235 4398 3348 4469 28).
3371 4400 3504 4454 Pos-

1902 4499 2031 4546 sunt
2056 4491 2274 4544 dicere:
2302 4490 2619 4543 Audivnnus
2645 4487 2873 4556 gloriam
2903 4490 3040 4544 eius.
3060 4491 3220 4546 Solus
3249 4506 3326 4546 εει
3362 4492 3506 4550 Deus

1902 4587 1990 4653 qui
2019 4585 2166 4640 novit
2200 4600 2319 4639 eam
2347 4601 2359 4637 :
2385 4583 2505 4653 quia
2530 4580 2694 4646 Deus,
2722 4583 2914 4651 inquit,
2940 4583 3062 4638 bene
3085 4587 3350 4640 constituit
3371 4588 3508 4643 viam

211 4688 372 4746 dixit:
408 4685 527 4741 Non
559 4695 632 4741 est
672 4685 727 4738 in
755 4699 866 4749 me;
907 4692 963 4739 et
994 4691 1048 4738 tu
1078 4695 1233 4754 potes
1271 4682 1455 4738 dicere
1479 4686 1602 4753 quia
1648 4683 1701 4737 in
1747 4693 1798 4738 te
1821 4687 1876 4748 Ι)
1903 4680 2017 4750 ejus
2040 4695 2058 4732 :
2091 4681 2200 4748 ipse
2223 4678 2363 4731 novit
2385 4678 2551 4731 locum
2580 4678 2696 4748 ejus
2722 4674 2843 4742 (Job
2876 4692 3069 4740 XXUII,
3100 4676 3218 4749 23).
3256 4681 3409 4745 Quod
3435 4681 3508 4735 sit

210 4791 288 4838 est
307 4779 617 4850 Sapientia?
932 4855 940 4861 -

275 4873 356 4930 50.
397 4871 642 4944 Abyssus
681 4885 810 4941 ergo
837 4869 1011 4925 dixit:
1049 4867 1173 4923 Non
1199 4877 1278 4924 est
1302 4869 1356 4922 in
1386 4883 1499 4932 me;
1527 4868 1648 4938 quia
1677 4868 1795 4939 ipse

211 4967 456 5026 Dominus
481 4967 614 5022 dixit
643 4985 654 5017 ε
692 4964 814 5020 Non
842 4965 1162 5026 derelinques
1189 4967 1414 5016 animant
1441 4979 1605 5017 nteam
1635 4964 1688 5016 in
1716 4963 1798 5016 iu-

209 5065 342 5133 ferno
384 5057 553 5132 (Psal.
590 5073 679 5125 xv,
713 5057 828 5124 10).
863 5057 928 5111 Ει
970 5054 1267 5138 Apostolus
1308 5053 1488 5109 dixit:
1523 5053 1651 5119 Quis
1704 5054 1796 5109 de-

206 5156 392 5212 scendit
411 5155 462 5209 in
487 5153 766 5226 abyssum?
790 5151 887 5206 hoc
906 5163 982 5206 est
1008 5149 1268 5205 Christum
1296 5165 1361 5204 ea:
1389 5150 1605 5203 mortuis
1633 5150 1795 5204 dedu-

209 5267 314 5306 cere
338 5247 517 5320 (Rom.
545 5263 611 5311 x,
641 5247 719 5314 7).
750 5247 891 5318 Ergo
917 5247 961 5300 si
996 5245 1359 5314 interrogatur
1384 5245 1612 5316 abyssus
1643 5263 1655 5300 :
1691 5245 1793 5302 Ubi

208 5355 288 5404 est
311 5344 622 5415 Sapientia?
652 5341 967 5410 Restiondet
997 5359 1010 5394 :
1046 5340 1164 5394 Non
1201 5340 1352 5394 estin
1393 5355 1501 5400 me.
1536 5341 1658 5408 quia
1703 5356 1791 5397 re-

204 5441 452 5497 surrexit.
475 5437 848 5508 lnterrogatur
877 5450 1027 5490 mare
1057 5451 1070 5488 :
1105 5433 1204 5490 Ubi
1233 5447 1316 5490 est
1351 5432 1667 5498 Sapientia?
1701 5433 1793 5489 Di-

205 5536 278 5592 cit
303 5553 314 5588 :
344 5533 549 5588 Merum
589 5550 692 5586 non
717 5541 792 5587 est
821 5547 839 5585 :
869 5530 992 5600 quia
1038 5529 1268 5584 calcavit
1297 5544 1382 5584 nte
1403 5571 1418 5596 ,
1459 5544 1561 5584 nec
1598 5528 1796 5584 ﬂuctus

277 5681 302 5710 τι
340 5673 478 5728 Edit.
513 5681 627 5728 ant.
657 5681 712 5726 et
741 5671 919 5726 cuncti
949 5673 1109 5732 mss,
1139 5670 1456 5724 transierunt
1486 5671 1541 5724 in
1568 5670 1794 5736 honore;

209 5733 428 5811 excepto
457 5748 576 5800 solo
613 5743 769 5798 (λιιι).
812 5741 866 5797 iu
895 5758 1002 5810 quo
1049 5742 1264 5807 legitur,
1302 5743 1611 5796 transierunt
1651 5733 1800 5795 inho-

207 5819 334 5874 nori.
361 5817 466 5873 Sed
509 5817 702 5871 melius
733 5814 890 5869 Rom.
931 5813 1064 5870 edit.
1107 5813 1421 5867 transierunt
1469 5815 1522 5867 in
1563 5816 1794 5869 horrore.

209 5889 336 5946 Natu
363 5897 559 5961 praeter
579 5902 740 5960 quam
765 5884 909 5957 quod
933 5887 1080 5942 nullo
1109 5886 1324 5957 negotio
1349 5890 1626 5957 geminum
1653 5905 1681 5940 r
1708 5901 1802 5956 po.

648 5982 927 6044 ΡΑτιιοι..
967 5977 1145 6042 XIV.

1899 4772 2299 4842 receptaculum
2335 4767 2650 4840 Sapientiae,
2671 4768 2794 4821 audi
2826 4767 3146 4838 discipulum
3177 4769 3292 4839 t'jllS
3314 4770 3504 4826 dicen-

1900 4874 2053 4922 tem:
2091 4863 2399 4934 Unigenitus
2449 4860 2622 4914 Filius
2652 4862 2738 4930 qui
2778 4869 2851 4914 est
2891 4860 2944 4914 in
2993 4862 3113 4915 sinu
3145 4859 3344 4927 Patris,
3397 4867 3508 4936 ipse

1899 4960 2152 5016 enarravit
2185 4955 2362 5027 (Joan.
2417 4971 2455 5021 ι,
2491 4952 2602 5026 i8).
2635 4951 2867 5025 Agnovit
2897 4953 3042 5007 enim
3075 4954 3286 5008 Patri-in
3312 4955 3506 5024 Filius,

1900 5055 2024 5126 quia
2055 5053 2172 5121 ipse
2201 5049 2276 5104 ait
2304 5067 2316 5102 :
2363 5047 2509 5104 Sicut
2540 5047 2750 5118 agnovit
2771 5063 2851 5101 me
2879 5044 3058 5110 Pater,
3085 5057 3132 5100 et
3159 5063 3254 5118 ego
3283 5066 3508 5119 agnosco

1903 5148 2115 5202 Patrem
2140 5143 2320 5216 (Joan.
2342 5159 2396 5210 x,
2433 5139 2542 5206 15).
2560 5140 2736 5211 ιΕιμιει
2763 5155 3016 5193 mensura
3044 5151 3125 5192 est
3157 5142 3507 5211 cognitionis.

1903 5244 1994 5298 ubi
2019 5241 2196 5295 unitas
2229 5246 2515 5310 pote-tatis
2541 5247 2644 5290 est.
2678 5235 2837 5287 I’ater
2862 5248 2993 5304 ergo
3025 5235 3115 5301 qui
3147 5237 3328 5288 omnia
3361 5238 3509 5306 fecit,

1903 5339 2041 5392 novit
2065 5345 2331 5389 remorum
2349 5332 2554 5392 libram,
2572 5344 2824 5398 aquarum
2850 5343 3141 5380 mensuram
3170 5325 3293 5399 (Job
3321 5344 3511 5398 xxvttt,

1901 5429 1998 5503 25)
2033 5449 2046 5484 ;
2081 5431 2196 5494 ipse
2224 5426 2355 5480 vidit
2383 5422 2412 5462 ι)
2458 5404 2817 5491 Sapientiam,
2846 5429 2901 5474 et
2929 5424 3204 5474 etiarravit
3253 5437 3373 5476 eam
3417 5439 3514 5494 per

1906 5525 2202 5597 prophetas
2231 5535 2381 5582 suos,
2413 5517 2540 5588 quia
2570 5515 2731 5570 Pater
2759 5515 3040 5570 enarravit
3071 5514 3426 5580 Sapientiam,
3462 5526 3519 5573 et

1906 5667 2008 5722 iuit
2038 5664 2345 5719 coalescere
2364 5661 2484 5716 inn.
2506 5655 2673 5742 [λὶςΧΙ
2704 5667 3010 5742 ntorpreles
3034 5655 3230 5742 trahent
3259 5673 3272 5710 :
3305 5659 3365 5714 Ai
3391 5661 3516 5742 ἡμέ.-

1907 5761 1995 5816 ραι
2021 5759 2119 5812 μου
2147 5735 2403 5809 παρῆλθον
2426 5732 2474 5785 ἐν
2497 5731 2676 5808 βρόμῳ
2702 5747 2714 5782 :
2744 5729 2885 5801 quod
2913 5729 3314 5798 signiﬁcatione
3339 5729 3522 5800 proxi-

1909 5819 2183 5884 llllllltstb‘l.
2286 5878 2319 5884 __
2498 5876 2510 5884 _
2703 5873 2713 5884 ,
2815 5874 2846 5884 Α
2929 5873 2939 5884 ,
3014 5873 3046 5884 γ,

1981 5881 2010 5921 δ
2041 5881 2200 5938 Rom.
2234 5878 2366 5936 edit.
2431 5876 2546 5934 sola
2596 5873 2746 5942 voci,
2808 5873 3154 5943 Sapientiam,
3185 5872 3355 5942 addit,
3405 5891 3521 5930 cum

2963 5962 3044 6023 26
