4042 6378
648 332 756 390 815

1983 368 2003 379 _
2017 309 2264 370 SANCTI
2300 304 2625 367 AMBROSII
3813 299 3873 359 8li

647 459 790 516 aqua
817 442 1203 513 lacrymarum,
1226 442 1281 490 et
1307 434 1470 489 lletus
1497 437 1580 487 est
1606 426 1960 500 poenitentire.
1986 426 2077 483 Sic
2100 424 2244 479 enim
2275 433 2328 493 Α
2351 420 2483 475 dicit
2513 433 2632 474 esse
2659 414 3010 490 exagitatam,
3041 427 3165 470 cum
3193 411 3412 468 dixerit
3458 409 3574 479 ipse
3596 407 3805 464 Dominus
3823 411 3874 465 Je-

649 538 911 604 scriptutu
939 541 1024 587 est
1057 549 1069 584 :
1104 527 1169 582 In
1190 529 1312 598 ﬂetu
1341 528 1596 589 exierunt,
1629 519 1680 578 ei
1717 523 1766 575 in
1795 519 2140 574 consolatione
2165 533 2248 571 re-

652 630 843 685 vocabo
867 643 951 681 eos
980 623 1197 694 (Jeretn.
1251 636 1405 681 XXXI,
1434 615 1511 688 9).
1543 616 1694 672 Bt-ati
1730 630 1860 685 ergo
1898 628 2126 685 quorum
2168 611 2250 664 la-

651 737 850 793 crymae
879 733 1066 789 panes,
1107 715 1198 786 qui
1246 712 1424 769 ridere
1453 719 1803 772 meruerunt;
1836 707 1960 776 quia
1991 701 2135 761 beati
2161 702 2250 770 qui

652 816 816 872 ﬂetis.

719 907 775 962 8.
823 903 1027 958 Horum
1065 915 1279 964 memor,
1306 898 1501 968 inquit,
1531 894 1697 963 effudi
1739 909 1896 962 super
1919 907 1998 944 me
2025 889 2252 944 animam

646 1017 812 1056 meam
842 997 1020 1068 (Psal.
1058 1010 1177 1057 xu,
1207 992 1285 1056 5).
1329 1001 1354 1028 ⁸
1391 991 1627 1047 Sanctus
1662 987 1870 1057 colligit
1912 985 1980 1038 ab
2021 985 2102 1038 Itis
2136 997 2254 1051 quae

646 1096 780 1150 foris
818 1101 979 1157 sunt,
1020 1099 1075 1146 et
1111 1103 1276 1158 supra
1321 1103 1382 1143 se
1425 1086 1616 1140 ell’udit
1669 1083 1906 1136 animam
1949 1094 2144 1142 suam;
2197 1085 2258 1132 ut

653 1188 835 1243 anima
881 1199 1044 1254 supra
1081 1196 1281 1251 corpus
1311 1179 1480 1234 eﬂ'usa
1512 1176 1886 1232 infirmitatem
1918 1174 2100 1228 carnis
2126 1173 2254 1226 abs-

650 1279 874 1345 condat,
907 1277 936 1316 b
967 1286 1113 1346 tegat
1151 1274 1401 1345 corporis
1440 1271 1505 1326 ad
1545 1268 1952 1339 paenitentiam,
1995 1277 2046 1322 et
2087 1265 2257 1320 virtus

649 1373 853 1440 ubique
881 1370 1078 1425 animat:
1109 1367 1416 1436 mentisque
1441 1362 1765 1432 prietendat.
1817 1360 1969 1417 Unde
1999 1369 2052 1413 et
2081 1359 2132 1413 iu
2162 1374 2258 1429 po-

651 1465 980 1522 sterioribus
1009 1461 1140 1515 dicit
1164 1477 1176 1513 :
1226 1457 1519 1530 Effundam
1545 1457 1599 1510 in
1624 1462 1898 1523 conspectu
1925 1455 2037 1526 ejus
2065 1451 2260 1507 oratio-

650 1577 763 1615 nem
791 1573 957 1613 meum
980 1555 1151 1626 (Psal.
1183 1567 1332 1612 σιω.
1360 1552 1439 1622 2).
1480 1551 1577 1606 Ubi
1609 1548 1905 1604 eliontlttur
1934 1546 2111 1600 oratio
2134 1585 2148 1604 .
2185 1542 2256 1597 ibi

651 1666 874 1727 peccata
905 1659 1036 1707 sunt
1067 1661 1226 1704 teeta.
1256 1649 1496 1716 Quorum
1526 1659 1704 1700 autem
1740 1655 2037 1696 memorem
2073 1654 2131 1694 se
2178 1636 2261 1692 di-

652 1749 766 1806 cit?
811 1748 1004 1802 Eorum
1045 1747 1230 1813 utique
1275 1756 1395 1811 qua:
1433 1737 1815 1802 desiderabat,
1861 1742 1918 1788 ut
1955 1731 2164 1788 vettirt-t
2204 1738 2260 1784 et

2353 526 2480 566 sus:
2516 509 2671 564 Nunc
2692 513 2867 562 animo
2895 524 3007 562 mea
3033 506 3240 561 turbata
3276 519 3354 558 est
3383 501 3568 576 (Joan.
3601 517 3687 565 stt.
3710 500 3798 556 9.7L
3818 503 3874 569 Qui

2355 608 2496 662 enim
2525 608 2762 671 suscepit
2791 605 3135 658 inﬁrmitates
3166 608 3428 664 nostras,
3482 607 3712 650 nostrum
3741 611 3875 666 quoque

2354 701 2595 767 suscepit
2633 698 2922 761 allectum,
2964 695 3016 749 in
3053 710 3161 763 quo
3199 704 3255 748 et
3297 691 3479 746 tristis
3520 698 3634 744 erat
3680 703 3810 757 usque
3841 692 3877 742 al

2356 801 2611 856 mortem,
2643 807 2749 846 non
2778 801 3003 860 propter
3027 799 3301 848 mortem;
3331 797 3492 838 mors
3511 780 3650 836 enim
3672 780 3878 834 voluntaria

2357 888 2671 942 mmsutiam
2706 883 2907 937 habere
2946 896 3052 935 non
3087 886 3304 948 poterat
3334 917 3350 940 ,
3399 876 3455 930 in
3503 888 3607 944 qua
3645 871 3791 926 futura
3814 884 3880 926 ent

2359 980 2734 1034 universorum
2772 975 2991 1039 laetitia,
3026 984 3421 1027 universorum
3467 964 3706 1021 refectio.
3740 963 3798 1018 De
3823 980 3880 1032 qna

2357 1085 2413 1130 et
2441 1071 2568 1127 alibi
2599 1070 2735 1126 dixit
2768 1089 2780 1122 :
2813 1067 2880 1121 Et
2902 1066 3137 1130 surrexi,
3180 1075 3228 1118 et
3275 1061 3416 1126 vidi,
3469 1069 3520 1114 et
3563 1074 3753 1115 somnus
3782 1059 3881 1110 tlslcit

2361 1173 2532 1241 factus
2555 1176 2628 1220 est
2659 1164 2785 1218 mihi
2812 1161 3029 1236 (Jerem.
3058 1175 3206 1226 χιιι,
3240 1157 3371 1227 26).
3405 1156 3595 1211 Bonus
3637 1154 3881 1220 Sotnttosqti

2360 1261 2492 1317 fecit
2512 1276 2618 1315 non
2650 1258 2864 1314 esurire
2888 1252 3215 1317 esurientes,
3246 1266 3362 1306 non
3388 1248 3552 1304 sitire
3567 1244 3881 1313 sitientes,qui-
3932 1249 3933 1317 ξ

2361 1357 2465 1412 bus
2507 1362 2973 1410 sacramentorum
3027 1347 3377 1405 dulcedinem
3445 1339 3768 1414 preparavit.
3800 1340 3884 1402 Qut-

2362 1449 2525 1504 modo
2547 1464 2678 1517 ergo
2703 1448 2882 1500 anima
2915 1446 3036 1509 ejus
3063 1444 3258 1496 timore
3288 1437 3522 1493 turbata
3551 1442 3667 1498 est,
3704 1431 3778 1500 qui
3813 1428 3884 1483 iecit

2361 1544 2588 1599 aliorum
2618 1542 2830 1595 animas
2859 1553 2965 1592 non
2991 1534 3215 1592 timere?
3269 1529 3481 1586 Tristis
3528 1542 3658 1597 ergo
3693 1537 3825 1590 usque
3850 1524 3883 1574 ad

2363 1649 2620 1699 mortem,
2653 1633 2830 1688 donec
2869 1637 3351 1684 consummaretur
3378 1620 3561 1694 gratia
3597 1633 3612 1672 :
3661 1615 3780 1687 quod
3819 1631 3885 1684 pro

2363 1730 2522 1784 batur
2564 1728 2734 1793 ipsius
2787 1724 3104 1779 testimonio
3163 1718 3414 1773 dicentis
3481 1713 3554 1769 de
3610 1721 3765 1766 morte
3803 1723 3882 1762 sua:

648 1847 942 1911 appareret
961 1840 1012 1892 in
1041 1807 1334 1906 conspectu
1362 1835 1475 1899 Dei,
1502 1843 1560 1888 ttt
1583 1833 1703 1900 ejus
1730 1831 1910 1884 aulam
1937 1829 2084 1882 illatn
2108 1824 2258 1880 vide-
2289 1825 2337 1885 B
2363 1820 2680 1894 Baptismttte
2701 1817 2859 1872 habeo
2888 1815 3162 1886 baptizari,
3189 1824 3234 1867 et
3259 1807 3536 1879 quomodo
3585 1821 3754 1876 angor,
3794 1817 3884 1872 usqu

649 1946 738 1992 ret
761 1945 1046 1994 aeternam,
1070 1933 1122 1986 in
1145 1947 1247 2000 qua
1277 1929 1611 2000 spatiabatur
1641 1919 1826 1978 animo
1849 1933 1902 1978 et
1927 1925 2262 1991 prmsumpto

653 2030 1029 2086 delectabatur
1056 2029 1330 2096 ingressu.

724 2123 780 2180 9.
825 2121 1084 2191 Quoniam
1105 2117 1386 2190 ingrediar,
1421 2113 1620 2185 inquit,
1651 2112 1705 2166 in
1742 2111 1912 2166 locant
1945 2105 2262 2162 tabernaculi

653 2215 998 2275 admirabilis,
1031 2229 1186 2282 usque
1213 2210 1282 2264 ad
1307 2210 1514 2263 domum
1546 2205 1664 2260 Dei.
1711 2203 1777 2258 In
1819 2219 1938 2258 voce
1963 2200 2264 2256 exsultatio-

651 2310 754 2374 nis,
785 2317 833 2361 et
859 2303 1197 2372 confessionis
1227 2313 1247 2341 ε
1275 2303 1476 2355 sonitus
1512 2298 1775 2370 epulatttis
1811 2293 1988 2366 (Psal.
2025 2307 2143 2356 xu,
2181 2289 2259 2362 5).

654 2401 772 2456 Non
807 2400 1079 2455 immerito
1113 2396 1299 2458 ﬂebat,
1331 2394 1585 2461 quoniam
1629 2397 1942 2444 versaretur
1983 2385 2036 2440 itt
2081 2386 2262 2449 terris,

654 2499 739 2549 cui
768 2491 1010 2547 cmlestia
1045 2488 1394 2543 tabernacula
1420 2484 1772 2544 tlebereutur,
1823 2491 1878 2534 et
1925 2493 2084 2548 quem
2127 2475 2266 2529 aula:

652 2585 895 2658 potentis
935 2592 1281 2648 esspectaret
1310 2578 1587 2633 introitus.
1631 2577 1870 2644 Denique
1909 2572 2052 2626 illam
2093 2569 2263 2625 solam

663 2679 920 2734 omnibus
950 2674 1105 2746 regni
1129 2671 1213 2727 soi
1236 2671 1431 2740 Opibus
1470 2667 1827 2739 pru'lu'ebat,
1873 2668 2008 2719 sicut
2041 2664 2154 2733 ipse
2187 2672 2266 2716 te-

657 2769 926 2828 stilicatus
952 2780 1032 2824 est
1057 2766 1186 2820 alibi
1211 2765 1397 2819 dicens
1425 2782 1436 2815 :
1467 2760 1637 2817 Unam
1660 2760 1782 2832 petii
1809 2777 1840 2813 a
1865 2757 2110 2821 Domino,
2136 2758 2268 2809 hanc

656 2864 961 2933 requiram:
995 2869 1049 2913 ut
1071 2857 1351 2911 tuhabitem
1391 2855 1445 2908 in
1471 2853 1625 2906 domo
1679 2851 1889 2905 Do‘mini
1937 2865 2113 2904 omnes
2158 2847 2266 2902 dies

655 2961 775 3014 vitta
804 2971 928 3010 mete
972 2964 1018 3008 et
1065 2962 1120 3006 ut
1157 2951 1359 3004 videam
1401 2948 1788 3002 delectationem
1834 2943 2045 2998 Domini
2089 2939 2264 3011 (Psal.

657 3064 812 3109 xxvt,
843 3048 924 3118 4).
956 3043 1255 3100 Delectatio
1290 3041 1500 3095 Domini
1532 3039 1585 3094 in
1628 3037 1868 3092 Ecclesia
1909 3043 1993 3089 est
2027 3049 2040 3086 :
2073 3031 2263 3087 Eccle-

656 3143 739 3199 sia
780 3148 864 3198 est
907 3144 1081 3209 imago
1124 3135 1464 3198 caelestium;
1502 3131 1702 3187 etenim
1742 3137 2024 3198 postquam
2076 3125 2266 3180 umbra

2366 1921 2488 1972 dum
2519 1914 2819 1984 perﬁciatur
2847 1911 3000 1984 (Luc.
3029 1925 3131 1974 xu,
3156 1907 3287 1978 50)?

2439 2009 2526 2066 12.
2573 2009 2843 2062 Turbatus
2895 2006 3054 2075 igitur
3105 1997 3278 2056 David
3309 1999 3554 2056 lubricis
3594 1994 3760 2052 steculi
3793 1990 3883 2060 hujus

2366 2103 2698 2160 anlt-arttbus
2727 2101 2863 2155 dixit
2889 2115 2902 2151 :
2939 2097 3112 2166 Quare
3139 2095 3299 2149 tristis
3321 2111 3404 2159 es,
3429 2093 3612 2147 anima
3649 2099 3883 2154 mea:th

2365 2197 2642 2252 conturbas
2675 2194 2802 2247 me?
2856 2190 3023 2262 Spera
3063 2193 3117 2242 in
3168 2190 3358 2252 neum,
3409 2185 3659 2256 quoniam
3701 2177 3883 2246 conﬁtear

2367 2293 2445 2347 illi
2473 2307 2491 2346 :
2517 2291 2746 2344 salutare
2767 2289 2939 2340 vultus
2962 2285 3080 2345 mei,
3124 2291 3172 2338 et
3222 2281 3363 2335 Deus
3391 2296 3540 2334 meus
3565 2276 3728 2350 (Psal.
3764 2286 3840 2330 xu.
3866 2268 3883 2322 6

2369 2395 2416 2441 et
2439 2385 2516 2453 7).
2552 2383 2695 2453 Ergo
2720 2379 2938 2450 quando
2962 2375 3107 2431 anxii
3130 2386 3184 2430 et
3214 2373 3444 2428 solliciti
3487 2383 3696 2435 sumus,
3723 2377 3882 2434 δρθδιιω

2369 2478 2670 2530 bunt-orum
2713 2470 3119 2540 exspectatione
3166 2466 3482 2522 continuet.
3542 2459 3670 2516 Vide
3714 2454 3879 2526 singula:

2371 2568 2561 2639 Spera,
2589 2568 2833 2637 quoaiam
2862 2559 3159 2632 conﬁtebor,
3183 2559 3382 2628 inquit.
3417 2555 3541 2612 Non
3574 2544 3881 2609 conﬁteansol

2371 2660 2668 2718 conﬁtebor
2697 2676 2711 2723 ;
2745 2658 2847 2713 hoc
2876 2666 2982 2716 est.
3019 2665 3146 2710 tunc
3176 2654 3372 2708 melius
3405 2649 3725 2710 conﬁtebor,
3747 2645 3881 2712 quando

2370 2757 2614 2813 revelata
2644 2752 2780 2808 facie
2810 2751 3036 2822 gloriam
3061 2747 3273 2802 Domini
3301 2746 3624 2817 speculatus
3650 2740 3700 2795 in
3725 2735 3882 2794 eamdem

2372 2851 2664 2919 imaginem
2687 2845 3052 2904 reformabor.

2445 2943 2531 2997 i3.
2575 2941 2767 2996 Subito
2803 2955 2927 2994 cutn
2959 2953 3019 2992 se
3046 2934 3436 2992 consolaretur
3463 2975 3478 2999 ,
3521 2932 3574 2986 in
3618 2943 3677 2985 se
3716 2933 3881 2982 reversus

2373 3036 2488 3089 ait:
2533 3033 2612 3088 Ad
2656 3048 2734 3086 me
2758 3033 2927 3101 ipsum
2957 3031 3131 3082 anima
3164 3042 3275 3080 mea
3298 3028 3514 3080 turbata
3549 3034 3619 3078 est
3662 3017 3877 3092 (Psal.!u.

2374 3128 2429 3198 7)
2457 3144 2472 3193 ;
2506 3127 2555 3181 id
2589 3136 2690 3192 est,
2717 3125 2806 3196 qui
2837 3125 2976 3178 alios
3000 3122 3325 3178 conﬁrmare
3345 3119 3559 3184 debeo,
3609 3115 3714 3184 ipse
3745 3119 3880 3198 contu-

657 3196 942 3308 prieteriit,
969 3196 1147 3298 itiiago
1182 3196 1465 3282 successit.
1499 3223 1700 3279 Umbra
1733 3196 2018 3293 Syuagttga
2050 3227 2134 3272 est
2167 3237 2180 3272 :
2214 3216 2267 3270 in
2297 3219 2344 3284 ο
2377 3196 2497 3275 bur.
2545 3219 2613 3274 Et
2652 3217 2778 3289 quia
2819 3233 2884 3271 ex
2937 3231 3024 3271 me
3083 3229 3191 3270 ιιοη
3232 3212 3412 3268 habeo
3467 3196 3876 3266 ﬁrmamentumde

657 3306 850 3386 umbra
873 3325 1019 3388 Lex,
1051 3323 1110 3377 in
1144 3319 1436 3387 bvangelio
1473 3327 1693 3372 veritas.
1732 3313 1859 3368 Ideo
1901 3313 1952 3365 in
1987 3306 2270 3378 Evangelii

661 3421 873 3476 lumine
931 3414 1176 3471 veritatis
1235 3412 1414 3476 imago
1466 3409 1804 3477 resplendet.
1855 3404 2047 3460 Flebat
2106 3405 2269 3474 igitur

656 3509 971 3578 PrOpbeta;
1009 3506 1133 3576 quia
1176 3501 1568 3558 diii'et-ebautur
1607 3501 1764 3569 plena
1799 3499 1987 3568 gratiae
2021 3496 2163 3551 bona
2205 3504 2264 3550 et

659 3601 864 3659 referta
885 3598 1110 3655 laetitiae.

1286 3691 1512 3752 CAPUT
1551 3689 1642 3746 Ill.

664 3817 793 3874 Non
821 3817 1009 3872 mirum
1046 3814 1091 3868 si
1129 3811 1296 3866 David
1326 3811 1480 3883 hujus
1509 3809 1622 3863 vita:
1644 3805 1829 3874 malis,
1869 3814 1918 3860 et
1952 3804 1996 3860 si
2037 3805 2267 3858 consola-

736 3912 872 3966 tione
896 3925 992 3964 sua
1012 3907 1221 3960 minime
1266 3912 1474 3958 careant
1502 3943 1517 3968 ,
1584 3902 1821 3957 turbatus
1849 3901 1954 3965 sit;
1995 3915 2112 3952 cum
2160 3899 2270 3970 ipse

733 4002 972 4060 Christus
1018 3999 1105 4071 qui
1147 4007 1360 4052 mortem
1397 3995 1583 4049 subivit
1632 3993 2016 4056 voluntariam,
2069 3989 2270 4044 turbari

733 4098 972 4161 voluerit,
995 4105 1041 4149 et
1065 4110 1165 4165 quo
1192 4107 1344 4147 sensu
1372 4091 1466 4144 hoc
1492 4089 1881 4159 intelligendum
1903 4088 1928 4142 .9
1951 4084 2083 4141 Item
2108 4100 2269 4155 quare

735 4192 840 4246 alio
881 4197 995 4245 loco
1021 4204 1123 4243 non
1151 4190 1458 4252 conliteor,
1498 4183 1588 4238 sed
1639 4181 1944 4239 coulitebor
1999 4179 2269 4251 Propheta

663 4302 670 4354 ί
740 4285 926 4339 dixerit
953 4282 980 4335 ?

743 4397 829 4454 10.
872 4392 1116 4465 Denique
1161 4400 1217 4448 et
1259 4391 1314 4447 in
1347 4388 1743 4461 posterioribus
1773 4387 1942 4442 dicit:
1991 4385 2110 4441 Heu
2164 4399 2264 4450 me,

665 4491 786 4565 quia
817 4488 1068 4543 incoltttus
1094 4501 1234 4539 meus
1278 4485 1617 4556 prolongutus
1652 4490 1723 4535 est
1763 4478 1940 4550 (Psal.
1976 4493 2130 4543 CXVI,
2168 4477 2263 4549 5)!

665 4584 736 4640 Et
763 4580 886 4637 ideo
904 4577 1284 4647 interpellabat
1309 4575 1619 4638 Dominum,
1645 4571 1766 4641 quia
1790 4572 1856 4625 ad
1890 4572 2112 4625 meliora
2139 4585 2266 4640 pro-

665 4674 910 4747 perabat.
942 4671 998 4727 ln
1027 4672 1158 4741 ipsis
1189 4679 1365 4722 tamen
1395 4663 1840 4721 al‘llictationibus
1861 4662 2048 4718 saeculi
2071 4677 2264 4733 magna

665 4780 812 4828 esset
837 4766 1140 4822 consolatio
1177 4765 1557 4835 praesentium,
1606 4776 1732 4831 spes
1767 4760 2090 4814 futurorum.
2135 4759 2266 4825 Quis

663 4865 810 4921 enim
842 4877 948 4916 non
979 4859 1209 4930 erigeret
1238 4857 1502 4920 animum,
1531 4855 1622 4924 qui
1650 4863 1831 4923 poSset
1854 4867 2078 4923 sperare
2105 4851 2156 4907 in
2183 4859 2265 4906 ta-

663 4953 960 5011 bernaculo
994 4951 1200 5006 cmlesti
1232 4949 1389 5002 beata
1422 4948 1510 5000 illa
1534 4947 1634 5000 sibi
1663 4947 1936 5001 consortia
1974 4945 2138 5019 δάε
2171 4962 2261 5002 re-

661 5051 880 5106 servari.
923 5046 1030 5103 Sed
1059 5046 1184 5116 quia
1229 5042 1460 5096 inﬁrma:
1493 5042 1788 5095 conditioni
1832 5042 2150 5114 plerumque
2184 5047 2264 5099 fu—

661 5155 782 5201 tura
809 5142 968 5199 ttedio
998 5149 1143 5205 sunt,
1175 5137 1460 5206 praesentia
1503 5135 1775 5189 vexationi
1801 5152 1816 5202 ;
1863 5137 1982 5190 ideo
2005 5147 2059 5192 et
2085 5140 2259 5194 sancti

658 5237 948 5306 Propheta:
971 5232 1377 5300 insurgentibus
1394 5227 1639 5299 corporis
1664 5227 1918 5284 ﬂuctibus
1946 5230 2124 5286 anima
2148 5242 2261 5288 tur-

657 5329 909 5385 babatur.

729 5427 819 5481 il.
859 5423 995 5479 Nolo
1018 5421 1162 5477 enim
1193 5418 1405 5474 mireris
1435 5417 1483 5473 si
1513 5416 1782 5486 Propheta
1821 5417 2056 5474 animam
2100 5435 2253 5476 suam

729 5570 754 5595 (ι
797 5559 967 5618 Edit.,
1000 5554 1225 5610 Sanctus
1250 5568 1358 5606 sese
1383 5551 1602 5622 colligit.
1637 5549 1830 5606 Melius
1860 5567 1990 5606 mss.
2038 5563 2252 5609 sanctus

653 5630 867 5713 colligit,
899 5641 1098 5698 nempe
1119 5627 1371 5690 animam,
1405 5639 1524 5695 qua:
1547 5639 1649 5678 vox
1683 5626 1932 5693 sequenti
1965 5639 2124 5680 versu
2157 5642 2253 5682 ex-

694 5717 926 5755 l'llllllUl‘.

694 5717 926 5755 rtmnur.

652 5715 688 5770 Ρ
723 5770 750 5808 ιι
791 5772 932 5853 Edit.
975 5782 1200 5853 omnes,
1238 5775 1390 5853 tegat
1423 5781 1643 5853 corpus;
1673 5781 1806 5824 mss.
1853 5776 2042 5826 contra
2070 5809 2084 5834 ,
2115 5778 2251 5842 tegat

640 5843 904 5913 corporis,
927 5839 1274 5909 subintellige
1298 5839 1667 5908 infirmitatem.

2293 4621 2344 4682 D

2373 3322 2596 3372 auctore
2615 3327 2914 3369 sumamus.

2973 3411 3207 3470 CAPUT
3255 3409 3347 3467 ιν.

2375 3534 2477 3600 Qui
2525 3533 2720 3587 turbari
2760 3547 2813 3585 se
2837 3530 2958 3584 boni
2995 3529 3267 3582 consulunt
3313 3540 3401 3580 eos
3431 3523 3575 3580 exire
3615 3533 3672 3574 cz
3706 3511 3872 3600 Igm-

2443 3642 2558 3698 (μίας
2579 3642 2670 3694 per
2698 3624 2981 3679 Jordanem
3004 3622 3308 3692 designatur
3329 3636 3348 3674 :
3373 3635 3466 3682 per
3495 3631 3613 3672 eum
3643 3597 3872 3683 μανιωδέ-

2444 3719 2674 3774 umbrari
2717 3720 2872 3772 etiam
2901 3713 3162 3772 Christum
3181 3755 3200 3781 ,
3237 3712 3376 3786 quod
3409 3725 3592 3779 nempe
3619 3700 3807 3760 cordist:
3824 3706 3869 3744 cit

2443 3814 2716 3885 gitatioues
2742 3820 2984 3880 penetret,
3031 3819 3077 3863 et
3113 3808 3306 3862 sanctis
3341 3817 3598 3860 terrenum
3629 3813 3684 3852 ac
3713 3791 3870 3847 ralem

2443 3904 2639 3958 dividat
2661 3901 3056 3975 possessionem.
3095 3898 3208 3953 Hoc
3231 3908 3401 3952 tamen
3432 3897 3638 3953 Christo
3674 3877 3868 3942 convellit

2445 3999 2605 4054 Putre
2630 3969 2730 4052 non
2756 3998 2963 4052 excluso
2987 4011 3008 4060 ;
3034 4005 3082 4050 et
3107 3994 3174 4048 ibi
3204 3994 3329 4062 quid
3361 4009 3454 4065 per
3493 3987 3722 4047 Sicimam
3741 3969 3868 4049 signiﬁ'

2445 4103 2587 4148 cetur
2610 4092 2634 4145 Ξ)
2656 4091 2789 4145 ltem
2818 4088 3076 4146 Christum
3127 4097 3346 4141 montem
3380 4087 3546 4157 fuisse
3588 4083 3788 4148 magan
3822 4073 3870 4128 Ρσ

2443 4191 2782 4252 divinitatem,
2811 4189 3066 4243 modicum
3096 4205 3186 4260 per
3213 4187 3652 4246 incarnationem,
3671 4185 3788 4248 quam
3803 4175 3865 4217 ιω

2443 4285 2553 4341 Lex
2601 4296 2742 4340 vetus
2780 4285 2848 4338 ad
2894 4285 3127 4338 homines
3175 4281 3504 4336 redimendos
3547 4293 3644 4334 non
3687 4266 3864 4339 δυβιίτίίι

2444 4375 2786 4447 Evangelium
2811 4374 3055 4430 illaturus
3082 4383 3368 4443 susceptam
3393 4372 3575 4426 voluit.

2444 4488 2533 4544 M.
2579 4488 2884 4558 Propterea,
2919 4487 3116 4558 inquit,
3146 4501 3340 4540 memor
3366 4502 3452 4540 ero
3487 4482 3585 4546 tui,
3617 4459 3865 4558 Domino?

2373 4591 2511 4637 terra
2557 4550 2809 4637 Jordanis
2833 4550 2881 4637 ei
2910 4550 3236 4636 Hei'mottiim
3267 4577 3482 4650 (lbid.).
3531 4575 3714 4632 Mentor
3745 4568 3802 4616 εει
3826 4550 3861 4650 (ξε

2371 4686 2514 4730 terra
2536 4673 2811 4737 Jordanis,
2845 4675 2901 4729 in
2943 4689 3052 4743 quo
3083 4672 3256 4744 gratia
3302 4671 3618 4726 memoriam
3654 4642 3862 4717 devotionis

2368 4770 2692 4823 accumulat.
2727 4767 2784 4821 In
2805 4766 3094 4822 Jot-danem
3126 4764 3365 4821 Naaman
3407 4763 3578 4836 Syrus
3606 4757 3686 4812 ille
3714 4748 3859 4836 descell‘

2366 4862 2468 4929 dit,
2491 4872 2546 4916 et
2572 4862 2805 4915 mundus
2830 4876 2860 4914 a
2886 4863 3031 4928 lepra
3067 4859 3240 4914 lactus
3271 4867 3374 4913 est.
3405 4827 3468 4911 ιιῖ
3506 4850 3720 4912 Jordane
3757 4827 3862 4929 ὺεινιξ·

2367 4972 2522 5013 zatns
2561 4969 2644 5014 est
2668 4957 2935 5019 libristtts,
2966 4955 3181 5026 quando
3209 4953 3438 5008 formam
3471 4947 3653 5005 lavacri
3692 4922 3859 4993 εςιιηιπίς

2367 5050 2619 5106 instituit.
2658 5049 2910 5104 Iordanis
2961 5064 3159 5102 nomen
3209 5045 3615 5102 descensionem
3662 5022 3859 5114 signia?)

2367 5161 2470 5215 qua
2499 5144 2785 5199 descendit
2832 5141 3094 5197 Dominus
3123 5140 3307 5202 Jesus.
3353 5139 3478 5208 quia
3517 5109 3857 5215 con|38i9_.d§l_i.

2365 5245 2578 5294 ciorum
2609 5236 2816 5292 vicinos
2840 5235 3092 5291 Jordanis
3120 5233 3359 5288 numinis
3384 5224 3698 5286 emundavit.
3719 5210 3788 5267 llic
3802 5200 3858 5301 liu-

2364 5329 2483 5383 vius
2506 5330 2619 5384 exit
2645 5329 2712 5383 de
2746 5327 3008 5401 Αῑεγιιιη,
3041 5339 3095 5382 el
3125 5325 3322 5381 όίνίιιὶι
3350 5335 3550 5380 terram
3586 5300 3855 5401 I‘CPT‘m'EW

2363 5421 2470 5478 nis.
2500 5421 2644 5493 Ergo
2675 5422 2770 5493 qui
2804 5423 3076 5487 turbatur,
3111 5416 3134 5456 ἀ
3165 5415 3212 5473 si
3247 5416 3378 5473 boni
3403 5412 3648 5472 consulit.
3674 5401 3728 5457 de
3749 5387 3853 5455 λῖθ’

2433 5567 2454 5594 ο
2499 5557 2572 5610 lta
2599 5571 2731 5610 mss.
2767 5564 2822 5610 et
2847 5563 2955 5611 vet.
2985 5554 3117 5610 edit.
3151 5553 3310 5608 Rom.
3335 5566 3489 5612 vero.
3512 5547 3619 5605 soni
3642 5545 3741 5615 res“

2356 5627 2570 5683 orantis.
2623 5628 2751 5695 Quis
2794 5645 2897 5682 non
2925 5627 3140 5697 erigeret
3181 5627 3411 5697 animum
3441 5600 3527 5688 qiti
3557 5600 3851 5697 poti?“wa

2355 5699 2407 5753 in
2432 5674 2763 5753 tttbernti‘culo
2799 5674 3151 5754 ctelestibeata
3172 5698 3266 5751 illa
3287 5695 3384 5751 sibi
3410 5674 3845 5751 diuinarum"

2354 5769 2486 5839 Quae
2513 5771 2678 5827 verba
2711 5772 2828 5825 loco
2859 5786 2962 5826 suo
2985 5771 3340 5826 restituittttts.

2426 5842 2454 5879 ά
2496 5841 2623 5898 Mss.
2662 5841 2793 5909 duo,
2817 5843 2863 5897 si
2888 5842 3016 5898 bene
3039 5839 3402 5898 sibicousulit.
