4042 6378
122 401 237 460 817

975 399 1064 457 DE
1104 398 1751 459 INTERPELLATIONE
1789 401 1910 460 JOB
1947 403 2037 461 ET
2079 405 2287 463 DAVID
2327 406 2456 464 LIB.
2500 405 2560 464 ll.

3325 413 3435 471 818

119 527 224 588 pto
245 517 381 586 exit,
427 527 482 575 et
531 517 776 588 sequitur
804 517 944 572 viam
998 517 1154 574 lucis.
1200 519 1533 574 Hermoniim
1565 519 1731 573 etiam
1758 534 1810 594 Α
1835 519 2150 578 Iohannes:
2178 522 2244 577 In
2269 525 2529 598 principio
2557 534 2666 581 erat
2697 526 2921 583 Verbum
2949 527 3132 598 (Joan.
3160 531 3305 603 ι,1).
3337 533 3436 588 sed

119 611 272 665 viam
307 611 548 666 lucernae
580 611 918 680 interpretati
956 617 1102 666 sunt.
1139 610 1236 666 Exi
1289 625 1422 681 ergo
1467 611 1615 679 prius
1664 626 1733 668 ex

120 701 392 774 Egypto,
445 705 490 759 si
542 704 625 757 vis
657 704 836 758 lumen
875 703 1040 777 6&3
1075 705 1270 760 Christi
1305 705 1509 761 videre.
1554 705 1736 762 Exivit

121 793 441 853 Chanana-a
471 813 499 851 a
526 798 723 852 liuihus
752 803 1019 867 gentium.
1039 809 1092 852 et
1108 798 1380 854 Christum
1402 800 1733 862 invenil,cui

123 888 384 945 dicehat:
418 889 662 944 Miserere
689 892 809 954 mei,
842 891 919 960 ﬁli
935 890 1331 961 David(1llatth.
1362 907 1450 948 xv.
1471 893 1588 954 ξιιμ
1608 892 1737 946 Exi-

121 984 203 1037 vit
234 993 291 1038 et
321 984 534 1056 Moyses
559 1000 625 1039 ex
656 982 914 1054 Egypto,
941 995 997 1039 et
1027 988 1288 1052 propheta
1322 986 1492 1039 lactus
1535 995 1650 1052 est,
1679 995 1735 1041 et

123 1079 396 1133 remissus
437 1079 502 1132 ad
544 1080 835 1150 pupulum,
873 1087 930 1132 ut
965 1077 1033 1132 de
1074 1090 1218 1134 terra
1253 1079 1569 1135 afﬂictionis
1610 1082 1731 1136 ani-

123 1184 248 1224 mas
273 1185 462 1225 eorum
494 1170 768 1225 liberaret.
801 1169 1052 1227 Lucerna
1080 1185 1260 1225 autem
1299 1173 1352 1226 in
1383 1170 1586 1228 Christi
1613 1188 1734 1228 ror-

121 1279 285 1335 pore.
318 1263 443 1320 Ηίθο
473 1265 566 1319 tihi
597 1268 818 1319 lucet-na
845 1264 986 1319 viain
1013 1275 1301 1322 monstrat.
1325 1266 1482 1323 Unde
1498 1277 1553 1322 et
1579 1283 1733 1323 sanc-

124 1368 216 1414 tus
252 1357 422 1413 David
470 1357 852 1414 aitzLucerna
897 1360 1114 1430 pedibus
1158 1363 1281 1416 meis
1337 1362 1544 1417 verbum
1587 1372 1730 1415 tuum

121 1451 303 1520 (Psal.
337 1469 523 1517 cxvm,
554 1452 702 1525 l02i).
734 1453 1002 1516 Lucerna.
1031 1455 1175 1525 quod
1207 1455 1589 1511 illuminaverit
1616 1457 1733 1510 ani-

120 1562 245 1602 mas
276 1549 676 1605 universarum.
702 1556 758 1603 et
783 1549 836 1603 in
870 1548 1108 1603 tenehris
1135 1550 1274 1604 viam
1315 1553 1724 1627 monstraverit.

123 1639 484 1711 Evangeliutn
517 1641 597 1696 via
632 1641 871 1697 lucet-me
899 1652 1012 1703 est;
1039 1643 1089 1695 in
1120 1642 1307 1696 umhra
1341 1643 1506 1706 lucet,
1537 1641 1589 1696 id
1615 1651 1721 1709 est,

121 1734 179 1788 in
228 1735 451 1789 saeculo.
490 1733 644 1790 Unde
673 1744 727 1790 et
773 1734 901 1790 alihi
933 1735 1135 1790 habes:
1169 1735 1303 1790 Nive
1354 1737 1731 1792 dealbabnntur

119 1828 175 1882 in
234 1826 449 1883 Selmon
480 1832 497 1898 (
524 1826 672 1882 Psal.
705 1843 869 1891 van,
921 1828 1040 1900 15),
1071 1828 1123 1883 id
1150 1839 1234 1884 est
1265 1869 1280 1893 ,
1335 1829 1388 1884 in
1435 1829 1730 1885 obumbra-

121 1919 296 1975 tione.

200 2012 291 2067 l5.
332 2010 586 2067 Iordanis
616 2025 832 2084 quoque
858 2011 1109 2070 Christus
1148 2014 1244 2085 qui
1272 2013 1464 2069 dividit
1503 2023 1724 2069 terram.

122 2104 414 2172 Quomodo
442 2104 674 2170 dividat,
697 2105 820 2160 audi
846 2122 860 2159 :
896 2104 963 2159 Et
990 2115 1129 2160 tuam
1161 2107 1323 2175 ipsius
1350 2108 1576 2161 animam
1609 2124 1725 2175 per-

121 2199 367 2254 transibit
393 2197 620 2267 gladius,
651 2199 721 2252 ad
750 2200 1052 2254 revelandas
1077 2201 1357 2254 multarum
1391 2201 1728 2274 cogitationes

123 2291 359 2347 cordinnt
384 2288 537 2360 (Luc.
564 2307 625 2355 ll,
659 2289 753 2360 55)
781 2309 794 2344 :
825 2307 890 2343 eo
917 2291 1059 2361 quod
1091 2291 1157 2346 sit
1187 2302 1492 2346 nostrarum
1524 2291 1730 2346 divisor

119 2399 454 2446 animarum,
476 2381 572 2452 qui
596 2386 646 2436 in
679 2382 864 2438 intima
885 2383 1066 2437 cordis
1094 2397 1306 2439 secreta
1329 2383 1649 2448 descendat,
1673 2393 1728 2440 et

123 2477 488 2546 cogitationes
518 2475 776 2530 mentium
805 2475 1192 2546 deprehendat.
1234 2477 1328 2531 llic
1360 2478 1573 2547 gladius
1601 2493 1725 2533 ver-

121 2569 252 2624 butn
282 2577 368 2624 est
395 2569 491 2622 Dei
518 2568 715 2624 vivum.
753 2569 994 2636 Denique
1017 2569 1085 2624 ad
1133 2570 1389 2625 llehrwos
1433 2571 1511 2623 sic
1541 2571 1677 2638 legis
1709 2587 1722 2624 :

130 2659 320 2714 Vitium
341 2669 414 2713 est
443 2657 543 2712 Dei
567 2659 774 2713 uerbum
798 2668 844 2713 et
869 2659 1117 2726 validum,
1143 2671 1188 2712 et
1216 2665 1418 2714 acutius
1447 2661 1587 2714 omni
1611 2661 1727 2734 gla-

122 2751 210 2805 dio
260 2752 579 2816 acutissimo,
635 2761 963 2821 penetratque
989 2751 1058 2804 ad
1104 2752 1410 2805 divisionem
1451 2752 1638 2805 animte
1681 2761 1729 2806 et

123 2848 360 2920 spiritus.
394 2858 702 2914 artuumque
720 2856 764 2899 et
789 2844 1129 2899 medullarum
1159 2845 1348 2917 (Hebr.
1374 2861 1449 2914 tv,
1489 2845 1600 2918 12).
1633 2846 1728 2902 Hic

122 2949 208 2997 est
239 2942 360 2996 l'ons
389 2940 558 3007 Siloa,
583 2941 676 3010 qui
717 2939 917 2994 dicitur
941 2942 1162 3006 missus,
1194 2942 1448 3008 quoniam
1476 2939 1728 2995 Christus

122 3049 152 3090 a
186 3035 349 3089 Patre
377 3033 515 3088 dixit
535 3049 595 3088 se
621 3048 745 3089 esse
770 3035 999 3088 miSsum
1032 3031 1214 3103 (Joan.
1249 3050 1320 3095 ιχ,
1342 3035 1419 3105 7).
1449 3035 1541 3088 Est
1561 3047 1608 3088 et
1635 3033 1726 3089 illa

123 3128 325 3184 divisio
355 3145 476 3200 qua:
527 3128 802 3198 colligitur
830 3142 894 3183 ex
929 3144 995 3182 eo
1025 3129 1169 3197 quod
1220 3139 1502 3197 utramque
1552 3129 1722 3198 ripam

123 3220 380 3276 Iordanis
409 3219 605 3275 'l‘rihus
640 3218 962 3274 iuroluerint
993 3218 1328 3285 Juda-orum,
1359 3221 1613 3289 quooiam
1641 3219 1728 3273 Fi-

1835 615 1956 671 sioe
1985 615 2148 672 Patre
2187 633 2291 675 non
2333 630 2472 676 erat.
2508 621 2572 676 Et
2619 622 2758 678 Deus
2792 623 2952 679 Pater
2991 634 3129 689 erat,
3171 627 3266 681 sed
3313 626 3436 682 sine

1835 705 2016 762 Verbo
2047 724 2151 764 non
2180 720 2296 766 erat
2321 730 2336 766 :
2369 715 2491 780 quia
2530 712 2754 770 Verbum
2777 726 2886 770 erat
2913 718 3054 787 apud
3079 716 3262 772 Deum.

1909 799 1996 854 16.
2042 800 2164 855 lla-c
2203 802 2400 858 Sicitna
2439 805 2676 860 Ecclesia
2731 817 2835 860 est.
2883 808 3054 873 Ipsam
3085 826 3229 864 enim
3271 811 3437 882 eli-git

1835 890 2111 956 Salomon,
2143 893 2298 962 cujus
2325 895 2580 950 latentem
2609 897 2861 953 distinxit
2883 899 3156 956 affectttttt.
3191 902 3318 958 Haec
3347 903 3434 960 Si-

1835 987 1971 1041 citua
1999 988 2163 1041 Maria
2195 999 2299 1054 est,
2325 990 2481 1056 rujus
2504 994 2737 1046 animant
2769 994 2978 1064 gladius
3015 996 3106 1050 Dei
3155 997 3350 1052 transit
3379 1006 3466 1053 et'

1835 1078 2045 1134 dividit.
2080 1081 2205 1135 llaec
2230 1081 2427 1136 Sicima
2460 1091 2545 1137 est
2583 1086 2906 1155 ascendens,
2935 1090 3075 1143 sicut
3103 1089 3435 1158 interpreta-

1835 1171 1912 1227 tio
1942 1173 2121 1228 habet.
2155 1174 2285 1241 Qua:
2313 1179 2378 1229 sit
2412 1178 2735 1242 ascendens,
2763 1180 2889 1235 audi
2916 1181 2984 1236 de
3014 1183 3280 1240 Ecclesia.
3306 1184 3437 1250 Qua:

1835 1277 1908 1320 est
1935 1284 2050 1337 qua:
2071 1269 2300 1322 ascendit
2325 1269 2566 1324 dealbata
2612 1272 2834 1328 innitens
2865 1291 3020 1344 super
3043 1276 3254 1343 fratrem
3284 1293 3437 1331 suum

1836 1361 2026 1431 (tiam.
2077 1377 2189 1426 vni,
2239 1361 2374 1432 5)?
2427 1365 2550 1419 llaec
2597 1374 2681 1419 est
2733 1367 3017 1433 actinosa,
3068 1384 3189 1439 quae
3241 1370 3433 1425 Graece

1833 1452 2109 1515 ἁκτινὼδης
2149 1453 2348 1508 dicitur
2377 1496 2392 1520 ,
2435 1456 2575 1525 quod
2639 1456 2742 1512 lide
2781 1447 3144 1529 operibusque
3186 1463 3434 1531 resplen-

1833 1546 1960 1602 deat
1985 1564 1997 1599 :
2024 1546 2192 1620 6M
2216 1556 2242 1583 ει
2274 1549 2428 1618 cujus
2457 1550 2581 1604 tiliis
2604 1551 2736 1604 dicit
2761 1567 2774 1604 :
2802 1551 2977 1622 Opera
3003 1563 3184 1606 vestra
3217 1554 3436 1608 lucc-aut

1831 1655 2013 1694 coram
2047 1642 2206 1695 Patre
2238 1656 2382 1705 tneo,
2407 1643 2494 1709 qui
2525 1645 2576 1696 in
2599 1645 2752 1698 caelis
2779 1654 2863 1697 est
2893 1642 3108 1713 (Matth.
3139 1659 3202 1704 v.
3235 1644 3350 1717 16).

1905 1734 1994 1789 17.
2039 1733 2245 1789 Memor
2269 1749 2402 1801 ergo
2419 1745 2502 1790 est
2525 1734 2620 1790 Dei
2655 1735 2821 1790 David
2847 1738 2913 1790 de
2941 1746 3081 1792 terra
3106 1737 3358 1793 Jordanis
3381 1745 3438 1792 et

1830 1828 2170 1884 Hermoniim
2203 1845 2232 1884 a
2264 1839 2446 1882 monte
2471 1831 2702 1886 modico.
2737 1830 2868 1899 Quis
2890 1842 2974 1886 est
3004 1832 3106 1886 iSIe
3139 1846 3294 1886 mons
3321 1846 3439 1885 mo-

1756 1933 1806 1992 B
1833 1922 2027 1977 dictis?
2051 1921 2472 1977 Considert-mus
2503 1939 2572 1977 ne
2604 1922 2742 1978 forte
2773 1924 3024 1980 divinitas
3052 1924 3254 1979 Chri~ti
3277 1939 3436 1980 mons

1830 2027 2079 2084 magnus.
2111 2012 2356 2082 Denique
2384 2015 2567 2068 caelum
2596 2026 2644 2067 et
2667 2026 2854 2069 terram
2891 2016 3142 2086 compleo,
3175 2015 3296 2069 dicit
3323 2014 3435 2068 Do-

1832 2109 2005 2161 minus
2036 2106 2252 2180 (Jerem.
2285 2123 2442 2171 χχιιι,
2486 2107 2604 2176 24).
2667 2109 2724 2164 Si
2766 2124 2898 2179 ergo
2926 2109 3182 2163 divinitas
3231 2107 3437 2163 Christi

1831 2216 1986 2256 mons
2019 2215 2246 2270 magnus
2277 2211 2385 2266 est,
2431 2203 2614 2272 utique
2644 2202 2949 2258 incarnatio
2974 2201 3092 2271 ejus
3121 2217 3280 2255 mons
3313 2201 3436 2256 exi-

1830 2310 1969 2363 guus
2004 2309 2108 2350 est.
2141 2293 2440 2364 Utrumque
2468 2311 2599 2366 ergo
2631 2296 2910 2361 Christus,
2939 2304 2994 2350 et
3019 2310 3174 2354 mons
3205 2309 3441 2365 magnus

1830 2394 1886 2440 et
1915 2401 2388 2456 tntnorzmagnus
2439 2403 2600 2453 vere;
2645 2388 2769 2456 quia
2815 2402 3040 2457 magnus
3091 2387 3353 2441 Dominus
3380 2395 3440 2442 et

1832 2494 2026 2548 magna
2059 2482 2228 2532 virtus
2249 2479 2410 2548 ejus:
2446 2481 2653 2546 minor;
2697 2482 2818 2549 quia
2870 2481 3130 2548 scriptum
3163 2490 3248 2535 est
3281 2497 3292 2532 :
3333 2477 3443 2532 Mi-

1831 2572 2030 2626 norasti
2072 2587 2188 2625 eum
2227 2572 2384 2642 paulo
2429 2574 2599 2626 minus
2623 2571 2687 2625 ab
2725 2572 2936 2641 Angelis
2983 2569 3160 2645 (Psal.
3202 2585 3326 2635 vut,
3357 2568 3435 2639 6).

1833 2663 1988 2720 Unde
2015 2672 2070 2718 et
2102 2664 2290 2719 Esaias
2313 2664 2481 2720 dicit:
2528 2664 2759 2719 Vidimus
2803 2680 2948 2725 eum,
2979 2672 3026 2718 et
3071 2679 3174 2717 non
3217 2661 3437 2716 habebat

1830 2759 2071 2827 speciem,
2105 2775 2264 2830 neque
2284 2759 2517 2814 decorem
2547 2757 2717 2830 tEsai.
2748 2775 2862 2818 Llll,
2884 2759 2967 2827 2).
3003 2759 3144 2814 Idem
3178 2768 3354 2812 tamen
3384 2766 3442 2812 et

1831 2865 1897 2905 ex
1929 2865 2124 2918 magno
2151 2851 2333 2905 minor
2379 2850 2576 2915 factus,
2619 2858 2679 2905 et
2723 2867 2786 2905 ex
2819 2854 3031 2906 minore
3073 2867 3320 2922 magnus.
3357 2849 3440 2905 Ex

1831 2959 2026 3013 magno
2053 2944 2258 3009 mittor;
2301 2945 2424 3014 quia
2450 2959 2573 2999 cum
2608 2945 2658 2998 in
2694 2943 2866 2998 forma
2897 2945 2990 3000 Dei
3021 2955 3202 3010 esset,
3231 2952 3436 2998 semet-

1830 3037 2004 3105 ipsum
2037 3036 2355 3101 exinanivit,
2388 3044 2443 3090 et
2491 3036 2720 3091 fortnam
2761 3038 2904 3092 servi
2943 3039 3148 3106 accepit
3179 3054 3192 3092 :
3224 3052 3290 3091 ex
3335 3037 3437 3089 mi-

1834 3143 1964 3182 nore
1997 3143 2254 3198 magum;
2289 3129 2412 3197 qttia
2460 3129 2593 3182 dicit
2644 3129 2828 3182 Daniel
2861 3146 2873 3180 :
2904 3126 2973 3181 Et
3002 3129 3135 3198 lapis
3185 3129 3272 3198 qui
3301 3127 3441 3181 elisit

1831 3220 2128 3292 imaginem,
2163 3224 2331 3289 factus
2355 3229 2430 3274 est
2455 3235 2602 3273 mons
2632 3236 2872 3290 magnus,
2901 3230 2948 3272 et
2986 3220 3217 3288 implevit
3239 3235 3440 3273 omnem

124 3315 228 3371 lius
274 3314 508 3370 hominis
538 3317 629 3386 qui
661 3317 1055 3386 posterioribus
1088 3318 1423 3384 temporibus
1448 3317 1732 3373 descendit
1757 3319 1803 3382 ς,
1838 3325 2026 3368 terram
2055 3313 2220 3384 (Dan.
2255 3329 2310 3380 ll,
2341 3311 2454 3387 56).
2493 3313 2651 3383 Lapis
2694 3312 2784 3366 hic
2815 3313 2858 3366 si
2894 3312 3128 3382 requiris
3177 3313 3298 3380 quis
3327 3313 3434 3377 sit,

121 3423 153 3463 e
182 3411 343 3470 caelo,
375 3421 534 3462 verus
583 3407 674 3462 ille
717 3407 998 3475 Jordanis,
1045 3424 1205 3463 verus
1253 3409 1341 3464 ille
1389 3409 1728 3465 terrestrium

126 3511 287 3570 atque
314 3501 620 3556 cmlestium
646 3500 873 3565 divisor,
903 3502 1302 3570 possessionem
1331 3501 1603 3557 dividnam
1637 3517 1733 3572 pa-

131 3593 305 3649 tribus
331 3593 517 3648 dedit:
553 3609 715 3648 unam
747 3608 868 3663 qua:
900 3594 1274 3664 possideretttr
1305 3595 1356 3648 in
1390 3595 1570 3660 terris,
1595 3597 1730 3650 altc-

129 3705 243 3746 ram
298 3707 419 3762 quae
469 3689 666 3745 futura:
715 3691 840 3745 vita:
880 3690 1088 3745 meritis
1119 3699 1449 3746 servaretur.
1485 3693 1726 3759 Quorum

130 3795 421 3853 utrumque
465 3785 723 3841 convenit
767 3784 868 3838 soli
921 3784 1166 3850 Christo,
1205 3784 1292 3838 νισι
1323 3784 1564 3839 caelestia
1593 3784 1732 3840 divi-

133 3875 280 3943 dere,
311 3875 394 3932 vel
425 3878 637 3930 occulta
659 3875 1090 3944 deprehendere.
1124 3875 1382 3930 Interiora
1423 3878 1569 3930 enim
1601 3879 1733 3930 divi-

135 3969 231 4032 dit,
259 3970 350 4040 qui
383 3970 590 4022 occulta
625 3967 1007 4038 deprehendit,
1055 3968 1199 4036 quod
1231 3977 1318 4022 est
1369 3971 1550 4036 utique
1596 3968 1732 4023 divi-

137 4063 320 4117 nitatis
370 4060 600 4132 insigne.
649 4059 892 4130 Denique
941 4061 1019 4114 sic
1071 4059 1241 4115 habes
1290 4061 1549 4128 scriptum
1601 4063 1726 4130 quia

137 4153 396 4209 Dominus
423 4153 559 4207 dixit
596 4171 620 4206 τ
642 4151 880 4207 Lwtabor
909 4162 955 4206 et
1003 4152 1231 4207 dividant
1278 4151 1524 4207 Sicinium
1557 4151 1731 4224 (Psal.

139 4263 241 4308 th.
273 4249 350 4318 8).
387 4246 514 4303 llaec
559 4258 642 4301 est
693 4247 788 4301 illa
823 4249 1103 4313 magniﬁca
1138 4246 1335 4317 portio,
1376 4264 1535 4316 quam
1565 4248 1734 4303 Jacoh

142 4341 245 4396 lilio
274 4358 375 4396 suo
399 4340 598 4410 .loSeph
654 4342 1086 4410 pra-stantiorem
1134 4341 1387 4394 omuilms
1431 4341 1729 4410 deputavit.

145 4434 290 4492 Unde
339 4435 452 4490 ait:
487 4434 600 4509 Ego
646 4436 713 4489 do
764 4435 853 4490 tibi
897 4436 1148 4490 Sicimam
1197 4436 1531 4508 magniﬁcam
1579 4453 1736 4502 super

147 4534 322 4599 fratres
350 4539 488 4595 tuos,
520 4546 675 4600 quam
715 4530 888 4598 accepi
917 4527 981 4583 de
1020 4546 1178 4582 manu
1207 4528 1646 4594 Amorrhteorum,
1679 4530 1735 4583 in

146 4624 312 4694 gladio
335 4640 447 4677 meo
477 4633 524 4677 et
555 4625 742 4693 sagitta
772 4620 935 4687 (Gen.
977 4637 1159 4685 vant,
1185 4619 1312 4688 2‘2).
1346 4623 1500 4685 Quod
1537 4621 1735 4676 divisio

1835 3423 2090 3478 agnosce.
2139 3406 2390 3476 Lapidem
2439 3423 2590 3471 quem
2636 3407 3032 3479 "probaverunt
3068 3405 3430 3476 (ediﬁcantes,

1835 3503 1920 3555 hic
1947 3501 2118 3570 factus
2143 3512 2218 3555 est
2246 3504 2298 3553 in
2327 3511 2480 3570 caput
2507 3501 2686 3572 anguli
2719 3500 2893 3568 (Psal.
2925 3514 3068 3554 vau
3091 3541 3105 3563 ,
3127 3497 3246 3570 22’).
3280 3499 3424 3553 Idem

1836 3606 2014 3648 tamen
2043 3609 2166 3648 cum
2197 3602 2253 3648 et
2273 3595 2499 3661 exiguus
2525 3593 2834 3655 videretur,
2883 3606 3110 3662 magnus
3155 3599 3273 3644 erat
3339 3588 3441 3644 Cui

1836 3687 1916 3744 rei
1948 3689 2272 3757 asdpulatur
2306 3688 2492 3742 Esaias
2543 3686 2730 3742 dicens
2762 3704 2775 3740 :
2811 3685 2954 3740 Puer
2987 3695 3140 3740 nutus
3172 3697 3244 3739 est
3273 3683 3442 3751 nobis,

1835 3793 1881 3838 et
1918 3783 2058 3852 ﬁlius
2081 3782 2233 3836 datus
2272 3791 2346 3835 est
2379 3780 2544 3847 nobis,
2569 3783 2717 3853 cujus
2757 3780 2962 3833 initium
3009 3795 3163 3847 super
3203 3777 3445 3830 humeros

1838 3878 1974 3948 ejus,
1997 3886 2045 3927 et
2073 3875 2332 3928 vocabitur
2354 3873 2530 3941 magni
2556 3873 2757 3925 consilii
2782 3872 3013 3942 Angelus
3044 3869 3216 3940 (Esai.
3253 3883 3327 3932 Ix,
3359 3865 3442 3937 6).

1836 3970 2032 4027 Omnia
2066 3979 2294 4039 propter
2325 3976 2379 4021 te
2405 3966 2676 4020 Christus.
2724 3965 2884 4034 Lapis
2911 3975 3135 4034 propter
3167 3973 3216 4017 te
3241 4005 3256 4030 ,
3307 3971 3365 4015 ut
3390 3973 3447 4016 tu

1837 4061 2129 4116 mdilireris
2153 4079 2166 4114 :
2202 4075 2358 4114 mons
2385 4070 2606 4129 pt-Opter
2625 4067 2700 4123 te,
2726 4065 2786 4112 ttt
2810 4067 2862 4111 tu
2891 4056 3173 4111 ascendas.
3193 4053 3446 4110 Ascende

1838 4169 1969 4223 ergo
1998 4169 2160 4222 super
2187 4161 2450 4210 montem.
2484 4152 2574 4219 qui
2602 4152 2845 4206 cmlestiu
2873 4148 3032 4217 petis.
3064 4147 3192 4202 ldeo
3219 4147 3444 4202 inclina-

1838 4250 1916 4303 vit
1942 4248 2165 4309 cmlum,
2191 4256 2251 4302 ut
2277 4258 2328 4300 tu
2357 4259 2511 4301 eSSeS
2538 4245 2799 4311 vicinior;
2833 4244 2957 4300 ideo
2987 4244 3229 4299 surrexit
3249 4243 3301 4298 in
3324 4257 3449 4298 ver-

1840 4345 1999 4400 ticem
2031 4343 2251 4401 montis.
2287 4351 2346 4396 ut
2372 4352 2424 4398 te
2445 4341 2704 4397 elevaret.

1913 4435 1980 4491 18
2044 4434 2162 4490 Non
2205 4436 2478 4489 immerito
2506 4450 2638 4504 ergo
2669 4433 2897 4504 abyScus
2927 4433 3184 4504 abyssum
3229 4431 3448 4486 invoca-

1839 4530 1963 4596 bat;
1997 4542 2055 4585 ut
2108 4529 2211 4584 iste
2267 4544 2424 4584 mons
2468 4528 2620 4582 lieret
2651 4533 2901 4598 exiguus,
2940 4527 3009 4580 de
3039 4543 3146 4593 qtto
3170 4523 3442 4590 Propheta

1839 4624 1952 4678 ait:
1988 4622 2216 4694 Abyssus
2257 4622 2499 4692 abyssum
2546 4622 2748 4674 inuocat
2795 4621 2848 4672 in
2897 4635 3016 4672 voce
3063 4629 3447 4672 cataractarum

149 4699 499 4772 soli'Dmuino
525 4719 751 4773 debetur
780 4761 793 4784 ,
829 4733 949 4787 qua:
980 4715 1157 4771 Verbo
1182 4757 1197 4780 ,
1229 4715 1332 4770 hoc
1364 4725 1470 4777 est,
1505 4716 1733 4786 spiritali
1765 4715 1815 4776 D
1841 4728 2054 4773 tuarum
2084 4718 2262 4790 (Psal.
2299 4732 2404 4778 λιι,
2448 4717 2528 4785 8).
2564 4714 2680 4768 Νοη
2713 4713 3048 4784 prmvalebat
3071 4720 3227 4766 Vetus
3256 4709 3454 4762 Testa-

152 4810 239 4864 illo
267 4810 378 4864 veri
408 4810 713 4865 Salomonis
741 4807 922 4878 gladio
948 4808 1448 4876 comprehenditur.
1480 4807 1617 4875 Quid
1642 4819 1736 4882 est

153 4903 288 4958 soli?
314 4903 458 4958 Patri
485 4903 602 4957 sine
633 4901 870 4966 Christo,
921 4915 989 4954 an
1031 4901 1252 4954 Christo
1274 4901 1390 4954 sine
1414 4900 1612 4955 Patre?
1637 4900 1736 4955 Mi-

158 4997 311 5052 nime.
343 4996 476 5052 Cum
507 4998 681 5052 solum
712 4998 834 5053 dico
864 4997 1101 5060 Patrem,
1135 4995 1328 5049 Filium
1362 5012 1469 5050 non
1509 5012 1736 5064 separo;

158 5091 274 5160 quia
302 5093 352 5145 in
380 5091 503 5145 sinu
538 5100 591 5145 et
615 5098 830 5145 secreto
858 5090 1033 5145 Patris
1066 5087 1236 5142 Filius
1261 5096 1365 5141 est.
1399 5089 1532 5142 Cum
1563 5088 1741 5142 solum

164 5183 348 5240 Filium
380 5186 524 5251 dico,
558 5195 612 5239 et
642 5184 853 5240 Patrem
881 5183 1074 5254 jungo,
1100 5182 1441 5248 sicutjunxit
1485 5191 1536 5236 et
1572 5179 1746 5235 Filius

163 5277 336 5333 dicens
369 5297 382 5332 :
415 5275 552 5332 Ecce
571 5281 705 5332 venit
735 5276 885 5342 hora,
909 5289 964 5332 ut
986 5294 1064 5330 me
1089 5277 1254 5332 solum
1283 5276 1587 5344 relinquatis
1621 5275 1748 5328 :sed

165 5387 261 5423 non
289 5373 446 5434 solus,
474 5372 718 5440 quoniam
751 5369 910 5424 Pater
944 5387 1138 5424 mecum
1171 5381 1242 5424 est
1273 5369 1454 5442 (Joan.
1481 5382 1599 5435 xvt,
1631 5367 1746 5437 32).

166 5463 249 5517 Sic
274 5479 398 5534 ergo
423 5474 478 5519 et
511 5465 669 5519 Pater
698 5463 851 5517 solus
880 5463 1090 5523 heatus.
1123 5472 1179 5517 et
1208 5464 1357 5517 solus
1385 5473 1578 5531 poxens
1613 5459 1750 5514 dici-

170 5563 283 5622 tur;
309 5568 364 5612 ut
391 5559 461 5612 ah
483 5573 551 5614 eo
575 5557 742 5613 Filius
774 5571 880 5612 non
928 5570 1320 5627 sequeSIretur,
1351 5559 1441 5628 qui
1491 5558 1541 5610 in
1591 5555 1752 5609 Patre

173 5664 369 5718 semper
397 5662 478 5708 est
510 5651 551 5724 (l
583 5649 722 5704 Tim.
752 5665 799 5703 vr
823 5691 838 5715 ,
885 5649 952 5704 15
982 5658 1029 5703 et
1061 5649 1172 5719 16).
1219 5650 1458 5719 Denique
1491 5648 1752 5718 praeclare

243 5797 265 5824 τι
302 5787 386 5844 Sic.
410 5803 541 5843 mss.
571 5787 811 5852 Thuan.,
844 5787 1026 5852 Dion.,
1055 5785 1220 5839 Torn.
1242 5794 1296 5840 et
1319 5785 1458 5843 Vict.
1484 5785 1586 5840 Alii
1618 5800 1748 5840 vero

179 5867 324 5931 atque
350 5863 507 5926 edit.,
558 5861 708 5931 cujus
745 5859 889 5929 filius
923 5859 1068 5931 dicit.
1123 5858 1305 5931 Minus
1325 5860 1642 5931 commode;
1693 5865 1751 5910 ttt

181 5929 324 5986 dOcet
347 5929 935 5987 orationiscoutcxtus.
968 5929 1137 5985 Porro
1169 5929 1366 5998 passim
1395 5931 1446 5982 iu
1478 5929 1580 5982 hoc
1613 5939 1752 5980 trocn

1844 4824 2086 4869 mentum
2114 4812 2180 4865 ad
2209 4812 2368 4865 istius
2399 4809 2584 4863 mundi
2617 4809 3048 4876 redemptionem
3093 4823 3105 4858 :
3137 4802 3450 4866 inVncahat,

1845 4916 1900 4960 et
1947 4905 2099 4974 quasi
2150 4902 2216 4956 ad
2251 4902 2513 4956 auxilium
2553 4901 2866 4955 arcessi-hat
2897 4912 3092 4953 novum
3127 4895 3448 4949 Testamen-

1847 5009 1982 5053 tum.
2037 4994 2321 5050 Clamahat
2364 4993 2472 5048 Lt-x
2505 4997 2833 5047 annuntians
2889 4988 3266 5060 Evangelium.
3322 4985 3459 5039 Erat

1849 5092 1994 5146 enim
2027 5087 2355 5158 semiplena:
2381 5096 2436 5141 et
2461 5087 2582 5142 ideo
2613 5095 2730 5140 erat
2757 5084 3109 5139 necessarius.
3146 5090 3206 5134 ut
3241 5079 3452 5133 veniret

1853 5183 1942 5252 qui
1975 5181 2175 5251 Legem
2220 5181 2492 5248 impleret.
2540 5179 2689 5235 Finis
2734 5181 2878 5232 enini
2920 5173 3081 5244 Legis
3108 5171 3355 5227 Christus
3383 5169 3455 5224 ad

1852 5275 2113 5347 jussitiam
2159 5276 2304 5330 omni
2354 5273 2620 5333 credenti.
2653 5272 2742 5341 qui
2790 5269 2934 5324 venit
2969 5269 3168 5333 Legem
3201 5266 3452 5336 implere,

1859 5385 1965 5424 non
1998 5369 2229 5422 solvere.
2263 5366 2544 5432 Quomodo
2575 5365 2802 5434 abyssus
2828 5362 2960 5426 Lex,
2985 5359 3110 5413 audi
3141 5359 3409 5412 dicentem
3437 5374 3454 5411 :

1859 5462 2071 5517 Indicia
2105 5470 2194 5515 tua
2234 5462 2364 5515 sicut
2407 5462 2623 5529 abyssus
2650 5455 2814 5509 multa
2853 5453 3024 5525 (Psal.
3059 5467 3223 5514 xxxv,
3253 5448 3331 5512 7i.
3363 5447 3455 5504 Si-

1863 5555 1975 5609 mul
2012 5553 2137 5608 hinc
2175 5553 2416 5623 itttellige
2473 5560 2761 5617 utrumque
2808 5547 2968 5600 unius
3015 5559 3136 5599 esse
3176 5539 3458 5611 sapientia:

1859 5646 2294 5712 Testamentum,
2320 5643 2462 5714 quod
2484 5641 2636 5712 quasi
2668 5653 2824 5693 suum
2853 5637 3001 5691 venit
3032 5635 3267 5704 implere.
3297 5632 3460 5688 Cata-

1856 5769 1974 5839 ttitu
2009 5783 2308 5838 versiculos
2347 5779 2534 5850 psalmi
2578 5792 2690 5850 xtl,
2729 5774 3093 5833 resecavitnus
3141 5789 3280 5850 quos
3322 5773 3458 5850 edit.

1859 5856 2019 5980 gum.
2074 5866 2131 5909 ut
2177 5846 2492 5908 continuum
2542 5848 2784 5906 efﬁceret
2823 5848 3324 5908 commentarium,
3382 5846 3466 5897 in-

1899 5937 2108 5980 θηται.

1899 5937 2108 5983 exerat.
