4042 6378
595 393 702 450 819

1952 393 2200 452 SAM)"
2237 394 2566 453 AHBWI
3824 403 3905 460 Sil

594 517 776 566 metas
796 516 976 564 autem
1001 507 1352 580 intelligimus
1375 510 1639 580 proftde
1667 512 1975 580 verborum,
1999 521 2062 568 et.
2083 511 2193 567 vim
2220 516 2274 576 Α
2299 512 2639 582 scribuntur,
2681 517 2877 585 quibus
2903 518 3107 577 dicitur
3128 539 3143 576 :
3173 521 3422 576 Gaudete
3446 522 3595 590 quod
3621 523 3825 578 nondum
3846 539 3908 578 ιιι-

596 602 838 658 cmlestis
861 601 1066 670 eloquii
1092 620 1110 656 ι
1153 617 1275 672 qua:
1319 603 1530 660 fluxere
1578 604 1736 660 nobis
1783 605 1928 661 sicut
1966 605 2195 662 imbere

599 695 761 749 coelo.
801 694 940 764 Ergo
970 693 1268 750 remedium
1311 695 1603 752 mdiorum
1626 698 1872 754 omnium
1898 696 2156 756 Christus
2175 737 2190 766 ,

593 795 648 842 et
675 785 960 855 Scriptura
984 787 1193 852 divina;
1217 798 1379 859 atque
1401 790 1453 844 iu
1480 791 1867 847 mutationibus
1888 807 2054 847 unum
2073 805 2195 861 per-

592 879 823 952 fugiam.

1221 953 1449 1011 CAPUT
1493 954 1556 1009 V.

595 1043 866 1115 Prttphela
891 1046 1112 1101 miseriis
1130 1047 1364 1102 obsessus
1388 1049 1614 1102 divinam
1641 1047 1886 1120 implorat
1911 1048 2197 1103 misericor-

666 1141 828 1204 diam,
860 1156 973 1212 qua:
1001 1142 1055 1194 in
1084 1140 1314 1195 adversis
1338 1143 1599 1213 praxipue
1624 1145 2001 1212 manifestatur.
2025 1138 2196 1196 Deum

662 1233 885 1289 hominis
908 1245 1257 1303 susceptorem
1292 1252 1421 1298 esse,
1443 1246 1550 1290 tum
1578 1236 1638 1288 ob
1665 1236 1970 1290 creationem
2015 1252 2116 1305 qua
2141 1235 2196 1289 in

665 1344 757 1382 nos
779 1329 914 1382 idem
927 1330 1021 1399 jus
1049 1329 1196 1383 habet
1214 1339 1374 1400 atque
1394 1330 1448 1383 in
1471 1329 1608 1383 lutea
1634 1345 1753 1385 uasa
1774 1330 1988 1398 ﬁgulus,
2011 1339 2116 1382 tum
2133 1327 2195 1382 ob

664 1421 1014 1492 defensionem
1045 1438 1148 1494 qua
1177 1438 1473 1476 concessam
1509 1421 1706 1476 homini
1732 1423 1883 1476 vitam
1907 1430 2192 1480 conservat.

667 1533 754 1588 19.
797 1533 1042 1604 Denique
1072 1533 1162 1588 ubi
1197 1533 1437 1588 advertit
1473 1532 1644 1587 David
1685 1532 1828 1602 quod
1858 1532 2195 1590 elevationes

592 1628 857 1683 ﬂuetuum
888 1627 1227 1682 maculat-ium
1257 1643 1422 1697 super
1439 1643 1501 1684 se
1524 1628 1792 1695 venirent,
1813 1642 1948 1696 (tuas
1967 1642 2196 1684 necesse

593 1731 677 1777 est
710 1721 967 1790 plurimas
995 1719 1288 1776 subeamus
1329 1721 1383 1775 itt
1439 1720 1593 1775 istius
1638 1720 1756 1774 salo
1789 1721 1911 1774 vita:
1934 1760 1950 1786 ,
1983 1735 2196 1776 memor

597 1815 814 1870 Domini
862 1815 1268 1870 miserationem
1296 1829 1431 1885 quas
1456 1812 1759 1870 innumeris
1789 1811 2038 1882 promisit
2069 1827 2195 1867 ora-

2297 615 2404 660 stra
2439 607 2637 676 scripta
2683 619 2807 664 sunt
2839 611 2897 664 in
2922 614 3047 666 ante
3079 610 3256 682 (Luc.
3291 629 3349 680 ι,
3383 613 3462 671 ευ
3491 615 3536 684 ).

2367 698 2460 753 21.
2491 699 2888 771 Suscepitergo
2915 717 3014 760 nos
3043 705 3338 775 Dominus,
3365 707 3603 778 quando
3623 721 3729 763 nos
3749 705 3907 764 ﬁnxit:

2297 789 2524 857 suscipit
2563 800 2615 846 et
2644 793 2860 862 quando
2907 811 3006 850 nos
3032 799 3191 867 jubet
3220 802 3403 854 nasci.
3437 800 3606 856 Unde
3630 802 3708 855 ait
3729 801 3907 871 justas:

2301 880 2541 954 Suscepit
2566 901 2645 939 me
2663 902 2727 940 et
2753 898 2897 943 utero
2910 892 3086 945 matris
3117 909 3244 948 mea:
3263 891 3388 965 (Ps.
3411 907 3703 960 cxxxvm,
3725 897 3912 966 t3).(3a-

2293 970 2385 1041 jus
2408 973 2932 1049 matrisiPriusquam
2947 991 2995 1035 te
3010 983 3298 1050 formarent
3323 985 3580 1048 innuero,
3599 988 3726 1039 nevi
3748 988 3910 1059 ulla.

2299 1061 2340 1130 Ι,
2386 1065 2420 1121 5
2449 1063 2491 1135 ).
2523 1066 2670 1136 Quos
2703 1071 2898 1126 lorniat
2927 1083 2982 1128 et
2999 1076 3249 1146 suscipit,
3268 1088 3554 1133 exeuntes
3577 1093 3804 1149 quoque
3823 1094 3912 1135 sus-

2299 1158 2450 1227 cipit.
2480 1157 2550 1214 Et
2585 1163 2886 1233 priusquam
2905 1167 3070 1220 exit-es
3089 1168 3157 1222 de
3176 1171 3332 1223 vulva
3361 1172 3561 1224 matris
3580 1214 3597 1237 ,
3625 1174 3912 1241 ..περιῄεστὶ

2301 1261 2368 1306 te.
2417 1254 2715 1324 Susceptor
2742 1269 2825 1312 est
2854 1259 2943 1328 qui
2965 1265 3272 1332 susceperit
3303 1265 3611 1330 manibus,
3644 1276 3709 1319 ut
3734 1273 3914 1336 genistis

2300 1356 2556 1415 operator
2581 1348 2805 1406 humani
2829 1364 3113 1424 susceptor
3137 1356 3360 1421 dicitur;
3397 1367 3457 1412 et
3502 1360 3605 1428 qui
3635 1359 3914 1416 visitatioor

2300 1440 2625 1509 susceperit,
2667 1452 2723 1498 ut
2745 1453 3013 1515 protegat.
3048 1446 3206 1504 Unde
3236 1451 3314 1504 ait
3347 1451 3644 1521 Propheta
3675 1469 3692 1506 :
3726 1453 3824 1520 Qui
3845 1456 3912 1507 ts-

2301 1529 2428 1586 bitat
2454 1534 2509 1588 in
2538 1535 2802 1607 adjutorio
2824 1538 3074 1593 Altissimi
3100 1581 3116 1605 ,
3168 1542 3304 1596 dicet
3335 1543 3582 1598 Domino
3617 1561 3638 1599 :
3665 1546 3915 1616 Suscepto

2301 1642 2444 1680 meus
2469 1641 2520 1680 es
2551 1637 2629 1690 tu,
2674 1638 2724 1682 et
2750 1629 3009 1700 refugium
3036 1649 3204 1688 meum
3252 1636 3272 1702 (
3296 1634 3519 1690 Palus.
3559 1652 3661 1705 xc,
3727 1639 3751 1693 I
3778 1650 3822 1692 et
3843 1639 3911 1708 ἰ).
3989 1629 3992 1648 ²

2303 1720 2484 1776 Prima
2515 1727 2794 1794 susceptio
2817 1737 2902 1782 est
2953 1731 3310 1798 operationis,
3373 1734 3641 1789 secunda
3674 1735 3912 1791 defensio-

2302 1813 2406 1867 nis.
2436 1813 2679 1886 Denique
2704 1820 2830 1872 audi
2862 1820 3084 1892 Meysen
3113 1824 3394 1880 dicentem
3431 1844 3445 1880 :
3487 1824 3807 1884 Extende!"
3832 1835 3910 1883 alat

601 1910 765 1975 culis,
793 1910 860 1966 ad
889 1923 1083 1978 thraces
1112 1922 1409 1962 conversus
1432 1905 1597 1979 διε
1627 1906 1942 1976 interpellat
1982 1906 2150 1959 Deum
2175 1945 2191 1970 ,
2228 1913 2426 1977 Blsuas
2455 1913 2733 1984 assumpsit
2755 1931 2838 1970 eos
2861 1927 2962 1982 ,‘et
2985 1921 3208 1988 suscepit
3241 1937 3327 1974 eos
3355 1939 3526 1991 super
3556 1929 3810 1995 scapulas
3824 1941 3912 1979 sus

594 2003 776 2060 Sciens
799 2001 942 2070 quod
961 2000 1328 2058 misericordia
1344 2001 1460 2068 ejus
1480 2003 1530 2054 in
1551 2005 1670 2054 luce
1692 2000 1997 2064 ntaudalur,
2019 1998 2070 2054 id
2084 2007 2192 2063 est,

600 2095 655 2149 in
681 2095 849 2164 Lege;
879 2095 1002 2162 quia
1024 2095 1115 2148 lus:
1136 2101 1390 2164 praecepta
1420 2104 1506 2148 tua
1529 2090 1704 2164 (Esai.
1723 2109 1868 2159 xxvt,
1887 2090 1944 2162 9)
1965 2110 1979 2144 :
2000 2093 2054 2148 in
2072 2103 2193 2148 ten-

599 2188 899 2244 tationiltus
951 2199 1130 2243 aula-nt
1162 2187 1320 2256 quasi
1369 2188 1421 2244 in
1464 2188 1642 2242 noctis
1673 2186 1936 2250 tenebris,
1971 2185 2198 2241 manife-

589 2289 787 2338 statur.
806 2279 962 2336 Unde
983 2289 1258 2350 tulitquam
1282 2280 1455 2334 viator
1468 2283 1557 2349 qui
1577 2278 1878 2348 repatt‘iare
1895 2279 2190 2344 desideret,

593 2383 649 2430 et
677 2375 963 2442 pervenire
993 2389 1100 2444 quo
1129 2373 1338 2437 tendat,
1377 2372 1708 2443 confragoso
1737 2384 1920 2428 tamen
1947 2374 2068 2427 vita:
2097 2372 2194 2428 ltu-

585 2464 681 2535 jus
709 2466 906 2521 itinere
953 2468 1226 2536 fatigatus,
1255 2465 1450 2528 ducem
1481 2467 1737 2532 arcessit,
1777 2477 1834 2521 et
1861 2466 2196 2523 allevameu-

593 2564 707 2610 tum
741 2557 1013 2614 obsecrat.

665 2649 757 2704 20.
799 2650 955 2719 Apud
981 2667 1082 2716 me,
1117 2652 1310 2722 inquit,
1343 2652 1510 2708 oratio
1540 2650 1651 2710 Deo
1683 2655 1802 2708 vitae
1828 2667 1988 2718 mea;
2023 2653 2196 2708 dicam

593 2739 709 2796 Deo
734 2759 755 2797 .°
779 2744 1061 2812 Susceptor
1099 2759 1242 2800 atrus
1269 2761 1324 2799 es
1359 2745 1538 2817 (Ptol.
1574 2761 1688 2809 tu.
1731 2745 1844 2817 10).
1877 2746 2023 2802 Bene
2065 2754 2194 2802 uota

589 2833 702 2904 jam
735 2836 838 2890 sibi
863 2836 1060 2905 qutrrit
1082 2837 1306 2901 auxilia,
1338 2847 1393 2892 et
1418 2838 1668 2907 promissi
1694 2848 1970 2894 auctorem
1994 2854 2195 2894 conve-

591 2927 696 2990 nit,
729 2937 892 2994 atque
924 2928 1107 2982 usitati
1136 2931 1378 2982 numeris
1406 2928 1784 2996 praebitorem;
1819 2938 1877 2983 ut
1908 2931 1961 2984 in
1991 2930 2191 2985 subve-

589 3017 816 3076 nieudo.
861 3019 907 3072 si
951 3023 1204 3076 meritum
1247 3022 1482 3080 hominis
1526 3022 1774 3087 oﬁendit,
1802 3022 2050 3076 divinum
2082 3039 2188 3077 non

593 3109 830 3166 effundat
873 3114 1209 3183 exetuplmn.
1247 3115 1386 3170 Dicit
1425 3116 1621 3183 aliquis
1655 3134 1666 3169 :
1701 3117 1928 3184 Quando
1958 3119 2190 3187 suscipit

591 3219 714 3260 eum
749 3205 927 3260 Deus?
956 3207 1025 3261 ιιι
1050 3208 1152 3262 hoc
1181 3218 1508 3272 astruamus,
1553 3208 1674 3263 veni
1708 3224 1916 3263 mecum
1947 3209 2014 3264 ad
2041 3208 2194 3266 Scri-

2307 2002 2326 2074 (
2360 2002 2512 2058 Deut.
2561 2021 2734 2072 χχιιι,
2792 2009 2851 2064 lt
2884 2012 2931 2076 ):
2960 2012 3102 2066 sicut
3135 2015 3318 2083 aquila
3348 2018 3622 2086 suscipit,
3657 2035 3782 2088 qua
3808 2017 3908 2074 fetus

2301 2111 2432 2152 suos
2455 2100 2775 2157 exstuinare
2804 2106 3116 2170 consuevit;
3152 2116 3211 2161 ut
3237 2117 3430 2164 teneat
3460 2123 3641 2182 atque
3689 2117 3907 2177 enutrist.

2301 2191 2496 2260 quibus
2524 2195 2637 2248 veri
2665 2195 2902 2252 indolem
2953 2207 3161 2268 partus,
3219 2213 3274 2256 et
3315 2204 3673 2274 incorrupta:
3717 2212 3908 2278 gratiae

2301 2293 2510 2340 natura
2548 2290 2827 2356 astipulari
2851 2290 3180 2359 adverterit;
3228 2301 3323 2350 aut
3353 2298 3630 2366 repellat,
3661 2299 3718 2354 in
3749 2301 3909 2370 quibus

2299 2374 2585 2446 degeneris
2613 2380 2842 2451 originis
2866 2383 3240 2441 infirmitatem
3265 2387 3319 2441 in
3342 2395 3544 2445 tenera
3569 2389 3764 2447 adhuc
3784 2400 3908 2448 rule

2301 2468 2749 2540 deprehenderit.

2822 2546 2990 2620 σω
3025 2546 3256 2606 CAPUT
3297 2551 3390 2607 Vl.

2304 2631 2550 2700 Queritur
2583 2635 2749 2692 David
2776 2641 2856 2693 sui
2881 2640 3096 2696 oblitum
3119 2641 3289 2697 Deum
3313 2644 3504 2710 videri,
3537 2658 3651 2717 quo
3680 2658 3732 2704 et
3761 2667 3908 2720 pecca-

2378 2740 2547 2785 torum
2584 2748 2796 2788 suorum
2818 2735 3021 2802 merita,
3053 2745 3103 2790 et
3131 2739 3404 2809 prepriam
3433 2741 3800 2808 inﬁrmitatem
3822 2759 3905 2813 que

2373 2826 2484 2880 sine
2509 2824 2684 2879 divino
2712 2826 2956 2893 prtesidio
2984 2829 3264 2882 subsistere
3290 2846 3394 2886 non
3418 2841 3614 2902 potest,
3641 2837 3904 2903 conﬁtetur.

2376 2917 2575 2973 Ibidem
2598 2920 2736 2992 luget
2756 2921 2896 2990 quod
2915 2921 3071 2990 fuerit
3097 2939 3129 2975 a
3166 2922 3275 2979 Deo
3305 2930 3582 2997 repulsus,
3614 2932 3711 3000 qui
3733 2948 3906 3000 ηεινρ-

2373 3022 2454 3065 tus
2476 3021 2596 3066 ante
2629 3015 2817 3084 fuerat.
2855 3015 3021 3081 Quam
3054 3017 3260 3072 beatum
3290 3020 3356 3072 sit
3377 3037 3444 3075 ea:
3482 3033 3641 3080 utero
3685 3025 3743 3079 in
3773 3022 3905 3079 De“

2373 3107 2555 3172 projici
2579 3121 2598 3168 ,°
2621 3114 2664 3158 et
2692 3123 2795 3176 qua
2820 3109 3018 3162 ratione
3049 3111 3180 3165 illud
3211 3110 3420 3168 Christo
3452 3119 3903 3174 accommodetur?

2369 3216 2460 3270 Ἡ..
2497 3218 2674 3282 Quare
2695 3235 2774 3272 me
2799 3220 2991 3274 oblitus
3021 3231 3092 3289 es,
3121 3232 3168 3275 et
3189 3239 3352 3293 quare
3380 3238 3464 3282 me
3505 3231 3764 3298 repuliin
3787 3234 3804 3301 (
3831 3229 3896 3283 Ps.

591 3307 766 3368 pltll‘tc
795 3313 965 3353 sacrae
985 3299 1271 3352 exordium
1299 3297 1456 3365 (Gen.
1489 3316 1550 3364 tt,
1576 3301 1656 3370 7).
1689 3309 1745 3354 et
1769 3301 1889 3355 vide
1919 3301 2194 3370 quomodo
2221 3307 2266 3370 C
2302 3323 2423 3373 xu,
2485 3309 2552 3364 to
2583 3308 2649 3381 )i
2680 3311 2824 3366 Deus
2872 3329 2976 3366 non
3025 3315 3391 3373 obliviscitur.
3444 3297 3803 3387 Impossibile
3841 3333 3900 3374 est

593 3387 854 3442 Dominus
883 3389 1130 3442 manibus
1158 3390 1271 3444 suis
1297 3389 1366 3443 de
1402 3390 1517 3446 luto
1545 3390 1819 3446 hominem
1850 3390 2189 3461 ﬁguraverit.

591 3479 751 3535 Unde
778 3489 834 3536 et
869 3480 955 3534 hic
985 3482 1102 3550 ipse
1154 3481 1205 3534 in
1238 3483 1628 3550 poeterioribus
1651 3483 1785 3536 dicit
1815 3501 1827 3535 :
1857 3483 2045 3542 Alanus
2089 3498 2194 3543 tnta

594 3576 826 3643 fecerunt
868 3589 946 3624 me
993 3583 1042 3626 et
1073 3572 1451 3641 ptasmaveruut
1486 3590 1565 3627 nte
1617 3572 1786 3644 (I’sal.
1829 3592 2021 3640 cum,
2073 3579 2187 3649 75).

594 3665 758 3733 Quasi
789 3665 982 3735 ﬁgulus
1009 3667 1226 3736 quidam
1261 3668 1402 3722 Deus
1442 3670 1698 3722 fabricam
1731 3671 1913 3724 carnis
1943 3681 2030 3726 est
2058 3688 2190 3743 ope-

592 3769 744 3814 ratus
774 3758 1042 3816 humanae.
1076 3760 1142 3816 Et
1163 3760 1232 3820 ad
1268 3761 1598 3816 Hieremiam
1642 3762 1842 3818 dicitur
1875 3779 1891 3818 :
1927 3761 2195 3822 Descende

593 3852 648 3905 in
691 3853 899 3906 domum
937 3851 1119 3920 ﬁguli,
1158 3862 1209 3907 et
1247 3852 1428 3908 audies
1466 3853 1576 3907 illic
1631 3854 1780 3910 verba
1824 3871 1937 3911 mea
1971 3855 2190 3924 (lerant.

594 3958 749 4009 xvttt,
777 3943 859 4016 2).
904 3942 1093 4014 Figulo
1123 3945 1309 4014 utique
1352 3960 1496 4016 saepe
1537 3948 1819 4017 contingit,
1854 3958 1910 4003 ut
1938 3949 2063 4004 dum
2094 3965 2191 4006 vas

540 4047 542 4050 '
595 4035 836 4106 ﬁngitur,
895 4039 1055 4091 cadat
1080 4038 1150 4093 de
1195 4039 1446 4094 manibus
1473 4041 1612 4110 ejus,
1654 4052 1710 4095 et
1740 4043 1936 4098 iterum
1971 4045 2194 4115 colligat

594 4127 788 4191 lutum,
817 4138 874 4181 ιιι
905 4144 998 4183 vas
1029 4131 1310 4184 reformat.
1345 4130 1588 4202 Denique
1609 4143 1662 4186 et
1692 4133 1992 4190 Hieremias
2021 4135 2150 4190 dicit
2177 4153 2190 4188 :

592 4223 868 4292 Descendi,
891 4236 941 4282 et
966 4226 1070 4282 vidi
1107 4244 1208 4297 quo
1254 4229 1406 4282 modo
1452 4231 1635 4286 cecidit
1663 4247 1773 4300 uas,
1801 4235 1939 4303 quod
1961 4235 2074 4304 ipse
2112 4237 2194 4305 fa-

599 4320 758 4373 ciebat
778 4322 831 4374 in
854 4323 1084 4375 manibus
1101 4324 1206 4376 suis
1227 4324 1390 4396 (Ibid.
1408 4328 1462 4387 ὅ.
1478 4327 1557 4398 4).
1575 4330 1842 4386 Etiterum
1861 4331 2033 4401 inquit
2052 4350 2070 4388 .·
2093 4331 2194 4386 Fe-

593 4419 661 4471 cit
687 4434 776 4502 ras
811 4419 958 4474 aliud
997 4435 1096 4490 quo
1130 4422 1282 4476 modo
1319 4421 1509 4496 placuit
1527 4429 1574 4482 ei
1608 4428 1822 4500 (lbid.).
1854 4430 2020 4486 Recte
2063 4445 2193 4502 ergo

592 4497 879 4579 susceptor
900 4511 1130 4577 dicitur;
1155 4515 1275 4584 quia
1301 4518 1550 4575 manibus
1574 4497 1691 4575 suis
1737 4497 1835 4575 nos
1864 4523 1982 4591 ipse
2004 4538 2192 4579 susceo

595 4601 697 4672 pit,
723 4602 838 4672 ipse
859 4601 1134 4660 formavit.
1169 4606 1396 4664 Humani
1431 4610 1576 4682 ﬁguli
1607 4628 1731 4667 vasa
1767 4625 1898 4669 sunt
1940 4614 2055 4680 illa,
2087 4617 2190 4671 alia

2298 3403 2442 3458 enim
2467 3413 2526 3457 ut
2557 3404 2932 3472 obliviscatur,
2953 3410 3038 3463 cui
3065 3411 3246 3465 omnia
3272 3421 3393 3482 quae
3421 3423 3557 3469 sunt
3587 3414 3732 3471 facta
3761 3426 3814 3471 et
3841 3416 3899 3468 fu-

2299 3505 2447 3559 tura,
2508 3499 2793 3564 praesentia
2823 3510 2985 3554 sunt:
3035 3502 3131 3556 sed
3168 3517 3350 3558 nostra
3381 3515 3610 3574 peccata
3671 3510 3894 3563 meritam

2298 3590 2585 3644 oblivionis
2616 3591 2667 3645 ei
2698 3590 3023 3660 infundunt;
3069 3606 3126 3649 ut
3171 3597 3450 3654 oblitteret
3472 3615 3575 3656 eos
3602 3644 3616 3666 ,
3654 3619 3790 3673 quos
3833 3605 3893 3656 in-

2297 3681 2491 3753 dignos
2521 3698 2615 3737 sua
2671 3685 2978 3741 visitatione
3003 3691 3352 3758 cognoverit.
3383 3692 3494 3747 Eos
3526 3695 3684 3749 enim
3721 3712 3897 3766 cogno-

2299 3779 2401 3832 scit
2428 3777 2708 3844 Dominus,
2734 3781 2822 3849 qui
2852 3792 2978 3836 sunt
3004 3783 3141 3852 ejus.
3176 3784 3378 3840 Tamen
3410 3788 3500 3841 ubi
3526 3789 3700 3858 aliqui
3727 3792 3897 3860 iniqu-

2301 3878 2460 3925 tatem
2488 3883 2802 3940 operantur,
2833 3875 2916 3927 his
2943 3875 3070 3931 dicit
3100 3893 3112 3928 :
3150 3875 3272 3930 Non
3299 3880 3416 3932 novi
3446 3893 3536 3933 vos
3567 3881 3796 3952 (llattlt.
3822 3897 3889 3943 tu,

2297 3964 2371 4019 93
2398 3963 2441 4034 ).
2484 3965 2616 4030 Quis
2647 3981 2778 4036 ergo
2810 3976 2893 4020 est
2920 3970 3009 4038 qui
3035 3972 3204 4039 possit
3230 3971 3340 4024 Deo
3365 3973 3551 4029 dicere
3578 3991 3590 4028 :
3632 3975 3805 4043 Quare
3837 3992 3894 4029 sta

2297 4056 2488 4110 oblitus
2515 4073 2566 4110 es
2587 4058 2612 4110 .7
2641 4057 2747 4112 Sed
2770 4069 2947 4114 tamen
2971 4075 3264 4117 commune
3286 4063 3389 4120 hoc
3416 4067 3633 4122 sanctis
3658 4069 3893 4137 nobisque

2297 4148 2530 4204 infirmis
2550 4161 2653 4203 est.
2688 4151 2920 4206 Sanctus
2941 4151 3074 4208 dicit
3098 4156 3252 4224 quasi
3300 4158 3478 4212 meriti
3509 4159 3593 4212 sui
3623 4164 3890 4218 conscius:

2297 4248 2353 4295 et
2385 4252 2562 4294 tamen
2600 4256 2708 4310 quo
2762 4242 3024 4307 sanctior,
3077 4243 3178 4312 hoc
3229 4246 3502 4302 humilior.
3536 4249 3698 4318 Quod
3733 4253 3779 4306 si
3822 4254 3889 4304 vi:

2297 4343 2518 4390 sanctus
2539 4334 2690 4403 dicit,
2723 4337 2853 4408 quid
2885 4354 2984 4410 ego
3008 4339 3185 4395 dicam
3211 4355 3488 4412 peccator,
3521 4337 3631 4401 nisi
3677 4347 3742 4400 ad
3781 4345 3890 4400 illud

2296 4428 2530 4482 referam
2562 4447 2575 4482 :
2616 4429 2795 4496 Quare
2825 4434 3007 4499 operis
3041 4436 3117 4488 tui
3141 4436 3346 4490 oblitus
3367 4451 3427 4492 es
3454 4454 3468 4502 ;
3521 4454 3699 4509 quare
3725 4441 3890 4496 visita-

2298 4521 2461 4576 tionis
2491 4531 2596 4577 tua:
2629 4523 2832 4578 oblitus
2871 4526 2972 4580 es?
3023 4525 3304 4583 Postremo
3357 4545 3529 4600 quare
3580 4534 3893 4589 infirmitatis

2301 4630 2435 4669 mete
2456 4614 2659 4670 oblitus
2686 4624 2744 4671 es
2769 4617 2793 4670 τ
2819 4618 2958 4686 Quid
2982 4630 3066 4673 est
3090 4621 3234 4674 enim
3270 4622 3455 4689 homo,
3489 4626 3596 4679 nisi
3626 4630 3754 4697 quia
3785 4627 3886 4680 visi-

589 4693 646 4750 in
671 4694 956 4761 honorem,
987 4697 1092 4758 alia
1116 4697 1166 4754 in
1195 4703 1599 4759 contumeliam.
1629 4703 1832 4762 Omnes
1852 4720 2041 4764 sumus
2068 4723 2193 4764 vasa
2222 4689 2274 4750 Ῑ)
2300 4717 2382 4764 tas
2412 4706 2574 4762 eum?
2621 4707 2737 4764 Non
2761 4723 2893 4780 ergo
2915 4710 3251 4766 obliviscaris
3284 4715 3581 4770 inﬁrmum.
3613 4719 3884 4780 Memento,

588 4786 774 4842 ﬁctilia
799 4805 813 4842 :
836 4797 891 4844 et
919 4789 963 4844 si
993 4805 1084 4845 rex
1105 4791 1175 4846 sit
1198 4793 1414 4862 aliquis,
1445 4809 1539 4852 vas
1578 4795 1740 4850 ﬁctile
1765 4808 1881 4862 est;
1913 4811 1962 4854 et
1989 4799 2036 4855 si
2063 4815 2194 4870 apo.

583 4882 784 4949 stolus,
816 4896 908 4942 vas
932 4882 1094 4938 ﬁctile
1135 4894 1238 4940 est.
1265 4884 1419 4942 Unde
1448 4899 1501 4942 et
1529 4887 1729 4944 Paulus
1758 4907 1772 4943 :
1801 4888 2082 4959 Habemus,
2115 4893 2196 4947 in—

587 4973 724 5042 quit,
751 4975 1044 5031 thesaurum
1070 4977 1225 5032 istum
1247 4979 1300 5032 in
1352 4980 1486 5033 vasis
1507 4980 1748 5047 ﬁctilibus
1777 4980 1843 5054 (ll
1865 4981 1985 5038 Cor.
2012 5000 2084 5052 IV,
2110 4985 2188 5058 7).

587 5067 656 5122 Et
683 5068 941 5137 prepheta
987 5069 1057 5125 de
1087 5087 1211 5141 rege
1237 5072 1368 5127 dicit
1402 5089 1417 5126 :
1464 5072 1790 5143 Depretiatus
1811 5087 1884 5132 est
1913 5077 2192 5136 Jecltonias

582 5162 716 5216 sicut
742 5178 853 5227 vos,
879 5164 1025 5233 cujus
1063 5179 1220 5233 opera
1246 5181 1347 5219 non
1375 5176 1449 5222 est
1476 5169 1760 5222 necessaria
1797 5168 2012 5241 (lerant.
2053 5185 2182 5238 xm,

581 5253 698 5325 28).
730 5256 796 5310 Ει
819 5255 1055 5312 addidit:
1092 5256 1273 5324 Terra,
1298 5259 1423 5312 audi
1449 5259 1651 5314 verbum
1675 5259 1901 5329 Domini,
1923 5265 2084 5319 scribo
2115 5267 2188 5320 vi-

2300 4801 2548 4868 Domioe,
2588 4803 2711 4872 quia
2769 4805 3042 4860 infirmum
3068 4822 3153 4861 me
3196 4809 3368 4862 [θείειί
3402 4827 3416 4863 :
3457 4822 3742 4868 memento
3782 4814 3888 4884 quia

2302 4904 2327 4933 α
2362 4896 2637 4965 pulverem
2668 4911 2755 4951 me
2783 4897 3006 4954 ﬁnxisti.
3038 4900 3322 4967 Quomodo
3339 4913 3493 4970 piare
3516 4916 3714 4975 potero
3738 4945 3753 4973 ,
3804 4906 3886 4960 nisi

2296 4988 2627 5045 solidaturus
2666 4989 2770 5044 hoc
2811 4992 2981 5046 lutum
3006 5007 3222 5062 semper
3260 4993 3535 5061 intendas,
3567 5010 3626 5051 ut
3654 4999 3724 5052 de
3755 5000 3888 5053 velut

2298 5092 2389 5136 tuo
2439 5083 2685 5140 soliditas
2723 5099 2840 5138 mea
2881 5084 3137 5153 prodeat?
3168 5086 3300 5140 Cum
3350 5089 3622 5145 averteris
3665 5090 3885 5150 faciem.

2291 5174 2649 5231 turbabuntur
2677 5177 2856 5231 omnia
2883 5193 2897 5230 :
2923 5177 2966 5231 si
2998 5177 3252 5243 intendis,
3287 5195 3368 5234 vce
3393 5182 3522 5235 milii
3551 5200 3566 5247 ς
3596 5197 3707 5238 non
3739 5184 3887 5238 habes

2288 5267 2431 5338 quod
2475 5268 2529 5323 in
2571 5285 2658 5324 me
2683 5269 2950 5338 aspicias,
2976 5270 3080 5324 nisi
3109 5274 3358 5339 contagia
3382 5274 3749 5341 delictorum;
3801 5291 3884 5332 nec

579 5363 698 5400 rum
752 5349 907 5402 istum
944 5348 1235 5408 abdicatum
1265 5348 1482 5420 (Jerem.
1511 5367 1646 5416 xm,
1677 5353 1790 5424 28).
1815 5357 1978 5422 Quasi
2011 5358 2186 5426 patrio
2285 5359 2463 5417 deseri
2513 5361 2666 5429 utile,
2698 5376 2796 5416 nec
2820 5362 2988 5417 videri
3030 5372 3146 5427 est;
3181 5365 3304 5433 quia
3333 5366 3462 5421 dum
3495 5369 3769 5434 videmur,
3814 5370 3885 5424 of-

578 5438 704 5507 jure
762 5439 904 5498 Deus
953 5450 1139 5497 noster
1198 5442 1338 5498 ﬁlios
1377 5444 1516 5501 solet
1561 5443 1816 5500 abdicare
1847 5445 2180 5518 degeneres;

580 5529 707 5586 ideo
735 5541 807 5593 ,et
857 5531 912 5588 in
964 5539 1106 5588 terra
1147 5547 1242 5589 eos
1271 5535 1484 5603 scribit,
1524 5537 1647 5606 quia
1691 5535 1788 5591 fllii
1834 5547 1995 5593 terra:
2033 5551 2177 5596 sunt.

582 5621 738 5678 Unde
757 5639 877 5678 cum
905 5624 1073 5679 ιιιάιηὶ
1097 5639 1416 5683 accusarent
1437 5630 1770 5694 adulteram,
1801 5630 2064 5687 Dominus
2091 5634 2179 5690 λιιι

578 5724 672 5766 sus
703 5713 868 5784 digito
898 5716 1170 5771 scribebat
1197 5719 1248 5772 in
1277 5728 1438 5776 terra.
1459 5721 1596 5777 Justi
1615 5733 1794 5777 autem
1822 5739 1928 5778 non
1958 5723 2009 5777 in
2036 5736 2173 5780 terra

2284 5452 2576 5510 fendimus.
2623 5455 2914 5511 Possumus
2944 5466 3122 5512 tamen
3152 5459 3426 5516 aestimare
3451 5501 3465 5527 ,
3498 5464 3622 5532 quia
3658 5481 3764 5519 non
3811 5480 3882 5518 ne-

2286 5543 2438 5612 pellit
2464 5560 2600 5614 quos
2632 5545 2814 5614 videt;
2849 5549 2971 5617 quia
3005 5549 3266 5603 emundat
3313 5567 3451 5620 quos
3482 5555 3702 5624 aspicit.
3753 5556 3879 5626 Ignis

2283 5647 2410 5692 ante
2437 5653 2560 5692 eum
2589 5637 2762 5704 ardet,
2795 5639 2882 5708 qui
2915 5640 3120 5695 crimen
3167 5652 3381 5696 erunt.

2353 5729 2443 5784 25.
2476 5729 2681 5783 Bonum
2712 5741 2793 5785 est
2823 5747 2952 5803 ergo
2982 5733 3154 5797 nobis,
3178 5741 3235 5787 ut
3256 5750 3361 5789 non
3387 5737 3742 5808 repellantur.
3765 5738 3875 5794 idco

654 5915 678 5943 τι
711 5902 880 5972 Edit.,
925 5906 989 5961 de
1009 5909 1215 5978 pulvere
1250 5927 1330 5967 me
1359 5913 1588 5983 tinxisti;
1632 5930 1824 5974 omnes
1852 5931 2010 5988 mss.,
2050 5918 2307 5989 pulverem
2328 5937 2409 5976 me
2433 5920 2652 5991 tinxisti.
