4042 6378
135 347 257 412 8⁸21

992 353 1079 411 DE
1117 349 1768 413 INTERPELLATIONE
1809 349 1928 414 .IOB
1967 357 2053 412 ET
2093 353 2303 416 DAVID
2343 358 2473 416 LIB.
2517 360 2582 418 II.
3368 363 3475 421 8-22

131 471 415 541 queritur
445 469 630 539 David,
662 468 782 541 quia
811 468 1090 540 repulsura:
1120 483 1180 524 se
1203 469 1453 535 credidit,
1477 466 1568 541 qui
1590 467 1765 526 fuerat
1791 463 1838 531 Α
1871 467 1942 526 tio
1958 473 2232 543 querelam
2259 466 2467 543 habuit,
2497 476 2641 547 quod
2665 471 3280 548 eomperendinarehtur
3307 467 3471 545 bona,

133 571 285 620 ante
317 576 622 635 susceptus.
651 564 888 637 Denique
917 565 968 620 in
998 564 1391 633 posterioribus
1422 563 1548 619 dicit
1575 579 1588 620 :
1622 560 1689 618 In
1720 573 1767 619 te

140 661 511 732 conﬁrmatus
539 675 652 717 sum
680 677 742 717 ea:
799 671 945 716 utero
975 659 1201 732 (Psalm.
1234 667 1336 714 txx
1369 702 1384 724 ,
1437 657 1527 729 6).
1565 655 1670 715 Sed
1712 665 1766 714 et

135 765 324 825 Supra
357 756 612 824 scriptum
634 756 925 809 habemus:
951 751 978 808 1
988 773 1018 807 ιι
1032 764 1077 808 ιε
1099 757 1356 825 projectus
1377 768 1488 805 sum
1511 765 1572 806 ea:
1599 761 1766 807 utero:

138 847 216 900 de
246 857 431 901 ventre
457 846 635 901 matris
658 862 784 900 mete
798 844 936 899 Deus
952 857 1094 898 meus
1116 859 1169 898 es
1192 853 1243 896 tu
1268 842 1286 915 (
1311 840 1459 896 Psal.
1481 855 1592 906 xxt,
1651 839 1761 912 li).

136 937 374 994 Bonum
406 949 486 994 est
517 947 572 994 et
599 939 810 1008 projiei,
838 938 932 992 sed
963 940 1016 991 in
1057 936 1245 992 Deum.
1275 931 1515 1006 Denique
1545 952 1612 990 ex
1644 951 1766 1007 per-

137 1039 291 1085 Sona
328 1027 552 1096 Chrisﬁ,
599 1025 701 1085 hoc
733 1031 782 1084 in
812 1046 900 1084 χιι
932 1029 1138 1095 psalmo
1189 1029 1403 1094 tilCillll',
1433 1031 1671 1096 quivere
1709 1025 1762 1082 in

137 1120 375 1177 Patrem
417 1124 484 1176 de
520 1129 672 1177 utero
725 1121 998 1191 projectus
1031 1123 1116 1176 est
1166 1118 1438 1190 Virginis;
1471 1136 1576 1174 non
1618 1120 1762 1174 enim

136 1219 372 1269 terrena
399 1221 520 1269 euni
547 1225 813 1283 excepere
838 1215 1184 1270 morientem.
1220 1213 1372 1269 Unde
1401 1215 1452 1268 in
1475 1221 1637 1269 cruce
1672 1230 1765 1282 po-

135 1306 316 1371 situs,
349 1313 470 1362 cum
496 1308 767 1363 emitteret
796 1308 1069 1378 spiritum,
1096 1307 1162 1360 ad
1181 1309 1392 1362 Patrem
1418 1308 1520 1362 ait:
1553 1306 1620 1360 In
1650 1324 1764 1362 ma-

135 1415 248 1454 nus
278 1412 402 1456 tuas
424 1401 727 1456 commendo
754 1403 999 1471 spiritum
1028 1417 1194 1455 meum
1219 1401 1399 1470 (Luc.,
1434 1415 1566 1456 χχιιι
1598 1443 1612 1468 ,
1641 1400 1761 1473 46).

215 1495 318 1550 94.
370 1494 485 1551 Non
519 1511 648 1566 ergo
696 1496 859 1564 aliqui
905 1495 1154 1549 addant:
1190 1493 1427 1559 Domine,
1477 1505 1533 1549 ut
1574 1495 1763 1566 psalta:

137 1587 396 1655 faciunt,
456 1589 597 1658 quod
639 1604 813 1658 neque
863 1589 916 1643 in
964 1588 1155 1642 Latino
1204 1588 1389 1643 codice
1413 1589 1590 1642 inveni
1617 1601 1757 1654 meo,

141 1682 407 1747 nequeitt
435 1682 648 1749 Gneco,
693 1697 868 1752 neque
896 1683 945 1735 in
980 1681 1292 1751 Evangelia,
1324 1677 1467 1751 qttod
1512 1689 1592 1736 est
1649 1681 1762 1736 evi-

140 1774 394 1829 dentius.
431 1773 671 1844 Denique
700 1789 861 1844 supra
907 1774 1151 1828 dixerat:
1199 1773 1380 1838 Pater,
1415 1773 1614 1828 dimitte
1652 1771 1760 1829 illis

1867 579 2095 637 quorum
2115 567 2224 639 jam
2257 569 2458 626 fructus
2484 572 2912 653 desiderabatur.
2938 559 3183 630 Secunda
3212 569 3472 653 interpel-

1866 657 2017 724 latio,
2044 658 2184 728 quod
2217 651 2560 731 exspectatus
2584 659 2937 732 prudentibus
2960 659 3157 720 Christi
3189 651 3476 722 dilTereha-

1868 757 1953 805 tur
1983 749 2267 815 adventus,
2300 771 2458 823 quem
2490 757 2597 811 Lex
2626 757 3076 824 annuntiaverat,
3136 767 3295 830 quem
3351 778 3475 830 pro-

1864 844 2044 917 pheta:
2072 849 2487 916 pollicebantur,
2522 862 2573 905 et
2624 867 2690 907 eo
2749 851 3119 920 impatientius
3172 855 3474 910 mstnahant

1866 939 2027 993 corda
2051 938 2343 1009 jnsmrnm,
2396 943 2648 1011 quoniam
2677 945 2744 998 ad
2793 939 3221 1012 redemptionem
3271 951 3471 1017 cogno-

1866 1044 2056 1085 verant
2086 1045 2205 1086 esse.
2228 1042 2513 1088 venturum
2548 1035 2947 1092 universorum.
2982 1037 3222 1107 Quorum
3254 1041 3470 1097 univer-

1865 1122 2094 1177 Sorutn?
2141 1125 2349 1192 Quibus
2416 1126 2741 1197 Evangelico
2796 1133 3013 1184 tramite
3066 1133 3208 1186 viam
3260 1131 3475 1189 virtutis

1865 1216 2119 1284 aperiret,
2145 1217 2517 1288 bonorumque
2548 1231 2770 1289 operum
2801 1223 3022 1276 semitas
3044 1223 3471 1291 demonstraret,

1865 1307 2005 1362 sicut
2049 1310 2162 1376 ipse
2191 1308 2325 1364 dixit
2365 1311 2416 1365 in
2447 1307 2756 1368 ProvErhiis
2789 1330 2808 1367 :
2851 1311 3104 1369 Dominus
3147 1318 3334 1371 creavit
3390 1334 3472 1370 me

1866 1402 2178 1470 principium
2233 1401 2429 1458 viarum
2467 1421 2677 1460 suarum
2733 1407 2939 1474 (Prov.
2981 1425 3095 1477 vm,
3147 1403 3218 1464 2‘2
3344 1402 3470 1466 ideo

1865 1507 1993 1563 ergo
2032 1491 2310 1550 dicebatur
2356 1497 2444 1552 ei:
2482 1493 2581 1553 Ubi
2634 1505 2703 1552 est
2743 1495 2888 1554 Deus
2932 1509 3092 1567 tuus;
3137 1505 3260 1569 quia
3294 1503 3472 1558 adhuc

1866 1597 1972 1640 non
2003 1599 2221 1641 venerat
2249 1583 2520 1655 Christus,
2547 1590 2642 1645 sed
2667 1583 3021 1662 sperabatur?
3047 1580 3318 1650 Sa-viebat
3340 1612 3472 1666 ergo

1863 1678 2129 1746 diabolus,
2164 1693 2217 1736 ιιι
2240 1683 2511 1739 obtereret
2541 1701 2676 1756 quos
2708 1683 2914 1742 sciebat
2954 1689 3005 1741 in
3039 1685 3328 1744 adventum
3365 1689 3469 1745 Do-

1864 1774 1992 1828 mini
2038 1769 2363 1841 credituros,
2399 1788 2452 1831 et
2473 1777 2706 1833 diversis
2737 1771 3035 1836 afﬂictabat
3061 1781 3262 1837 exitiis.
3293 1779 3469 1838 Inter-

141 1866 248 1921 hoc
277 1877 546 1937 peccatum
569 1867 760 1934 (ibid,
792 1864 859 1922 54
883 1866 924 1938 );
953 1877 1007 1922 ει
1034 1868 1155 1922 ideo
1185 1879 1454 1937 tamquam
1486 1867 1627 1922 P.nri
1651 1911 1664 1934 ,
1702 1868 1751 1922 in
1788 1855 1834 1928 Β
1863 1867 2028 1938 pellat
2055 1883 2185 1936 ergo
2207 1867 2398 1936 David,
2432 1877 2487 1922 ut
2512 1869 2813 1926 morantem
2859 1873 3057 1930 excitet
3100 1881 3293 1946 questu
3348 1891 3473 1947 pro-

140 1975 346 2015 tnauus
373 1961 491 2030 ejus
521 1960 907 2015 rormnendare
935 1976 994 2016 se
1023 1960 1270 2030 spiritum
1294 1977 1472 2027 suum,
1523 1962 1574 2014 in
1607 1961 1759 2031 cujus

140 2052 271 2107 sinu
296 2066 514 2122 semper
538 2065 615 2108 εει
647 2052 836 2107 Filius.
861 2052 1221 2124 Quamquam,
1250 2053 1351 2108 etsi
1383 2051 1584 2107 addant
1614 2051 1758 2123 quod

143 2147 379 2216 dixerit,
413 2148 650 2218 Domine,
699 2147 1049 2206 considerent
1091 2149 1235 2221 quod
1282 2149 1433 2220 quasi
1487 2150 1652 2204 homo
1704 2149 1756 2204 in

142 2250 330 2295 morte
374 2243 583 2310 positus
612 2243 711 2296 hoc
739 2240 1009 2312 loquatur.

217 2334 312 2389 25.
344 2334 488 2406 Ergo
515 2333 784 2406 projectus
815 2341 896 2390 est
923 2334 991 2390 de
1007 2337 1163 2390 utero
1193 2335 1242 2389 iu‘
1271 2335 1502 2402 Patrem,
1537 2332 1604 2390 de
1628 2349 1757 2389 ven-

147 2439 230 2485 tre
256 2437 444 2484 matris
471 2443 606 2497 suae,
661 2431 763 2485 hoc
817 2439 919 2493 est,
950 2429 1196 2484 definivit
1222 2427 1364 2498 qtlod
1419 2425 1514 2484 ille
1569 2435 1754 2484 uterus

143 2523 239 2594 qui
263 2525 489 2595 projecit
513 2540 660 2590 eum,
685 2535 873 2579 venter
893 2525 1558 2580 estmatris.Paterautem
1585 2521 1751 2578 dixit:

145 2617 233 2673 Ea;
262 2627 404 2672 utero
444 2629 561 2672 ante
611 2619 883 2687 luciferum
927 2619 1079 2687 genui
1112 2628 1158 2672 te
1188 2618 1205 2689 (
1237 2618 1438 2672 Psalm.
1464 2633 1554 2673 cxx
1592 2659 1606 2682 ,
1646 2618 1679 2673 '5
1709 2617 1749 2688 ).

143 2709 265 2764 Non
296 2709 524 2779 projecit
577 2711 762 2779 utique
789 2709 982 2763 Filium
1012 2709 1194 2775 Pater,
1253 2725 1282 2762 a
1315 2723 1421 2778 quo
1461 2725 1752 2780 numquam

147 2814 401 2871 egressus
433 2811 513 2856 est
539 2799 740 2862 Filius.
773 2801 912 2857 sicut
942 2803 1056 2870 ipse
1083 2802 1189 2855 ait:
1227 2800 1472 2856 Traditus
1503 2817 1614 2854 sum
1641 2844 1655 2867 ,
1707 2812 1753 2856 et

154 2907 259 2947 non
285 2892 583 2963 egrediebar
612 2891 784 2963 (Psat.
803 2903 1056 2954 Lxxxvtt.
1085 2887 1164 2962 9).
1195 2892 1310 2948 Non
1338 2879 1566 2963 projccit
1590 2905 1711 2947 eum
1733 2936 1748 2959 ,

149 2983 240 3038 cui
291 2984 530 3053 ejusdem
585 2985 900 3039 substantia:
928 2983 1089 3056 ϐω]
1142 2985 1347 3040 imitate
1384 2986 1748 3042 connectitur.

148 3078 339 3134 Potest
369 3093 500 3150 ergo
549 3085 603 3134 et
625 3081 703 3134 sic
735 3080 836 3150 legi
870 3098 883 3133 :
917 3078 983 3133 in
1033 3086 1079 3134 te
1098 3082 1359 3153 projectus
1381 3088 1494 3134 sum
1520 3095 1586 3133 ea:
1611 3087 1751 3132 utero

151 3171 216 3225 de
241 3181 414 3228 ventre
435 3172 612 3227 matris
637 3172 803 3246 mea-(
831 3173 974 3227 Psat.
1002 3159 1121 3240 xxi,
1179 3173 1245 3227 12
1271 3175 1310 3244 ),
1346 3179 1399 3227 ιιι
1449 3179 1710 3246 sequatur
1735 3192 1748 3229 :

1864 1960 2101 2029 phetico,
2137 1958 2394 2016 festinare
2417 1969 2626 2032 urgeat,
2646 1957 2933 2020 admoneat
2959 1967 3265 2023 subvenire”.
3294 1955 3471 2024 liabe-

1863 2069 1982 2109 mus
2013 2049 2423 2110 similitudinem
2477 2057 2636 2126 hujus
2686 2057 3140 2128 interpellationis
3187 2063 3351 2116 etiam
3413 2065 3468 2119 in

1862 2148 2271 2218 posterioribus,
2321 2147 2410 2204 ubi
2438 2149 2569 2205 dicit
2593 2149 2734 2205 idem
2773 2147 3074 2222 propheta:
3113 2149 3306 2225 thuid
3321 2174 3474 2229 repu-

1860 2246 1965 2300 liin
2013 2262 2125 2312 nos,
2162 2244 2323 2309 Deus,
2355 2247 2407 2299 in
2450 2243 2602 2314 ﬁnem
2662 2243 2835 2319 (l’sal.
2896 2259 3091 2313 Lxxm,
3138 2245 3240 2320 i)?
3281 2247 3346 2304 Et
3401 2250 3475 2306 ibi

1860 2339 2043 2409 aperte
2071 2336 2211 2407 qhod
2240 2335 2674 2410 cengregationis
2700 2355 2810 2394 sua:
2838 2333 3039 2394 oblitus
3066 2340 3156 2403 sit,
3177 2350 3232 2395 et
3252 2340 3462 2412 viigam

1859 2427 2192 2486 hereditatis
2222 2443 2333 2484 suae
2387 2428 2669 2500 ahjecerit,
2726 2431 2982 2487 ﬂebiliter
3026 2423 3366 2502 deploravit;
3413 2441 3470 2489 ct

1857 2524 1997 2597 quod
2041 2525 2092 2580 in
2144 2517 2357 2595 plebem
2392 2521 2481 2580 Dei
2536 2525 2928 2580 insurrexerin‘t
2978 2515 3096 2596 ejus
3130 2525 3352 2594 inimici,
3397 2527 3468 2584 de

1857 2613 2050 2689 qttiiJUS
2078 2615 2190 2671 ait:
2224 2611 2292 2672 Et
2317 2618 2522 2689 gloriati
2550 2622 2780 2687 suntqui
2829 2615 3050 2672 oderunt
3100 2625 3167 2684 te,
3206 2621 3262 2673 in
3303 2621 3474 2678 medio

1857 2714 1975 2784 festi
2026 2703 2103 2765 tui
2152 2709 2338 2778 (Ibid.
2374 2711 2403 2766 Δ
2516 2709 2679 2767 Forte
2720 2705 2810 2766 hic
2849 2709 3146 2767 versiculus
3192 2711 3471 2769 videretur

1858 2803 2114 2877 Assyrios
2169 2804 2494 2871 declarare,
2548 2805 2637 2875 qui
2688 2803 3158 2875 triumphaverunt
3211 2805 3468 2876 populum

1854 2897 2187 2960 Judzrorum,
2208 2897 2308 2951 nisi
2337 2907 2690 2968 sequeretur:
2710 2891 3003 2953 Posuerunt
3026 2897 3172 2968 signa
3190 2900 3283 2954 sua
3295 2899 3469 2972 signa,

1857 3002 1902 3045 et
1956 3005 2057 3044 non
2111 2989 2327 3062 cognoui
2383 2987 2568 3058 (Ibid.
2601 2983 2898 3060 5).Signa
2952 2997 3167 3060 semper
3215 2991 3268 3046 in
3325 2991 3471 3048 bcilo'

1855 3095 2001 3150 sunt,
2043 3097 2161 3153 quze
2194 3084 2529 3154 praeliaturOs
2566 3083 2758 3152 praeire
2797 3091 3216 3149 consueverunt,
3268 3083 3324 3140 et
3371 3100 3467 3154 ag-

1858 3187 1980 3232 men
2011 3177 2212 3232 ducere
2243 3171 2496 3232 militare.
2515 3173 2896 3246 Unusquisque
2921 3181 3180 3232 ntntierUS
3205 3189 3295 3231 aut
3323 3171 3469 3248 legio

152 3259 292 3318 Deus
330 3281 470 3320 meus
495 3277 546 3322 et
598 3273 653 3320 tu
680 3308 695 3333 ,
723 3283 788 3321 ne
812 3265 1048 3320 discedas
1071 3283 1101 3319 a
1160 3281 1257 3321 me.
1302 3265 1488 3322 Potest
1540 3275 1594 3321 et
1642 3265 1754 3320 sic:
1783 3253 1828 3321 C
1863 3269 2012 3340 signa
2043 3285 2137 3324 sua
2163 3270 2426 3338 sequitur.
2462 3267 2528 3324 Et
2584 3261 2630 3323 si
2684 3268 2915 3339 dispersi
2949 3269 3148 3324 fuerint
3194 3251 3464 3326 bellorum

149 3354 230 3412 De
283 3368 452 3413 ventre
520 3362 698 3413 matris
738 3377 861 3414 mete
910 3358 1049 3414 Deus
1091 3377 1234 3414 meus
1269 3377 1323 3414 es
1374 3367 1462 3424 tu;
1491 3361 1744 3431 quoniam

153 3453 206 3508 in
230 3459 386 3506 utero
437 3454 642 3521 positus
671 3461 773 3508 ate
803 3469 1074 3522 nunquam
1111 3452 1314 3507 recessi
1340 3469 1354 3518 ;
1391 3459 1567 3507 tecum
1599 3465 1746 3508 eram

155 3544 242 3614 qui
273 3551 524 3614 tanquam
554 3543 717 3599 Jonas
753 3545 804 3597 in
847 3557 1001 3599 utero
1026 3544 1129 3598 ceti
1172 3544 1397 3612 positus,
1433 3553 1486 3599 te
1527 3561 1626 3616 pro
1657 3559 1749 3615 po-

155 3637 279 3708 pulo
304 3637 653 3709 deprecabar.
689 3637 753 3692 Et
774 3647 904 3694 Vere
931 3637 997 3693 de
1045 3641 1229 3693 matris
1271 3649 1381 3693 sua:
1407 3643 1597 3694 ventre
1626 3655 1747 3693 cum

159 3731 266 3787 Deo
278 3743 413 3798 erat,
429 3732 722 3787 secundum
745 3732 884 3802 quod
905 3731 1161 3796 scriptum
1192 3727 1560 3799 e5t:Quoniam
1583 3732 1751 3802 prius-

159 3838 304 3894 quam
329 3825 480 3879 sciret
509 3830 634 3895 pue’r
650 3824 839 3878 bonum
858 3836 944 3878 aut
971 3825 1190 3891 uratum,
1216 3825 1364 3895 elegit
1395 3825 1536 3893 quod
1564 3826 1752 3879 bonum

167 3920 275 3985 εει(
302 3915 450 3970 Esai.
478 3931 577 3982 vn,
609 3917 675 3971 16
697 3919 737 3987 ).
774 3917 838 3971 Et
870 3933 884 3971 :
916 3917 1200 3988 Antequam
1223 3928 1419 3989 patrem
1441 3923 1642 3972 vocaret
1665 3929 1755 3973 aut

165 4015 391 4078 matrem,
419 4012 654 4064 virtutem
692 4010 930 4064 Damasci
961 4013 1008 4065 et
1038 4011 1205 4082 spolia
1247 4010 1502 4067 Samaritc
1549 4013 1750 4083 depret-

168 4102 311 4156 datus
353 4111 424 4156 est
489 4106 512 4175 (
539 4103 687 4158 Esat'.
730 4109 822 4158 vut
859 4145 872 4168 ,
923 4102 1040 4173 4);
1097 4112 1152 4156 ιιι
1211 4105 1458 4174 gentibus
1517 4103 1756 4160 evocatis

168 4211 380 4265 regnum
414 4195 558 4250 Patri
605 4197 704 4265 pia:
729 4195 876 4251 cultu
918 4194 1224 4252 derotionis
1251 4196 1578 4267 acquireret.
1606 4203 1629 4233 ἰ
1663 4195 1754 4253 Vi-

171 4289 380 4344 deamus
408 4297 622 4344 caetera.

773 4381 1000 4439 CAPUT
1029 4377 1142 4437 VII.

173 4470 299 4527 Dum
327 4481 594 4547 exaptatus
624 4472 816 4528 Christi
846 4478 1090 4529 adventus
1119 4471 1379 4542 iii/fertur,
1411 4477 1616 4530 εωυὶδεε
1643 4475 1754 4530 dia-

236 4565 421 4634 bolum,
438 4573 490 4621 tu
514 4562 570 4621 in
592 4566 850 4623 Christum
876 4569 1162 4623 credituros
1192 4569 1522 4633 obtereret,et
1545 4569 1596 4622 iu
1628 4570 1756 4641 ipsis

1857 3363 2109 3428 tumultu,
2144 3378 2209 3418 eo
2240 3361 2332 3416 ubi
2367 3355 2516 3434 signa
2550 3375 2643 3417 Sua
2677 3363 3060 3433 prospeXerint
3097 3371 3238 3428 esSe,
3278 3369 3468 3434 quam-

1855 3455 1989 3514 libet
2034 3457 2190 3528 longe
2223 3457 2384 3528 positi
2437 3461 2805 3512 revertuntur.
2862 3453 3027 3530 6&8
3084 3447 3468 3528 Unusquisque

1854 3552 2045 3607 ductor
2074 3552 2187 3606 bzec
2214 3553 2363 3622 signa
2396 3550 2696 3615 constituit,
2744 3560 2798 3606 et
2826 3551 3100 3622 sequenda
3133 3543 3460 3621 praescribit.

1855 3646 1960 3703 Sed
1986 3658 2109 3701 sunt
2134 3646 2296 3702 etiam
2324 3646 2426 3701 alia
2456 3647 2636 3716 signa,
2659 3658 2778 3715 «tua:
2807 3645 2983 3701 victor
3013 3643 3183 3701 hostis
3213 3639 3462 3713 imponit,

1855 3747 1908 3796 ct
1936 3750 2203 3810 tamquam
2229 3738 2455 3810 captivis
2493 3739 2829 3808 observanda
2860 3737 3132 3804 decernit;
3164 3733 3258 3792 sed
3282 3739 3370 3808 qui
3398 3739 3465 3792 li-

1855 3833 1990 3888 delis
2017 3842 2100 3888 est
2130 3833 2305 3895 miles,
2359 3832 2574 3904 propria
2603 3825 3048 3908 signasequitur,
3083 3833 3187 3884 non
3216 3829 3463 3900 agnoscit

1855 3925 2048 3980 aliena.

1928 4017 2018 4072 ‘27.
2061 4017 2191 4083 Qure
2220 4016 2328 4072 sint
2366 4011 2536 4071 aliena
2565 4015 2713 4086 signa
2745 4015 3010 4069 intensius
3059 4021 3115 4070 et
3162 4011 3461 4083 ltnpensius

1857 4111 2286 4166 consideremus.
2321 4109 2541 4180 Signum
2574 4119 2727 4163 suum
2757 4108 2935 4178 posuit
2957 4103 3203 4162 Christus
3232 4101 3282 4160 in
3308 4099 3457 4161 fron-

1860 4207 2000 4261 tibus
2027 4205 2359 4275 singulorum
2387 4221 2400 4268 ;
2433 4201 2504 4258 ibi
2542 4217 2759 4274 quoque
2790 4199 3153 4256 Antichristus
3182 4211 3277 4254 sua
3311 4201 3459 4270 signa

1859 4308 2044 4369 ponet,
2084 4309 2142 4352 ut
2173 4297 2426 4368 proprios
2476 4305 2844 4366 recognoscat.
2895 4289 3001 4351 Sed
3023 4295 3114 4365 qui
3164 4295 3214 4349 in
3247 4286 3466 4349 occultti

1858 4391 2078 4448 Judaeus
2131 4401 2234 4458 est,
2283 4391 2374 4446 ille
2430 4403 2592 4444 verus
2630 4389 2909 4445 cent'eSSor
2951 4387 3128 4442 dicit:
3173 4381 3464 4442 Posueruu't

1859 4489 2010 4561 signa
2031 4503 2127 4541 sua
2149 4485 2318 4558 signa,
2369 4495 2415 4538 et
2456 4483 2559 4538 non
2603 4482 2834 4555 cognovi.
2871 4480 3178 4538 Posuerunt
3211 4475 3462 4536 diabolus

1860 4588 1916 4633 et
1955 4579 2184 4634 miniStri
2210 4577 2348 4646 ejus,
2374 4575 2467 4631 sed
2500 4589 2600 4646 ego
2631 4575 2827 4629 nescivi
2855 4567 2975 4639 illa;
3031 4573 3156 4640 quia
3197 4585 3301 4627 non
3329 4580 3461 4627 coit-

236 4663 378 4733 δίθηα
404 4663 644 4735 deﬁgere!
675 4673 766 4716 δυσ
796 4679 814 4717 -‘
844 4664 928 4718 ubi
958 4663 1022 4717 de
1049 4665 1210 4735 Signis
1230 4681 1343 4733 qum
1363 4665 1506 4733 sequi
1552 4669 1598 4717 εἰ
1640 4675 1755 4734 qua!
1784 4695 1832 4755 ι)
1860 4673 2004 4728 sensi
2038 4671 2241 4726 artibus
2272 4670 2409 4739 ejus,
2443 4683 2548 4722 non
2579 4663 2821 4736 acquievi
2855 4661 3094 4736 imperiis
3121 4664 3258 4735 ejus.
3276 4653 3462 4718 Posuit

240 4759 410 4828 fugere
435 4771 525 4809 nos
549 4763 802 4824 oporteat,
833 4758 1124 4811 disseritur.
1175 4755 1451 4812 Diabolum
1480 4757 1628 4826 signa
1661 4775 1757 4812 sua

239 4851 287 4902 in
311 4843 382 4903 eis
411 4859 618 4920 ponere,
651 4851 736 4916 qui
761 4851 881 4921 ﬁdei
924 4865 1092 4905 semen
1120 4852 1173 4905 in
1203 4853 1284 4906 via
1313 4853 1610 4922 excipiunt;
1638 4869 1758 4906 san-

239 4951 338 4996 etas
364 4956 390 4995 ε
405 4942 662 4997 contrario
684 4941 876 4997 diaboli
897 4943 1052 5014 fidem
1074 4944 1322 4998 collocare
1345 4943 1394 4997 in
1421 4946 1588 5012 pervio
1606 4959 1623 4997 :
1643 4953 1757 4998 tan-

239 5034 346 5088 dem
384 5045 447 5088 tte
475 5034 707 5089 diabolus
737 5036 1118 5090 tabernaculum
1174 5035 1268 5089 Dei
1322 5035 1548 5106 polluat,
1581 5037 1752 5106 provi-

240 5124 478 5190 dendum,
505 5125 574 5179 ad
599 5127 733 5194 quod
756 5128 973 5181 maxime
997 5143 1128 5195 apus
1148 5135 1222 5180 est
1258 5128 1652 5196 perseverantia.

238 5217 320 5271 26.
355 5217 548 5282 Quare,
581 5217 775 5286 inquit,
805 5227 881 5272 tne
907 5218 1182 5287 repulisti:
1213 5230 1256 5272 et
1285 5229 1441 5286 quare
1469 5219 1627 5273 tristis
1669 5220 1751 5272 in-

181 5310 309 5375 cedo,
339 5310 461 5362 dum
491 5310 668 5381 afﬂigit
699 5325 777 5363 me
819 5312 1098 5365 inimicus:
1139 5311 1423 5383 confringit
1452 5327 1567 5364 ossa
1604 5327 1756 5368 mea:

180 5403 590 5470 exprobrauerunt
614 5403 737 5457 mihi
768 5405 858 5473 qui
879 5405 1118 5458 tribulam
1139 5421 1249 5470 me,
1282 5407 1403 5459 dum
1431 5406 1623 5460 dicitur
1636 5407 1761 5460 mihi

181 5498 385 5566 quotidie
415 5516 426 5551 :
465 5497 566 5552 Ubi
595 5507 668 5551 est
714 5497 851 5552 Deus
883 5499 1046 5552 tuus?
1071 5513 1228 5568 quare
1276 5500 1436 5554 tristis
1476 5515 1552 5566 es,
1585 5501 1759 5554 anima

183 5606 278 5644 mea
308 5590 327 5662 (
357 5590 506 5644 Psal.
531 5606 617 5645 xu
652 5632 665 5656 ,
699 5591 764 5645 it)
794 5591 856 5660 )‘t
886 5591 953 5645 Et
979 5593 1206 5662 reliqua.
1239 5594 1417 5649 Prima
1445 5595 1759 5666 interpella-

246 5735 268 5768 ⁸
292 5723 379 5787 Sic
413 5741 540 5782 mss.
577 5741 765 5798 omnes
790 5735 950 5798 atque
980 5725 1112 5798 edit.
1141 5726 1266 5782 Era.
1327 5739 1377 5783 el
1407 5725 1558 5796 Gill.;
1595 5729 1755 5784 Rom.

184 5803 294 5858 vero
317 5792 696 5870 praetermissis
722 5791 962 5861 Vocibus,
1013 5791 1287 5854 Videamus
1313 5811 1519 5864 cwtera,
1547 5791 1605 5856 ιιι
1634 5817 1755 5855 vcr—
1780 5866 1782 5868 _

187 5888 240 5929 su
268 5874 529 5947 sequenti,
556 5886 752 5946 nempe
781 5889 793 5926 :
827 5887 1006 5945 quare,
1040 5872 1224 5946 inquit,
1249 5888 1329 5927 me
1355 5872 1620 5943 repulisti,
1648 5883 1753 5927 etc.

1865 4767 2122 4837 Assyrius
2145 4757 2646 4840 Nabuchodonosor
2672 4761 2822 4831 signa
2855 4759 3038 4831 pueris
3083 4759 3458 4820 llebraa'or‘um,

1864 4865 1917 4911 et
1951 4857 2179 4910 mutavit
2207 4851 2312 4909 illis
2359 4851 2620 4917 nomina;
2668 4859 2723 4909 et
2767 4851 3022 4923 prmeepit
3073 4857 3131 4904 ιιι
3174 4849 3468 4902 adorarent

1865 4947 2152 5018 imaginem
2182 4947 2299 5014 ejus
2331 4988 2346 5011 ,
2378 4953 2434 5000 et
2470 4945 2785 5000 recederent
2814 4958 2842 4998 a
2884 4935 3220 4997 solemnibus
3252 4943 3464 5008 patrum

1863 5059 2107 5107 suorum,
2141 5043 2382 5112 ritusque
2413 5037 2715 5102 Chaldaeos,
2765 5029 3067 5108 posthabita
3117 5033 3209 5088 Dei
3269 5033 3413 5102 Lege
3446 5029 3466 5098 ζ

1862 5145 2235 5204 sequerentur.
2291 5131 2581 5188 Constituit
2613 5129 2716 5186 hoc
2746 5127 2975 5194 rex,sed
3032 5126 3222 5181 statuit
3274 5117 3460 5180 Daniel

1865 5229 1917 5283 in
1947 5228 2109 5283 corde
2135 5241 2251 5291 suo,
2307 5235 2365 5280 ut
2391 5221 2587 5295 regalis
2617 5237 2817 5276 mensae
2871 5219 3117 5288 contagia
3163 5217 3462 5273 declinaret

1867 5323 1887 5394 (
1922 5321 2056 5376 Dan.
2087 5333 2163 5380 ut.
2191 5319 2257 5374 18
2285 5319 2324 5391 ).
2352 5319 2515 5374 Recte
2544 5333 2671 5387 ergo
2701 5316 2755 5370 ei
2775 5311 3027 5369 convenit
3056 5311 3260 5373 dicere.
3299 5309 3461 5377 Signa

1863 5428 1969 5466 non
2018 5413 2243 5483 cognovi
2293 5412 2490 5465 aliena.
2523 5407 2738 5463 Jussum
2792 5411 2908 5458 erat
2939 5415 2994 5458 ut
3041 5401 3252 5457 lichrrci
3307 5398 3464 5470 pueri

1862 5503 2151 5560 adcrarent
2195 5504 2482 5574 imaginem
2539 5499 2721 5568 regis;
2762 5489 3159 5567 reSp0nderunt
3203 5493 3291 5554 ei,
3342 5485 3459 5544 Non

1862 5600 2152 5655 adoramus
2197 5599 2481 5668 imaginem
2533 5604 2699 5648 luant.
2741 5591 2883 5658 Apte
2927 5603 3056 5658 ergo
3103 5587 3240 5641 dixit
3289 5593 3461 5640 unus-

1863 5732 1996 5790 Tres
2019 5733 2156 5789 alios
2187 5737 2584 5800 consequentes
2624 5740 2730 5781 non
2765 5722 2951 5795 paucis
2985 5720 3206 5776 vocibus
3235 5717 3467 5790 adjectis

1863 5816 1953 5860 aut
1984 5805 2202 5862 mutatis
2233 5803 2318 5858 hic
2360 5808 2633 5870 posuerat.
