4042 6378
618 324 725 382 823

1905 315 2149 374 8ΔΝΟΤ1
2188 314 2229 370 Δ

2331 313 2512 370 ΒΟΞΙΙ
3790 318 3854 374 ειι

606 441 843 515 quisque
871 451 1060 495 eorum
1092 453 1105 493 :
1163 435 1453 491 Paruerant
1479 437 1626 507 signa
1673 450 1765 490 tua
1817 433 1986 505 signa,
2015 444 2063 487 et
2113 447 2213 486 non
2239 434 2293 494 Α
2318 430 2538 485 domum
2569 429 2664 486 Dei
2693 431 2872 487 intret.
2900 431 3057 487 Foris
3107 431 3274 488 debet
3314 444 3445 486 esse
3471 427 3705 502 superbia
3735 439 3778 487 et
3797 434 3858 490 lat.

615 535 832 604 cognovi
882 531 1070 604 (Dan.
1123 545 1178 584 ιιι
1208 571 1222 594 ,
1281 529 1344 585 18
1378 535 1445 597 );
1502 529 1553 583 id
1613 537 1732 594 est,
1791 543 1896 581 non
1951 543 2070 581 sum
2121 541 2215 579 ex-

619 638 822 698 pertus,
876 641 980 678 non
1029 623 1138 677 nllo
1180 637 1448 677 consensu
1480 622 1679 689 recepi,
1734 637 1840 676 non
1900 620 2075 688 aliqua
2127 634 2216 672 so-

615 718 812 772 cietate
861 717 912 770 in
961 731 1046 770 me
1101 715 1374 769 transtuli.
1420 712 1570 769 Unde
1618 723 1671 767 et
1711 715 1778 768 de
1809 713 1900 768 Dei
1955 710 2092 766 Filio
2141 711 2218 766 le-

615 810 791 880 gimus
817 809 955 864 ⁴ιιιυιΙ
993 822 1268 877 peceatum
1293 823 1395 860 ιιοιι
1427 809 1678 874 cognovit
1717 808 1735 874 (
1764 806 1807 861 ll
1827 805 1950 861 Cor.
1975 821 2029 865 v,
2078 807 2143 859 21
2173 804 2214 876 ).

621 901 686 954 Et
729 901 856 954 alibi
903 905 1114 956 habes;
1169 900 1428 968 Quoniam
1497 901 1587 969 qui
1638 899 1864 954 custodit
1915 899 2218 952 mandatum

616 1009 718 1046 non
783 995 1041 1063 cognoscit
1089 994 1293 1048 verbum
1339 1011 1560 1064 nequam
1601 997 1618 1061 (
1655 991 1857 1048 Ecclus.
1904 1008 1994 1046 vttt
2020 1035 2035 1056 ,
2085 991 2169 1061 5)
2204 1010 2216 1046 :

613 1101 737 1143 cuin
788 1087 996 1158 liquido
1027 1089 1234 1144 clareat
1267 1131 1280 1149 .
1331 1091 1454 1158 quia
1511 1106 1618 1144 non
1675 1091 1911 1158 cognitio
1965 1089 2222 1159 improbi-

616 1183 762 1242 tatis,
815 1183 908 1233 sed
943 1181 1178 1235 Societas
1218 1183 1510 1234 criminasa
1562 1183 1650 1248 sit,
1699 1181 1813 1250 ipse
1857 1183 2017 1235 etiam
2054 1180 2218 1235 liarid

617 1271 668 1324 in
723 1273 1116 1338 posterioribus
1144 1275 1274 1327 dicit
1309 1291 1326 1326 :
1358 1270 1694 1328 Declinnntes
1748 1285 1915 1328 autem
1964 1274 2220 1345 malignos

617 1382 649 1419 a
681 1383 760 1420 me
792 1385 892 1422 non
923 1385 1104 1438 agnost
1119 1369 1264 1421 ebant
1303 1367 1496 1440 (Ps-al.
1529 1383 1582 1433 c,
1616 1368 1648 1422 4
1682 1366 1724 1438 ).
1763 1367 1862 1423 Ubi
1913 1377 2091 1422 autem
2128 1382 2222 1420 vo-

616 1458 821 1514 luerint
845 1462 960 1514 luet:
987 1462 1141 1530 signa
1161 1461 1454 1515 adversarii
1497 1476 1719 1528 ponere,
1752 1460 1990 1514 declarat
2023 1475 2042 1514 :
2074 1459 2224 1513 Sicut

613 1552 669 1605 in
714 1553 831 1613 via,
868 1554 1060 1623 inquit,
1104 1570 1260 1624 super
1295 1569 1551 1607 summum
1574 1569 1592 1607 :
1615 1554 1765 1623 quasi
1805 1555 1860 1606 in
1890 1554 2018 1607 silva
2049 1554 2222 1625 ligno-

617 1659 734 1696 rum
784 1645 1047 1697 securibus
1095 1646 1432 1698 conciderunt
1466 1649 1661 1718 januas
1716 1649 1826 1718 ejus
1873 1649 1925 1698 in
1970 1647 2222 1716 idipsum,

619 1737 833 1806 bipenni
859 1749 906 1793 et
957 1740 1096 1793 ast-ia
1123 1740 1419 1813 dejecerunt
1457 1741 1592 1794 illud
1626 1743 1642 1808 (
1675 1739 1818 1794 Psal.
1855 1755 2021 1794 Luttt
2043 1781 2058 1801 .
2118 1739 2220 1810 6).

2320 523 2478 586 lacia,
2505 542 2609 578 non
2641 526 2804 580 intus.
2837 523 2994 580 Foris
3024 528 3171 582 enim
3206 538 3437 596 pugnze,
3470 538 3572 594 pax
3622 525 3747 578 intus
3784 545 3859 595 qua

2317 631 2480 686 supra
2510 633 2727 673 omnem
2761 617 3097 672 intellectum
3141 629 3248 673 est.
3283 616 3413 673 Non
3472 618 3735 672 scindatur
3770 619 3860 676 ferro

2319 709 2496 764 anima
2521 719 2642 762 tua;
2673 709 2766 764 sed
2800 719 2858 764 ut
2895 712 3073 765 anima
3101 709 3340 779 Ioseph,
3380 709 3454 764 ita
3487 710 3659 762 anima
3686 722 3756 762 tua
3797 711 3862 766 fcr-
3924 724 3925 738 ‘

2320 820 2437 859 rutn
2499 813 2865 876 pertranseat;
2911 821 2979 860 ne
3024 805 3330 873 principale
3365 813 3552 867 tuum,
3584 803 3718 856 velut
3749 808 3864 873 quod.

2319 897 2442 952 dam
2468 900 2873 953 tabernaculum
2920 895 3105 962 Verbi,
3136 896 3188 950 in
3241 896 3371 965 ipso
3407 893 3538 948 lidei
3591 897 3866 965 principiuet

2321 991 2582 1046 doctrinm
2609 989 2904 1058 Spiritualis
2924 989 3170 1043 ἀιιυιιιυι·
3186 993 3471 1058 ingressu.
3503 986 3754 1042 Fundatm
3773 990 3866 1043 enim

2323 1098 2422 1138 usu
2452 1094 2614 1154 atque
2650 1083 3038 1138 exercitatione
3094 1082 3400 1138 immobilis
3446 1091 3770 1153 perseverat,
3811 1098 3867 1136 nec

2325 1180 2502 1235 locum
2548 1181 2637 1232 dat
2683 1184 2731 1233 ei
2778 1179 2870 1250 qui
2911 1181 2964 1234 in
3003 1195 3301 1244 summum,
3340 1178 3511 1249 quasi
3556 1178 3868 1247 tratisligurais

2323 1291 2381 1330 se
2415 1277 2466 1329 in
2500 1275 2749 1345 angelum
2781 1276 2937 1341 lucis,
2991 1286 3218 1330 Conatur
3258 1273 3608 1334 ascendere;
3661 1273 3742 1341 qui
3776 1287 3807 1324 sa
3839 1274 3870 1325 it

2325 1368 2480 1423 nobis
2507 1383 2601 1421 sua
2630 1369 2779 1437 signa
2825 1382 2930 1421 non
2960 1367 3182 1432 viderit,
3220 1366 3621 1420 auctoritatem
3662 1362 3870 1416 resistendi

2327 1459 2528 1516 habere
2552 1475 2658 1513 non
2693 1461 2909 1528 poterit.
2949 1459 3092 1530 Etgo
3140 1475 3208 1514 ne
3256 1458 3481 1528 afﬂigat
3533 1470 3633 1511 nos
3677 1456 3869 1522 inimicus,

2326 1570 2396 1610 ne
2426 1570 2545 1609 oSsa
2577 1564 2760 1609 nostra
2783 1553 3114 1625 confringat,
3163 1570 3270 1608 non
3311 1554 3644 1609 deﬁciamus
3686 1567 3872 1620 ponere-

2327 1662 2448 1701 rare
2492 1648 2543 1701 in
2588 1647 2807 1702 Christo
2836 1656 2894 1701 ιιι
2937 1647 3080 1701 dicat
3110 1647 3176 1700 tle
3206 1649 3367 1700 nobis
3399 1663 3412 1699 :
3471 1643 3718 1698 Triduum
3752 1644 3871 1696 Ιιιιόικι

2324 1740 2461 1808 quod
2493 1749 2813 1802 perseverant
2842 1755 3060 1802 mecum,
3091 1748 3140 1792 et
3165 1739 3433 1791 dimittere
3457 1754 3550 1792 eos
3567 1741 3764 1810 jejuno:
3785 1737 3874 1798 nolo,

621 1830 761 1898 Quid
802 1839 902 1886 hoc
933 1833 1036 1886 sibi
1091 1835 1241 1900 vult,
1294 1833 1393 1889 nisi
1448 1838 1550 1888 huc
1606 1834 1858 1889 ostendat
1906 1839 2029 1902 quia
2091 1833 2224 1888 fides
2256 1829 2304 1891 B
2331 1848 2392 1885 ne
2427 1832 2670 1902 deﬁciant
2715 1833 2768 1886 in
2811 1833 2892 1886 via
2923 1829 3154 1904 (Matth.
3191 1845 3281 1894 xv.
3323 1829 3398 1885 δὲ
3426 1832 3472 1899 ).
3507 1829 3696 1883 Beatus
3722 1831 3788 1882 cui
3808 1830 3874 1897 ipse

629 1935 816 1979 nostra
849 1942 954 1980 noo
1010 1927 1166 1997 quasi
1211 1929 1262 1981 in
1320 1929 1403 1984 via
1446 1943 1569 1983 esse
1601 1928 1789 1984 debeat
1825 1944 1840 1993 ;
1891 1942 1960 1981 ne
2010 1928 2229 1982 veniant

623 2018 871 2073 Volat-res
905 2023 1027 2074 creti
1055 2063 1069 2082 ,
1101 2031 1154 2073 et
1196 2021 1440 2075 auferant
1469 2037 1590 2077 eam
1619 2062 1633 2084 ,
1681 2023 1822 2075 sicut
1849 2021 2072 2074 verbum
2099 2020 2228 2075 illud

623 2111 767 2181 quod
805 2113 938 2183 legis
973 2117 1022 2167 in
1074 2113 1390 2186 Evangelio,
1427 2131 1532 2171 non
1579 2116 1780 2170 debere
1819 2118 1961 2169 circa
2023 2117 2135 2169 vias
2177 2125 2232 2170 et

623 2208 847 2259 semitas
875 2205 1127 2260 seminari
1159 2211 1176 2278 (
1212 2207 1338 2261 an.
1368 2222 1456 2260 t'ttt
1493 2248 1508 2267 .
1536 2209 1571 2261 5
1603 2209 1646 2276 ).

693 2296 784 2351 28.
829 2299 969 2369 Ergo
995 2299 1170 2354 sancti
1199 2301 1448 2354 Vtilcnles
1495 2301 1654 2354 fidem
1697 2300 1919 2369 hujusce
1957 2299 2236 2355 eradicare

621 2389 918 2444 adversarii
955 2433 968 2456 ,
1019 2394 1109 2460 qui
1160 2408 1265 2447 non
1299 2393 1482 2448 vident
1509 2394 1663 2462 signa
1710 2397 1880 2448 suain
1910 2395 2074 2449 corde
2096 2397 2237 2462 ejus,

622 2491 969 2537 tentaverunt
997 2482 1154 2554 quasi
1177 2485 1228 2538 in
1260 2488 1367 2549 via,
1417 2485 1468 2538 id
1511 2497 1618 2551 est,
1653 2487 1707 2540 itt
1760 2486 1948 2556 pervio
2000 2486 2237 2541 colloca-

622 2589 704 2628 re.
747 2572 856 2628 Cor
898 2584 1078 2628 autem
1109 2580 1158 2628 in
1190 2591 1404 2629 summo
1432 2587 1561 2640 est;
1609 2581 1732 2646 quia
1782 2579 1924 2631 oculi
1975 2579 2240 2648 sapientis

627 2666 686 2720 itt
739 2669 917 2734 capite
948 2667 1083 2736 ejus.
1143 2666 1210 2721 Et
1261 2680 1559 2738 posuerunt
1602 2671 1755 2740 signa
1809 2674 1960 2740 quasi
1996 2672 2050 2725 in
2107 2672 2241 2727 silva

625 2760 918 2829 lignorum,
962 2777 1082 2830 qua:
1132 2763 1241 2815 cito
1287 2773 1593 2818 exuruntur
1641 2765 1770 2835 igni,
1823 2776 1914 2819 aut
1961 2769 2243 2822 securibus

625 2849 1008 2906 cuticiiluntttr.
1038 2853 1160 2907 Exit
1185 2856 1328 2909 enim
1360 2855 1497 2926 ignis
1523 2857 1592 2912 de
1619 2858 1776 2923 silva,
1800 2868 1855 2913 et
1881 2861 2059 2914 eXurit
2078 2861 2242 2916 etiam

623 2944 818 3000 cedrOs
879 2946 1089 3002 Libani.
1147 2948 1260 3004 Hoc
1315 2963 1494 3005 autem
1547 2950 1850 3006 faciendum
1881 2964 2242 3023 putaverunt;

629 3049 686 3089 ιιι
736 3040 1044 3106 polluerent
1093 3041 1262 3095 divini
1321 3043 1560 3098 nominis
1613 3044 2050 3113 tabernaculum,
2100 3047 2247 3118 quod

626 3146 712 3188 εει
759 3136 1009 3190 innubis.
1059 3135 1216 3192 Sicut
1258 3139 1402 3192 enim
1466 3141 1726 3209 templum
1771 3139 1866 3194 Dei
1898 3157 2126 3196 sumus:
2172 3141 2245 3196 ita

2334 1926 2545 1981 dederit
2581 1927 2762 1980 cordis
2787 1925 3238 1988 ﬁrmamentum,
3296 1936 3350 1979 ut
3387 1924 3634 1979 deficere
3674 1939 3763 1976 nou
3801 1937 3875 1990 pos-

2335 2022 2404 2075 sit
2444 2021 2497 2074 in
2522 2020 2676 2074 istiu~
2706 2022 2828 2081 vitzu
2879 2021 3095 2074 tramite
3136 2019 3501 2073 constitutus.
3544 2014 3660 2071 Non
3689 2016 3803 2068 enim
3821 2015 3873 2067 de-

2338 2114 2446 2169 ficit
2491 2115 2580 2186 qui
2611 2123 2794 2183 sperat
2823 2115 2874 2168 in
2906 2113 3156 2178 Domino,
3212 2128 3377 2183 atque
3422 2113 3476 2166 ei
3538 2112 3723 2164 intimo
3765 2108 3874 2159 rmill-

2337 2217 2484 2262 tetur
2515 2207 2706 2261 affectu
2736 2223 2751 2272 ;
2799 2209 3234 2278 quandoiluidem
3259 2208 3433 2262 etiam
3466 2219 3641 2276 eques
3686 2203 3764 2258 ille
3780 2203 3874 2270 Cujus

2339 2316 2462 2370 equi
2494 2301 2804 2355 calcanenm
2828 2315 3054 2369 serpens
3082 2302 3398 2363 momordit,
3431 2299 3538 2353 etsi
3563 2308 3704 2351 retro
3727 2295 3872 2356 ceciitit,

2341 2396 2603 2460 deceptus
2644 2405 2823 2451 tamen
2865 2411 2971 2450 non
3005 2405 3109 2462 est,
3141 2395 3264 2465 quia
3299 2400 3545 2450 salutem
3569 2400 3594 2427 ⁸
3623 2388 3873 2460 exSpcctatit

2343 2505 2372 2542 a
2403 2488 2652 2544 Domino.

2936 2580 3165 2640 CAPUT
3216 2579 3354 2636 Vill.

2345 2675 2517 2732 David
2543 2677 2606 2732 ab
2634 2678 2928 2745 iniquorum
2957 2693 3114 2731 causa
3135 2692 3281 2731 suam
3304 2673 3539 2729 discerni
3574 2669 3792 2744 postulat,
3813 2684 3872 2721 not

2419 2784 2588 2825 autem
2617 2771 2850 2825 Christus
2879 2811 2893 2835 ,
2930 2771 3121 2840 quippe
3149 2769 3230 2822 cui
3253 2785 3286 2822 a
3321 2767 3490 2821 Patre
3513 2766 3685 2819 datum
3703 2763 3758 2816 sit
3780 2775 3873 2814 anu

2410 2864 2693 2935 judicium.
2731 2861 2920 2918 Merito
2952 2862 3266 2933 Prop/ictam
3296 2860 3359 2915 ob
3390 2863 3662 2939 intestinos
3690 2868 3808 2926 atque
3820 2870 3871 2905 rx-

2422 2966 2594 3011 ternos
2642 2955 2812 3010 hostes
2860 2956 3120 3010 turbatum
3179 2956 3465 3014 institisse.
3519 2963 3574 3005 ut
3620 2961 3789 3004 mature
3815 2946 3871 2996 tibi

2420 3050 2582 3103 divini
2622 3049 2807 3103 auxilii
2839 3048 2930 3103 lux
2950 3047 3258 3120 aﬂulgeret;
3303 3063 3421 3102 eum
3454 3057 3626 3101 tamen
3657 3042 3870 3113 fuittran-

2424 3142 2730 3211 demptionis
2757 3141 3046 3214 cognitione
3065 3158 3098 3195 α
3131 3141 3238 3195 Deo
3264 3141 3427 3212 fuisse
3455 3147 3749 3193 recreatum.

627 3241 818 3283 sumus
857 3240 911 3285 et
954 3233 1361 3288 tabernaculum
1420 3233 1536 3300 Dei,
1567 3234 1620 3288 in
1677 3250 1783 3303 quo
1833 3234 1966 3290 chIa
2023 3235 2236 3290 Domini
2269 3227 2314 3291 C
2413 3234 2504 3290 29.
2545 3233 2728 3289 'l‘crtia
2779 3250 2994 3305 quoque
3041 3233 3327 3301 Prolihette
3379 3231 3740 3299 interpellatio
3776 3218 3867 3293 quod

627 3321 992 3376 celebrantur.
1031 3323 1171 3393 Ergo
1200 3334 1279 3388 tu,
1320 3341 1353 3379 ο
1406 3325 1590 3392 homo,
1640 3341 1912 3381 sumntum
1970 3338 2119 3382 tuum
2149 3345 2243 3382 cu-

630 3419 797 3482 stodi,
846 3427 903 3471 ut
947 3434 1278 3490 conquasses
1326 3422 1501 3490 capita
1558 3421 1928 3485 inimicorum,
1981 3424 2240 3478 verticem

629 3510 812 3580 capilli
871 3513 1364 3590 perambulantium
1402 3511 1579 3582 (Paul.
1634 3529 1806 3579 uvu,
1848 3513 1986 3586 22).
2035 3513 2096 3570 In
2147 3531 2238 3569 su-

630 3602 856 3675 perﬂuis
881 3607 1024 3659 enim
1059 3607 1454 3675 perambulant,
1497 3621 1601 3660 non
1635 3609 1687 3662 in
1739 3611 1977 3674 sanctis;
2040 3611 2091 3663 in
2118 3625 2239 3664 ver-

629 3699 735 3751 tice
762 3699 962 3766 t'apilli,
997 3713 1104 3751 non
1134 3700 1184 3751 in
1219 3704 1422 3754 vertice
1447 3698 1753 3756 derotionis
1784 3712 1838 3756 et
1887 3702 2033 3757 lidei.
2094 3704 2162 3757 Et
2192 3705 2237 3758 si

629 3789 844 3858 spiritus
881 3800 1182 3860 potestatem
1213 3789 1444 3846 habentis
1490 3792 1545 3846 in
1571 3803 1616 3845 te
1643 3790 1911 3861 ascendat,
1965 3806 2022 3851 ut
2068 3796 2234 3852 habes

629 3882 687 3936 in
731 3882 1075 3949 Ecclesiaste,
1109 3885 1446 3938 locumtuum
1477 3903 1580 3940 non
1607 3889 1938 3959 derelinquas
1972 3889 1992 3961 (
2026 3888 2230 3945 Eccles.

630 3990 684 4042 χ,
720 3975 754 4029 4
784 3975 825 4046 ).
879 3977 1090 4032 Etenim
1151 3980 1491 4047 superiorem
1539 3989 1592 4035 te
1646 3981 1896 4036 Christus
1926 3985 2229 4060 constituit,

626 4086 789 4140 quem
831 4072 894 4124 ad
930 4072 1218 4142 imaginem
1254 4073 1348 4128 Dci
1385 4072 1528 4128 fecit.
1556 4074 1702 4129 Tene
1732 4091 1861 4146 ergo
1892 4078 2228 4146 superiorem
2277 4105 2282 4110 -

629 4161 754 4216 fidei
793 4173 848 4216 et
897 4166 1110 4233 pietatis
1138 4166 1335 4230 locum,
1390 4181 1547 4234 qnem
1599 4181 1627 4219 a
1667 4163 1888 4222 Christo
1935 4169 2227 4238 accepisti;

627 4254 796 4327 649
846 4265 903 4310 ιιι
944 4258 1192 4326 superior
1219 4259 1413 4326 facttts,
1441 4261 1822 4317 ascendentem
1861 4263 1928 4318 de
1960 4263 2230 4319 inferiori-

629 4346 754 4412 bus,
777 4348 879 4400 hoc
900 4358 1004 4412 est,
1023 4349 1091 4404 de
1113 4353 1348 4404 terrenis
1379 4361 1428 4405 et
1453 4354 1826 4422 saecularibus,
1849 4356 2097 4424 Spiritum
2133 4371 2228 4412 ne—

630 4456 791 4511 quam
823 4441 979 4496 facile
1009 4443 1260 4509 repellas,
1289 4455 1338 4498 et
1362 4444 1511 4515 signa
1542 4448 1660 4516 ejus
1705 4461 1809 4502 non
1852 4448 2121 4519 suscipias
2171 4451 2224 4504 in

630 4543 851 4603 pectore
876 4546 964 4587 tuo
986 4553 998 4587 :
1025 4549 1130 4590 non
1153 4549 1380 4607 occupet
1403 4541 1600 4594 anima:
1627 4549 1731 4594 tua:
1754 4541 2100 4606 vestibulum,
2125 4558 2224 4598 nec

2346 3328 2399 3382 in
2429 3327 2609 3382 medio
2652 3326 2928 3381 hominum
2962 3327 3232 3396 nequitias
3259 3327 3642 3380 exercentium
3675 3318 3867 3375 constitu-

2347 3429 2434 3476 tus
2462 3461 2476 3486 ,
2518 3435 2737 3475 causam
2781 3436 2934 3475 suam
2959 3421 3028 3475 ab
3068 3435 3258 3476 eorum
3303 3418 3562 3491 contagio
3587 3417 3749 3486 cupiat
3768 3421 3865 3477 sept-

2344 3514 2471 3569 rari.
2504 3515 2656 3583 Quod
2679 3513 2827 3568 tnultt
2851 3514 2916 3568 ad
2943 3513 3228 3568 Dominum
3259 3512 3446 3568 Jesum
3480 3506 3790 3567 referendum
3810 3514 3867 3570 ptio

2344 3617 2455 3661 tant
2478 3648 2492 3667 ,
2519 3621 2588 3662 eo
2616 3607 2758 3676 quod
2796 3605 2964 3676 ipsius
2989 3605 3160 3660 solius
3179 3617 3262 3660 est
3294 3622 3400 3660 non
3431 3606 3630 3660 timere
3650 3596 3861 3671 iudiciuin.

2341 3703 2432 3772 qui
2479 3701 2646 3755 vincit
2679 3716 2800 3754 cum
2825 3699 3123 3769 jndicatur.
3161 3698 3337 3754 liabet
3365 3700 3517 3752 enim
3545 3712 3574 3750 a
3604 3696 3711 3748 viro
3745 3689 3865 3752 illqu

2336 3793 2622 3865 judicium,
2653 3811 2704 3847 in
2736 3793 2875 3862 quod
2910 3794 3098 3848 volens
3124 3793 3374 3846 Christus
3405 3790 3717 3862 ingreditur,
3742 3791 3786 3836 ut
3806 3779 3861 3830 lu-

2339 3888 2436 3944 bes
2468 3889 2730 3957 scriptum
2762 3905 2773 3940 :
2807 3885 3044 3954 Populus
3071 3902 3248 3950 meus,
3290 3885 3416 3954 quid
3456 3885 3564 3955 [cci
3599 3881 3713 3944 tibi,
3757 3871 3862 3928 ttulit

2336 3995 2436 4047 quo
2465 3977 2761 4033 contristari
2802 3987 2850 4032 te
2879 3977 3068 4051 (Mica.
3101 3993 3174 4044 vt,
3207 3977 3300 4048 3)?
3347 3978 3620 4033 Caeterum
3665 3978 3860 4027 cumam-

2337 4088 2405 4127 ne
2427 4073 2690 4143 judicium
2725 4073 2797 4128 illi
2825 4072 3037 4128 dederit
3068 4083 3240 4143 pater,
3267 4088 3374 4127 non
3398 4074 3556 4142 quasi
3580 4069 3770 4124 inlirnto
3793 4056 3858 4111 uti-

2335 4181 2462 4234 que.
2490 4166 2585 4220 St‘d
2610 4168 2760 4231 quasi
2785 4167 2918 4233 lilio,
2941 4166 3082 4236 quod
3104 4176 3274 4235 poteSt
3300 4164 3416 4235 ipse
3437 4165 3623 4218 subire
3643 4146 3860 4232 juditittm?

2335 4257 2389 4313 Si
2410 4258 2671 4327 judicium
2703 4258 2878 4313 Patris
2903 4259 3238 4312 arbitrantur
3259 4258 3397 4312 Filio
3422 4273 3551 4314 esse
3571 4248 3858 4312 subeundum.

2333 4349 2496 4405 Pater
2526 4353 2711 4421 utique
2744 4365 2850 4405 non
2875 4351 3083 4420 juilicat
3111 4365 3478 4422 quemquam,
3523 4349 3616 4406 sed
3659 4336 3856 4406 omnel"‘

2331 4443 2532 4500 dicium
2566 4445 2718 4500 dedit
2746 4446 2888 4510 lilio;
2921 4456 2978 4500 ut
3007 4460 3199 4500 omnes
3239 4445 3598 4500 honorificum
3623 4427 3858 4498 lilium,si-

2331 4545 2419 4590 cut
2471 4536 2836 4592 honorificant
2877 4548 3101 4608 patretn.
3136 4538 3296 4593 Pater
3319 4538 3552 4593 honorat
3576 4534 3853 4597 liltuin,ell"

625 4626 884 4682 introitus
936 4631 1130 4685 mentis
1175 4640 1310 4698 tuae;
1365 4643 1420 4688 et
1465 4636 1616 4705 quasi
1670 4635 1723 4689 in
1777 4635 1912 4689 silva
1960 4635 2226 4705 lignorum

2335 4629 2646 4698 dipidicas?
2692 4631 2803 4686 Iloc
2841 4647 2906 4686 eo
2936 4631 3235 4702 posuimus,
3268 4649 3336 4687 ne
3357 4633 3478 4704 quis
3505 4649 3605 4688 nos
3632 4627 3853 4684 arbitrare-

628 4720 846 4792 ignibus
874 4721 984 4777 suis
1029 4724 1235 4779 caduca
1261 4737 1313 4780 et
1344 4727 1551 4798 fragilia
1579 4729 1888 4800 populetur,
1941 4739 2034 4783 aut
2075 4745 2229 4786 secu-

633 4813 787 4868 ribus
809 4815 921 4868 suis
942 4815 1135 4884 jannas
1153 4817 1418 4873 tuicordis
1440 4820 1674 4874 excidat.
1706 4822 1790 4877 Sit
1817 4823 1976 4892 igitur
1999 4826 2050 4877 in
2083 4824 2238 4877 nobis

628 4918 738 4958 non
771 4905 927 4967 silva,
972 4909 1064 4961 sed
1099 4909 1284 4973 vinea;
1329 4909 1400 4963 sit
1435 4918 1584 4978 porta
1619 4915 1790 4967 nostri
1834 4914 1944 4968 oris
1974 4923 2029 4969 et
2054 4915 2232 4971 cordis

623 4996 806 5052 clausa
837 4997 1172 5069 diligentius,
1206 5018 1273 5056 ne
1303 5001 1476 5056 hostis
1505 5005 1757 5061 introeat.
1789 5007 1910 5062 Cito
1937 5009 2122 5064 delitlil
2148 5009 2232 5078 ja-

630 5103 820 5155 nuam,
852 5091 896 5144 si
933 5103 1208 5160 patentem
1237 5109 1356 5149 eam
1393 5097 1676 5151 invenerit.
1717 5097 1788 5152 At
1831 5116 1963 5155 vero
1982 5101 2232 5157 Christus

622 5182 825 5249 pulsat,
857 5197 964 5235 non
991 5182 1196 5249 deiicit,
1257 5185 1345 5254 qui
1387 5187 1730 5255 confortavit,
1777 5204 1811 5243 0
1861 5191 2224 5258 Hierusalem.

619 5284 774 5325 seras
807 5283 1078 5341 portarunt
1113 5285 1347 5332 tuarum.
1409 5277 1656 5333 Christus
1694 5296 1855 5336 manu
1915 5285 2110 5351 pulsat,
2167 5295 2225 5341 tit

618 5375 856 5430 aperias,
881 5361 1222 5420 adver~arius
1237 5367 1515 5423 securibus
1531 5370 1796 5436 concidit;
1829 5382 1884 5427 et
1907 5373 2028 5430 ideo
2053 5377 2223 5446 scrip-

616 5459 732 5506 tum
760 5463 844 5508 est
873 5452 894 5526 (
932 5451 999 5508 ΙΙΙ
1023 5453 1152 5527 Reg.
1185 5471 1237 5509 Vl
1267 5495 1284 5522 ,
1334 5454 1432 5526 7),
1459 5475 1526 5512 ne
1555 5462 1762 5516 secnris
1812 5471 1868 5517 et
1891 5463 2120 5520 malleus
2168 5465 2222 5521 in

694 5598 719 5625 ἰ
753 5588 1076 5655 Exspectavit
1105 5609 1136 5644 α
1167 5591 1410 5649 Domino.
1441 5594 1534 5649 His
1585 5596 1763 5652 verbis
1810 5603 2208 5660 enarrationem

562 5681 564 5684 ν
619 5663 811 5741 psalmi
842 5677 928 5716 tu
951 5664 1221 5742 concludit
1253 5663 1410 5719 Rom.
1449 5667 1564 5722 eilit
1619 5683 1681 5722 ac
1730 5669 1977 5740 subjecto
2031 5677 2208 5742 titulo,

615 5731 876 5811 “primo
915 5748 1068 5788 versu
1104 5738 1289 5802 psalmi
1317 5752 1423 5791 χιιι
1453 5755 1645 5792 novatn
1682 5731 2082 5797 enarrationem
2135 5731 2214 5800 itt1

609 5801 804 5856 stituit.
831 5801 939 5858 Nos
963 5801 1252 5863 veroinss.
1277 5811 1600 5865 auctoritate
1615 5822 1810 5869 cuncta
1836 5815 2000 5882 priori
2025 5815 2214 5874 formae

2339 4722 2611 4794 tur
2641 4725 2794 4792 quasi
2834 4732 2980 4780 metu
3020 4726 3335 4794 quaestionis
3374 4725 3427 4780 in
3479 4725 3650 4780 locum
3703 4706 3854 4773 Donuni

2333 4816 2629 4885 subrOgare
2659 4831 2943 4886 personam
2979 4817 3272 4888 Phophette
3293 4858 3307 4880 .
3359 4832 3481 4871 cum
3509 4823 3713 4873 sanctus
3741 4799 3854 4864 David

2335 4907 2644 4978 praevidens
2661 4909 2854 4978 spiritu
2884 4909 3518 4966 ίιιειιτι·εοιιιιοε.1ιιι1;ιιοε
3545 4897 3855 4966 adversus!”

2334 5001 2464 5054 mini
2507 5004 2843 5072 passionem,
2867 5002 2895 5040 ι’
2919 5005 3182 5072 judicium
3210 5021 3323 5060 sua:
3355 5003 3480 5060 fidei
3515 5021 3620 5059 non
3657 4995 3852 5072 pertime-

2332 5107 2450 5151 scat
2479 5114 2490 5148 :
2515 5097 2753 5152 discerni
2796 5113 3011 5168 quoque
3040 5115 3259 5154 causam
3284 5116 3436 5154 suam
3457 5115 3486 5154 a
3517 5096 3850 5171 persecuturum

2330 5199 2491 5257 gente
2517 5189 2812 5258 deposcat;
2868 5205 2935 5244 ne
2965 5191 3118 5246 malis
3145 5193 3359 5261 generis
3384 5193 3467 5246 sui
3506 5207 3558 5248 et
3589 5174 3849 5263 posteritatis

2328 5279 2639 5335 haeredibus
2663 5285 2908 5352 prosapia
2936 5285 3102 5338 totius
3121 5282 3326 5339 Judaici
3354 5286 3571 5354 generis
3594 5280 3847 5352 implicetur.

2399 5374 2488 5432 50.
2530 5375 2647 5430 Non
2695 5379 2966 5433 immerito
2995 5393 3124 5448 ergo
3152 5378 3432 5443 turbatur,
3487 5381 3579 5449 qui
3620 5376 3742 5432 videt
3776 5358 3847 5420 sibi

2328 5468 2590 5526 adversus
2614 5486 2833 5527 eat-nem
2855 5482 2910 5526 et
2938 5471 3253 5542 sanguinem
3285 5486 3407 5528 esse
3435 5471 3712 5534 luctamen,
3737 5463 3848 5526 οιηυε

2319 5608 2678 5680 restinximus.
3810 5669 3818 5680 .

2393 5677 2419 5716 δ
2462 5679 2605 5735 Edit.
2649 5689 2760 5758 aut.
2785 5722 2806 5758 ,_
2845 5681 3114 5758 Iudicium
3165 5684 3372 5758 Domini
3428 5703 3530 5740 non
3583 5676 3841 5758 parum"?

2321 5747 2506 5829 Bouh,
2551 5768 2660 5805 sua:
2686 5753 2806 5829 ﬁdei
2829 5756 3030 5820 judicio
3059 5757 3420 5812 corroboratus
3441 5775 3543 5812 non
3566 5746 3841 5829 perlimat“!-

2319 5819 2448 5876 Mss.
2477 5833 2666 5880 omnes
2697 5835 2754 5881 ut
2777 5819 2836 5883 in
2860 5836 3031 5882 textu.
