4042 6378
166 363 290 418 825

1003 357 1094 413 DE
1135 351 1777 412 INTERPELLATIONE
1815 352 1938 411 JOB
1975 353 2064 410 ET
2102 353 2313 411 DAVID
2352 352 2482 410 LIB.
2527 353 2592 412 11.

3374 357 3482 416 826

123 453 126 456 i
165 478 227 535 iii
255 475 445 547 seipso
466 476 571 532 sibi
601 490 767 550 grave
797 489 919 532 esse
949 474 1309 548 naufragium,
1335 475 1388 530 in
1412 489 1511 530 suo
1549 487 1779 544 corpore
1807 489 1860 550 Α
1882 473 1985 529 bus
2009 475 2186 530 nobis.
2211 475 2422 531 Nullius
2445 490 2615 547 prope
2634 476 2747 546 jam
2775 473 3104 532 sacrificium
3123 473 3479 544 probabatur;

169 577 614 639 tempestatem,
678 585 839 641 quam
899 570 1166 625 sustinere
1231 583 1335 622 non
1390 569 1602 632 valeat,
1673 567 1777 622 nisi

170 663 412 718 caeleste
459 663 718 717 auxilium
773 660 1116 733 suffragetur.
1171 659 1341 715 Nemo
1382 661 1524 715 enini
1567 660 1782 730 gravior

172 756 398 811 homini
433 757 640 823 hostis,
695 773 853 828 quam
907 755 1185 811 domestici
1231 756 1350 826 ejus
1380 773 1392 808 :
1422 753 1549 826 quid
1600 761 1778 808 autem

172 859 300 936 taiii
340 853 697 907 dtiinesticum
735 868 893 922 quam
920 853 1021 907 sibi
1052 851 1235 916 homo,
1277 861 1330 905 et
1360 865 1470 906 sua:
1493 850 1672 905 carnis
1695 849 1779 902 iii-

175 943 459 1000 ﬁrmitas?
489 945 553 1000 Et
579 943 699 999 ideo
727 943 948 999 festinat
977 943 1270 1012 Propheta,
1303 951 1358 998 et
1387 952 1500 996 toto
1531 948 1782 1012 precatur

174 1037 412 1102 affectu,
459 1049 515 1093 ut
539 1036 790 1093 Christus
813 1039 1066 1093 adveniat
1093 1037 1355 1093 fortitudo
1385 1039 1780 1101 universorum,

175 1133 288 1203 qui
321 1135 582 1201 suscipiat
609 1147 800 1186 omnes
825 1131 1170 1186 infirmitates
1194 1172 1208 1194 ,
1261 1140 1316 1186 et
1367 1130 1524 1186 faciat
1560 1139 1784 1200 uti-aque

176 1240 380 1290 unum,
412 1236 944 1296 coiiipugnantesque
970 1225 1074 1280 sibi
1099 1226 1296 1280 mentis
1322 1236 1374 1278 et
1400 1223 1582 1279 carnis
1607 1222 1786 1277 inimi-

173 1318 376 1378 citias.
429 1319 643 1374 sublato
685 1321 858 1374 solvat
903 1320 1143 1388 pariete.
1182 1320 1270 1391 qui
1305 1320 1612 1383 iiiteriiuiu,
1654 1333 1786 1388 quo-

180 1411 374 1466 minus
416 1411 468 1465 in
513 1413 861 1467 concordiam
897 1413 1253 1478 conueniret,
1314 1409 1588 1466 dividebat
1623 1410 1786 1464 allec-

181 1514 328 1561 tum.
381 1507 524 1576 Ergo
554 1510 677 1575 quia
724 1508 774 1562 in
825 1522 885 1561 se
911 1512 1029 1577 ipso
1061 1506 1165 1561 sibi
1193 1515 1308 1560 erat
1337 1522 1510 1576 pugna
1538 1546 1554 1572 ,
1610 1514 1726 1559 erat
1753 1519 1784 1558 a

178 1601 456 1671 proximis
487 1601 574 1671 qni
625 1601 758 1670 legis
786 1611 840 1656 et
881 1603 1148 1670 aequitatis
1176 1600 1527 1656 immemores
1569 1599 1786 1669 laqueos

180 1690 401 1747 fraudis
443 1705 498 1748 et
529 1694 753 1748 insidias
778 1694 1150 1765 prtepartibant
1177 1735 1192 1759 ,
1219 1704 1600 1765 speratumque
1626 1691 1785 1747 diﬂ‘e-

183 1787 414 1842 rebatur
437 1787 732 1842 remedium
760 1804 774 1853 ;
807 1788 1082 1858 repulsum
1116 1803 1174 1842 se
1203 1787 1594 1852 arbitrabatur,
1629 1786 1785 1855 quasi

1883 569 2006 638 quia
2032 585 2136 624 iiou
2169 581 2289 626 erat
2315 573 2404 642 qui
2435 571 2638 628 faceret
2670 571 2997 638 bonitatem,
3025 586 3133 627 non
3161 581 3279 628 erat
3305 585 3482 643 usque

1879 659 1946 714 ad
1980 677 2166 726 unum,
2223 665 2440 729 quando
2469 680 2568 720 nec
2598 663 2711 718 Deo
2740 663 2912 728 ﬁdes,
2962 674 2988 701 α
3016 679 3115 720 nec
3148 663 3329 718 fratris
3348 678 3480 734 ger-

1882 754 2130 808 manitati
2183 756 2353 824 pietas
2383 767 2663 812 reservata
2696 766 2800 812 est.
2857 756 3010 812 Venit
3040 757 3299 812 Domitius
3320 754 3484 812 Jesns

1883 859 1941 903 ut
1993 849 2344 905 resuscitaret
2397 850 2592 906 Adam.
2638 851 3011 907 llesuscitatus
3073 860 3160 907 est
3209 860 3262 906 et
3314 849 3475 916 Abel,

1882 940 2038 1011 etijiis
2080 957 2301 996 munera
2345 943 2667 1010 placuerunt
2712 944 2842 998 Deo.
2880 943 3092 999 Obtulit
3121 943 3478 1013 semetipsum

1885 1035 2141 1089 Domitius
2163 1033 2346 1100 Jesus,
2370 1035 2422 1090 id
2443 1042 2547 1098 est,
2579 1036 2846 1105 primitias
2876 1035 3126 1107 corporis
3147 1035 3256 1101 sui,
3279 1033 3332 1090 iii
3358 1050 3485 1089 san-

1881 1130 2062 1198 guinis
2121 1128 2440 1199 aspersione
2482 1128 2681 1184 melius
2725 1132 3018 1198 loquente,
3079 1129 3485 1200 qtianisanguis

1884 1220 2021 1277 Abel
2052 1221 2264 1276 loeutus
2291 1231 2376 1276 cst
2405 1223 2459 1278 in
2487 1234 2650 1278 terra.
2687 1221 2954 1293 Respexit
2981 1222 3193 1278 Dcusiii
3213 1222 3332 1293 ejus
3359 1238 3482 1278 mu-

1885 1333 2013 1374 nera
2040 1361 2055 1385 ,
2111 1335 2178 1374 ex
2229 1335 2336 1389 quo
2389 1319 2507 1390 ipse
2538 1319 3000 1374 reconciliationis
3033 1318 3228 1373 divint'e
3254 1320 3483 1388 gratiam

1886 1413 2045 1468 bonis
2077 1412 2296 1482 reliquit
2327 1412 2660 1468 limredilius.
2710 1411 2878 1468 Recte
2902 1413 3066 1478 igitur
3114 1425 3338 1467 sanctus
3382 1411 3488 1466 Da-

1889 1507 2000 1572 vid,
2059 1506 2214 1576 quasi
2255 1523 2318 1560 ex
2371 1521 2606 1578 persona
2639 1505 2978 1562 reconciliati
3006 1504 3245 1560 hominis
3274 1505 3349 1560 ait
3378 1522 3390 1558 :
3422 1504 3491 1558 Et

1884 1599 2106 1653 introibo
2129 1599 2196 1652 ad
2221 1599 2387 1654 altare
2413 1599 2514 1654 Dei
2537 1600 2636 1654 niei
2653 1640 2668 1667 ,
2702 1599 2771 1652 ad
2800 1597 2965 1654 Deum
3002 1599 3092 1668 qui
3121 1599 3350 1668 lcrtiﬁcat
3405 1598 3491 1664 in.

1886 1703 1997 1748 vent
2003 1712 2030 1744 u
2038 1703 2137 1749 lem
2169 1710 2350 1748 meum.

1959 1787 2047 1841 55.
2089 1790 2412 1842 Astruamus
2440 1786 2586 1842 hunc
2608 1788 2788 1843 locum
2817 1828 2833 1852 ,
2874 1787 2918 1842 si
2959 1800 3284 1858 possumus,
3321 1784 3488 1841 etiam

181 1889 470 1936 recusaret
509 1881 696 1936 venire
741 1882 830 1950 qui
894 1879 1216 1950 promiserat.
1259 1881 1500 1935 remedio
1553 1895 1610 1934 se
1643 1879 1780 1932 futti-
1815 1899 1860 1957 Β
1887 1881 2113 1934 alterius
2145 1882 2424 1950 proiilietai
2446 1880 2722 1948 exemplo,
2755 1879 3210 1950 quemadmodum
3238 1886 3295 1932 et
3316 1877 3495 1932 homi-

181 1990 332 2031 runi.
363 1974 427 2029 Et
469 1985 722 2044 tanquam
751 1975 818 2028 ab
842 1990 938 2040 spe
967 1973 1292 2028 liicescentis
1317 1973 1427 2027 diei
1457 1974 1507 2026 in
1533 1973 1780 2026 tenebra-

182 2083 308 2122 rum
335 2067 596 2137 prol'uuda
620 2078 924 2128 revocatus,
959 2065 1149 2119 orabat
1174 2078 1228 2119 ut
1260 2065 1587 2134 sqiialloreiii
1620 2063 1782 2134 hujus

184 2158 376 2213 εει-ουιὶ
420 2159 699 2228 repulsura
743 2159 835 2213 ltix
880 2158 1186 2221 irradiarct,
1217 2168 1419 2211 a-teriia
1448 2157 1658 2212 adesset
1687 2172 1779 2211 ve-

184 2251 343 2316 ritas,
387 2267 510 2323 qua:
533 2251 780 2306 fillaceni
804 2250 1093 2321 imaginem
1117 2247 1314 2306 mundi
1334 2251 1492 2320 hujus
1513 2251 1780 2306 aboleret.

259 2345 353 2400 51.
392 2344 580 2400 Adfuit
605 2346 743 2400 Deus
773 2346 934 2410 votis,
968 2345 1059 2415 qui
1087 2346 1223 2399 solet
1253 2354 1306 2397 et
1345 2343 1668 2412 improvisus
1698 2359 1785 2399 as-

185 2438 404 2498 sistere.
447 2448 499 2491 et
524 2453 627 2492 n0ii
651 2437 969 2506 rogantibus
997 2453 1055 2490 se
1080 2435 1427 2491 manifestare
1449 2477 1464 2502 ,
1496 2437 1635 2491 sicut
1667 2437 1784 2505 ipse

187 2532 303 2584 ait:
339 2529 529 2586 Palam
577 2531 745 2600 factus
797 2547 908 2584 sunt
963 2547 1064 2584 non
1111 2529 1454 2599 quaerentibus
1492 2547 1571 2584 ine
1609 2528 1782 2600 (Esai.

188 2637 312 2683 μιν,
353 2620 425 2695 1).
461 2621 530 2676 Et
566 2623 664 2690 piis
697 2621 1019 2690 astipulatus
1045 2625 1236 2684 oratis,
1293 2635 1538 2676 v0toriiiii
1585 2623 1781 2678 seriem

187 2718 354 2772 celeri
386 2716 657 2787 praevenit
692 2717 924 2782 effecni,
966 2716 1252 2786 subitoque
1295 2718 1346 2771 in
1390 2717 1688 2771 Ecclesium
1731 2724 1788 2772 et

194 2813 249 2867 in
285 2811 636 2866 tabernacula
687 2827 783 2866 sua
816 2821 1064 2865 sanctum
1095 2810 1423 2879 Proplietam
1477 2809 1700 2864 deduxit
1731 2811 1782 2864 in

188 2907 407 2975 spiritu,
439 2916 602 2974 atque
630 2917 756 2959 ante
785 2906 978 2959 oculos
1005 2904 1123 2974 ejtts
1153 2918 1365 2965 sacrum
1388 2902 1560 2956 altare
1581 2902 1786 2956 consti-

189 3001 313 3063 ttiit,
344 2998 399 3052 iii
431 3014 538 3070 quo
567 2997 742 3052 futura
776 2999 938 3052 totius
971 2997 1154 3052 niuiidi
1201 3005 1347 3052 eSset
1374 2995 1700 3066 redemptio,
1728 3004 1785 3052 et

191 3093 572 3149 universorum
608 3099 720 3146 toto
745 3091 880 3147 orbe
905 3091 1156 3146 remissio
1188 3101 1558 3161 peccatorum.

806 3225 1031 3283 CAPUT
1082 3226 1174 3282 IX.

192 3342 468 3416 Propheta:
515 3341 678 3396 verbis
711 3341 996 3412 signiﬁcari
1027 3338 1192 3393 Deum
1219 3383 1233 3407 ,
1275 3340 1365 3408 qui
1405 3339 1468 3392 ab
1489 3338 1781 3394 hominibus

259 3449 468 3508 propter
487 3451 662 3488 eorum
685 3443 894 3505 peccata
927 3439 1099 3505 fuerat
1117 3448 1324 3487 aversus
1343 3476 1356 3498 ,
1392 3433 1464 3486 eis
1491 3448 1668 3500 postea
1694 3449 1782 3499 per

261 3531 548 3603 passionem
565 3527 757 3585 Christi
783 3529 1168 3583 reconciliatum
1190 3527 1307 3581 :ubi
1333 3525 1493 3580 Deum
1517 3525 1781 3580 hominum

260 3626 516 3696 sacriﬁcia
540 3634 830 3681 aversatum
853 3665 866 3690 ,
901 3623 1228 3678 reconciliari
1255 3632 1420 3676 tanien
1448 3637 1596 3689 posse
1625 3621 1782 3674 etiam

265 3719 439 3775 Esaia:
486 3722 775 3774 testimonio
817 3717 1176 3787 confirmatur.
1212 3715 1344 3770 Item
1373 3727 1428 3769 ut
1479 3717 1530 3770 in
1574 3715 1783 3769 domum

263 3813 362 3870 Dei
382 3813 752 3883 ingrediamur,
771 3829 862 3866 nos
890 3812 980 3882 qui
998 3810 1285 3865 insularum
1306 3810 1490 3873 instar,
1507 3809 1780 3862 criminum
1843 3871 1852 3887 Ι

261 3909 501 3980 ﬂuctibus
531 3910 688 3972 tunsi,
713 3907 987 3977 naufragia
1020 3906 1363 3976 patiebamur,
1389 3904 1666 3974 multiplici
1696 3921 1781 3957 ra-

265 4002 398 4056 tione
421 4001 580 4072 fuisse
605 4017 635 4054 a
658 3997 862 4052 Christo
892 4007 1178 4051 renovatos.

260 4114 578 4172 52.Videns
607 4129 738 4183 ergo
782 4113 832 4168 in
871 4113 1062 4183 spiritu
1100 4111 1245 4165 illam
1300 4109 1643 4164 dulcedinem
1694 4124 1783 4163 sa-

191 4217 588 4266 cramentorum
617 4207 952 4271 cmlestiuni,
980 4205 1127 4260 iilam
1159 4219 1402 4259 mensam
1422 4220 1543 4272 qua:
1565 4203 1786 4273 repellit

192 4305 535 4359 atterentium
560 4300 805 4364 insidias,
832 4300 973 4353 sicut
998 4299 1112 4367 ipse
1143 4299 1194 4352 in
1215 4298 1591 4368 superioribus
1608 4297 1778 4350 dixit:

195 4395 398 4451 Purasti
435 4396 489 4450 in
533 4402 810 4463 conspectu
855 4409 1238 4452 meomensam.
1295 4391 1538 4445 adversus
1578 4407 1663 4444 eos
1693 4391 1781 4460 qui

194 4503 454 4549 conterunt
482 4509 560 4546 me
583 4489 758 4570 (Psal.
801 4503 932 4552 uti,
968 4486 1059 4558 5),:
1096 4485 1210 4541 ait:
1243 4485 1305 4540 Et
1336 4484 1557 4539 introibo
1591 4483 1659 4537 ad
1696 4483 1782 4537 al-

195 4598 296 4642 tare
328 4586 419 4640 Dei
443 4587 558 4653 mei,
590 4585 659 4638 ad
681 4581 845 4636 Deum
867 4582 954 4654 qui
983 4580 1214 4650 laetiﬁcat
1237 4583 1555 4652 juventutem
1591 4593 1776 4630 meum.

1889 1974 1972 2029 nis
1999 1986 2283 2029 aversatus
2310 1975 2380 2029 sit
2408 1975 2668 2029 Dominus
2699 1975 2848 2042 prius
2876 1973 3141 2029 sociiticia
3167 2014 3182 2038 ,
3216 1984 3271 2027 et
3302 1981 3491 2042 po~tea

1887 2069 1958 2123 sit
2006 2067 2184 2122 cidem
2235 2068 2642 2123 reconciliatus.
2697 2067 2971 2122 Habemus
3018 2066 3071 2120 in
3120 2065 3300 2121 Esaiae
3353 2065 3494 2120 libro

1885 2161 2148 2231 scriptum
2172 2203 2187 2221 ,
2238 2160 2454 2216 dicente
2494 2160 2726 2214 Domino
2753 2179 2766 2212 ε
2796 2160 2912 2228 Quo
2951 2159 3078 2212 mihi
3100 2159 3488 2213 multitudinem

1886 2256 2255 2324 sacriﬁciorum
2285 2265 2570 2308 vestrorum
2588 2255 2614 2308 ?
2641 2254 2767 2307 dicit
2791 2252 3066 2309 Dominus.
3103 2251 3300 2306 Plenus
3330 2267 3444 2305 sum
3470 2266 3489 2305 :

1889 2344 2056 2418 (Esai.
2089 2363 2127 2413 ι,
2161 2345 2272 2418 li).
2305 2347 2356 2401 id
2387 2357 2469 2401 est
2496 2345 2714 2400 abundo
2735 2347 2888 2412 meis,
2917 2353 3097 2400 vestra
3123 2359 3230 2399 non
3257 2357 3486 2416 qtitero:

1889 2437 2346 2492 holocaustomata
2379 2438 2636 2500 arietum,
2670 2445 2726 2490 et
2751 2437 2968 2506 adipem
2999 2450 3262 2506 agnorum
3288 2443 3343 2489 et
3359 2449 3492 2490 san-

1886 2533 2106 2604 gniiicm
2135 2542 2413 2587 taurorum
2439 2542 2492 2586 et
2522 2531 2801 2588 hircorum
2834 2532 2996 2596 nolo,
3026 2546 3126 2586 nec
3157 2531 3236 2586 sic
3262 2531 3496 2588 veniatis

1888 2625 1940 2680 in
1974 2635 2329 2696 conspectum
2383 2607 2586 2680 meum.
2620 2624 2688 2680 Et
2719 2626 2906 2695 utique
2949 2624 3059 2679 fetu
3091 2640 3351 2693 pecorum
3388 2623 3491 2679 Oli--

1888 2719 2090 2773 tulerat
2119 2719 2253 2772 Abel
2298 2718 2622 2772 Sacrificium
2657 2720 2708 2772 iit
2752 2732 2860 2786 quo
2893 2717 3176 2788 placui-rat
3206 2716 3353 2771 Di-o:
3387 2717 3485 2770 sed

1885 2820 2068 2885 typum
2102 2829 2205 2867 non
2234 2812 2569 2880 requirebat,
2601 2811 2690 2878 qui
2713 2809 3067 2881 exspectabat
3105 2808 3362 2864 Siii-rillcii
3390 2823 3484 2864 ve-

1886 2907 2124 2961 ritatem.
2150 2907 2576 2978 Exspectabattir
2597 2907 2741 2961 enim
2771 2911 2952 2975 passio
2969 2905 3180 2959 Domini
3203 2904 3482 2959 salutaris.

1891 2996 2020 3065 Quis
2046 3000 2178 3052 enini
2204 3039 2220 3062 ,
2268 3000 2368 3052 ista
2395 2999 2656 3068 requisivit
2681 2999 2743 3052 de
2771 2997 3005 3050 manibus
3031 2995 3249 3049 vestris?
3274 2994 3490 3049 Calcare

1885 3089 2080 3159 regiam
2109 3106 2272 3143 meam
2299 3106 2399 3142 non
2429 3085 2771 3158 apponetis(l
2779 3087 2886 3143 bid.
2914 3087 3029 3157 12).
3059 3087 3124 3141 Et
3167 3087 3326 3143 infra.
3357 3085 3485 3139 Cum

1885 3184 2216 3239 extenderitis
2246 3177 2430 3238 manus
2453 3185 2520 3237 ad
2548 3199 2659 3247 me,
2693 3193 2915 3236 avertant
2944 3181 3127 3252 facient
3155 3195 3319 3233 meam
3342 3194 3373 3232 a
3400 3194 3486 3233 vo-

1807 3292 1852 3355 ρ
1886 3277 2056 3334 bis....
2091 3277 2198 3334 Sed
2226 3277 2500 3343 lavaniini,
2553 3277 2734 3330 mundi
2783 3285 2971 3339 estote,
3006 3277 3212 3346 auferte
3238 3275 3488 3328 malitiam

1884 3370 1946 3424 ab
1972 3371 2157 3424 animis
2188 3371 2385 3424 vestris.
2433 3367 2678 3423 Judicate
2727 3368 2952 3437 pupillo,
3003 3378 3050 3420 et
3093 3365 3378 3436 iustiﬁcati:
3419 3365 3486 3419 vi-

1885 3465 2062 3531 duam,
2111 3472 2160 3516 et
2182 3463 2364 3527 venite,
2407 3463 2747 3532 disputemus,
2778 3458 2901 3512 dicit
2937 3457 3188 3511 Dominus
3219 3456 3384 3529 (Ibid.
3421 3456 3490 3510 15

1883 3565 1932 3609 et
1959 3552 2070 3625 16).
2107 3556 2292 3610 Claret
2326 3555 2493 3624 igitur
2516 3551 2662 3622 quod
2690 3560 2744 3606 et
2770 3561 2894 3605 ante
2937 3564 3165 3605 aversus
3208 3551 3277 3602 sit
3310 3549 3492 3602 lionii-

1887 3665 1990 3705 nus
2019 3665 2048 3704 a
2074 3648 2362 3704 sacrificiis
2386 3647 2620 3702 hominis
2645 3688 2660 3714 ,
2701 3658 2749 3701 et
2776 3656 2962 3717 postea
2993 3643 3402 3710 reconciliatus,
3436 3650 3494 3698 tit

1881 3743 2155 3810 resiiicere
2185 3743 2236 3796 in
2267 3752 2452 3796 nostra
2481 3739 2748 3795 sacrificia
2781 3738 3118 3810 dignaretur.

1957 3837 2048 3892 54.
2092 3836 2220 3892 Ideo
2251 3851 2383 3906 ergo
2414 3851 2641 3891 securus
2673 3837 2836 3889 intrat
2865 3875 2880 3897 ,
2931 3833 3023 3904 qui
3057 3833 3123 3886 ad
3155 3831 3367 3887 Domini
3409 3831 3492 3884 iii-

1883 3930 2131 4000 greditur
2156 3928 2608 3985 misericordiam.
2635 3927 2875 3996 Denique
2906 3928 3048 3981 hoiio
3066 3941 3227 3980 servo
3257 3923 3489 3977 dicitur:

1885 4022 2037 4077 Intra
2086 4024 2138 4076 in
2188 4023 2433 4094 gaudium
2481 4019 2693 4074 Domini
2743 4018 3062 4085 tuitillntth.
3092 4032 3212 4079 xxv,
3262 4015 3377 4085 21).
3415 4013 3491 4070 De

1885 4131 2047 4170 servo
2091 4126 2270 4168 autem
2325 4129 2555 4182 nequam
2599 4111 2801 4166 dit-itur
2835 4127 2848 4163 :
2884 4109 3069 4164 Tollite
3100 4111 3250 4162 illum
3278 4107 3331 4161 in
3355 4118 3495 4161 lene-

1884 4210 2001 4266 bras
2045 4211 2325 4264 exteriores
2357 4207 2524 4277 (Ibid.
2561 4205 2674 4279 50).
2711 4205 2836 4260 ltleo
2866 4216 2917 4260 et
2942 4205 3112 4260 Adam
3149 4202 3398 4271 dejecms
3424 4201 3494 4257 de

1887 4305 2059 4375 patria
2090 4304 2302 4360 cmle~ti
2326 4316 2380 4357 et
2410 4303 2496 4356 illa
2529 4303 2662 4355 sede
2689 4297 2954 4368 paradisi,
3005 4298 3057 4351 iii
3096 4297 3326 4350 insulam
3357 4310 3486 4365 pec-

1884 4397 1995 4454 cati
2023 4409 2106 4453 est
2132 4397 2426 4466 relegatus.
2481 4395 2649 4448 Recte
2681 4407 2811 4461 ergo
2855 4392 2986 4445 dicit
3030 4389 3313 4459 Scriptura
3348 4386 3496 4444 :Re.

1883 4491 2166 4553 novamini,
2198 4488 2386 4543 insula:
2407 4485 2578 4557 (Esai.
2609 4501 2711 4540 xu.
2746 4481 2822 4554 l).
2851 4483 2986 4551 Quia
3017 4494 3364 4552 peccatorum
3389 4481 3492 4536 ilu-

1884 4585 2097 4649 ctibus,
2131 4584 2272 4639 sicut
2301 4580 2491 4636 insula:
2520 4581 2572 4633 iii
2608 4579 2766 4632 istius
2795 4576 2982 4630 tiiiiiidi
3011 4575 3154 4630 freto
3183 4589 3494 4630 circumve-

195 4678 360 4752 (Psal.
391 4695 519 4741 XLII.
559 4677 638 4748 4)-
686 4675 919 4731 Pulchre
955 4673 1127 4732 dixit.
1161 4673 1313 4742 «ιιιεεί
1349 4673 1516 4727 Adam
1545 4715 1558 4736 .
1594 4671 1660 4726 Et
1697 4673 1778 4725 ἔη-
1803 4692 1858 4752 Ῑ)
1887 4681 2088 4734 nimur.
2119 4676 2240 4730 Istae
2275 4690 2410 4744 ergo
2447 4673 2637 4726 insulae
2677 4687 2774 4740 per
2801 4669 3097 4724 adventum
3121 4667 3332 4722 Domini
3364 4667 3490 4736 pec'-

195 4771 368 4825 troibo.
406 4769 576 4838 Ejecti
617 4769 763 4824 enim
795 4783 1014 4838 eramus
1034 4767 1102 4822 de
1132 4766 1385 4837 paradiso
1413 4766 1659 4832 Domini,
1707 4782 1773 4820 ex

196 4881 298 4937 quo
334 4865 505 4921 Adam
543 4865 747 4932 peccati
797 4865 876 4918 Siti
912 4865 1166 4917 conscius
1194 4862 1400 4915 voltum
1430 4862 1644 4916 Domitii
1678 4861 1773 4913 de.

197 4960 437 5014 clinavit.
485 4960 688 5012 Decorc
719 4971 935 5028 quoque
965 4953 1174 5008 addidit
1203 4972 1216 5008 :
1248 4952 1318 5007 Et
1350 4954 1569 5008 introibo
1603 4953 1671 5006 ad
1701 4955 1781 5008 al—

196 5062 297 5108 tare
318 5051 436 5117 Dei,
485 5052 638 5121 quasi
685 5052 735 5104 in
779 5058 1073 5119 conspectu
1124 5048 1218 5108 Dei
1265 5047 1486 5102 rediret.
1541 5048 1780 5102 Aversus

195 5145 329 5200 enim
361 5151 481 5198 erat
512 5159 539 5195 a
572 5142 889 5197 muneribus
911 5143 1115 5195 nostris
1141 5182 1156 5207 ,
1199 5139 1420 5209 quando
1442 5138 1574 5193 Cain
1606 5141 1782 5209 parri-

196 5235 490 5309 cida-651
513 5234 655 5289 illius
688 5249 913 5288 munera
943 5249 1050 5288 non
1083 5232 1355 5303 probavit.
1385 5231 1612 5288 Latebat
1642 5232 1776 5287 Cain

199 5329 394 5383 alienus
423 5347 450 5380 a
484 5325 703 5382 Domini
731 5337 1050 5391 conspecm,
1088 5324 1275 5380 furens
1297 5323 1462 5380 effera
1485 5325 1565 5379 vis
1591 5325 1779 5392 animi,

199 5422 329 5494 quod
361 5421 412 5476 in
432 5420 621 5475 fratris
651 5420 734 5475 sui
767 5419 1028 5474 Dominus
1061 5428 1378 5488 respexerat
1415 5433 1635 5473 munera
1655 5461 1668 5479 .
1726 5419 1779 5473 iii

197 5530 282 5570 sua
307 5523 488 5569 autem
530 5530 638 5569 non
665 5519 1017 5579 resiiexerat,
1076 5513 1176 5567 sub
1198 5512 1500 5569 offensione
1529 5511 1784 5583 proprios

202 5608 411 5678 reliquit
440 5605 715 5661 llﬂ-El‘CdCS.
747 5605 1038 5661 Occiderat
1075 5605 1207 5662 Abel
1244 5621 1354 5661 non
1383 5606 1522 5671 sibi,
1549 5605 1706 5676 cujus
1735 5613 1791 5660 et

199 5702 406 5772 sanguis
432 5699 702 5756 clamabat
721 5699 788 5754 ad
823 5697 1143 5765 Dominum;
1173 5699 1269 5755 sed
1296 5699 1578 5756 occiderat
1606 5699 1781 5755 omni-

1879 4782 2126 4827 catoriim
2163 4768 2482 4823 remissione
2513 4775 2788 4819 renovata:
2819 4775 2941 4818 sunt
2967 4803 2981 4827 ,
3014 4761 3065 4815 id
3097 4768 3203 4825 est,
3235 4756 3487 4814 homines

1882 4861 1934 4915 in
1964 4862 2182 4914 lavacro
2209 4899 2223 4925 ,
2276 4856 2442 4911 medii
2487 4858 2630 4909 inter
2666 4870 2837 4924 aquas
2865 4853 3017 4923 quasi
3051 4852 3241 4905 insula:
3274 4850 3486 4906 consti-

1878 4955 2004 5018 tuti,
2037 4951 2404 5005 tundebantur
2430 4948 2696 5002 undarum
2723 4947 2958 5000 molibus
2987 4945 3126 4997 sicut
3155 4942 3370 5005 insulae,
3391 4955 3484 4994 so-

1881 5045 2032 5101 noris
2062 5053 2406 5113 peccatorum
2426 5039 2788 5095 reltdeiitilius
2816 5035 3074 5092 fluctibus
3098 5035 3240 5089 sicut
3268 5032 3483 5098 insulae,

1884 5140 1937 5194 in
1971 5137 2163 5206 quibus
2185 5145 2337 5198 ante,
2366 5135 2513 5188 velut
2532 5133 2784 5188 fraudum
2806 5128 3070 5199 scopulis.
3097 5136 3255 5182 erant
3275 5125 3489 5195 simpli-

1883 5237 2040 5292 cibus
2055 5235 2201 5290 crebi
2217 5249 2247 5288 a
2261 5232 2564 5302 naufragia;
2587 5232 2711 5302 quia
2727 5228 2885 5282 dolus
2901 5225 3018 5280 erat
3035 5225 3086 5279 in
3113 5223 3299 5288 corde,
3317 5221 3368 5275 in
3389 5235 3487 5276 ore

1884 5329 2181 5386 blanditi:e.
2203 5327 2275 5382 At
2305 5342 2434 5382 vero
2456 5336 2640 5395 postea
2671 5337 2830 5391 quani
2868 5320 3128 5373 Domitius
3148 5314 3485 5388 6521csus

1887 5422 1938 5475 in
1970 5436 2078 5491 quo
2106 5419 2264 5474 dolus
2295 5433 2402 5472 non
2430 5425 2543 5479 est,
2578 5413 2876 5468 adveniens
2919 5411 2971 5465 in
3025 5412 3168 5462 hunc
3200 5407 3482 5470 ii.undiim,

1885 5513 2125 5570 cwlestis
2157 5510 2501 5581 expositione
2533 5504 2800 5560 doctrina:
2830 5503 3190 5556 humanarum
3212 5495 3479 5567 profunda

1886 5606 2152 5662 mentium
2186 5603 2484 5667 serenavit,
2507 5608 2564 5653 et
2594 5595 3061 5666 tranquillitatem
3093 5593 3294 5647 refudit
3322 5589 3486 5645 allec-

1887 5699 2031 5756 tibus
2059 5699 2424 5770 singulorum,
2465 5691 2719 5748 auferens
2757 5699 2942 5760 sepem
2985 5684 3301 5754 discordi-ai,
3333 5684 3487 5757 quasi

265 5869 291 5901 ⁸
329 5861 500 5932 Edit.,
544 5877 636 5917 nec
677 5855 827 5934 fratri
866 5859 1224 5934 germanitatis
1262 5855 1460 5935 pietas;
1500 5876 1660 5932 mss.',
1694 5875 1787 5919 nec
1829 5860 2010 5938 fratris
2035 5858 2382 5933 germanitati,
2416 5864 2552 5927 etci,
