4042 6378
622 353 732 410 εει

1924 345 2169 412 SANCTI
2209 345 2528 412 Abienus"
3802 361 3862 413 ass

621 472 868 544 quadam
916 480 1168 543 portuum
1200 483 1420 540 clepere
1450 481 1475 510 ⁸
1507 467 2068 544 appropinquantibus
2095 479 2218 527 esse
2247 474 2296 536 Α
2393 474 2599 541 corpori
2622 479 2796 526 nostra
2815 473 2881 527 sit
2917 471 3142 543 atﬁnitos
3162 514 3178 538 ,
3235 477 3288 526 et
3315 470 3496 540 qualis
3522 469 3649 524 illud
3675 479 3793 526 sonti
3814 477 3864 527 le-

622 565 908 635 sul’lragla;
961 574 1020 620 ut
1051 567 1423 636 unusquisque
1453 568 1727 636 navigium
1755 580 1868 620 sute
1905 565 2104 636 quietis
2163 565 2215 619 in

624 657 865 730 proximi
908 669 1000 713 aut
1029 657 1214 713 fratris
1235 659 1532 712 constituat
1567 658 1788 725 allectu,
1816 668 1872 713 et
1901 660 1954 712 in
2000 669 2221 714 secessu

625 749 860 823 quodam
898 752 998 822 piae
1031 753 1226 806 mentis
1264 750 1471 806 haereat
1507 751 1753 808 littoraii.

691 842 780 898 35.
824 843 941 898 Non
1001 843 1275 898 immerito
1324 857 1453 913 ergo
1495 854 1748 911 tanquam
1781 852 2078 897 renovatus
2105 843 2216 896 cla-

621 948 730 992 mat
765 937 939 993 David
975 954 988 992 :
1025 936 1091 990 Et
1138 938 1362 992 introibo
1390 938 1460 991 ad
1501 939 1666 991 altare
1695 937 1786 991 Dei
1809 939 1930 1003 mei,
1963 938 2029 990 ad
2059 934 2221 989 Deum

619 1032 706 1102 qui
735 1031 965 1100 lmiiﬁcat
985 1035 1306 1104 juventutent
1337 1043 1535 1094 meam;
1561 1037 1619 1083 ut
1645 1030 1732 1099 qui
1765 1043 1926 1098 supra
1940 1043 1998 1082 se
2018 1029 2221 1082 invete.

620 1135 771 1178 rasae
822 1125 962 1178 inter
1009 1124 1260 1178 inimicos
1281 1138 1412 1177 suos
1442 1123 1677 1187 dixerat,
1726 1124 1860 1176 utin
1897 1132 2051 1177 sexto
2084 1119 2218 1190 legi-

620 1230 742 1270 mus
774 1217 1011 1286 psalmo,
1065 1217 1153 1272 hic
1193 1217 1267 1270 ait
1306 1217 1651 1286 jttve-uttttem
1681 1218 1783 1271 silui
1826 1231 1892 1271 es
1927 1219 2220 1271 inveterata

619 1310 984 1380 prolapsionis
1045 1310 1297 1364 humanas
1342 1319 1627 1364 senectute
1674 1321 1984 1364 renovatum
2030 1309 2218 1381 (Psal.

618 1418 692 1463 vt,
736 1401 816 1465 8).
859 1403 1207 1457 Renovamur
1263 1403 1409 1458 enim
1449 1420 1547 1474 per
1601 1403 1799 1457 lavacri
1848 1405 2221 1473 regeneratio-

620 1507 781 1559 nem;
816 1511 1142 1550 renovamur
1166 1511 1260 1566 per
1281 1497 1519 1568 Spiritus
1545 1498 1714 1551 sancti
1749 1497 2101 1562 effusionem;
2134 1511 2219 1552 re-

620 1587 941 1640 novahimur
970 1588 1136 1642 ctiam
1167 1603 1262 1656 per
1289 1588 1745 1642 resurrectionem
1772 1629 1787 1650 ,
1837 1595 1977 1642 sicut
2009 1589 2060 1642 iu
2096 1603 2221 1658 pos-

620 1680 914 1735 terioriluts
961 1681 1093 1736 dicit
1127 1701 1139 1736 :
1168 1683 1517 1737 Renovubitnr
1571 1684 1701 1736 sicut
1741 1684 1930 1752 aquila
1971 1686 2219 1754 juventus

619 1783 708 1828 tua
733 1772 906 1845 (Psal.
937 1791 1030 1840 ett,
1057 1776 1138 1847 ὅ).
1182 1777 1463 1844 Quomodo
1504 1793 1834 1832 renovemur
1856 1818 1870 1840 ,
1916 1778 2040 1831 audi
2074 1795 2086 1830 :
2121 1775 2219 1830 As-

617 1879 796 1936 perges
828 1883 908 1920 me
936 1867 1181 1938 hyssopo,
1208 1879 1255 1923 et
1285 1870 1578 1924 mundabor
1598 1886 1616 1924 :
1638 1871 1832 1923 lauabis
1856 1885 1955 1934 me,
1987 1880 2036 1922 et
2063 1884 2219 1940 super

618 1959 783 2012 niuem
806 1959 1082 2014 rlealbabor
1105 1961 1276 2034 (Psal.
1309 1981 1362 2027 1.,
1397 1963 1473 2034 9).
1507 1964 1571 2018 Et
1601 1964 1652 2017 in
1693 1964 1848 2018 ESaia
1876 1964 1950 2017 ait
1982 1978 2001 2016 :
2022 1963 2082 2018 Si
2109 1966 2217 2026 {ue-

617 2053 720 2106 rint
768 2065 975 2122 peccata
1020 2065 1184 2109 uestra
1227 2065 1282 2110 ut
1311 2057 1640 2126 phtenicium,
1685 2065 1740 2110 ut
1784 2057 1948 2110 nivem
1970 2055 2218 2109 dealbabo

620 2142 791 2214 (Esai.
822 2161 858 2210 ι,
898 2145 1007 2216 l8).
1041 2146 1206 2203 [lecte
1239 2159 1573 2217 renovatur,
1600 2151 1691 2220 qui
1717 2150 1786 2204 de
1818 2147 2059 2204 tenebris
2088 2163 2213 2217 pec-

2396 579 2523 630 ceal,
2546 568 2853 638 explicatur.

2393 660 2481 714 88.
2526 659 2818 727 Εοηβιεὸον
2841 655 2935 713 tibi
2961 661 3014 713 in
3048 658 3296 722 cithara,
3338 655 3487 712 Deus
3518 669 3648 712 meus
3672 657 3863 729 (Parui,

2318 751 2395 823 4).
2441 753 2611 806 Habi-t
2639 752 2902 805 citharam
2936 768 3090 806 suam
3122 753 3325 805 anima
3364 761 3574 805 nostra.
3604 749 3761 820 Neque
3779 754 3864 809 extim

2318 845 2529 900 diceret
2557 846 2751 899 Paulus
2786 862 2800 900 :
2834 845 3008 899 Orabo
3036 847 3236 912 spiritu
3264 885 3280 910 ,
3314 843 3483 897 orabo
3514 852 3558 897 et
3581 850 3865 915 incomptu-

2325 939 2428 992 lam
2456 940 2638 1010 spiritu
2661 981 2674 1002 ,
2727 940 2947 1010 psallam
2980 949 3026 992 et
3053 947 3234 992 mente
3271 942 3288 1007 (
3320 937 3345 992 l
3380 937 3507 991 Cor.
3548 952 3655 1002 ιη,
3688 937 3775 1005 15),
3809 941 3865 992 nis;

2327 1032 2549 1087 haberet
2573 1031 2858 1098 citharam,
2891 1039 3012 1102 quae
3044 1033 3273 1102 plectro
3309 1031 3495 1085 sancti
3521 1030 3738 1099 Spiritus
3763 1035 3868 1086 risui-

2324 1133 2482 1181 taret.
2515 1127 2735 1181 Cithara
2756 1135 2838 1180 est
2866 1141 2995 1180 caro
3037 1135 3234 1180 nostra
3265 1167 3280 1188 ,
3340 1125 3570 1197 quando
3599 1133 3787 1193 peccato
3803 1141 3868 1178 mo-

2324 1221 2482 1285 ritur,
2531 1229 2585 1274 ut
2622 1221 2731 1274 Deo
2773 1221 2917 1273 vivat
2951 1238 2964 1273 :
2999 1219 3217 1274 cithara
3246 1227 3343 1275 est
3372 1261 3387 1283 ,
3446 1221 3660 1290 quando
3699 1221 3868 1288 septilu.

2324 1333 2466 1372 mem
2516 1316 2715 1380 accipit
2769 1315 3030 1381 Spiritum
3075 1315 3129 1368 in
3175 1314 3546 1386 haptiSmatis
3593 1325 3866 1367 sacramento.

2322 1408 2560 1463 Testudo
2591 1410 2732 1461 enim
2767 1409 2895 1461 dum
2928 1407 3082 1472 vivit,
3118 1409 3242 1461 luto
3275 1407 3562 1477 mergitur
3588 1424 3600 1461 :
3622 1406 3703 1460 ubi
3731 1417 3865 1459 tuon“:

2323 1500 2520 1566 fuerit,
2573 1511 2784 1570 tegmen
2838 1500 2958 1565 ejus
3005 1507 3227 1570 aptatur
3281 1499 3340 1552 in
3391 1513 3554 1552 usum
3594 1500 3868 1562 canendi,u

2323 1594 2424 1664 pia:
2466 1593 2692 1662 gratiam
2744 1591 3084 1660 disciplinae;
3133 1601 3191 1645 ut
3243 1603 3473 1660 septem
3528 1605 3707 1646 vocum
3745 1591 3866 1645 distr-

2326 1687 2468 1739 inina
2519 1686 2764 1739 numeris
2810 1683 3218 1739 modulantibus
3276 1685 3638 1752 obloquatur.
3680 1683 3866 1738 Similiter

2322 1791 2448 1832 caro
2478 1789 2684 1840 nostra,
2733 1780 2776 1830 si
2810 1777 2952 1831 vivat
2979 1777 3258 1832 illecebris
3284 1777 3695 1847 corporalibus,
3726 1778 3767 1831 in
3787 1791 3865 1844 quo

2321 1871 2442 1925 dam
2471 1886 2627 1924 emno
2661 1870 2785 1923 vivit
2819 1882 2873 1925 et
2917 1871 3176 1941 voragine
3205 1871 3597 1942 voluptatum.
3637 1871 3687 1925 Si
3712 1871 3865 1924 luxuria

2323 1963 2586 2018 moriatur
2618 1973 2778 2032 atque
2806 1963 3247 2030 incontinenti:I-,
3283 1974 3427 2017 tunc
3460 1977 3646 2017 veram
3674 1963 3802 2016 vitam
3818 1975 3864 2014 te-

2320 2057 2506 2122 sumit,
2551 2063 2678 2109 tunc
2727 2055 2890 2109 edere
2940 2055 3128 2124 incipit
3187 2057 3479 2110 honorum
3532 2069 3739 2126 aperum
3766 2054 3864 2108 dniu

2321 2148 2686 2201 modulamen.
2715 2147 2896 2201 Dulcis
2918 2160 3084 2200 sonus
3113 2157 3198 2202 est
3219 2149 3590 2202 castimonia:
3615 2163 3628 2200 :
3659 2147 3797 2201 dulcis
3814 2159 3863 2197 so-

615 2244 860 2290 calorum
913 2237 964 2291 in
1025 2240 1198 2294 lucem
1238 2240 1498 2297 virtutum
1549 2251 1790 2296 mutatur
1839 2253 1891 2294 et
1940 2241 2210 2311 gratiam:
2245 2255 2420 2316 Bntts
2471 2240 2776 2293 timentium
2832 2237 3340 2309 Deum:denique,
3402 2242 3460 2294 in
3509 2250 3699 2294 citium
3741 2248 3862 2291 terr-mi

615 2339 672 2382 ut
701 2329 792 2398 qui
826 2339 965 2385 tetra
1001 2332 1149 2401 prius
1177 2333 1487 2389 colluvione
1517 2334 1805 2403 sordebat,
1838 2349 2000 2406 supra
2035 2335 2212 2390 nivem

615 2420 815 2476 albenti
849 2423 1014 2478 nimis
1038 2422 1248 2496 fulgore
1275 2427 1641 2496 resplendeat.

1255 2563 1482 2621 CAPUT
1522 2565 1592 2621 X.

620 2668 697 2722 0b
745 2672 1017 2738 superiora
1063 2673 1308 2744 beneﬁcia
1353 2676 1626 2744 pollicetur
1665 2673 1835 2729 David
1876 2674 1982 2729 Deo
2012 2691 2066 2729 se
2094 2691 2219 2730 con-

688 2767 944 2835 fessurum
971 2767 1022 2821 in
1047 2769 1247 2823 cithara
1269 2785 1288 2824 :
1308 2786 1411 2841 qua
1434 2771 1700 2825 occasione
1725 2785 1843 2842 quia
1871 2787 1987 2825 cum
2015 2772 2220 2826 cithara

690 2923 723 2995 ξ
758 2913 946 2995 Edit.,
989 2920 1527 2992 appropinquantibus
1576 2937 1685 2978 esse
1737 2917 2006 2995 stt/fugio;
2081 2936 2214 2978 mss.

615 2985 893 3059 sullragla.

625 3119 894 3136 ..Μ-

1502 3125 1578 3144 ’.-

2320 2333 2473 2386 exivit
2521 2347 2679 2385 sonus
2729 2347 2906 2386 eorum
2964 2330 3142 2402 (Psal.
3183 2345 3346 2397 xvtu,
3409 2335 3502 2402 5):
3555 2331 3715 2388 dulci;
3759 2345 3862 2386 sonis

2318 2434 2399 2480 est
2425 2424 2548 2479 ﬁdei
2582 2440 2701 2496 qua:
2735 2426 3088 2479 annuutiatur
3111 2469 3126 2492 ,
3175 2435 3234 2479 ut
3268 2428 3549 2497 scriptum
3579 2434 3654 2482 est
3683 2425 3818 2497 (Rom,
3840 2439 3857 2482 ι,

2321 2518 2402 2584 8),
2451 2516 2503 2572 iu
2552 2520 2805 2573 universo
2850 2518 3074 2573 mundo.
3112 2518 3209 2574 llic
3241 2534 3426 2575 sonus
3451 2531 3479 2573 ι
3509 2521 3665 2574 nobis
3692 2516 3859 2574 emisti

2324 2611 2516 2672 Deum,
2534 2612 2668 2664 sicut
2693 2611 2859 2665 exivit
2883 2611 3046 2666 etiam
3063 2627 3088 2663 a
3109 2610 3856 2672 Thessalonicensibus(lTlies.

2322 2721 2360 2772 ι,
2391 2706 2480 2776 8);
2515 2707 2753 2760 utetiam
2796 2722 2903 2761 non
2952 2716 3218 2763 canentes
3241 2723 3525 2764 canamus
3553 2749 3565 2772 ,
3599 2718 3647 2762 et
3673 2706 3859 2760 bonorum

2321 2805 2590 2857 concentu
2616 2815 2840 2870 Operam
2875 2801 3160 2856 Dominum
3192 2804 3590 2871 priedicemus,
3621 2802 3697 2856 cui
3723 2807 3783 2852 est
3800 2798 3855 2849 ira

2324 2911 2445 2959 nor,
2475 2896 2668 2966 gloria,
2697 2896 3032 2966 perpetuitas
3063 2910 3091 2949 a
3120 2897 3364 2962 sa'culis,
3400 2907 3454 2952 et
3482 2908 3620 2950 iiuna
3645 2902 3694 2949 et
3715 2903 3858 2960 semper

2325 3001 2372 3047 et
2409 2991 2462 3045 in
2491 2992 2673 3046 omnia
2703 2991 2902 3044 saecula
2936 2991 3284 3046 saeculorum.
3325 2992 3530 3046 Amen.

1583 3118 3844 3144 __________________________,.____________...

1789 3224 2134 3308 LIBER
2207 3181 2741 3304 TERTIUS.

1355 3393 1511 3470 DE
1587 3391 2852 3472 INTERPELLATIONE
2925 3393 3185 3465 JOB.

1027 3553 1191 3626 653
1227 3551 1457 3610 CAPUT
1496 3551 1789 3610 PRIMUM.

616 3641 816 3697 Moneri
871 3644 1136 3716 plerosque
1167 3647 1322 3700 etiam
1361 3647 1654 3719 prudentes,
1701 3656 1817 3701 cum
1843 3645 2100 3718 prosperis
2131 3645 2213 3703 hic

685 3736 902 3807 afﬂuere
950 3737 1194 3810 injustas,
1217 3740 1389 3809 justas
1429 3748 1600 3792 autem
1633 3741 1802 3811 afﬂigi
1835 3740 2072 3800 viderint,
2099 3749 2213 3805 quit!

686 3824 934 3884 librorum
987 3833 1300 3901 sequentia»:
1349 3834 1566 3888 ntaterio
1596 3843 1667 3887 est
1697 3850 1714 3887 :
1747 3834 1808 3887 ob
1848 3833 2077 3888 eamdem
2103 3847 2212 3886 rem

683 3922 876 3976 amicos
910 3921 1011 3976 .Iob
1060 3925 1268 3993 ignaros
1293 3924 1452 3979 diuini
1485 3925 1705 3990 consilii,
1737 3937 1854 3978 eum
1884 3934 2090 3995 propter
2119 3925 2212 3978 ad-

683 4017 839 4070 missa
878 4018 1100 4072 crimina
1129 4020 1288 4088 poenis
1315 4019 1552 4086 aﬂ'ectum
1580 4020 1918 4075 contendisse.

686 4108 735 4163 i.
778 4108 1037 4177 SUperior
1059 4109 1212 4165 nobis
1241 4112 1534 4182 disputatio
1564 4112 1752 4168 fuit-de
1775 4113 2210 4183 interpellatione

610 4211 940 4268 sanctorum,
963 4199 1106 4273 quod
1137 4199 1341 4274 fragilis
1373 4217 1422 4260 et
1448 4203 1718 4260 imbecilla
1749 4207 1987 4261 conditio
2017 4208 2085 4260 sit
2112 4205 2212 4260 bu-

613 4305 794 4356 mana,
823 4307 944 4362 quae
989 4309 1250 4365 nusquam
1284 4297 1362 4350 sui
1412 4298 1599 4352 habeat
1646 4297 1974 4361 firmitatem,
2007 4297 2108 4352 nisi
2155 4300 2208 4353 in

611 4387 948 4456 protectione
968 4387 1172 4444 caelesti
1201 4389 1394 4446 :hodie
1415 4393 1568 4447 nobis
1597 4408 1658 4447 ea
1685 4393 1944 4448 sumenda
1967 4400 2071 4461 est,
2105 4407 2206 4463 qua

609 4476 802 4548 vulgus
833 4480 1131 4550 hominum,
1172 4485 1410 4555 plerique
1455 4488 1615 4542 etiam
1664 4483 2006 4556 prudentium
2055 4489 2210 4544 valde

609 4583 934 4639 moventur;
964 4589 1082 4629 cum
1110 4576 1294 4632 vident
1323 4579 1550 4647 injustas
1571 4579 1795 4635 affluere
1822 4581 1983 4634 rebus
2010 4593 2202 4636 secun-

609 4658 716 4729 dis,
746 4665 921 4731 justos
944 4677 1121 4723 autem
1152 4667 1462 4740 frequenter
1483 4671 1728 4728 al'llietari
1768 4673 1820 4726 in
1849 4672 1953 4727 hoc
1981 4673 2202 4728 Saecula.

607 4758 676 4814 Et
714 4769 839 4815 vere
880 4757 1117 4817 lubricus
1165 4764 1250 4818 hic
1279 4766 1448 4831 locus,
1482 4770 1535 4822 in
1565 4783 1670 4838 quo
1700 4769 1860 4822 etiam
1902 4769 2075 4824 sancti
2119 4769 2202 4824 vix

606 4862 900 4922 potuerunt
937 4869 1079 4909 verte
1107 4856 1376 4924 opinionis
1407 4867 1593 4915 tenere
1621 4860 1926 4930 vestigium.
1962 4861 2204 4929 Denique
2232 4891 2282 4951 Ι)

606 4945 853 5002 turbatus
892 4956 976 5003 est
1012 4957 1060 5003 et
1096 4950 1209 5018 ipse
1234 4952 1420 5016 David,
1453 4953 1542 5022 qui
1575 4955 1626 5006 in
1655 4954 2022 5023 superioribus
2048 4954 2205 5009 disce

605 5047 689 5095 rat
715 5056 728 5091 :
756 5038 970 5094 Occulta
1003 5043 1266 5110 sapientiae
1293 5053 1394 5098 tua:
1421 5045 1757 5114 manifestasti
1787 5045 1914 5100 mihi
1946 5046 2117 5117 (Psal.
2152 5059 2202 5112 ι,

606 5130 685 5204 8).
727 5132 1114 5189 Verumtamen
1158 5136 1498 5190 confirmavit
1525 5152 1584 5192 se
1619 5139 1732 5206 ipse
1764 5147 1970 5207 postea,
1999 5148 2053 5194 et
2082 5155 2201 5208 per-

606 5224 762 5280 fectze
790 5227 1017 5281 rationis
1045 5227 1186 5283 viam
1217 5230 1575 5298 investigavit.
1607 5230 1710 5286 Job
1737 5247 1950 5302 quoque
1989 5243 2208 5290 sanctus

606 5331 727 5372 cum
758 5317 931 5375 tribus
959 5320 1066 5374 illis
1096 5322 1368 5377 veteribus
1397 5324 1587 5378 amicis
1609 5325 1696 5393 qui
1720 5325 1786 5379 ad
1818 5327 2204 5382 consolandum

607 5421 892 5474 venerant,
944 5414 1013 5469 de
1061 5431 1119 5470 ea
1150 5417 1404 5483 Opinione
1449 5419 1500 5471 in
1548 5431 1801 5473 sermone
1855 5420 2085 5476 luetatos
2125 5430 2208 5477 est

607 5503 732 5576 (Iob
778 5521 834 5560 Iv
863 5514 911 5560 et
959 5510 1113 5578 seq.).
1161 5508 1448 5580 Utriusque
1498 5509 1659 5581 igitur
1711 5513 2102 5584 disputationes
2152 5516 2204 5570 in

607 5596 845 5651 medium
877 5598 1234 5668 proferamus.
1270 5601 1422 5672 Digni
1466 5613 1591 5659 sunt
1621 5605 1764 5660 enim
1795 5608 1882 5676 qui
1917 5606 2073 5661 nobis
2101 5624 2216 5662 ma-

681 5741 709 5808 εξ
746 5731 894 5808 Edit.
922 5745 1030 5790 vet.
1061 5753 1182 5792 cum
1206 5738 1482 5808 cod.Vat.,
1512 5741 1676 5796 Torn.
1701 5752 1753 5798 et
1785 5742 1946 5804 Vict.,
1972 5741 2207 5797 Boldach

611 5803 944 5876 §uitheornm
989 5819 1258 5876 tyrannus,
1288 5822 1334 5864 et
1374 5803 1583 5876 Sophar
1616 5803 2053 5868 Naamatenorum
2098 5831 2207 5870 rex.

610 5874 772 5933 Rom.
815 5889 868 5932 et
915 5874 1171 5938 aliintss.
1197 5881 1404 5938 Baldad
1447 5874 1818 5942 Sauclueorum
1864 5895 2134 5957 tyrannus,
2165 5897 2214 5944 et

2241 3552 2286 3616 ρ
2317 3547 2596 3618 gistcrium
2629 3539 2845 3602 vivendi
2878 3545 3137 3613 afferant;
3171 3549 3394 3620 quando
3417 3548 3630 3622 quidem
3661 3543 3702 3599 in
3722 3539 3845 3595 adstr-

2317 3642 2392 3694 sis
2448 3639 2629 3709 positi,
2664 3639 2781 3709 plus
2836 3640 2945 3696 Deo
2977 3641 3188 3712 placere
3245 3649 3588 3698 meruerunt.
3635 3633 3847 3694 Audiamus

2319 3736 2482 3805 igitur
2512 3745 2797 3806 utrumque
2827 3749 2925 3790 suo
2959 3735 3170 3792 ordine.

2393 3829 2447 3882 2.
2493 3829 2880 3899 lncrcpuerant
2911 3831 3263 3885 vehementer
3283 3831 3537 3885 sanctum
3569 3815 3663 3882 .ioh
3689 3815 3843 3890 Elipbal

2314 3919 2713 3976 Thetnanorum
2746 3937 2860 3985 rex,
2891 3930 2946 3976 et
2988 3929 3012 3958 ⁸
3046 3920 3243 3976 Baidad
3294 3922 3674 3978 Sauchtrorum
3719 3922 3840 3983 tyran-

2318 4029 2439 4077 nus,
2471 4023 2524 4066 et
2554 4014 2762 4084 Sophar
2787 4014 3094 4068 iliiiteorum
3120 4029 3234 4078 rex,
3271 4030 3337 4068 eo
3375 4013 3522 4086 quod
3553 4017 3742 4082 prop!"
3765 4014 3842 4071 ια·

2314 4115 2431 4160 cata
2465 4118 2560 4160 sua
2587 4114 2793 4159 tantum
2839 4107 3085 4177 supplicii
3117 4109 3438 4162 sustineret.
3469 4106 3676 4162 lniirmo
3701 4091 3836 4153 etenim

2321 4200 2544 4271 ingenio
2576 4217 2681 4255 nou
2707 4201 3059 4258 advertebant
3085 4203 3226 4272 quod
3258 4202 3528 4257 Dominus
3549 4211 3662 4254 eum
3693 4198 3838 4245 tentan-

2312 4294 2440 4349 dum
2473 4295 2710 4351 dedisset
2736 4312 2749 4361 ;
2777 4306 2834 4350 ut
2855 4297 3058 4352 athleta
3081 4296 3281 4350 Christi
3313 4291 3696 4353 tentationibus
3712 4277 3836 4341 θιυιίίο

2312 4398 2418 4453 tus,
2476 4390 2680 4460 majore
2720 4390 2786 4444 ad
2837 4405 3095 4446 coronam
3128 4390 3293 4460 gloria
3329 4387 3652 4460 perveniret.
3680 4378 3769 4436 Non
3785 4369 3834 4424 ii-

2314 4483 2508 4538 dentes
2533 4485 2714 4554 itaque
2760 4491 2964 4538 tantum
3013 4483 3292 4554 sapientia:
3348 4478 3830 4539 sacramentumﬂn'

2314 4581 2453 4650 gusti
2483 4579 2662 4633 cordis
2695 4581 2909 4644 timore,
2941 4595 3008 4634 ue
3051 4579 3365 4634 viderentur
3415 4571 3680 4648 injustitizc
3721 4564 3832 4650 Delii"

2315 4649 2538 4742 arguere
2569 4673 2657 4743 qui
2709 4674 2878 4742 pretiis
2906 4672 3045 4727 afﬁci
3096 4672 3372 4726 innoxium
3423 4649 3831 4740 perpetraretur,“

2309 4778 2555 4823 sanctum
2586 4765 2688 4821 Job
2722 4773 3002 4836 [minarum
3035 4765 3230 4819 merita
3263 4763 3676 4833 retorqm-baut;
3711 4749 3832 4802 ί¹ίθε¹¹⁴

2311 4873 2388 4917 tes
2432 4863 2554 4933 quia
2605 4863 2781 4917 omnis
2831 4863 2934 4916 vita
2972 4861 3117 4930 impii
3149 4860 3202 4914 in
3235 4857 3605 4914 sollicitudine
3639 4847 3736 4919 μοι

2307 4953 2424 5026 20),
2451 4924 2519 5010 ἐι
2550 4955 2749 5010 divitim
2793 4953 2990 5024 injuste
3035 4924 3378 5022 congregata:
3423 4952 3715 5006 evomentur
3749 4924 3828 4998 (Μ

2315 5068 2408 5117 xx,
2445 5052 2556 5116 15);
2587 5051 2764 5106 omnia
2809 5065 2932 5120 qme
2965 5049 3199 5120 patiatur
3239 5047 3404 5101 homo
3428 5044 3604 5116 gravia
3649 5038 3690 5090 in
3716 5036 3826 5120 πεζτπν

2311 5153 2531 5216 propter
2547 5153 2762 5214 peccata
2785 5153 2881 5197 sua
2908 5157 3028 5198 eum
3053 5141 3256 5211 perpeti
3284 5157 3295 5192 :
3319 5141 3407 5206 qui
3438 5131 3644 5193 etiamsi
3662 5129 3702 5179 in
3721 5116 3827 5216 reb"?

2315 5207 2592 5308 prosperis
2623 5237 2710 5304 sit,
2759 5207 3067 5308 perpetuari
3113 5207 3163 5289 ei
3202 5233 3441 5288 secunda
3494 5243 3590 5286 non
3635 5207 3829 5308 90509:.”

2315 5341 2587 5400 tamquam
2621 5331 2892 5385 Somnium
2923 5331 3032 5384 cito
3063 5339 3412 5390 evanescere,
3443 5333 3501 5379 et
3529 5333 3622 5376 non
3658 5310 3825 5365 iuvem”

2316 5431 2400 5480 tur
2427 5425 2578 5482 locus
2605 5427 2752 5498 ejus;
2785 5427 3024 5482 laetitiam
3068 5429 3248 5478 autem
3307 5421 3590 5490 impiorum
3613 5419 3710 5466 θεεθ

2314 5481 2519 5573 vioretn
2545 5481 2754 5574 ruinam
2782 5519 2944 5590 (Ibid.
2977 5519 3052 5589 5);
3083 5518 3310 5586 ideoque
3351 5481 3515 5569 eiiam
3538 5509 3734 5567 sanctum
3757 5481 3821 5590 Ῑθιξ

2313 5627 2341 5665 ³
2375 5616 2659 5684 Ρηιϐιιενίε·
2679 5616 2731 5670 ἰιι
2762 5615 2988 5670 adversa
3024 5621 3310 5676 ructatum,
3339 5603 3644 5664 delictorum
3668 5587 3819 5647 suntIII“

2321 5749 2530 5818 Sep/tur
2564 5751 2612 5804 Μ
2621 5751 2866 5803 iussorum
2889 5766 2996 5804 rex.
3016 5748 3156 5803 LXX
3178 5751 3406 5814 inlerpr.
3431 5737 3612 5801 Βαλδὰδ
3625 5717 3817 5799 ῑαδχαίων

2319 5826 2592 5901 τύραννος,
2624 5824 2800 5901 Σωφὰρ
2824 5825 3066 5880 Musonius
3093 5821 3358 5895 βασιλεὺς.
