4042 6378
171 405 306 462 829·
1027 409 1117 466 DE
1160 401 1804 465 INTERPELLATIONE

1927 411 1961 464 Β
2002 407 2090 466 ΕΤ
2133 409 2339 467 DAVID
2379 411 2508 466 LIB.
2554 411 2640 467 Ill.
3379 405 3484 462 8ἶο

171 527 374 597 pretio
397 543 465 584 ex
489 529 716 584 summis
752 529 808 584 in
838 524 1026 585 ultima
1050 521 1322 586 corruisse
1352 543 1368 584 ε
1412 529 1514 586 labi
1546 543 1668 584 eum
1696 527 1790 600 qui
1819 533 1866 592 Α
1895 531 2067 586 lentes
2097 533 2405 600 opprimere
2432 539 2590 603 quem
2637 527 2908 590 deberetis
2933 515 3142 604 iuvare.
3170 531 3309 587 Ecce
3338 529 3489 584 rideo

173 633 247 674 se
273 632 557 676 assereret
588 622 962 689 innocentem;
985 635 1108 678 cum
1143 623 1323 693 portio
1341 623 1488 692 impii
1514 611 1794 690 bujnsmo-
1895 624 1946 678 in
1976 619 2304 694 opprobriis,
2332 635 2386 679 et
2414 641 2520 679 non
2546 625 2758 697 loquar,
2795 642 2892 680 nec
2937 615 3278 696 respondebo
3309 619 3491 677 convi-

175 712 238 769 di
273 714 372 777 sit,
403 726 457 770 ut
481 716 870 786 superveniens
911 716 964 770 in
1010 731 1131 772 eum
1167 731 1195 770 a
1231 715 1460 770 Domino
1499 713 1794 782 indignatio
1893 713 1991 772 ciis
2014 711 2232 774 vestris.
2253 717 2369 773 Non
2394 719 2537 774 enim
2564 735 2658 773 vos
2688 719 2819 774 estis
2847 720 2933 789 qui
2956 717 3209 789 judicalis
3235 736 3247 770 :
3276 709 3371 773 sed
3398 715 3487 786 qui

172 804 380 876 jungat
414 809 462 862 ei
489 807 736 876 dolores,
781 817 837 865 et
876 809 1127 864 interitus
1153 809 1374 864 domum
1410 807 1524 878 ejus
1557 807 1795 861 involvat

1927 814 2098 869 ndicat
2148 820 2252 880 uie,
2311 809 2570 870 Dominus
2612 824 2728 882 est;
2757 821 2809 872 el
2857 816 3024 888 ipsius
3080 826 3257 869 tamen
3303 809 3488 883 judicii

185 899 463 972 (Ibidis
485 901 678 975 «29).
1891 914 2107 975 tempus
2164 907 2401 960 nomium
2452 907 2689 963 advenit.
2717 909 2856 976 Quid
2888 925 3024 980 opus
3075 903 3310 963 clamare
3365 915 3491 960 ante

733 994 900 1068 654
933 991 1162 1050 CAPUT
1202 993 1268 1049 ΙΙ.
1558 999 1563 1002 ’
1892 999 2198 1071 judicium?
2227 995 2390 1074 655
2414 997 2621 1056 Bonum
2669 1015 2743 1056 est
2776 1011 2958 1057 tacere
2985 1001 3112 1056 dum
3143 986 3493 1070 exspectatur

185 1083 299 1142 Job
327 1086 592 1156 inﬁrmum
620 1088 758 1141 sanis
787 1088 967 1141 amicis
1008 1097 1059 1141 et
1087 1103 1143 1141 se
1180 1088 1292 1156 ipso
1341 1086 1495 1140 etiam
1537 1086 1797 1157 fortiorem

270 1180 546 1233 exstitisse.
582 1178 849 1245 Quomodo
878 1180 1244 1234 conviciatores
1292 1193 1414 1233 suos
1444 1177 1803 1248 redarguerit?

267 1271 360 1324 ubi
399 1271 682 1338 prtesertim
712 1271 970 1325 silentium
998 1273 1131 1338 eius,
1168 1285 1261 1326 nec
1289 1285 1390 1324 non
1430 1268 1646 1324 Davidis
1677 1283 1801 1337 quo-

269 1379 394 1432 que,
419 1372 573 1430 atque
600 1363 835 1433 Apostoli
859 1362 1007 1417 nobis
1033 1365 1338 1435 preponitnr
1373 1362 1442 1416 ad
1467 1361 1797 1415 imitandum.

271 1455 325 1509 3.
370 1452 640 1509 Audiebat
668 1456 782 1510 lucc
805 1465 1024 1510 sanctus
1046 1455 1166 1521 Job,
1197 1465 1252 1510 et
1277 1456 1428 1525 quasi
1460 1455 1662 1510 athleta
1695 1454 1804 1508 for-

187 1548 268 1603 tis
299 1550 352 1603 in
383 1560 626 1604 stercore
648 1551 868 1613 sedens,
902 1549 953 1604 in
988 1553 1152 1606 tantis
1181 1547 1443 1607 vibicibus
1469 1560 1525 1606 et
1554 1552 1680 1606 δίυνί
1708 1551 1806 1606 do-

190 1641 411 1696 loribus
443 1643 704 1708 vulneris,
734 1652 905 1698 totum
926 1657 1128 1715 corpus
1155 1645 1292 1700 diris
1327 1645 1579 1716 pet-fusus
1611 1645 1804 1700 ulceris

191 1733 327 1797 bus,
378 1736 634 1806 mysteria
667 1736 1006 1806 loquebatur,
1051 1750 1150 1791 nec
1198 1737 1543 1806 acquirendls
1574 1737 1805 1807 propriae

192 1825 467 1880 remediis
489 1828 847 1897 :rgritudiuis.
872 1828 965 1882 sed
992 1830 1163 1883 sacris
1185 1829 1411 1883 vacabat
1440 1829 1801 1884 sermonibus.

1898 1094 1985 1162 qui
2010 1092 2234 1164 judiCuI.
2266 1093 2474 1147 Bonum
2499 1101 2584 1148 cst
2599 1095 2900 1148 convicium
2925 1095 3170 1149 convicio
3195 1110 3298 1147 non
3325 1091 3496 1148 reler-

1899 1199 1980 1250 re,
2009 1197 2078 1239 ne
2107 1195 2161 1239 et
2191 1198 2289 1238 nos
2321 1185 2460 1240 inter
2488 1183 2836 1240 detrahentes
2866 1201 3308 1240 annumeremur.

1972 1271 2026 1334 5.
2071 1275 2346 1332 imitemur
2375 1291 2505 1348 ergo
2528 1275 2670 1333 hunc
2693 1279 2888 1342 virum,
2920 1279 3014 1349 qui
3044 1277 3260 1333 silentio
3289 1291 3386 1330 suo
3410 1293 3498 1330 rc-

1901 1374 2198 1447 dargucbnt
2236 1367 2624 1428 eonviciantes.
2671 1370 3001 1427 Ostendebat
3057 1373 3200 1426 enim
3242 1372 3493 1425 virtutem

1902 1470 2065 1524 animi
2111 1468 2214 1534 sui,
2249 1483 2407 1537 quem
2437 1465 2781 1522 contumelia:
2806 1484 2911 1520 nou
2949 1474 3262 1520 moverent:
3285 1475 3340 1520 et
3364 1481 3499 1520 cou-

1902 1562 2144 1616 sciemim
2180 1560 2544 1615 innocentiam
2587 1559 2986 1622 manileStabat,
3014 1560 3104 1631 qui
3132 1559 3343 1627 objecta
3391 1573 3498 1612 non

1903 1655 2335 1723 recognosceret,
2383 1652 2476 1708 sed
2528 1652 2681 1723 quasi
2729 1668 2758 1706 a
2809 1667 2868 1708 se
2920 1651 3090 1706 aliena
3122 1650 3343 1705 rideret.
3376 1647 3404 1687 ι)
3433 1648 3504 1704 At

1907 1759 2034 1798 vero
2063 1761 2159 1797 nos
2188 1742 2342 1816 quasi
2374 1745 2576 1815 aliquid
2603 1741 2758 1800 nobis
2788 1743 3093 1815 objicintur,
3121 1741 3247 1798 dum
3273 1756 3504 1814 purgare

1907 1837 2175 1900 volumus,
2224 1838 2587 1892 acet-bamus:
2627 1837 2753 1892 dum
2802 1837 2986 1892 ulcisci
3031 1839 3299 1908 cupimus,
3334 1833 3503 1890 conii-

196 1916 484 1973 Ροηίοτθε
512 1919 692 1988 "alii"?
713 1933 998 1976 εεηιὶοηθδ
1026 1921 1154 1992 ΨΒΓῘ
1194 1921 1450 1988 hominis.
1487 1929 1646 1992 (illam
1689 1922 1807 1976 ίΙιυ-
1837 1925 1885 1986 Β
1914 1939 2119 1992 tentur;
2149 1945 2268 1984 cum
2300 1927 2737 2002 dicatScriptura
2763 1935 2815 1986 ul
2838 1943 3050 1987 avertas
3081 1930 3363 1987 dechm-is
3389 1945 3504 1985 scr-

195 2025 322 2064 rum
353 2011 446 2081 qui
493 2025 602 2065 non
634 2012 992 2082 aegrotabant.
1021 2012 1100 2067 llli
1147 2015 1291 2067 enim
1326 2014 1688 2083 loquebantur
1726 2015 1808 2070 in-

192 2104 458 2175 justitias,
483 2105 578 2160 sed
612 2121 720 2160 non
751 2106 1049 2161 secundum
1077 2107 1361 2162 scientiam
1391 2121 1403 2160 :
1441 2108 1810 2177 pra-dicabant

199 2197 386 2251 divina
431 2198 657 2267 judicia,
687 2214 874 2269 poenas
923 2213 1166 2266 reorum,
1211 2202 1432 2270 praemia
1461 2209 1806 2269 sanctorum;

200 2289 300 2345 sed
352 2303 503 2345 reum
545 2306 572 2344 a
618 2291 769 2360 justo
797 2291 1111 2348 discernere
1156 2293 1519 2349 nesciebant:
1575 2294 1809 2364 denique

207 2399 372 2456 quem
411 2386 670 2440 Dominus
701 2387 842 2442 Deus
865 2387 1072 2456 justum
1106 2387 1496 2458 pronuntiavit.
1522 2399 1645 2443 eum
1677 2403 1809 2442 con-

204 2475 539 2533 demnabam
583 2477 884 2548 iniustitiae,
915 2478 1260 2534 arcessebant
1301 2479 1618 2550 iniquitatis.
1653 2467 1808 2550 ligno.

203 2571 404 2625 rabant
425 2587 556 2639 ergo
585 2572 712 2642 quid
751 2573 1040 2643 unicuique
1070 2573 1410 2628 conveniret.
1437 2575 1506 2626 At
1533 2587 1662 2628 vero
1685 2587 1812 2626 san-

205 2674 328 2720 ctus
376 2665 480 2720 Job
525 2665 872 2720 discernebat
917 2661 1108 2735 spiritu
1136 2665 1408 2738 quomodo
1453 2668 1648 2735 cuique
1686 2677 1809 2722 eum

206 2768 486 2830 oporteret
511 2757 690 2829 loqui;
716 2760 908 2815 fortior
929 2775 1057 2829 ergo
1079 2771 1242 2830 quam
1266 2760 1300 2814 ii
1329 2760 1417 2830 qui
1446 2762 1561 2814 sani
1589 2769 1641 2814 et
1663 2761 1813 2814 inco-

207 2851 387 2906 lumes
418 2852 761 2906 videbantur.
799 2851 863 2906 Et
907 2853 1033 2923 quid
1063 2852 1186 2906 dico
1217 2852 1492 2908 fortiorem
1535 2853 1810 2908 inventum

208 2945 461 3000 caeteris?
487 2944 709 3000 Fortior
738 2955 799 3000 se
831 2946 948 3013 ipso
1005 2946 1256 3000 inventus
1286 2951 1390 2999 est.
1421 2944 1636 2999 Fortior
1665 2945 1810 3000 enim

114 3076 122 3081 -
209 3049 326 3094 erat
352 3055 497 3109 teger-
522 3038 644 3104 Job,
678 3054 838 3108 quam
882 3053 1046 3093 sanus
1103 3040 1297 3104 fuerat,
1326 3037 1622 3092 secundum
1667 3031 1812 3108 quod

213 3133 475 3201 scriptum
507 3140 612 3196 est,
638 3131 769 3201 quia
798 3131 1044 3185 virutan
1074 3129 1459 3198 inﬁrmitatibus
1488 3141 1815 3183 consanentu-

214 3234 297 3278 tur
329 3223 398 3296 (ll
446 3223 567 3279 Cor.
615 3233 709 3291 xu,
744 3223 821 3296 9).
852 3224 994 3294 Ergo
1023 3233 1078 3278 et
1122 3222 1226 3278 Job
1275 3237 1397 3278 cum
1451 3223 1810 3289 intimaretur,

1910 2026 2122 2075 manem
2169 2019 2350 2094 (Prov.
2408 2039 2576 2088 xxvn,
2623 2019 2736 2095 ii),
2781 2031 2835 2079 et
2879 2023 3096 2079 auferas
3123 2025 3503 2080 vestimentum

1909 2121 2058 2167 tuqu
2111 2111 2273 2185 (Ibid.
2312 2113 2424 2185 1'5);
2474 2117 2716 2185 przrterit
2769 2116 2912 2170 enim
2965 2115 3276 2185 injuriosus.
3308 2113 3511 2170 Tacea-

1910 2217 2028 2259 mtts
2072 2221 2223 2275 ergo,
2262 2213 2316 2261 ιιι
2374 2217 2682 2276 praetereat,
2716 2217 2782 2262 ne
2827 2209 3205 2262 Vestimentqu
3258 2208 3504 2262 nostrum

1908 2309 2234 2371 provocatus
2279 2305 2493 2356 exurat.
2521 2301 2792 2373 Scriptum
2840 2303 2923 2356 est
2953 2303 3093 2356 enim
3129 2319 3140 2353 :
3175 2297 3302 2354 Noli
3328 2301 3508 2353 incen-

1910 2393 2030 2446 dere
2082 2390 2326 2446 carbones
2368 2395 2683 2462 -peccdtoris,
2743 2405 2805 2447 ne
2855 2389 2986 2465 forte
3015 2394 3248 2447 exin-aris
3287 2393 3340 2446 in
3392 2391 3510 2465 igne

1911 2487 2138 2556 flamma:
2162 2487 2274 2559 ejus
2304 2481 2496 2555 (Eccli.
2531 2495 2644 2554 vm,
2673 2477 2783 2558 l3).
2815 2485 3105 2556 Propterea
3129 2501 3258 2556 ergo
3285 2483 3506 2540 saucius

1911 2581 2088 2642 tacet;
2121 2587 2176 2634 et
2214 2579 2256 2633 sl
2305 2587 2492 2634 servus
2519 2577 2796 2658 protervil,
2829 2583 2885 2633 et
2918 2579 2961 2634 si
2994 2595 3200 2648 pauper
3232 2578 3508 2633 convicia-

1910 2678 2019 2736 tur,
2051 2679 2191 2725 tacet
2216 2671 2392 2740 justus
2426 2689 2438 2727 :
2468 2679 2522 2728 et
2544 2673 2586 2726 si
2624 2679 2874 2741 peccator
2899 2673 3192 2742 opprobria
3224 2671 3514 2742 jacit,jus-

1913 2773 2000 2819 tus
2033 2765 2212 2820 ridet:
2243 2776 2294 2819 et
2328 2765 2372 2819 si
2416 2767 2660 2822 infirmus
2687 2765 3177 2838 maledicit,juslus
3213 2765 3506 2822 benedicit.

1986 2857 2038 2913 6.
2081 2855 2318 2913 Tacebat
2348 2857 2514 2913 David
2544 2875 2662 2914 cum
2697 2859 2875 2915 Semei
2926 2861 3066 2914 filius
3112 2860 3250 2916 Gcra
3280 2855 3509 2916 maledi-

1913 2961 2084 3014 ceret,
2117 2949 2219 3006 Job
2278 2950 2509 3018 ridebat,
2540 2951 2740 3007 Paulus
2792 2953 3164 3018 benedicebat,
3212 2955 3353 3007 sicut
3397 2951 3513 3024 ipse

1921 3041 1994 3097 ait
2023 3059 2032 3093 :
2065 3041 2446 3108 Muledicimur,
2499 3055 2545 3096 et
2575 3043 2920 3097 benedicimus
2946 3045 2986 3112 (i
3021 3041 3142 3098 Cor.
3195 3043 3369 3114 Iv,2).
3405 3043 3513 3098 Ma-

1914 3137 2138 3207 gisterid
2189 3138 2390 3207 quippe
2431 3135 2615 3191 divino
2661 3153 2946 3205 processus
3001 3137 3250 3193 lmntanze
3302 3135 3515 3193 virtutis

1917 3231 2195 3297 excrevit;
2228 3229 2350 3299 quia
2380 3230 2488 3299 jam
2517 3239 2737 3284 venerat
2787 3233 2877 3300 qui
2913 3247 2979 3286 ex
3024 3231 3407 3287 inﬁrmioribus
3439 3231 3516 3286 fa—

213 3329 341 3375 tuuc
372 3319 600 3374 validior
646 3327 785 3374 erat.
816 3317 932 3372 Non
959 3318 1104 3372 enim
1149 3317 1446 3388 aegrotabat
1469 3317 1670 3383 animo,
1708 3317 1809 3372 etsi
1839 3311 1882 3374 C
1917 3333 2070 3378 ceret
2102 3321 2378 3386 fortiores,
2401 3327 2453 3378 et
2485 3321 2735 3378 audierat
2760 3323 3026 3379 dicentem
3060 3323 3388 3379 :Benedicile
3407 3340 3516 3378 ma-

212 3413 426 3469 doieret
453 3429 684 3483 corpore
715 3429 728 3467 :
753 3413 876 3484 quia
906 3428 1014 3467 tton
1039 3422 1157 3468 erat
1188 3413 1239 3467 in
1264 3426 1432 3468 carne
1461 3414 1639 3467 anima
1665 3409 1808 3482 ejus,

213 3509 364 3580 cujus
397 3510 738 3579 pessionibus
771 3524 875 3564 non
900 3508 1242 3575 adhaerebat;
1273 3507 1368 3563 sed
1398 3509 1449 3562 in
1471 3508 1688 3578 spiritu,
1712 3519 1811 3562 cu-

213 3603 301 3673 jus
331 3604 529 3657 virtute
558 3617 616 3657 se
650 3609 878 3657 texerat.

290 3695 346 3750 4.
387 3694 516 3750 Ideo
537 3709 668 3766 ergo
697 3709 803 3749 non
827 3693 1010 3749 carnis
1042 3693 1272 3764 gemitus
1301 3702 1352 3747 et
1387 3693 1634 3763 corporis
1663 3691 1810 3746 infir-

216 3787 452 3852 mitates,
483 3787 575 3841 sed
617 3801 780 3842 voces
820 3787 1040 3855 spiritus
1084 3785 1404 3855 loquebatur
1425 3783 1620 3854 quibus
1651 3797 1814 3853 urge‘

220 3894 323 3944 rel,
350 3895 456 3934 non
484 3880 678 3949 quibus
706 3880 946 3933 cederet.
982 3877 1050 3931 ist
1068 3879 1248 3949 primo
1287 3877 1505 3947 quidem
1537 3877 1731 3939 lenius,
1757 3885 1818 3931 ut

221 3973 322 4028 illis
379 3974 639 4043 pudorem
698 3972 1003 4030 incuteret:
1050 3971 1175 4040 quia
1203 3970 1468 4039 urgebant
1493 3971 1694 4040 justum
1734 3971 1815 4024 iu-

216 4066 358 4137 juste
387 4065 630 4120 dicentes
655 4063 798 4134 quod
849 4062 1057 4117 minora
1108 4062 1343 4130 peccatis
1390 4063 1508 4116 suis
1554 4062 1815 4132 supplicia

220 4157 532 4223 sustineret,
556 4165 610 4211 et
639 4170 745 4210 non
771 4153 1164 4210 erubescebant
1193 4153 1292 4223 ipsi
1327 4160 1640 4223 peccatores
1669 4151 1817 4209 falsis

220 4265 472 4306 accusare
520 4251 888 4306 innocentem.
937 4248 1090 4313 Esto,
1134 4247 1307 4318 inquit
1356 4246 1479 4318 (Job
1526 4261 1640 4314 xix,
1687 4247 1722 4301 4
1771 4257 1818 4303 et

221 4344 373 4416 ιαμ),
398 4349 500 4414 ego
527 4345 856 4408 erraVorim,
883 4351 940 4397 et
976 4341 1120 4412 apud
1166 4355 1254 4396 me
1283 4340 1517 4395 ndevius
1540 4341 1633 4397 ille
1659 4337 1816 4395 inita-

222 4437 463 4506 bitetqtti
506 4436 782 4492 mentibus
806 4435 1086 4490 hominum
1108 4433 1338 4490 oti‘undlt
1361 4449 1604 4500 errores;
1635 4443 1694 4490 ut
1739 4436 1821 4490 leo

224 4546 356 4601 quar
380 4543 664 4585 sermones
684 4544 822 4600 quos
855 4543 960 4583 nou
992 4536 1226 4599 oportet,
1255 4529 1398 4582 sicut
1422 4541 1517 4581 vos
1539 4523 1739 4591 dicitis.
1765 4535 1820 4584 et

223 4632 395 4678 errent
425 4624 586 4678 verba
623 4638 761 4685 mea,
795 4631 894 4676 nec
932 4629 1238 4691 opportuno
1283 4635 1467 4675 sermo
1499 4635 1649 4676 meus
1691 4634 1817 4690 pros

1917 3413 2184 3468 (edicentes
2214 3414 2374 3478 vobis,
2409 3421 2456 3467 et
2486 3424 2628 3468 orate
2649 3427 2741 3485 pro
2768 3415 3202 3468 calumniantibus
3245 3427 3329 3468 vos
3356 3411 3512 3486 (an.

1915 3524 1990 3573 v1,
2038 3507 2152 3579 28).
2197 3506 2351 3576 Quod
2386 3508 2549 3562 verbo
2579 3505 2730 3575 dixit,
2775 3505 3026 3577 exemplo
3067 3507 3516 3577 probavit.i)eni-

1917 3619 2020 3675 que
2050 3611 2104 3658 et
2130 3601 2182 3657 in
2213 3613 2375 3657 cruce
2399 3603 2604 3671 positus
2632 3595 2700 3657 dc
2730 3601 3168 3672 persecutoribus
3189 3603 3303 3654 suis
3331 3600 3517 3654 convi-

1916 3698 2184 3753 cianlibus
2231 3693 2330 3750 sibi
2364 3693 2577 3750 dicebat
2610 3707 2622 3747 ε
2652 3691 2829 3758 Pater,
2862 3691 3062 3748 dimitte
3100 3693 3226 3760 illis,
3276 3695 3399 3762 quia
3428 3709 3516 3746 uc-

1918 3791 2085 3844 scinnt
2113 3789 2236 3859 quid
2266 3788 2464 3856 [miunt
2488 3787 2638 3860 (Luc.
2669 3803 2820 3848 χχιιι,
2848 3787 2963 3857 54);
3001 3794 3059 3840 ut
3089 3795 3271 3840 oraret
3299 3801 3398 3852 pro
3428 3801 3517 3838 ca-

1918 3880 2332 3943 lumniantibus,
2380 3877 2577 3950 quibus
2629 3885 2838 3948 poterat
2895 3880 3011 3946 ipse
3064 3877 3358 3932 dimittere.
3415 3875 3516 3930 Job

1924 3991 2056 4045 ergo
2084 3975 2312 4033 ridebat.
2338 3970 2458 4042 quia
2493 3969 2730 4027 nondum
2763 3981 2986 4026 venerat
3012 3965 3381 4035 Christus,cui
3415 3967 3517 4024 soli

1919 4068 2233 4124 servabatur
2274 4069 2589 4137 magnarum
2641 4065 3001 4134 praerogativa
3049 4066 3348 4127 virtutum;
3392 4063 3516 4134 quia

1920 4162 2040 4232 ipse
2091 4167 2175 4214 εει
2200 4159 2457 4213 virtutum
2505 4153 2852 4228 principium,
2887 4155 3025 4212 sient
3050 4155 3186 4212 dixit
3221 4177 3231 4210 :
3271 4156 3520 4212 Dominus

1923 4253 2114 4308 creabit
2141 4262 2228 4306 me
2239 4250 2551 4322 principium
2577 4251 2775 4304 viarum
2805 4265 3016 4305 suarum
3045 4249 3228 4320 (Prov.
3263 4265 3376 4318 rm,
3403 4243 3519 4318 ‘22).

2538 4384 2768 4442 CAPUT
2810 4383 2898 4441 ill.

1919 4507 2022 4564 Job
2044 4506 2310 4562 uerborum
2347 4505 2646 4569 certandae,
2667 4519 2766 4575 quo
2796 4519 2898 4557 non
2919 4503 3066 4557 aliud
3091 4507 3201 4576 fere
3225 4501 3521 4571 difﬁcilius,

1993 4603 2154 4656 uictor
2175 4599 2524 4656 renuntiatur.
2561 4597 2726 4665 Quam
2756 4596 3031 4668 pulchrum
3057 4598 3123 4651 sit
3153 4595 3321 4652 ridere
3352 4611 3412 4649 οε
3441 4607 3522 4649 ta-

224 4725 393 4771 matur
425 4734 438 4770 :
469 4731 566 4770 cur
613 4729 712 4769 vos
752 4716 805 4770 in
834 4728 920 4769 me
949 4713 1168 4769 iusilitis
1190 4724 1246 4770 et
1275 4713 1679 4777 conviciamini,
1714 4725 1812 4768 non

1998 4709 2111 4748 cere
2133 4694 2189 4746 in
2234 4691 2446 4762 objectis
2475 4689 2960 4755 criminationibus,-
2993 4698 3037 4743 et
3093 4689 3524 4762 quemadmodum

225 4809 625 4866 considerantes
653 4810 775 4879 quin
799 4822 828 4862 ιι
856 4807 1086 4862 Domino
1107 4807 1237 4861 mihi
1267 4807 1414 4862 venit
1439 4808 1540 4861 ista
1564 4809 1807 4873 tentatio,

226 4901 309 4972 qui
340 4911 426 4956 me
454 4901 594 4955 vallo
624 4901 856 4971 quodam
907 4900 1376 4970 perturbationum
1411 4900 1706 4954 arbitratus
1729 4906 1814 4953 est

226 4995 555 5066 sepiendnm.
589 4995 866 5051 Exerceor
894 4995 1162 5060 adversis,
1188 4993 1624 5050 circumvallatos
1658 4993 1810 5047 undio

225 5104 321 5160 quo
365 5088 646 5144 laboribus
671 5098 726 5144 et
757 5087 1009 5158 periculis
1035 5103 1048 5153 ;
1082 5097 1136 5143 et
1156 5122 1159 5124 -
1183 5086 1459 5142 insultatis
1486 5086 1683 5149 adituc,
1713 5099 1807 5139 vo-

291 5283 317 5312 ι
355 5271 491 5328 Cod.
520 5273 692 5326 'i‘orn.
719 5281 774 5326 et
810 5271 1103 5340 Vict.ch
1132 5268 1265 5325 edit.
1297 5269 1442 5334 Am.,
1471 5267 1614 5322 Deus
1639 5266 1824 5321 ξηιλ...

228 5344 446 5412 οπεηάὶι
477 5348 622 5414 (Am.
675 5343 918 5412 ostendit)
974 5359 1191 5396 errores.
1223 5342 1414 5414 Melius
1443 5341 1540 5414 alii
1594 5353 1722 5392 mss.
1773 5348 1829 5393 et

228 5419 376 5484 θύει..
402 5412 578 5472 deuius
607 5417 713 5479 ille,
747 5422 853 5468 etc.
881 5415 977 5468 Est
995 5425 1173 5469 autem
1201 5414 1375 5484 deuius
1402 5412 1545 5484 idem
1571 5425 1632 5464 ac
1661 5425 1827 5479 vagus

228 5501 378 5559 atque
408 5504 554 5547 erro.
591 5489 692 5542 hoc
723 5495 824 5559 est,
861 5484 1108 5559 diabolus
1148 5483 1238 5552 qui
1270 5485 1363 5539 lib.
1390 5483 1565 5559 Jobc.
1610 5498 1650 5559 ιἱ
1679 5498 1822 5535 vers.

230 5555 364 5618 7.110
391 5576 451 5616 se
494 5561 620 5614 dicit
661 5575 674 5610 :
706 5555 934 5612 Circuivi
978 5567 1165 5610 terram
1204 5565 1252 5609 et
1300 5555 1650 5624 perutnbuluvi
1685 5570 1819 5606 eam.

232 5630 333 5685 Vox
370 5643 546 5684 tamen
569 5631 759 5690 πλάνος
787 5644 904 5698 quin
943 5627 1030 5680 itie
1066 5628 1356 5681 Ambrosio
1386 5627 1523 5680 idem
1555 5625 1824 5690 significat

229 5717 282 5756 ac
309 5704 522 5763 πλάνηςι
555 5701 624 5754 ab
675 5702 795 5754 aliis
850 5698 1096 5752 redditur
1127 5713 1223 5766 per
1271 5713 1485 5762 vocem,
1517 5713 1688 5758 error.
1729 5706 1821 5750 aut

229 5774 524 5845 ignorantia.
567 5773 631 5845 itit
659 5781 806 5826 certe
828 5771 880 5824 in
916 5771 1102 5845 multis
1123 5771 1522 5845 exemplaribus
1552 5769 1669 5824 loco
1700 5770 1824 5845 ejus

230 5840 466 5905 ﬁniretur,
500 5844 752 5916 αινόημας
781 5849 857 5916 ret
903 5843 1048 5910 vulg.
1084 5841 1229 5916 _edit.
1267 5841 1432 5912 legit:
1478 5840 1678 5911 Nempe
1726 5840 1824 5894 etsi

230 5917 464 5989 ignoruvi,
492 5913 689 5974 mecum
715 5915 810 5969 erit
831 5913 1128 5986 ignorantia
1147 5927 1277 5970 mea.

1997 4796 2109 4859 post
2138 4799 2438 4851 responsum
2461 4781 2647 4844 lenius,
2672 4781 2803 4834 idem
2830 4781 3130 4850 fortioribus
3150 4779 3310 4835 verbis
3330 4779 3524 4849 impor-

1991 4877 2167 4932 tunius
2195 4872 2565 4928 calumniantes
2587 4872 2855 4942 repulerit.

1988 4991 2039 5046 7.
2096 4989 2162 5042 Et
2201 4985 2386 5042 ridens
2415 4985 2646 5039 tacebat.
2675 4985 2792 5052 Qua
2833 4985 3041 5038 ratione
3093 4981 3382 5038 tacendum
3432 4982 3524 5052 sit,

1915 5084 2076 5139 docet
2109 5095 2136 5149 :_
2177 5078 2442 5145 (Itamobo,
2475 5085 2521 5132 et
2566 5076 2791 5132 nondum
2823 5085 2846 5114 ο
2885 5075 3144 5146 judicium
3175 5074 3300 5146 (Job
3356 5091 3462 5142 xtx,
3495 5077 3526 5131 7

2003 5263 2032 5303 b
2076 5262 2218 5318 Edit.
2253 5261 2404 5327 Era.,
2439 5260 2592 5324 Gill.,
2618 5257 2802 5318 Bonn,
2832 5255 2895 5327 At
2934 5270 3050 5308 vero
3090 5257 3134 5309 si
3165 5256 3308 5309 nobis
3331 5256 3534 5323 aliquid

1931 5336 2228 5410 objicialur,
2254 5326 2500 5386 domuos
2523 5345 2746 5410 purgare
2775 5326 3028 5393 volumus,
3056 5337 3162 5384 etc.
3203 5327 3395 5410 Ver_um
3419 5344 3526 5410 no-

1931 5399 2141 5464 hiscum
2184 5405 2384 5460 faciunt
2445 5399 2574 5456 edit.
2603 5400 2726 5455 Am.
2760 5409 2812 5451 et
2859 5411 2991 5452 mss.
3049 5413 3260 5452 mnues.
3295 5399 3360 5451 Et
3418 5401 3531 5453 haec

1931 5481 2148 5548 quidem
2192 5488 2478 5548 germana
2508 5473 2668 5526 lectio
2708 5479 2818 5548 est.
2871 5483 2993 5548 cum
3049 5479 3352 5548 opponatur
3386 5469 3532 5548 hisce

1931 5539 2114 5605 verbis
2148 5567 2161 5602 :
2195 5539 2302 5604 Sed
2332 5546 2479 5606 quasi
2512 5561 2542 5595 α
2573 5557 2626 5596 se
2666 5543 2832 5595 aliena
2881 5539 3092 5593 rideret.
3123 5539 3168 5594 ις
3212 5543 3394 5608 itaque
3430 5543 3532 5598 loci

1930 5637 2126 5678 sensus
2148 5629 2262 5682 est;
2296 5618 2398 5673 Job
2422 5617 2472 5670 iu
2527 5629 2586 5667 se
2612 5613 2778 5674 dicta,
2808 5610 2960 5680 quasi
2993 5611 3110 5663 aliis
3141 5610 3536 5682 obiicerentur;

1929 5697 2108 5748 ridere
2134 5709 2148 5756 ε
2184 5681 2279 5743 nos
2308 5703 2436 5741 vero
2459 5683 2726 5756 convicia,
2760 5697 2867 5735 non
2899 5682 3049 5748 quasi
3083 5681 3225 5746 aliis,
3256 5681 3350 5736 sed
3377 5686 3540 5754 quasi

1929 5765 2092 5820 nobis
2119 5755 2469 5829 objiciuntur,
2493 5755 2922 5829 tttoiestetct're:

2005 5848 2028 5874 c
2070 5820 2226 5890 [ιη-υἱ,
2255 5833 2387 5888 odit.
2421 5828 2560 5892 sola,
2593 5825 2864 5893 iudicium.
2899 5820 3037 5895 Ipse.
3061 5825 3250 5890 inquit,
3280 5823 3540 5886 Dominus

1935 5907 2155 5965 turbavit
2179 5918 2257 5959 me
2283 5918 2300 5958 :
2333 5901 2427 5956 hoc
2447 5909 2542 5967 est,
2565 5899 2675 5969 ipse
2699 5895 2952 5952 Dominus
2973 5896 3150 5967 voluit,
3173 5906 3279 5954 etc.
