  <div class='ocr_page' id='page_1' title='image "/cluster/home/n/w/nwhite01/storage/ocr_20150623/14/hvd.32044015471303/421.png"; bbox 0 0 4042 6378; ppageno 0'>
   <div class='ocr_carea' id='block_1_1' title="bbox 494 344 3843 406">
    <p class='ocr_par' dir='ltr' id='par_1_1' title="bbox 494 344 3843 406">
     <span class='ocr_line' id='line_1_1' title="bbox 494 344 3843 406; baseline -0.001 -2"><span class='ocrx_word' id='word_1_1' title='bbox 494 347 596 405; x_wconf 73' lang='grc'><strong>851</strong></span> <span class='ocrx_word' id='word_1_2' title='bbox 1788 344 2035 403; x_wconf 78' lang='lat' dir='ltr'><strong>SANCTI</strong></span> <span class='ocrx_word' id='word_1_3' title='bbox 2076 345 2399 406; x_wconf 71' lang='lat' dir='ltr'><strong>AlBROSll</strong></span> <span class='ocrx_word' id='word_1_4' title='bbox 3735 347 3843 400; x_wconf 70' lang='lat'><strong>852</strong></span> 
     </span>
    </p>
   </div>
   <div class='ocr_carea' id='block_1_2' title="bbox 495 463 3844 545">
    <p class='ocr_par' dir='ltr' id='par_1_2' title="bbox 495 463 3844 545">
     <span class='ocr_line' id='line_1_2' title="bbox 495 463 3844 545; baseline -0.001 -24"><span class='ocrx_word' id='word_1_5' title='bbox 495 474 545 521; x_wconf 90' lang='lat' dir='ltr'><strong>et</strong></span> <span class='ocrx_word' id='word_1_6' title='bbox 567 464 646 538; x_wconf 89' lang='lat'><strong>8).</strong></span> <span class='ocrx_word' id='word_1_7' title='bbox 678 464 817 536; x_wconf 85' lang='lat' dir='ltr'><strong>Ipse,</strong></span> <span class='ocrx_word' id='word_1_8' title='bbox 846 463 1037 537; x_wconf 90' lang='lat' dir='ltr'><strong>inquit,</strong></span> <span class='ocrx_word' id='word_1_9' title='bbox 1061 464 1235 520; x_wconf 89' lang='lat' dir='ltr'><strong>voluit</strong></span> <span class='ocrx_word' id='word_1_10' title='bbox 1264 478 1351 520; x_wconf 89' lang='lat' dir='ltr'><strong>me</strong></span> <span class='ocrx_word' id='word_1_11' title='bbox 1400 464 1516 519; x_wconf 79' lang='lat' dir='ltr'><strong>haec</strong></span> <span class='ocrx_word' id='word_1_12' title='bbox 1545 463 2095 537; x_wconf 84' lang='lat' dir='ltr'><strong>perpeti.&#39;l‘amquam</strong></span> <span class='ocrx_word' id='word_1_13' title='bbox 2125 483 2175 545; x_wconf 70' lang='grc' dir='ltr'><strong>Α</strong></span> <span class='ocrx_word' id='word_1_14' title='bbox 2201 481 2447 523; x_wconf 90' lang='lat' dir='ltr'><strong>meorum</strong></span> <span class='ocrx_word' id='word_1_15' title='bbox 2479 464 2603 535; x_wconf 83' lang='lat' dir='ltr'><strong>(Job</strong></span> <span class='ocrx_word' id='word_1_16' title='bbox 2637 482 2746 536; x_wconf 82' lang='lat' dir='ltr'><strong>xxi,</strong></span> <span class='ocrx_word' id='word_1_17' title='bbox 2779 469 2804 522; x_wconf 88' lang='grc'><strong>1</strong></span> <span class='ocrx_word' id='word_1_18' title='bbox 2837 479 2888 523; x_wconf 90' lang='lat' dir='ltr'><strong>et</strong></span> <span class='ocrx_word' id='word_1_19' title='bbox 2916 468 3073 539; x_wconf 82' lang='lat' dir='ltr'><strong>seq.).</strong></span> <span class='ocrx_word' id='word_1_20' title='bbox 3132 466 3328 523; x_wconf 84' lang='lat' dir='ltr'><strong>Dicam</strong></span> <span class='ocrx_word' id='word_1_21' title='bbox 3387 472 3441 520; x_wconf 92' lang='lat' dir='ltr'><strong>et</strong></span> <span class='ocrx_word' id='word_1_22' title='bbox 3483 477 3582 535; x_wconf 88' lang='lat' dir='ltr'><strong>ego</strong></span> <span class='ocrx_word' id='word_1_23' title='bbox 3639 477 3844 519; x_wconf 81' lang='lat' dir='ltr'><strong>secun-</strong></span> 
     </span>
    </p>
   </div>
   <div class='ocr_carea' id='block_1_3' title="bbox 496 557 3839 632">
    <p class='ocr_par' dir='ltr' id='par_1_3' title="bbox 496 557 3839 632">
     <span class='ocr_line' id='line_1_3' title="bbox 496 557 3839 632; baseline -0.001 -18"><span class='ocrx_word' id='word_1_24' title='bbox 496 558 794 614; x_wconf 85' lang='lat' dir='ltr'><strong>muralibns</strong></span> <span class='ocrx_word' id='word_1_25' title='bbox 822 557 1224 614; x_wconf 87' lang='lat' dir='ltr'><strong>tentationibus</strong></span> <span class='ocrx_word' id='word_1_26' title='bbox 1250 558 1470 613; x_wconf 86' lang='lat' dir='ltr'><strong>clausus</strong></span> <span class='ocrx_word' id='word_1_27' title='bbox 1502 571 1607 611; x_wconf 89' lang='lat' dir='ltr'><strong>non</strong></span> <span class='ocrx_word' id='word_1_28' title='bbox 1643 571 1863 627; x_wconf 88' lang='lat' dir='ltr'><strong>possum</strong></span> <span class='ocrx_word' id='word_1_29' title='bbox 1888 558 2094 628; x_wconf 85' lang='lat' dir='ltr'><strong>fugere,</strong></span> <span class='ocrx_word' id='word_1_30' title='bbox 2200 562 2328 617; x_wconf 88' lang='lat' dir='ltr'><strong>dttttt</strong></span> <span class='ocrx_word' id='word_1_31' title='bbox 2356 562 2665 632; x_wconf 79' lang='lat' dir='ltr'><strong>Opinionem</strong></span> <span class='ocrx_word' id='word_1_32' title='bbox 2693 574 2962 628; x_wconf 89' lang='lat' dir='ltr'><strong>vestram;</strong></span> <span class='ocrx_word' id='word_1_33' title='bbox 2995 577 3065 618; x_wconf 90' lang='lat' dir='ltr'><strong>eo</strong></span> <span class='ocrx_word' id='word_1_34' title='bbox 3085 560 3235 632; x_wconf 89' lang='lat' dir='ltr'><strong>quod</strong></span> <span class='ocrx_word' id='word_1_35' title='bbox 3269 558 3433 615; x_wconf 89' lang='lat' dir='ltr'><strong>multi</strong></span> <span class='ocrx_word' id='word_1_36' title='bbox 3472 557 3760 611; x_wconf 81' lang='lat' dir='ltr'><strong>abundant</strong></span> <span class='ocrx_word' id='word_1_37' title='bbox 3792 560 3839 612; x_wconf 84' lang='lat' dir='ltr'><strong>in</strong></span> 
     </span>
    </p>
   </div>
   <div class='ocr_carea' id='block_1_4' title="bbox 497 648 3839 722">
    <p class='ocr_par' dir='ltr' id='par_1_4' title="bbox 497 648 3839 722">
     <span class='ocr_line' id='line_1_4' title="bbox 497 648 3839 722; baseline -0.001 -15"><span class='ocrx_word' id='word_1_38' title='bbox 497 650 675 707; x_wconf 90' lang='lat' dir='ltr'><strong>donec</strong></span> <span class='ocrx_word' id='word_1_39' title='bbox 704 652 914 722; x_wconf 83' lang='lat' dir='ltr'><strong>placeat</strong></span> <span class='ocrx_word' id='word_1_40' title='bbox 943 652 1053 707; x_wconf 91' lang='lat' dir='ltr'><strong>Deo</strong></span> <span class='ocrx_word' id='word_1_41' title='bbox 1074 651 1355 706; x_wconf 76' lang='lat' dir='ltr'><strong>destruere</strong></span> <span class='ocrx_word' id='word_1_42' title='bbox 1400 648 1709 705; x_wconf 73' lang='lat' dir='ltr'><strong>altitudines</strong></span> <span class='ocrx_word' id='word_1_43' title='bbox 1739 652 2097 706; x_wconf 86' lang='lat' dir='ltr'><strong>lentationnm</strong></span> <span class='ocrx_word' id='word_1_44' title='bbox 2202 654 2306 712; x_wconf 91' lang='lat' dir='ltr'><strong>hoc</strong></span> <span class='ocrx_word' id='word_1_45' title='bbox 2355 656 2556 711; x_wconf 63' lang='lat' dir='ltr'><strong>seculo</strong></span> <span class='ocrx_word' id='word_1_46' title='bbox 2587 671 2766 711; x_wconf 88' lang='lat' dir='ltr'><strong>rerum</strong></span> <span class='ocrx_word' id='word_1_47' title='bbox 2820 658 3186 713; x_wconf 89' lang='lat' dir='ltr'><strong>secundarum</strong></span> <span class='ocrx_word' id='word_1_48' title='bbox 3221 651 3598 714; x_wconf 65' lang='lat' dir='ltr'><strong>successibus,</strong></span> <span class='ocrx_word' id='word_1_49' title='bbox 3649 662 3710 704; x_wconf 87' lang='lat' dir='ltr'><strong>et</strong></span> <span class='ocrx_word' id='word_1_50' title='bbox 3753 650 3839 704; x_wconf 82' lang='lat' dir='ltr'><strong>alii</strong></span> 
     </span>
    </p>
   </div>
   <div class='ocr_carea' id='block_1_5' title="bbox 499 745 3841 821">
    <p class='ocr_par' dir='ltr' id='par_1_5' title="bbox 499 745 3841 821">
     <span class='ocr_line' id='line_1_5' title="bbox 499 745 3841 821; baseline -0.001 -19"><span class='ocrx_word' id='word_1_51' title='bbox 499 761 764 802; x_wconf 87' lang='lat' dir='ltr'><strong>mearum.</strong></span> <span class='ocrx_word' id='word_1_52' title='bbox 797 746 953 801; x_wconf 89' lang='lat' dir='ltr'><strong>Nunc</strong></span> <span class='ocrx_word' id='word_1_53' title='bbox 982 748 1127 801; x_wconf 84' lang='lat' dir='ltr'><strong>enim</strong></span> <span class='ocrx_word' id='word_1_54' title='bbox 1185 745 1233 799; x_wconf 82' lang='lat' dir='ltr'><strong>si</strong></span> <span class='ocrx_word' id='word_1_55' title='bbox 1281 748 1477 812; x_wconf 85' lang='lat' dir='ltr'><strong>clamo,</strong></span> <span class='ocrx_word' id='word_1_56' title='bbox 1526 746 1766 801; x_wconf 89' lang='lat' dir='ltr'><strong>nondum</strong></span> <span class='ocrx_word' id='word_1_57' title='bbox 1810 746 2095 815; x_wconf 80' lang='lat' dir='ltr'><strong>judicium.</strong></span> <span class='ocrx_word' id='word_1_58' title='bbox 2202 760 2517 821; x_wconf 74' lang='lat' dir='ltr'><strong>gravantur.</strong></span> <span class='ocrx_word' id='word_1_59' title='bbox 2545 750 2599 803; x_wconf 87' lang='lat' dir='ltr'><strong>In</strong></span> <span class='ocrx_word' id='word_1_60' title='bbox 2647 766 2889 803; x_wconf 80' lang='lat' dir='ltr'><strong>a-rnmna</strong></span> <span class='ocrx_word' id='word_1_61' title='bbox 2936 749 3101 820; x_wconf 81' lang='lat' dir='ltr'><strong>positi</strong></span> <span class='ocrx_word' id='word_1_62' title='bbox 3133 758 3285 813; x_wconf 78' lang='lat' dir='ltr'><strong>sunt,</strong></span> <span class='ocrx_word' id='word_1_63' title='bbox 3322 745 3352 784; x_wconf 70' lang='grc' dir='ltr'><strong>ι’</strong></span> <span class='ocrx_word' id='word_1_64' title='bbox 3382 760 3436 801; x_wconf 86' lang='lat' dir='ltr'><strong>et</strong></span> <span class='ocrx_word' id='word_1_65' title='bbox 3493 746 3718 799; x_wconf 82' lang='lat' dir='ltr'><strong>videtur</strong></span> <span class='ocrx_word' id='word_1_66' title='bbox 3745 745 3841 799; x_wconf 82' lang='lat' dir='ltr'><strong>hoc</strong></span> 
     </span>
    </p>
   </div>
   <div class='ocr_carea' id='block_1_6' title="bbox 500 837 3838 912">
    <p class='ocr_par' dir='ltr' id='par_1_6' title="bbox 500 837 3838 912">
     <span class='ocr_line' id='line_1_6' title="bbox 500 837 3838 912; baseline -0.001 -18"><span class='ocrx_word' id='word_1_67' title='bbox 500 839 690 895; x_wconf 82' lang='lat' dir='ltr'><strong>Adhuc</strong></span> <span class='ocrx_word' id='word_1_68' title='bbox 724 840 775 893; x_wconf 91' lang='lat' dir='ltr'><strong>in</strong></span> <span class='ocrx_word' id='word_1_69' title='bbox 805 854 977 912; x_wconf 76' lang='lat' dir='ltr'><strong>agoiue</strong></span> <span class='ocrx_word' id='word_1_70' title='bbox 998 854 1141 899; x_wconf 91' lang='lat' dir='ltr'><strong>sum.</strong></span> <span class='ocrx_word' id='word_1_71' title='bbox 1170 838 1347 894; x_wconf 89' lang='lat' dir='ltr'><strong>adhuc</strong></span> <span class='ocrx_word' id='word_1_72' title='bbox 1375 840 1572 904; x_wconf 90' lang='lat' dir='ltr'><strong>luctor,</strong></span> <span class='ocrx_word' id='word_1_73' title='bbox 1599 840 1774 895; x_wconf 89' lang='lat' dir='ltr'><strong>adhuc</strong></span> <span class='ocrx_word' id='word_1_74' title='bbox 1822 851 2099 896; x_wconf 86' lang='lat' dir='ltr'><strong>certamen</strong></span> <span class='ocrx_word' id='word_1_75' title='bbox 2203 843 2499 896; x_wconf 88' lang='lat' dir='ltr'><strong>secundum</strong></span> <span class='ocrx_word' id='word_1_76' title='bbox 2530 852 2869 912; x_wconf 69' lang='lat' dir='ltr'><strong>peccatorum</strong></span> <span class='ocrx_word' id='word_1_77' title='bbox 2904 844 3099 897; x_wconf 87' lang='lat' dir='ltr'><strong>merito</strong></span> <span class='ocrx_word' id='word_1_78' title='bbox 3130 840 3365 897; x_wconf 75' lang='lat' dir='ltr'><strong>deferri.</strong></span> <span class='ocrx_word' id='word_1_79' title='bbox 3403 838 3561 906; x_wconf 88' lang='lat' dir='ltr'><strong>Quod</strong></span> <span class='ocrx_word' id='word_1_80' title='bbox 3592 848 3654 892; x_wconf 88' lang='lat' dir='ltr'><strong>et</strong></span> <span class='ocrx_word' id='word_1_81' title='bbox 3686 840 3732 891; x_wconf 88' lang='lat' dir='ltr'><strong>si</strong></span> <span class='ocrx_word' id='word_1_82' title='bbox 3758 837 3838 891; x_wconf 84' lang='lat' dir='ltr'><strong>di-</strong></span> 
     </span>
    </p>
   </div>
   <div class='ocr_carea' id='block_1_7' title="bbox 500 930 3840 1005">
    <p class='ocr_par' dir='ltr' id='par_1_7' title="bbox 500 930 3840 1005">
     <span class='ocr_line' id='line_1_7' title="bbox 500 930 3840 1005; baseline -0.001 -20"><span class='ocrx_word' id='word_1_83' title='bbox 500 941 754 996; x_wconf 80' lang='lat' dir='ltr'><strong>superest</strong></span> <span class='ocrx_word' id='word_1_84' title='bbox 783 932 938 997; x_wconf 87' lang='lat' dir='ltr'><strong>mihi,</strong></span> <span class='ocrx_word' id='word_1_85' title='bbox 988 930 1225 985; x_wconf 87' lang='lat' dir='ltr'><strong>nondum</strong></span> <span class='ocrx_word' id='word_1_86' title='bbox 1270 931 1413 985; x_wconf 73' lang='lat' dir='ltr'><strong>enim</strong></span> <span class='ocrx_word' id='word_1_87' title='bbox 1443 930 1610 985; x_wconf 88' lang='lat' dir='ltr'><strong>exivit</strong></span> <span class='ocrx_word' id='word_1_88' title='bbox 1661 946 1885 985; x_wconf 81' lang='lat' dir='ltr'><strong>cat-nua.</strong></span> <span class='ocrx_word' id='word_1_89' title='bbox 1931 931 2102 987; x_wconf 84' lang='lat' dir='ltr'><strong>Nemo</strong></span> <span class='ocrx_word' id='word_1_90' title='bbox 2204 948 2344 997; x_wconf 84' lang='lat' dir='ltr'><strong>cam,</strong></span> <span class='ocrx_word' id='word_1_91' title='bbox 2378 935 2542 988; x_wconf 89' lang='lat' dir='ltr'><strong>nolite</strong></span> <span class='ocrx_word' id='word_1_92' title='bbox 2568 934 2743 989; x_wconf 89' lang='lat' dir='ltr'><strong>ridere</strong></span> <span class='ocrx_word' id='word_1_93' title='bbox 2770 935 2921 1005; x_wconf 82' lang='lat' dir='ltr'><strong>quasi</strong></span> <span class='ocrx_word' id='word_1_94' title='bbox 2952 936 3105 989; x_wconf 79' lang='lat' dir='ltr'><strong>vobis</strong></span> <span class='ocrx_word' id='word_1_95' title='bbox 3128 933 3501 1003; x_wconf 85' lang='lat' dir='ltr'><strong>acquievero;</strong></span> <span class='ocrx_word' id='word_1_96' title='bbox 3537 940 3590 984; x_wconf 88' lang='lat' dir='ltr'><strong>et</strong></span> <span class='ocrx_word' id='word_1_97' title='bbox 3636 930 3684 983; x_wconf 90' lang='lat' dir='ltr'><strong>si</strong></span> <span class='ocrx_word' id='word_1_98' title='bbox 3719 945 3840 997; x_wconf 79' lang='lat' dir='ltr'><strong>pec-</strong></span> 
     </span>
    </p>
   </div>
   <div class='ocr_carea' id='block_1_8' title="bbox 496 1023 3838 1095">
    <p class='ocr_par' dir='ltr' id='par_1_8' title="bbox 496 1023 3838 1095">
     <span class='ocr_line' id='line_1_8' title="bbox 496 1023 3838 1095; baseline -0.001 -16"><span class='ocrx_word' id='word_1_99' title='bbox 496 1032 682 1079; x_wconf 77' lang='lat' dir='ltr'><strong>autem</strong></span> <span class='ocrx_word' id='word_1_100' title='bbox 707 1024 807 1078; x_wconf 91' lang='lat' dir='ltr'><strong>nisi</strong></span> <span class='ocrx_word' id='word_1_101' title='bbox 839 1026 930 1095; x_wconf 89' lang='lat' dir='ltr'><strong>qui</strong></span> <span class='ocrx_word' id='word_1_102' title='bbox 957 1023 1193 1095; x_wconf 82' lang='lat' dir='ltr'><strong>legitime</strong></span> <span class='ocrx_word' id='word_1_103' title='bbox 1221 1023 1531 1089; x_wconf 78' lang='lat' dir='ltr'><strong>certaverit,</strong></span> <span class='ocrx_word' id='word_1_104' title='bbox 1563 1038 1875 1079; x_wconf 86' lang='lat' dir='ltr'><strong>coronatur.</strong></span> <span class='ocrx_word' id='word_1_105' title='bbox 2204 1040 2357 1083; x_wconf 90' lang='lat' dir='ltr'><strong>cator</strong></span> <span class='ocrx_word' id='word_1_106' title='bbox 2380 1044 2521 1093; x_wconf 87' lang='lat' dir='ltr'><strong>sum,</strong></span> <span class='ocrx_word' id='word_1_107' title='bbox 2557 1044 2661 1082; x_wconf 90' lang='lat' dir='ltr'><strong>non</strong></span> <span class='ocrx_word' id='word_1_108' title='bbox 2702 1044 2820 1083; x_wconf 85' lang='lat' dir='ltr'><strong>som</strong></span> <span class='ocrx_word' id='word_1_109' title='bbox 2855 1029 3055 1083; x_wconf 88' lang='lat' dir='ltr'><strong>homini</strong></span> <span class='ocrx_word' id='word_1_110' title='bbox 3091 1043 3239 1090; x_wconf 87' lang='lat' dir='ltr'><strong>reus,</strong></span> <span class='ocrx_word' id='word_1_111' title='bbox 3274 1027 3404 1095; x_wconf 88' lang='lat' dir='ltr'><strong>quia</strong></span> <span class='ocrx_word' id='word_1_112' title='bbox 3458 1026 3565 1079; x_wconf 87' lang='lat' dir='ltr'><strong>sub</strong></span> <span class='ocrx_word' id='word_1_113' title='bbox 3610 1035 3838 1089; x_wconf 61' lang='lat' dir='ltr'><strong>incitato</strong></span> 
     </span>
    </p>
   </div>
   <div class='ocr_carea' id='block_1_9' title="bbox 574 1114 3839 1189">
    <p class='ocr_par' dir='ltr' id='par_1_9' title="bbox 574 1114 3839 1189">
     <span class='ocr_line' id='line_1_9' title="bbox 574 1114 3839 1189; baseline -0.002 -15"><span class='ocrx_word' id='word_1_114' title='bbox 574 1118 630 1174; x_wconf 91' lang='lat'><strong>8.</strong></span> <span class='ocrx_word' id='word_1_115' title='bbox 675 1118 979 1173; x_wconf 73' lang='lat' dir='ltr'><strong>Debebatur</strong></span> <span class='ocrx_word' id='word_1_116' title='bbox 1010 1118 1087 1172; x_wconf 90' lang='lat' dir='ltr'><strong>illi</strong></span> <span class='ocrx_word' id='word_1_117' title='bbox 1116 1127 1395 1172; x_wconf 85' lang='lat' dir='ltr'><strong>certamen</strong></span> <span class='ocrx_word' id='word_1_118' title='bbox 1421 1117 1640 1172; x_wconf 83' lang='lat' dir='ltr'><strong>tertium</strong></span> <span class='ocrx_word' id='word_1_119' title='bbox 1670 1118 1963 1172; x_wconf 81' lang='lat' dir='ltr'><strong>:ainiserat</strong></span> <span class='ocrx_word' id='word_1_120' title='bbox 1987 1132 2102 1173; x_wconf 82' lang='lat' dir='ltr'><strong>om-</strong></span> <span class='ocrx_word' id='word_1_121' title='bbox 2204 1131 2286 1174; x_wconf 88' lang='lat' dir='ltr'><strong>est</strong></span> <span class='ocrx_word' id='word_1_122' title='bbox 2316 1129 2369 1175; x_wconf 92' lang='lat' dir='ltr'><strong>et</strong></span> <span class='ocrx_word' id='word_1_123' title='bbox 2401 1122 2517 1187; x_wconf 88' lang='lat' dir='ltr'><strong>ipse</strong></span> <span class='ocrx_word' id='word_1_124' title='bbox 2547 1123 2633 1187; x_wconf 88' lang='lat' dir='ltr'><strong>qui</strong></span> <span class='ocrx_word' id='word_1_125' title='bbox 2660 1120 2889 1189; x_wconf 86' lang='lat' dir='ltr'><strong>jndicat,</strong></span> <span class='ocrx_word' id='word_1_126' title='bbox 2931 1132 2985 1175; x_wconf 92' lang='lat' dir='ltr'><strong>et</strong></span> <span class='ocrx_word' id='word_1_127' title='bbox 3014 1119 3114 1173; x_wconf 83' lang='lat' dir='ltr'><strong>sibi</strong></span> <span class='ocrx_word' id='word_1_128' title='bbox 3149 1120 3200 1173; x_wconf 91' lang='lat' dir='ltr'><strong>in</strong></span> <span class='ocrx_word' id='word_1_129' title='bbox 3233 1133 3325 1171; x_wconf 88' lang='lat' dir='ltr'><strong>me</strong></span> <span class='ocrx_word' id='word_1_130' title='bbox 3354 1124 3701 1188; x_wconf 65' lang='lat' dir='ltr'><strong>pulea&#39;lalt‘tn</strong></span> <span class='ocrx_word' id='word_1_131' title='bbox 3733 1114 3839 1168; x_wconf 57' lang='lat' dir='ltr'><strong>vin.</strong></span> 
     </span>
    </p>
   </div>
   <div class='ocr_carea' id='block_1_10' title="bbox 499 1206 3832 1283">
    <p class='ocr_par' dir='ltr' id='par_1_10' title="bbox 499 1206 3832 1283">
     <span class='ocr_line' id='line_1_10' title="bbox 499 1206 3832 1283; baseline -0.002 -17"><span class='ocrx_word' id='word_1_132' title='bbox 499 1210 587 1266; x_wconf 86' lang='lat' dir='ltr'><strong>nia</strong></span> <span class='ocrx_word' id='word_1_133' title='bbox 630 1226 751 1275; x_wconf 89' lang='lat' dir='ltr'><strong>sua,</strong></span> <span class='ocrx_word' id='word_1_134' title='bbox 801 1209 855 1265; x_wconf 92' lang='lat' dir='ltr'><strong>id</strong></span> <span class='ocrx_word' id='word_1_135' title='bbox 886 1223 993 1273; x_wconf 74' lang='grc' dir='ltr'><strong>εει,</strong></span> <span class='ocrx_word' id='word_1_136' title='bbox 1027 1212 1408 1281; x_wconf 82' lang='lat' dir='ltr'><strong>patrimonium</strong></span> <span class='ocrx_word' id='word_1_137' title='bbox 1437 1227 1559 1265; x_wconf 89' lang='lat' dir='ltr'><strong>cum</strong></span> <span class='ocrx_word' id='word_1_138' title='bbox 1594 1210 1722 1265; x_wconf 81' lang='lat' dir='ltr'><strong>filiis</strong></span> <span class='ocrx_word' id='word_1_139' title='bbox 1754 1229 1765 1264; x_wconf 95' lang='lat'><strong>:</strong></span> <span class='ocrx_word' id='word_1_140' title='bbox 1798 1212 2103 1278; x_wconf 88' lang='lat' dir='ltr'><strong>patiebatur</strong></span> <span class='ocrx_word' id='word_1_141' title='bbox 2206 1211 2369 1266; x_wconf 86' lang='lat' dir='ltr'><strong>dicat.</strong></span> <span class='ocrx_word' id='word_1_142' title='bbox 2391 1215 2497 1267; x_wconf 81' lang='lat' dir='ltr'><strong>Aut</strong></span> <span class='ocrx_word' id='word_1_143' title='bbox 2524 1213 2799 1281; x_wconf 88' lang='lat' dir='ltr'><strong>sijudicor</strong></span> <span class='ocrx_word' id='word_1_144' title='bbox 2824 1214 2974 1283; x_wconf 84' lang='lat' dir='ltr'><strong>quasi</strong></span> <span class='ocrx_word' id='word_1_145' title='bbox 3006 1210 3192 1276; x_wconf 88' lang='lat' dir='ltr'><strong>homo,</strong></span> <span class='ocrx_word' id='word_1_146' title='bbox 3219 1224 3521 1265; x_wconf 87' lang='lat' dir='ltr'><strong>commune</strong></span> <span class='ocrx_word' id='word_1_147' title='bbox 3548 1216 3639 1261; x_wconf 78' lang='lat' dir='ltr'><strong>est</strong></span> <span class='ocrx_word' id='word_1_148' title='bbox 3670 1206 3832 1270; x_wconf 83' lang='lat' dir='ltr'><strong>istud,</strong></span> 
     </span>
    </p>
   </div>
   <div class='ocr_carea' id='block_1_11' title="bbox 501 1304 3835 1376">
    <p class='ocr_par' dir='ltr' id='par_1_11' title="bbox 501 1304 3835 1376">
     <span class='ocr_line' id='line_1_11' title="bbox 501 1304 3835 1376; baseline -0.001 -16"><span class='ocrx_word' id='word_1_149' title='bbox 501 1307 729 1361; x_wconf 83' lang='lat' dir='ltr'><strong>vulnera</strong></span> <span class='ocrx_word' id='word_1_150' title='bbox 760 1321 890 1361; x_wconf 84' lang='lat' dir='ltr'><strong>caro</strong></span> <span class='ocrx_word' id='word_1_151' title='bbox 932 1306 1048 1375; x_wconf 80' lang='lat' dir='ltr'><strong>eius</strong></span> <span class='ocrx_word' id='word_1_152' title='bbox 1082 1324 1095 1358; x_wconf 89' lang='lat'><strong>:</strong></span> <span class='ocrx_word' id='word_1_153' title='bbox 1130 1305 1381 1361; x_wconf 87' lang='lat' dir='ltr'><strong>manebat</strong></span> <span class='ocrx_word' id='word_1_154' title='bbox 1430 1316 1487 1361; x_wconf 93' lang='lat' dir='ltr'><strong>ut</strong></span> <span class='ocrx_word' id='word_1_155' title='bbox 1540 1307 1865 1361; x_wconf 87' lang='lat' dir='ltr'><strong>tentatioues</strong></span> <span class='ocrx_word' id='word_1_156' title='bbox 1909 1307 2103 1361; x_wconf 88' lang='lat' dir='ltr'><strong>verbo-</strong></span> <span class='ocrx_word' id='word_1_157' title='bbox 2205 1309 2470 1376; x_wconf 88' lang='lat' dir='ltr'><strong>increpari</strong></span> <span class='ocrx_word' id='word_1_158' title='bbox 2501 1322 2607 1362; x_wconf 92' lang='lat' dir='ltr'><strong>non</strong></span> <span class='ocrx_word' id='word_1_159' title='bbox 2640 1309 2853 1362; x_wconf 86' lang='lat' dir='ltr'><strong>debeo:</strong></span> <span class='ocrx_word' id='word_1_160' title='bbox 2888 1308 3173 1362; x_wconf 80' lang='lat' dir='ltr'><strong>infirmitas</strong></span> <span class='ocrx_word' id='word_1_161' title='bbox 3203 1304 3551 1360; x_wconf 74' lang='lat' dir='ltr'><strong>ciinditionis</strong></span> <span class='ocrx_word' id='word_1_162' title='bbox 3577 1311 3691 1367; x_wconf 73' lang='lat' dir='ltr'><strong>eet,</strong></span> <span class='ocrx_word' id='word_1_163' title='bbox 3736 1316 3835 1355; x_wconf 81' lang='lat' dir='ltr'><strong>non</strong></span> 
     </span>
    </p>
   </div>
   <div class='ocr_carea' id='block_1_12' title="bbox 500 1397 2821 1472">
    <p class='ocr_par' dir='ltr' id='par_1_12' title="bbox 500 1397 2821 1472">
     <span class='ocr_line' id='line_1_12' title="bbox 500 1397 2821 1472; baseline 0 -18"><span class='ocrx_word' id='word_1_164' title='bbox 500 1414 621 1454; x_wconf 86' lang='lat' dir='ltr'><strong>rum</strong></span> <span class='ocrx_word' id='word_1_165' title='bbox 666 1401 926 1454; x_wconf 83' lang='lat' dir='ltr'><strong>vinceret.</strong></span> <span class='ocrx_word' id='word_1_166' title='bbox 958 1399 1072 1453; x_wconf 90' lang='lat' dir='ltr'><strong>Non</strong></span> <span class='ocrx_word' id='word_1_167' title='bbox 1126 1397 1404 1455; x_wconf 88' lang='lat' dir='ltr'><strong>mediocre</strong></span> <span class='ocrx_word' id='word_1_168' title='bbox 1453 1412 1749 1454; x_wconf 88' lang='lat' dir='ltr'><strong>certamen.</strong></span> <span class='ocrx_word' id='word_1_169' title='bbox 1782 1399 1949 1471; x_wconf 75' lang='lat'><strong>656</strong></span> <span class='ocrx_word' id='word_1_170' title='bbox 1977 1398 2106 1455; x_wconf 83' lang='lat' dir='ltr'><strong>Ser—</strong></span> <span class='ocrx_word' id='word_1_171' title='bbox 2208 1402 2459 1472; x_wconf 88' lang='lat' dir='ltr'><strong>specialis</strong></span> <span class='ocrx_word' id='word_1_172' title='bbox 2483 1402 2821 1472; x_wconf 87' lang='lat' dir='ltr'><strong>improbitas.</strong></span> 
     </span>
    </p>
   </div>
   <div class='ocr_carea' id='block_1_13' title="bbox 498 1490 3288 1568">
    <p class='ocr_par' dir='ltr' id='par_1_13' title="bbox 498 1490 3288 1568">
     <span class='ocr_line' id='line_1_13' title="bbox 498 1490 3288 1568; baseline 0 -21"><span class='ocrx_word' id='word_1_173' title='bbox 498 1506 662 1547; x_wconf 90' lang='lat' dir='ltr'><strong>mone</strong></span> <span class='ocrx_word' id='word_1_174' title='bbox 684 1491 945 1562; x_wconf 85' lang='lat' dir='ltr'><strong>deceptus</strong></span> <span class='ocrx_word' id='word_1_175' title='bbox 965 1504 1043 1547; x_wconf 70' lang='lat' dir='ltr'><strong>est</strong></span> <span class='ocrx_word' id='word_1_176' title='bbox 1068 1490 1262 1557; x_wconf 79' lang='lat' dir='ltr'><strong>Adam,</strong></span> <span class='ocrx_word' id='word_1_177' title='bbox 1287 1492 1452 1547; x_wconf 70' lang='lat' dir='ltr'><strong>vt&#39;rbo</strong></span> <span class='ocrx_word' id='word_1_178' title='bbox 1482 1492 1651 1548; x_wconf 87' lang='lat' dir='ltr'><strong>victus</strong></span> <span class='ocrx_word' id='word_1_179' title='bbox 1677 1494 1924 1548; x_wconf 79' lang='lat' dir='ltr'><strong>Samson.</strong></span> <span class='ocrx_word' id='word_1_180' title='bbox 1963 1492 2104 1548; x_wconf 84' lang='lat' dir='ltr'><strong>Nihil</strong></span> <span class='ocrx_word' id='word_1_181' title='bbox 2728 1495 2887 1568; x_wconf 76' lang='lat'><strong>657</strong></span> <span class='ocrx_word' id='word_1_182' title='bbox 2944 1493 3173 1550; x_wconf 80' lang='lat' dir='ltr'><strong>CAPUT</strong></span> <span class='ocrx_word' id='word_1_183' title='bbox 3195 1493 3288 1550; x_wconf 78' lang='lat' dir='ltr'><strong>IV.</strong></span> 
     </span>
    </p>
   </div>
   <div class='ocr_carea' id='block_1_14' title="bbox 500 1581 3831 1658">
    <p class='ocr_par' dir='ltr' id='par_1_14' title="bbox 500 1581 3831 1658">
     <span class='ocr_line' id='line_1_14' title="bbox 500 1581 3831 1658; baseline -0.001 -21"><span class='ocrx_word' id='word_1_184' title='bbox 500 1582 646 1637; x_wconf 90' lang='lat' dir='ltr'><strong>enim</strong></span> <span class='ocrx_word' id='word_1_185' title='bbox 680 1583 759 1636; x_wconf 88' lang='lat' dir='ltr'><strong>sic</strong></span> <span class='ocrx_word' id='word_1_186' title='bbox 785 1592 1031 1653; x_wconf 87' lang='lat' dir='ltr'><strong>penetrat</strong></span> <span class='ocrx_word' id='word_1_187' title='bbox 1053 1584 1291 1637; x_wconf 90' lang='lat' dir='ltr'><strong>animam</strong></span> <span class='ocrx_word' id='word_1_188' title='bbox 1316 1583 1457 1637; x_wconf 73' lang='lat' dir='ltr'><strong>sicut</strong></span> <span class='ocrx_word' id='word_1_189' title='bbox 1478 1599 1659 1638; x_wconf 87' lang='lat' dir='ltr'><strong>sermo</strong></span> <span class='ocrx_word' id='word_1_190' title='bbox 1698 1583 1941 1639; x_wconf 87' lang='lat' dir='ltr'><strong>fucatus:</strong></span> <span class='ocrx_word' id='word_1_191' title='bbox 1974 1583 2107 1639; x_wconf 82' lang='lat' dir='ltr'><strong>nihil</strong></span> <span class='ocrx_word' id='word_1_192' title='bbox 2208 1586 2415 1642; x_wconf 76' lang='lat' dir='ltr'><strong>Amicos</strong></span> <span class='ocrx_word' id='word_1_193' title='bbox 2445 1586 2584 1640; x_wconf 86' lang='lat' dir='ltr'><strong>mala</strong></span> <span class='ocrx_word' id='word_1_194' title='bbox 2614 1604 2810 1658; x_wconf 82' lang='lat' dir='ltr'><strong>semper</strong></span> <span class='ocrx_word' id='word_1_195' title='bbox 2833 1584 3140 1640; x_wconf 82' lang='lat' dir='ltr'><strong>delictorum</strong></span> <span class='ocrx_word' id='word_1_196' title='bbox 3166 1600 3328 1637; x_wconf 81' lang='lat' dir='ltr'><strong>causa</strong></span> <span class='ocrx_word' id='word_1_197' title='bbox 3356 1581 3567 1637; x_wconf 76' lang='lat' dir='ltr'><strong>evenire</strong></span> <span class='ocrx_word' id='word_1_198' title='bbox 3593 1594 3831 1633; x_wconf 46' lang='lat' dir='ltr'><strong>asseres.</strong></span> 
     </span>
    </p>
   </div>
   <div class='ocr_carea' id='block_1_15' title="bbox 501 1674 2107 1742">
    <p class='ocr_par' dir='ltr' id='par_1_15' title="bbox 501 1674 2107 1742">
     <span class='ocr_line' id='line_1_15' title="bbox 501 1674 2107 1742; baseline 0.001 -12"><span class='ocrx_word' id='word_1_199' title='bbox 501 1674 698 1731; x_wconf 85' lang='lat' dir='ltr'><strong>iterum</strong></span> <span class='ocrx_word' id='word_1_200' title='bbox 732 1676 811 1729; x_wconf 91' lang='lat' dir='ltr'><strong>sic</strong></span> <span class='ocrx_word' id='word_1_201' title='bbox 840 1676 1069 1742; x_wconf 88' lang='lat' dir='ltr'><strong>mordet,</strong></span> <span class='ocrx_word' id='word_1_202' title='bbox 1107 1686 1164 1729; x_wconf 94' lang='lat' dir='ltr'><strong>ut</strong></span> <span class='ocrx_word' id='word_1_203' title='bbox 1193 1676 1378 1731; x_wconf 89' lang='lat' dir='ltr'><strong>durior</strong></span> <span class='ocrx_word' id='word_1_204' title='bbox 1408 1690 1608 1731; x_wconf 86' lang='lat' dir='ltr'><strong>sermo.</strong></span> <span class='ocrx_word' id='word_1_205' title='bbox 1635 1676 1785 1731; x_wconf 85' lang='lat' dir='ltr'><strong>Multi</strong></span> <span class='ocrx_word' id='word_1_206' title='bbox 1809 1692 1932 1731; x_wconf 89' lang='lat' dir='ltr'><strong>cum</strong></span> <span class='ocrx_word' id='word_1_207' title='bbox 1964 1676 2107 1731; x_wconf 89' lang='lat' dir='ltr'><strong>vice-</strong></span> 
     </span>
    </p>
   </div>
   <div class='ocr_carea' id='block_1_16' title="bbox 504 1768 2107 1836">
    <p class='ocr_par' dir='ltr' id='par_1_16' title="bbox 504 1768 2107 1836">
     <span class='ocr_line' id='line_1_16' title="bbox 504 1768 2107 1836; baseline 0 -12"><span class='ocrx_word' id='word_1_208' title='bbox 504 1769 618 1825; x_wconf 83' lang='lat' dir='ltr'><strong>rint</strong></span> <span class='ocrx_word' id='word_1_209' title='bbox 663 1768 905 1823; x_wconf 88' lang='lat' dir='ltr'><strong>adhibita</strong></span> <span class='ocrx_word' id='word_1_210' title='bbox 967 1779 1268 1836; x_wconf 88' lang='lat' dir='ltr'><strong>tormenta,</strong></span> <span class='ocrx_word' id='word_1_211' title='bbox 1320 1785 1631 1825; x_wconf 85' lang='lat' dir='ltr'><strong>sermonum</strong></span> <span class='ocrx_word' id='word_1_212' title='bbox 1686 1768 1943 1824; x_wconf 57' lang='lat' dir='ltr'><strong>duritiam</strong></span> <span class='ocrx_word' id='word_1_213' title='bbox 1999 1784 2107 1824; x_wconf 89' lang='lat' dir='ltr'><strong>non</strong></span> 
     </span>
    </p>
   </div>
   <div class='ocr_carea' id='block_1_17' title="bbox 503 1861 2184 1938">
    <p class='ocr_par' dir='ltr' id='par_1_17' title="bbox 503 1861 2184 1938">
     <span class='ocr_line' id='line_1_17' title="bbox 503 1861 2184 1938; baseline -0.001 -22"><span class='ocrx_word' id='word_1_214' title='bbox 503 1861 900 1917; x_wconf 81' lang='lat' dir='ltr'><strong>sustinuerunt.</strong></span> <span class='ocrx_word' id='word_1_215' title='bbox 927 1861 1233 1917; x_wconf 84' lang='lat' dir='ltr'><strong>Laborabat</strong></span> <span class='ocrx_word' id='word_1_216' title='bbox 1259 1861 1385 1926; x_wconf 79' lang='lat' dir='ltr'><strong>.Inh,</strong></span> <span class='ocrx_word' id='word_1_217' title='bbox 1416 1863 1511 1917; x_wconf 90' lang='lat' dir='ltr'><strong>sed</strong></span> <span class='ocrx_word' id='word_1_218' title='bbox 1538 1864 1863 1927; x_wconf 77' lang='lat' dir='ltr'><strong>sustinebat,</strong></span> <span class='ocrx_word' id='word_1_219' title='bbox 1893 1874 1948 1917; x_wconf 89' lang='lat' dir='ltr'><strong>et</strong></span> <span class='ocrx_word' id='word_1_220' title='bbox 1985 1876 2102 1916; x_wconf 91' lang='lat' dir='ltr'><strong>ver-</strong></span> <span class='ocrx_word' id='word_1_221' title='bbox 2136 1878 2184 1938; x_wconf 75' lang='grc' dir='ltr'><strong>Β</strong></span> 
     </span>
    </p>
   </div>
   <div class='ocr_carea' id='block_1_18' title="bbox 501 1954 2109 2027">
    <p class='ocr_par' dir='ltr' id='par_1_18' title="bbox 501 1954 2109 2027">
     <span class='ocr_line' id='line_1_18' title="bbox 501 1954 2109 2027; baseline 0 -16"><span class='ocrx_word' id='word_1_222' title='bbox 501 1954 692 2011; x_wconf 87' lang='lat' dir='ltr'><strong>borum</strong></span> <span class='ocrx_word' id='word_1_223' title='bbox 711 1956 864 2025; x_wconf 79' lang='lat' dir='ltr'><strong>juxta</strong></span> <span class='ocrx_word' id='word_1_224' title='bbox 890 1958 1177 2011; x_wconf 86' lang='lat' dir='ltr'><strong>vulnerum</strong></span> <span class='ocrx_word' id='word_1_225' title='bbox 1199 1972 1364 2012; x_wconf 86' lang='lat' dir='ltr'><strong>onera</strong></span> <span class='ocrx_word' id='word_1_226' title='bbox 1392 1956 1812 2027; x_wconf 83' lang='lat' dir='ltr'><strong>portabat.Vidit</strong></span> <span class='ocrx_word' id='word_1_227' title='bbox 1834 1972 1956 2011; x_wconf 89' lang='lat' dir='ltr'><strong>eunt</strong></span> <span class='ocrx_word' id='word_1_228' title='bbox 1979 1971 2109 2026; x_wconf 88' lang='lat' dir='ltr'><strong>ago-</strong></span> 
     </span>
    </p>
   </div>
   <div class='ocr_carea' id='block_1_19' title="bbox 507 2034 2109 2116">
    <p class='ocr_par' dir='ltr' id='par_1_19' title="bbox 507 2034 2109 2116">
     <span class='ocr_line' id='line_1_19' title="bbox 507 2034 2109 2116; baseline 0.001 -11"><span class='ocrx_word' id='word_1_229' title='bbox 507 2052 731 2105; x_wconf 87' lang='lat' dir='ltr'><strong>ttotheta</strong></span> <span class='ocrx_word' id='word_1_230' title='bbox 758 2064 909 2116; x_wconf 75' lang='lat' dir='ltr'><strong>situs,</strong></span> <span class='ocrx_word' id='word_1_231' title='bbox 937 2052 1004 2105; x_wconf 89' lang='lat' dir='ltr'><strong>de</strong></span> <span class='ocrx_word' id='word_1_232' title='bbox 1035 2052 1177 2106; x_wconf 91' lang='lat' dir='ltr'><strong>nube</strong></span> <span class='ocrx_word' id='word_1_233' title='bbox 1204 2062 1259 2106; x_wconf 93' lang='lat' dir='ltr'><strong>et</strong></span> <span class='ocrx_word' id='word_1_234' title='bbox 1296 2034 1518 2107; x_wconf 69' lang='lat' dir='ltr'><strong>turbine</strong></span> <span class='ocrx_word' id='word_1_235' title='bbox 1570 2067 1788 2107; x_wconf 86' lang='lat' dir='ltr'><strong>manum</strong></span> <span class='ocrx_word' id='word_1_236' title='bbox 1841 2052 2109 2107; x_wconf 82' lang='lat' dir='ltr'><strong>laboranti</strong></span> 
     </span>
    </p>
   </div>
   <div class='ocr_carea' id='block_1_20' title="bbox 504 2143 2111 2216">
    <p class='ocr_par' dir='ltr' id='par_1_20' title="bbox 504 2143 2111 2216">
     <span class='ocr_line' id='line_1_20' title="bbox 504 2143 2111 2216; baseline 0.002 -19"><span class='ocrx_word' id='word_1_237' title='bbox 504 2143 676 2208; x_wconf 83' lang='lat' dir='ltr'><strong>dedit,</strong></span> <span class='ocrx_word' id='word_1_238' title='bbox 706 2152 760 2198; x_wconf 89' lang='lat' dir='ltr'><strong>et</strong></span> <span class='ocrx_word' id='word_1_239' title='bbox 806 2143 1146 2199; x_wconf 87' lang='lat' dir='ltr'><strong>obluctantes</strong></span> <span class='ocrx_word' id='word_1_240' title='bbox 1188 2144 1337 2213; x_wconf 88' lang='lat' dir='ltr'><strong>gravi</strong></span> <span class='ocrx_word' id='word_1_241' title='bbox 1389 2145 1536 2214; x_wconf 89' lang='lat' dir='ltr'><strong>lapsu</strong></span> <span class='ocrx_word' id='word_1_242' title='bbox 1578 2145 1843 2201; x_wconf 88' lang='lat' dir='ltr'><strong>cecidisse</strong></span> <span class='ocrx_word' id='word_1_243' title='bbox 1872 2160 2111 2216; x_wconf 84' lang='lat' dir='ltr'><strong>pronun-</strong></span> 
     </span>
    </p>
   </div>
   <div class='ocr_carea' id='block_1_21' title="bbox 503 2234 1766 2297">
    <p class='ocr_par' dir='ltr' id='par_1_21' title="bbox 503 2234 1766 2297">
     <span class='ocr_line' id='line_1_21' title="bbox 503 2234 1766 2297; baseline 0.002 -7"><span class='ocrx_word' id='word_1_244' title='bbox 503 2235 677 2295; x_wconf 71' lang='lat' dir='ltr'><strong>tiarit,</strong></span> <span class='ocrx_word' id='word_1_245' title='bbox 708 2234 967 2290; x_wconf 90' lang='lat' dir='ltr'><strong>victorem</strong></span> <span class='ocrx_word' id='word_1_246' title='bbox 993 2236 1247 2297; x_wconf 61' lang='lat' dir='ltr'><strong>asseruit,</strong></span> <span class='ocrx_word' id='word_1_247' title='bbox 1270 2251 1526 2291; x_wconf 87' lang='lat' dir='ltr'><strong>coronam</strong></span> <span class='ocrx_word' id='word_1_248' title='bbox 1549 2236 1766 2293; x_wconf 90' lang='lat' dir='ltr'><strong>detulit.</strong></span> 
     </span>
    </p>
   </div>
   <div class='ocr_carea' id='block_1_22' title="bbox 577 2328 2107 2402">
    <p class='ocr_par' dir='ltr' id='par_1_22' title="bbox 577 2328 2107 2402">
     <span class='ocr_line' id='line_1_22' title="bbox 577 2328 2107 2402; baseline 0.005 -20"><span class='ocrx_word' id='word_1_249' title='bbox 577 2328 634 2382; x_wconf 88' lang='lat'><strong>9.</strong></span> <span class='ocrx_word' id='word_1_250' title='bbox 672 2329 811 2397; x_wconf 85' lang='lat' dir='ltr'><strong>Quid</strong></span> <span class='ocrx_word' id='word_1_251' title='bbox 862 2337 1044 2384; x_wconf 89' lang='lat' dir='ltr'><strong>autem</strong></span> <span class='ocrx_word' id='word_1_252' title='bbox 1078 2330 1380 2396; x_wconf 74' lang='lat' dir='ltr'><strong>pulchrius,</strong></span> <span class='ocrx_word' id='word_1_253' title='bbox 1412 2347 1572 2402; x_wconf 88' lang='lat' dir='ltr'><strong>quam</strong></span> <span class='ocrx_word' id='word_1_254' title='bbox 1610 2332 1792 2388; x_wconf 84' lang='lat' dir='ltr'><strong>ridere</strong></span> <span class='ocrx_word' id='word_1_255' title='bbox 1833 2349 1957 2389; x_wconf 94' lang='lat' dir='ltr'><strong>cum</strong></span> <span class='ocrx_word' id='word_1_256' title='bbox 1990 2349 2107 2389; x_wconf 87' lang='lat' dir='ltr'><strong>ma-</strong></span> 
     </span>
    </p>
   </div>
   <div class='ocr_carea' id='block_1_23' title="bbox 506 2420 2107 2481">
    <p class='ocr_par' dir='ltr' id='par_1_23' title="bbox 506 2420 2107 2481">
     <span class='ocr_line' id='line_1_23' title="bbox 506 2420 2107 2481; baseline 0.003 -5"><span class='ocrx_word' id='word_1_257' title='bbox 506 2420 759 2477; x_wconf 83' lang='lat' dir='ltr'><strong>ledicilur</strong></span> <span class='ocrx_word' id='word_1_258' title='bbox 783 2422 975 2476; x_wconf 53' lang='lat' dir='ltr'><strong>nobis?</strong></span> <span class='ocrx_word' id='word_1_259' title='bbox 1004 2421 1256 2478; x_wconf 85' lang='lat' dir='ltr'><strong>Gaudere</strong></span> <span class='ocrx_word' id='word_1_260' title='bbox 1284 2424 1430 2477; x_wconf 89' lang='lat' dir='ltr'><strong>enim</strong></span> <span class='ocrx_word' id='word_1_261' title='bbox 1458 2423 1721 2479; x_wconf 85' lang='lat' dir='ltr'><strong>debemus</strong></span> <span class='ocrx_word' id='word_1_262' title='bbox 1746 2426 1789 2480; x_wconf 89' lang='lat' dir='ltr'><strong>si</strong></span> <span class='ocrx_word' id='word_1_263' title='bbox 1817 2426 1995 2480; x_wconf 76' lang='lat' dir='ltr'><strong>aliena</strong></span> <span class='ocrx_word' id='word_1_264' title='bbox 2026 2427 2107 2481; x_wconf 86' lang='lat' dir='ltr'><strong>di-</strong></span> 
     </span>
    </p>
   </div>
   <div class='ocr_carea' id='block_1_24' title="bbox 505 2514 2110 2588">
    <p class='ocr_par' dir='ltr' id='par_1_24' title="bbox 505 2514 2110 2588">
     <span class='ocr_line' id='line_1_24' title="bbox 505 2514 2110 2588; baseline 0.004 -19"><span class='ocrx_word' id='word_1_265' title='bbox 505 2527 719 2569; x_wconf 81' lang='lat' dir='ltr'><strong>Catttur.</strong></span> <span class='ocrx_word' id='word_1_266' title='bbox 753 2514 1016 2582; x_wconf 86' lang='lat' dir='ltr'><strong>Primum,</strong></span> <span class='ocrx_word' id='word_1_267' title='bbox 1048 2517 1176 2585; x_wconf 83' lang='lat' dir='ltr'><strong>quia</strong></span> <span class='ocrx_word' id='word_1_268' title='bbox 1199 2516 1387 2571; x_wconf 88' lang='lat' dir='ltr'><strong>volens</strong></span> <span class='ocrx_word' id='word_1_269' title='bbox 1418 2518 1669 2573; x_wconf 81' lang='lat' dir='ltr'><strong>inimicos</strong></span> <span class='ocrx_word' id='word_1_270' title='bbox 1690 2520 1890 2588; x_wconf 86' lang='lat' dir='ltr'><strong>aliquid</strong></span> <span class='ocrx_word' id='word_1_271' title='bbox 1916 2520 2110 2577; x_wconf 86' lang='lat' dir='ltr'><strong>adver-</strong></span> 
     </span>
    </p>
   </div>
   <div class='ocr_carea' id='block_1_25' title="bbox 508 2608 2115 2683">
    <p class='ocr_par' dir='ltr' id='par_1_25' title="bbox 508 2608 2115 2683">
     <span class='ocr_line' id='line_1_25' title="bbox 508 2608 2115 2683; baseline 0.006 -21"><span class='ocrx_word' id='word_1_272' title='bbox 508 2623 628 2663; x_wconf 90' lang='lat' dir='ltr'><strong>sum</strong></span> <span class='ocrx_word' id='word_1_273' title='bbox 660 2623 759 2662; x_wconf 89' lang='lat' dir='ltr'><strong>nos</strong></span> <span class='ocrx_word' id='word_1_274' title='bbox 813 2608 1017 2675; x_wconf 89' lang='lat' dir='ltr'><strong>dicere,</strong></span> <span class='ocrx_word' id='word_1_275' title='bbox 1053 2624 1162 2680; x_wconf 87' lang='lat' dir='ltr'><strong>quo</strong></span> <span class='ocrx_word' id='word_1_276' title='bbox 1206 2612 1413 2665; x_wconf 87' lang='lat' dir='ltr'><strong>crimen</strong></span> <span class='ocrx_word' id='word_1_277' title='bbox 1453 2610 1721 2683; x_wconf 86' lang='lat' dir='ltr'><strong>aftigeret,</strong></span> <span class='ocrx_word' id='word_1_278' title='bbox 1758 2630 1862 2667; x_wconf 92' lang='lat' dir='ltr'><strong>non</strong></span> <span class='ocrx_word' id='word_1_279' title='bbox 1911 2616 2115 2671; x_wconf 88' lang='lat' dir='ltr'><strong>invenit</strong></span> 
     </span>
    </p>
   </div>
   <div class='ocr_carea' id='block_1_26' title="bbox 510 2701 2108 2776">
    <p class='ocr_par' dir='ltr' id='par_1_26' title="bbox 510 2701 2108 2776">
     <span class='ocr_line' id='line_1_26' title="bbox 510 2701 2108 2776; baseline 0.006 -22"><span class='ocrx_word' id='word_1_280' title='bbox 510 2701 655 2770; x_wconf 83' lang='lat' dir='ltr'><strong>quod</strong></span> <span class='ocrx_word' id='word_1_281' title='bbox 705 2715 891 2754; x_wconf 74' lang='lat' dir='ltr'><strong>verum</strong></span> <span class='ocrx_word' id='word_1_282' title='bbox 933 2710 1058 2764; x_wconf 76' lang='lat' dir='ltr'><strong>est,</strong></span> <span class='ocrx_word' id='word_1_283' title='bbox 1109 2702 1204 2755; x_wconf 89' lang='lat' dir='ltr'><strong>sed</strong></span> <span class='ocrx_word' id='word_1_284' title='bbox 1258 2703 1388 2757; x_wconf 81' lang='lat' dir='ltr'><strong>falsa</strong></span> <span class='ocrx_word' id='word_1_285' title='bbox 1451 2720 1548 2775; x_wconf 91' lang='lat' dir='ltr'><strong>pro</strong></span> <span class='ocrx_word' id='word_1_286' title='bbox 1594 2706 1737 2760; x_wconf 82' lang='lat' dir='ltr'><strong>veris</strong></span> <span class='ocrx_word' id='word_1_287' title='bbox 1786 2710 2108 2776; x_wconf 83' lang='lat' dir='ltr'><strong>composuit.</strong></span> 
     </span>
    </p>
   </div>
   <div class='ocr_carea' id='block_1_27' title="bbox 511 2792 2114 2870">
    <p class='ocr_par' dir='ltr' id='par_1_27' title="bbox 511 2792 2114 2870">
     <span class='ocr_line' id='line_1_27' title="bbox 511 2792 2114 2870; baseline 0.005 -22"><span class='ocrx_word' id='word_1_288' title='bbox 511 2792 737 2863; x_wconf 86' lang='lat' dir='ltr'><strong>Deinde,</strong></span> <span class='ocrx_word' id='word_1_289' title='bbox 763 2794 886 2864; x_wconf 86' lang='lat' dir='ltr'><strong>quia</strong></span> <span class='ocrx_word' id='word_1_290' title='bbox 912 2795 1047 2849; x_wconf 65' lang='lat' dir='ltr'><strong>dixit</strong></span> <span class='ocrx_word' id='word_1_291' title='bbox 1074 2795 1191 2862; x_wconf 81' lang='lat' dir='ltr'><strong>ipse</strong></span> <span class='ocrx_word' id='word_1_292' title='bbox 1222 2796 1483 2852; x_wconf 84' lang='lat' dir='ltr'><strong>Dominus</strong></span> <span class='ocrx_word' id='word_1_293' title='bbox 1513 2801 1564 2853; x_wconf 92' lang='lat' dir='ltr'><strong>in</strong></span> <span class='ocrx_word' id='word_1_294' title='bbox 1598 2801 1889 2870; x_wconf 55' lang='lat' dir='ltr'><strong>evangelio</strong></span> <span class='ocrx_word' id='word_1_295' title='bbox 1917 2802 1983 2856; x_wconf 86' lang='lat' dir='ltr'><strong>de</strong></span> <span class='ocrx_word' id='word_1_296' title='bbox 2014 2802 2114 2856; x_wconf 88' lang='lat' dir='ltr'><strong>hu-</strong></span> 
     </span>
    </p>
   </div>
   <div class='ocr_carea' id='block_1_28' title="bbox 506 2884 2110 2967">
    <p class='ocr_par' dir='ltr' id='par_1_28' title="bbox 506 2884 2110 2967">
     <span class='ocr_line' id='line_1_28' title="bbox 506 2884 2110 2967; baseline 0.005 -25"><span class='ocrx_word' id='word_1_297' title='bbox 506 2884 743 2956; x_wconf 77' lang='lat' dir='ltr'><strong>iusmodi</strong></span> <span class='ocrx_word' id='word_1_298' title='bbox 777 2889 1155 2944; x_wconf 89' lang='lat' dir='ltr'><strong>criminatione</strong></span> <span class='ocrx_word' id='word_1_299' title='bbox 1182 2906 1300 2958; x_wconf 78' lang='lat' dir='ltr'><strong>quze</strong></span> <span class='ocrx_word' id='word_1_300' title='bbox 1330 2892 1707 2948; x_wconf 73' lang='lat' dir='ltr'><strong>innocentibus</strong></span> <span class='ocrx_word' id='word_1_301' title='bbox 1741 2896 1877 2949; x_wconf 83' lang='lat' dir='ltr'><strong>falso</strong></span> <span class='ocrx_word' id='word_1_302' title='bbox 1907 2897 2110 2967; x_wconf 84' lang='lat' dir='ltr'><strong>irroga-</strong></span> 
     </span>
    </p>
   </div>
   <div class='ocr_carea' id='block_1_29' title="bbox 512 2980 2113 3058">
    <p class='ocr_par' dir='ltr' id='par_1_29' title="bbox 512 2980 2113 3058">
     <span class='ocr_line' id='line_1_29' title="bbox 512 2980 2113 3058; baseline 0.005 -23"><span class='ocrx_word' id='word_1_303' title='bbox 512 2991 662 3035; x_wconf 87' lang='lat' dir='ltr'><strong>retur</strong></span> <span class='ocrx_word' id='word_1_304' title='bbox 694 2993 914 3050; x_wconf 76' lang='lat' dir='ltr'><strong>promer</strong></span> <span class='ocrx_word' id='word_1_305' title='bbox 956 2981 1257 3052; x_wconf 87' lang='lat' dir='ltr'><strong>justitiam:</strong></span> <span class='ocrx_word' id='word_1_306' title='bbox 1291 2980 1524 3039; x_wconf 77' lang='lat' dir='ltr'><strong>Gaudete</strong></span> <span class='ocrx_word' id='word_1_307' title='bbox 1575 2995 1619 3038; x_wconf 87' lang='lat' dir='ltr'><strong>et</strong></span> <span class='ocrx_word' id='word_1_308' title='bbox 1666 2988 1935 3052; x_wconf 73' lang='lat' dir='ltr'><strong>easnltate,</strong></span> <span class='ocrx_word' id='word_1_309' title='bbox 1984 3005 2113 3058; x_wconf 82' lang='lat' dir='ltr'><strong>quo-</strong></span> 
     </span>
    </p>
   </div>
   <div class='ocr_carea' id='block_1_30' title="bbox 512 3074 2110 3154">
    <p class='ocr_par' dir='ltr' id='par_1_30' title="bbox 512 3074 2110 3154">
     <span class='ocr_line' id='line_1_30' title="bbox 512 3074 2110 3154; baseline 0.006 -28"><span class='ocrx_word' id='word_1_310' title='bbox 512 3074 652 3128; x_wconf 75' lang='lat' dir='ltr'><strong>niam</strong></span> <span class='ocrx_word' id='word_1_311' title='bbox 688 3090 879 3128; x_wconf 66' lang='lat' dir='ltr'><strong>merces</strong></span> <span class='ocrx_word' id='word_1_312' title='bbox 906 3086 1069 3129; x_wconf 84' lang='lat' dir='ltr'><strong>vestra</strong></span> <span class='ocrx_word' id='word_1_313' title='bbox 1113 3076 1275 3130; x_wconf 80' lang='lat' dir='ltr'><strong>multa</strong></span> <span class='ocrx_word' id='word_1_314' title='bbox 1304 3087 1376 3131; x_wconf 88' lang='lat' dir='ltr'><strong>est</strong></span> <span class='ocrx_word' id='word_1_315' title='bbox 1419 3078 1471 3131; x_wconf 86' lang='lat' dir='ltr'><strong>in</strong></span> <span class='ocrx_word' id='word_1_316' title='bbox 1503 3078 1631 3131; x_wconf 60' lang='lat' dir='ltr'><strong>caelo</strong></span> <span class='ocrx_word' id='word_1_317' title='bbox 1662 3077 1879 3150; x_wconf 80' lang='lat' dir='ltr'><strong>(Matth.</strong></span> <span class='ocrx_word' id='word_1_318' title='bbox 1907 3095 1961 3146; x_wconf 83' lang='lat' dir='ltr'><strong>v,</strong></span> <span class='ocrx_word' id='word_1_319' title='bbox 1999 3080 2110 3154; x_wconf 65' lang='lat' dir='ltr'><strong>li).</strong></span> 
     </span>
    </p>
   </div>
   <div class='ocr_carea' id='block_1_31' title="bbox 512 3166 2118 3244">
    <p class='ocr_par' dir='ltr' id='par_1_31' title="bbox 512 3166 2118 3244">
     <span class='ocr_line' id='line_1_31' title="bbox 512 3166 2118 3244; baseline 0.005 -21"><span class='ocrx_word' id='word_1_320' title='bbox 512 3166 717 3223; x_wconf 82' lang='lat' dir='ltr'><strong>Tacere</strong></span> <span class='ocrx_word' id='word_1_321' title='bbox 740 3184 869 3241; x_wconf 89' lang='lat' dir='ltr'><strong>ergo</strong></span> <span class='ocrx_word' id='word_1_322' title='bbox 890 3169 1051 3226; x_wconf 90' lang='lat' dir='ltr'><strong>debet</strong></span> <span class='ocrx_word' id='word_1_323' title='bbox 1078 3172 1166 3241; x_wconf 89' lang='lat' dir='ltr'><strong>qui</strong></span> <span class='ocrx_word' id='word_1_324' title='bbox 1200 3173 1536 3242; x_wconf 65' lang='lat' dir='ltr'><strong>reciignosrit</strong></span> <span class='ocrx_word' id='word_1_325' title='bbox 1570 3172 1873 3244; x_wconf 79' lang='lat' dir='ltr'><strong>objectnm;</strong></span> <span class='ocrx_word' id='word_1_326' title='bbox 1909 3192 1979 3230; x_wconf 91' lang='lat' dir='ltr'><strong>ne</strong></span> <span class='ocrx_word' id='word_1_327' title='bbox 2000 3179 2118 3231; x_wconf 88' lang='lat' dir='ltr'><strong>vul-</strong></span> 
     </span>
    </p>
   </div>
   <div class='ocr_carea' id='block_1_32' title="bbox 2282 1674 3832 1750">
    <p class='ocr_par' dir='ltr' id='par_1_32' title="bbox 2282 1674 3832 1750">
     <span class='ocr_line' id='line_1_32' title="bbox 2282 1674 3832 1750; baseline -0.006 -15"><span class='ocrx_word' id='word_1_328' title='bbox 2282 1692 2355 1735; x_wconf 82' lang='lat' dir='ltr'><strong>tes</strong></span> <span class='ocrx_word' id='word_1_329' title='bbox 2380 1680 2611 1735; x_wconf 47' lang='lat' dir='ltr'><strong>retundit</strong></span> <span class='ocrx_word' id='word_1_330' title='bbox 2638 1677 2760 1740; x_wconf 80' lang='lat' dir='ltr'><strong>Job,</strong></span> <span class='ocrx_word' id='word_1_331' title='bbox 2790 1680 3159 1750; x_wconf 85' lang='lat' dir='ltr'><strong>interrogando</strong></span> <span class='ocrx_word' id='word_1_332' title='bbox 3181 1694 3276 1731; x_wconf 83' lang='lat' dir='ltr'><strong>cur</strong></span> <span class='ocrx_word' id='word_1_333' title='bbox 3310 1678 3465 1746; x_wconf 87' lang='lat' dir='ltr'><strong>impii</strong></span> <span class='ocrx_word' id='word_1_334' title='bbox 3517 1676 3619 1727; x_wconf 80' lang='lat' dir='ltr'><strong>huc</strong></span> <span class='ocrx_word' id='word_1_335' title='bbox 3649 1675 3709 1727; x_wconf 79' lang='lat' dir='ltr'><strong>in</strong></span> <span class='ocrx_word' id='word_1_336' title='bbox 3738 1674 3832 1725; x_wconf 66' lang='lat' dir='ltr'><strong>sita</strong></span> 
     </span>
    </p>
   </div>
   <div class='ocr_carea' id='block_1_33' title="bbox 2283 1771 3833 1842">
    <p class='ocr_par' dir='ltr' id='par_1_33' title="bbox 2283 1771 3833 1842">
     <span class='ocr_line' id='line_1_33' title="bbox 2283 1771 3833 1842; baseline -0.006 -15"><span class='ocrx_word' id='word_1_337' title='bbox 2283 1774 2427 1828; x_wconf 84' lang='lat' dir='ltr'><strong>bonis</strong></span> <span class='ocrx_word' id='word_1_338' title='bbox 2459 1776 2725 1842; x_wconf 75' lang='lat' dir='ltr'><strong>afﬂuant;</strong></span> <span class='ocrx_word' id='word_1_339' title='bbox 2754 1789 2870 1842; x_wconf 65' lang='lat' dir='ltr'><strong>qua</strong></span> <span class='ocrx_word' id='word_1_340' title='bbox 2896 1785 3063 1825; x_wconf 84' lang='lat' dir='ltr'><strong>tamen</strong></span> <span class='ocrx_word' id='word_1_341' title='bbox 3088 1788 3204 1826; x_wconf 81' lang='lat' dir='ltr'><strong>vera</strong></span> <span class='ocrx_word' id='word_1_342' title='bbox 3234 1772 3374 1825; x_wconf 90' lang='lat' dir='ltr'><strong>mala</strong></span> <span class='ocrx_word' id='word_1_343' title='bbox 3399 1786 3514 1824; x_wconf 82' lang='lat' dir='ltr'><strong>esse</strong></span> <span class='ocrx_word' id='word_1_344' title='bbox 3548 1771 3833 1821; x_wconf 72' lang='lat' dir='ltr'><strong>ostendun-</strong></span> 
     </span>
    </p>
   </div>
   <div class='ocr_carea' id='block_1_34' title="bbox 2282 1862 3831 1937">
    <p class='ocr_par' dir='ltr' id='par_1_34' title="bbox 2282 1862 3831 1937">
     <span class='ocr_line' id='line_1_34' title="bbox 2282 1862 3831 1937; baseline -0.007 -14"><span class='ocrx_word' id='word_1_345' title='bbox 2282 1880 2383 1923; x_wconf 85' lang='lat' dir='ltr'><strong>tur.</strong></span> <span class='ocrx_word' id='word_1_346' title='bbox 2416 1867 2615 1922; x_wconf 87' lang='lat' dir='ltr'><strong>Ibidem</strong></span> <span class='ocrx_word' id='word_1_347' title='bbox 2646 1868 2760 1937; x_wconf 88' lang='lat' dir='ltr'><strong>quis</strong></span> <span class='ocrx_word' id='word_1_348' title='bbox 2786 1883 2901 1921; x_wconf 80' lang='lat' dir='ltr'><strong>vere</strong></span> <span class='ocrx_word' id='word_1_349' title='bbox 2932 1867 3107 1920; x_wconf 85' lang='lat' dir='ltr'><strong>beatus</strong></span> <span class='ocrx_word' id='word_1_350' title='bbox 3139 1867 3406 1919; x_wconf 75' lang='lat' dir='ltr'><strong>trahendus</strong></span> <span class='ocrx_word' id='word_1_351' title='bbox 3434 1864 3503 1917; x_wconf 89' lang='lat' dir='ltr'><strong>sit</strong></span> <span class='ocrx_word' id='word_1_352' title='bbox 3537 1879 3557 1916; x_wconf 89' lang='lat'><em>:</em></span> <span class='ocrx_word' id='word_1_353' title='bbox 3584 1872 3702 1913; x_wconf 80' lang='lat' dir='ltr'><strong>tum</strong></span> <span class='ocrx_word' id='word_1_354' title='bbox 3728 1862 3831 1929; x_wconf 77' lang='lat' dir='ltr'><strong>quis</strong></span> 
     </span>
    </p>
   </div>
   <div class='ocr_carea' id='block_1_35' title="bbox 2285 1958 3829 2027">
    <p class='ocr_par' dir='ltr' id='par_1_35' title="bbox 2285 1958 3829 2027">
     <span class='ocr_line' id='line_1_35' title="bbox 2285 1958 3829 2027; baseline -0.006 -13"><span class='ocrx_word' id='word_1_355' title='bbox 2285 1962 2408 2015; x_wconf 76' lang='lat' dir='ltr'><strong>bene</strong></span> <span class='ocrx_word' id='word_1_356' title='bbox 2438 1963 2517 2014; x_wconf 74' lang='lat' dir='ltr'><strong>vel</strong></span> <span class='ocrx_word' id='word_1_357' title='bbox 2533 1960 2668 2014; x_wconf 83' lang='lat' dir='ltr'><strong>mule</strong></span> <span class='ocrx_word' id='word_1_358' title='bbox 2696 1959 2911 2014; x_wconf 74' lang='lat' dir='ltr'><strong>seminet</strong></span> <span class='ocrx_word' id='word_1_359' title='bbox 2937 1975 2955 2013; x_wconf 91' lang='lat'><strong><em>:</em></strong></span> <span class='ocrx_word' id='word_1_360' title='bbox 2978 1970 3085 2013; x_wconf 84' lang='lat' dir='ltr'><strong>tum</strong></span> <span class='ocrx_word' id='word_1_361' title='bbox 3110 1960 3277 2027; x_wconf 82' lang='lat' dir='ltr'><strong>qualis</strong></span> <span class='ocrx_word' id='word_1_362' title='bbox 3303 1958 3631 2025; x_wconf 69' lang='lat' dir='ltr'><strong>infimorum</strong></span> <span class='ocrx_word' id='word_1_363' title='bbox 3665 1966 3829 2024; x_wconf 81' lang='lat' dir='ltr'><strong>poste-</strong></span> 
     </span>
    </p>
   </div>
   <div class='ocr_carea' id='block_1_36' title="bbox 2285 2045 3818 2123">
    <p class='ocr_par' dir='ltr' id='par_1_36' title="bbox 2285 2045 3818 2123">
     <span class='ocr_line' id='line_1_36' title="bbox 2285 2045 3818 2123; baseline -0.007 -16"><span class='ocrx_word' id='word_1_364' title='bbox 2285 2054 2411 2108; x_wconf 88' lang='lat' dir='ltr'><strong>ritas</strong></span> <span class='ocrx_word' id='word_1_365' title='bbox 2438 2071 2457 2121; x_wconf 86' lang='lat'><strong><em>;</em></strong></span> <span class='ocrx_word' id='word_1_366' title='bbox 2485 2069 2644 2123; x_wconf 69' lang='lat' dir='ltr'><strong>quove</strong></span> <span class='ocrx_word' id='word_1_367' title='bbox 2678 2052 2972 2105; x_wconf 74' lang='lat' dir='ltr'><strong>discrimine</strong></span> <span class='ocrx_word' id='word_1_368' title='bbox 3010 2051 3061 2103; x_wconf 78' lang='lat' dir='ltr'><strong>lii</strong></span> <span class='ocrx_word' id='word_1_369' title='bbox 3094 2049 3316 2119; x_wconf 79' lang='lat' dir='ltr'><strong>ﬂagellis</strong></span> <span class='ocrx_word' id='word_1_370' title='bbox 3369 2049 3658 2107; x_wconf 79' lang='lat' dir='ltr'><strong>immunes,</strong></span> <span class='ocrx_word' id='word_1_371' title='bbox 3686 2045 3818 2117; x_wconf 64' lang='lat' dir='ltr'><strong>justi</strong></span> 
     </span>
    </p>
   </div>
   <div class='ocr_carea' id='block_1_37' title="bbox 2285 2141 3827 2211">
    <p class='ocr_par' dir='ltr' id='par_1_37' title="bbox 2285 2141 3827 2211">
     <span class='ocr_line' id='line_1_37' title="bbox 2285 2141 3827 2211; baseline -0.006 -11"><span class='ocrx_word' id='word_1_372' title='bbox 2285 2146 2476 2200; x_wconf 81' lang='lat' dir='ltr'><strong>eisdem</strong></span> <span class='ocrx_word' id='word_1_373' title='bbox 2530 2146 2767 2198; x_wconf 61' lang='lat' dir='ltr'><strong>ditantur</strong></span> <span class='ocrx_word' id='word_1_374' title='bbox 2817 2142 3072 2198; x_wconf 75' lang='lat' dir='ltr'><strong>obnoxii?</strong></span> <span class='ocrx_word' id='word_1_375' title='bbox 3115 2141 3345 2211; x_wconf 81' lang='lat' dir='ltr'><strong>Denique</strong></span> <span class='ocrx_word' id='word_1_376' title='bbox 3389 2142 3587 2208; x_wconf 80' lang='lat' dir='ltr'><strong>impios</strong></span> <span class='ocrx_word' id='word_1_377' title='bbox 3626 2153 3735 2191; x_wconf 72' lang='lat' dir='ltr'><strong>non</strong></span> <span class='ocrx_word' id='word_1_378' title='bbox 3761 2154 3827 2190; x_wconf 74' lang='lat' dir='ltr'><strong>te-</strong></span> 
     </span>
    </p>
   </div>
   <div class='ocr_carea' id='block_1_38' title="bbox 2283 2232 3823 2307">
    <p class='ocr_par' dir='ltr' id='par_1_38' title="bbox 2283 2232 3823 2307">
     <span class='ocr_line' id='line_1_38' title="bbox 2283 2232 3823 2307; baseline -0.007 -16"><span class='ocrx_word' id='word_1_379' title='bbox 2283 2240 2538 2300; x_wconf 84' lang='lat' dir='ltr'><strong>ternitate,</strong></span> <span class='ocrx_word' id='word_1_380' title='bbox 2564 2237 2651 2291; x_wconf 82' lang='lat' dir='ltr'><strong>sed</strong></span> <span class='ocrx_word' id='word_1_381' title='bbox 2682 2240 2816 2307; x_wconf 80' lang='lat' dir='ltr'><strong>falsa</strong></span> <span class='ocrx_word' id='word_1_382' title='bbox 2844 2236 2953 2306; x_wconf 83' lang='lat' dir='ltr'><strong>ejus</strong></span> <span class='ocrx_word' id='word_1_383' title='bbox 2969 2235 3193 2305; x_wconf 87' lang='lat' dir='ltr'><strong>imagine</strong></span> <span class='ocrx_word' id='word_1_384' title='bbox 3220 2234 3377 2301; x_wconf 88' lang='lat' dir='ltr'><strong>potiri</strong></span> <span class='ocrx_word' id='word_1_385' title='bbox 3414 2232 3823 2284; x_wconf 74' lang='lat' dir='ltr'><strong>demonstratur.</strong></span> 
     </span>
    </p>
   </div>
   <div class='ocr_carea' id='block_1_39' title="bbox 2297 2327 3822 2396">
    <p class='ocr_par' dir='ltr' id='par_1_39' title="bbox 2297 2327 3822 2396">
     <span class='ocr_line' id='line_1_39' title="bbox 2297 2327 3822 2396; baseline -0.007 -11"><span class='ocrx_word' id='word_1_386' title='bbox 2297 2330 2385 2385; x_wconf 93' lang='grc'><strong>11.</strong></span> <span class='ocrx_word' id='word_1_387' title='bbox 2415 2329 2518 2385; x_wconf 87' lang='lat' dir='ltr'><strong>Sed</strong></span> <span class='ocrx_word' id='word_1_388' title='bbox 2551 2328 2715 2382; x_wconf 86' lang='lat' dir='ltr'><strong>dicite</strong></span> <span class='ocrx_word' id='word_1_389' title='bbox 2739 2328 2870 2382; x_wconf 91' lang='lat' dir='ltr'><strong>mihi</strong></span> <span class='ocrx_word' id='word_1_390' title='bbox 2907 2346 2920 2380; x_wconf 93' lang='lat'><strong>:</strong></span> <span class='ocrx_word' id='word_1_391' title='bbox 2956 2327 3013 2382; x_wconf 91' lang='lat' dir='ltr'><strong>Si</strong></span> <span class='ocrx_word' id='word_1_392' title='bbox 3068 2339 3287 2396; x_wconf 87' lang='lat' dir='ltr'><strong>propter</strong></span> <span class='ocrx_word' id='word_1_393' title='bbox 3315 2338 3604 2393; x_wconf 68' lang='lat' dir='ltr'><strong>peccatum</strong></span> <span class='ocrx_word' id='word_1_394' title='bbox 3650 2338 3822 2377; x_wconf 85' lang='lat' dir='ltr'><strong>meum</strong></span> 
     </span>
    </p>
   </div>
   <div class='ocr_carea' id='block_1_40' title="bbox 2215 2417 3819 2495">
    <p class='ocr_par' dir='ltr' id='par_1_40' title="bbox 2215 2417 3819 2495">
     <span class='ocr_line' id='line_1_40' title="bbox 2215 2417 3819 2495; baseline -0.006 -15"><span class='ocrx_word' id='word_1_395' title='bbox 2215 2425 2319 2480; x_wconf 84' lang='lat' dir='ltr'><strong>hoc</strong></span> <span class='ocrx_word' id='word_1_396' title='bbox 2350 2425 2547 2495; x_wconf 89' lang='lat' dir='ltr'><strong>patior,</strong></span> <span class='ocrx_word' id='word_1_397' title='bbox 2584 2424 2724 2479; x_wconf 90' lang='lat' dir='ltr'><strong>sicut</strong></span> <span class='ocrx_word' id='word_1_398' title='bbox 2755 2422 3012 2492; x_wconf 80' lang='lat' dir='ltr'><strong>objicitis,</strong></span> <span class='ocrx_word' id='word_1_399' title='bbox 3052 2434 3224 2491; x_wconf 88' lang='lat' dir='ltr'><strong>quare</strong></span> <span class='ocrx_word' id='word_1_400' title='bbox 3251 2419 3402 2489; x_wconf 91' lang='lat' dir='ltr'><strong>impii</strong></span> <span class='ocrx_word' id='word_1_401' title='bbox 3448 2417 3690 2472; x_wconf 79' lang='lat' dir='ltr'><strong>vrvunt?</strong></span> <span class='ocrx_word' id='word_1_402' title='bbox 3721 2417 3819 2471; x_wconf 76' lang='lat' dir='ltr'><strong>Nec</strong></span> 
     </span>
    </p>
   </div>
   <div class='ocr_carea' id='block_1_41' title="bbox 2216 2512 3824 2581">
    <p class='ocr_par' dir='ltr' id='par_1_41' title="bbox 2216 2512 3824 2581">
     <span class='ocr_line' id='line_1_41' title="bbox 2216 2512 3824 2581; baseline -0.006 -9"><span class='ocrx_word' id='word_1_403' title='bbox 2216 2517 2398 2573; x_wconf 86' lang='lat' dir='ltr'><strong>solum</strong></span> <span class='ocrx_word' id='word_1_404' title='bbox 2446 2516 2654 2581; x_wconf 84' lang='lat' dir='ltr'><strong>vivunt,</strong></span> <span class='ocrx_word' id='word_1_405' title='bbox 2712 2516 2807 2570; x_wconf 91' lang='lat' dir='ltr'><strong>sed</strong></span> <span class='ocrx_word' id='word_1_406' title='bbox 2858 2526 3021 2570; x_wconf 81' lang='lat' dir='ltr'><strong>etiam</strong></span> <span class='ocrx_word' id='word_1_407' title='bbox 3082 2513 3275 2581; x_wconf 87' lang='lat' dir='ltr'><strong>repleti</strong></span> <span class='ocrx_word' id='word_1_408' title='bbox 3331 2524 3459 2566; x_wconf 87' lang='lat' dir='ltr'><strong>sunt</strong></span> <span class='ocrx_word' id='word_1_409' title='bbox 3509 2512 3748 2574; x_wconf 78' lang='lat' dir='ltr'><strong>divitiis,</strong></span> <span class='ocrx_word' id='word_1_410' title='bbox 3776 2521 3824 2565; x_wconf 83' lang='lat' dir='ltr'><strong>et</strong></span> 
     </span>
    </p>
   </div>
   <div class='ocr_carea' id='block_1_42' title="bbox 2215 2606 3822 2677">
    <p class='ocr_par' dir='ltr' id='par_1_42' title="bbox 2215 2606 3822 2677">
     <span class='ocr_line' id='line_1_42' title="bbox 2215 2606 3822 2677; baseline -0.005 -12"><span class='ocrx_word' id='word_1_411' title='bbox 2215 2610 2425 2665; x_wconf 76' lang='lat' dir='ltr'><strong>fructus</strong></span> <span class='ocrx_word' id='word_1_412' title='bbox 2458 2608 2852 2677; x_wconf 86' lang='lat' dir='ltr'><strong>multiplicant:</strong></span> <span class='ocrx_word' id='word_1_413' title='bbox 2878 2609 2971 2662; x_wconf 90' lang='lat' dir='ltr'><strong>sed</strong></span> <span class='ocrx_word' id='word_1_414' title='bbox 2988 2606 3154 2663; x_wconf 83' lang='lat' dir='ltr'><strong>etiam</strong></span> <span class='ocrx_word' id='word_1_415' title='bbox 3184 2606 3309 2659; x_wconf 76' lang='lat' dir='ltr'><strong>[iliis</strong></span> <span class='ocrx_word' id='word_1_416' title='bbox 3332 2606 3822 2676; x_wconf 79' lang='lat' dir='ltr'><strong>potittntttr,abttn-</strong></span> 
     </span>
    </p>
   </div>
   <div class='ocr_carea' id='block_1_43' title="bbox 2216 2694 3818 2763">
    <p class='ocr_par' dir='ltr' id='par_1_43' title="bbox 2216 2694 3818 2763">
     <span class='ocr_line' id='line_1_43' title="bbox 2216 2694 3818 2763; baseline -0.006 -5"><span class='ocrx_word' id='word_1_417' title='bbox 2216 2703 2345 2758; x_wconf 89' lang='lat' dir='ltr'><strong>dant</strong></span> <span class='ocrx_word' id='word_1_418' title='bbox 2373 2703 2568 2755; x_wconf 90' lang='lat' dir='ltr'><strong>domus</strong></span> <span class='ocrx_word' id='word_1_419' title='bbox 2592 2704 2821 2755; x_wconf 75' lang='lat' dir='ltr'><strong>eorum“!</strong></span> <span class='ocrx_word' id='word_1_420' title='bbox 2849 2701 2975 2755; x_wconf 65' lang='lat' dir='ltr'><strong>“313C</strong></span> <span class='ocrx_word' id='word_1_421' title='bbox 2998 2698 3285 2754; x_wconf 83' lang='lat' dir='ltr'><strong>evidenter</strong></span> <span class='ocrx_word' id='word_1_422' title='bbox 3312 2698 3494 2763; x_wconf 79' lang='lat' dir='ltr'><strong>specie</strong></span> <span class='ocrx_word' id='word_1_423' title='bbox 3522 2696 3665 2750; x_wconf 82' lang='lat' dir='ltr'><strong>bona</strong></span> <span class='ocrx_word' id='word_1_424' title='bbox 3700 2694 3818 2749; x_wconf 53' lang='lat' dir='ltr'><strong>:sed</strong></span> 
     </span>
    </p>
   </div>
   <div class='ocr_carea' id='block_1_44' title="bbox 2218 2796 3814 2871">
    <p class='ocr_par' dir='ltr' id='par_1_44' title="bbox 2218 2796 3814 2871">
     <span class='ocr_line' id='line_1_44' title="bbox 2218 2796 3814 2871; baseline -0.007 -16"><span class='ocrx_word' id='word_1_425' title='bbox 2218 2800 2401 2855; x_wconf 85' lang='lat' dir='ltr'><strong>altiori</strong></span> <span class='ocrx_word' id='word_1_426' title='bbox 2440 2798 2699 2871; x_wconf 85' lang='lat' dir='ltr'><strong>mysterio</strong></span> <span class='ocrx_word' id='word_1_427' title='bbox 2745 2798 2989 2853; x_wconf 89' lang='lat' dir='ltr'><strong>invenies</strong></span> <span class='ocrx_word' id='word_1_428' title='bbox 3020 2838 3035 2861; x_wconf 94' lang='lat'><strong>,</strong></span> <span class='ocrx_word' id='word_1_429' title='bbox 3081 2796 3337 2865; x_wconf 87' lang='lat' dir='ltr'><strong>quoniam</strong></span> <span class='ocrx_word' id='word_1_430' title='bbox 3388 2810 3513 2865; x_wconf 72' lang='lat' dir='ltr'><strong>qua:</strong></span> <span class='ocrx_word' id='word_1_431' title='bbox 3562 2802 3814 2865; x_wconf 83' lang='lat' dir='ltr'><strong>putantur</strong></span> 
     </span>
    </p>
   </div>
   <div class='ocr_carea' id='block_1_45' title="bbox 2217 2887 3817 2962">
    <p class='ocr_par' dir='ltr' id='par_1_45' title="bbox 2217 2887 3817 2962">
     <span class='ocr_line' id='line_1_45' title="bbox 2217 2887 3817 2962; baseline -0.008 -11"><span class='ocrx_word' id='word_1_432' title='bbox 2217 2894 2379 2959; x_wconf 87' lang='lat' dir='ltr'><strong>bona,</strong></span> <span class='ocrx_word' id='word_1_433' title='bbox 2410 2910 2514 2948; x_wconf 93' lang='lat' dir='ltr'><strong>non</strong></span> <span class='ocrx_word' id='word_1_434' title='bbox 2545 2904 2668 2947; x_wconf 82' lang='lat' dir='ltr'><strong>sum</strong></span> <span class='ocrx_word' id='word_1_435' title='bbox 2701 2893 2875 2959; x_wconf 84' lang='lat' dir='ltr'><strong>bona;</strong></span> <span class='ocrx_word' id='word_1_436' title='bbox 2900 2901 2955 2947; x_wconf 84' lang='lat' dir='ltr'><strong>et</strong></span> <span class='ocrx_word' id='word_1_437' title='bbox 2977 2904 3098 2962; x_wconf 65' lang='lat' dir='ltr'><strong>quin</strong></span> <span class='ocrx_word' id='word_1_438' title='bbox 3128 2897 3387 2961; x_wconf 85' lang='lat' dir='ltr'><strong>putantur</strong></span> <span class='ocrx_word' id='word_1_439' title='bbox 3418 2887 3585 2955; x_wconf 87' lang='lat' dir='ltr'><strong>mala,</strong></span> <span class='ocrx_word' id='word_1_440' title='bbox 3619 2887 3817 2959; x_wconf 78' lang='lat' dir='ltr'><strong>potiora</strong></span> 
     </span>
    </p>
   </div>
   <div class='ocr_carea' id='block_1_46' title="bbox 2220 2988 2716 3043">
    <p class='ocr_par' dir='ltr' id='par_1_46' title="bbox 2220 2988 2716 3043">
     <span class='ocr_line' id='line_1_46' title="bbox 2220 2988 2716 3043; baseline -0.008 0"><span class='ocrx_word' id='word_1_441' title='bbox 2220 2988 2328 3043; x_wconf 93' lang='lat' dir='ltr'><strong>illis</strong></span> <span class='ocrx_word' id='word_1_442' title='bbox 2356 2990 2716 3041; x_wconf 83' lang='lat' dir='ltr'><strong>:estimantur.</strong></span> 
     </span>
    </p>
   </div>
   <div class='ocr_carea' id='block_1_47' title="bbox 2294 3075 3815 3150">
    <p class='ocr_par' dir='ltr' id='par_1_47' title="bbox 2294 3075 3815 3150">
     <span class='ocr_line' id='line_1_47' title="bbox 2294 3075 3815 3150; baseline -0.005 -13"><span class='ocrx_word' id='word_1_443' title='bbox 2294 3083 2379 3138; x_wconf 72' lang='grc'><strong>19..</strong></span> <span class='ocrx_word' id='word_1_444' title='bbox 2418 3081 2854 3144; x_wconf 83' lang='lat' dir='ltr'><strong>lnveteraverunt,</strong></span> <span class='ocrx_word' id='word_1_445' title='bbox 2887 3077 3079 3145; x_wconf 87' lang='lat' dir='ltr'><strong>inquit.</strong></span> <span class='ocrx_word' id='word_1_446' title='bbox 3110 3077 3164 3131; x_wconf 84' lang='lat' dir='ltr'><strong>in</strong></span> <span class='ocrx_word' id='word_1_447' title='bbox 3190 3076 3382 3131; x_wconf 81' lang='lat' dir='ltr'><strong>divitiis</strong></span> <span class='ocrx_word' id='word_1_448' title='bbox 3410 3075 3577 3150; x_wconf 80' lang='lat' dir='ltr'><strong>(Ibid.</strong></span> <span class='ocrx_word' id='word_1_449' title='bbox 3618 3077 3711 3143; x_wconf 83' lang='lat'><strong>7);</strong></span> <span class='ocrx_word' id='word_1_450' title='bbox 3736 3097 3815 3130; x_wconf 75' lang='grc' dir='ltr'><strong>πε·</strong></span> 
     </span>
    </p>
   </div>
   <div class='ocr_carea' id='block_1_48' title="bbox 2216 3171 3815 3239">
    <p class='ocr_par' dir='ltr' id='par_1_48' title="bbox 2216 3171 3815 3239">
     <span class='ocr_line' id='line_1_48' title="bbox 2216 3171 3815 3239; baseline -0.007 -6"><span class='ocrx_word' id='word_1_451' title='bbox 2216 3177 2535 3239; x_wconf 53' lang='lat' dir='ltr'><strong>andatos-rat,</strong></span> <span class='ocrx_word' id='word_1_452' title='bbox 2564 3174 2719 3235; x_wconf 85' lang='lat' dir='ltr'><strong>dixit;</strong></span> <span class='ocrx_word' id='word_1_453' title='bbox 2747 3182 2807 3227; x_wconf 90' lang='lat' dir='ltr'><strong>ut</strong></span> <span class='ocrx_word' id='word_1_454' title='bbox 2835 3187 2937 3227; x_wconf 91' lang='lat' dir='ltr'><strong>non</strong></span> <span class='ocrx_word' id='word_1_455' title='bbox 2962 3182 3067 3225; x_wconf 90' lang='lat' dir='ltr'><strong>tam</strong></span> <span class='ocrx_word' id='word_1_456' title='bbox 3088 3171 3345 3225; x_wconf 89' lang='lat' dir='ltr'><strong>diuturna</strong></span> <span class='ocrx_word' id='word_1_457' title='bbox 3370 3171 3681 3225; x_wconf 83' lang='lat' dir='ltr'><strong>divitiarum</strong></span> <span class='ocrx_word' id='word_1_458' title='bbox 3707 3186 3815 3237; x_wconf 88' lang='lat' dir='ltr'><strong>pos-</strong></span> 
     </span>
    </p>
   </div>
   <div class='ocr_carea' id='block_1_49' title="bbox 510 3263 3815 3344">
    <p class='ocr_par' dir='ltr' id='par_1_49' title="bbox 510 3263 3815 3344">
     <span class='ocr_line' id='line_1_49' title="bbox 510 3263 3815 3344; baseline -0.001 -26"><span class='ocrx_word' id='word_1_459' title='bbox 510 3277 615 3318; x_wconf 87' lang='lat' dir='ltr'><strong>nus</strong></span> <span class='ocrx_word' id='word_1_460' title='bbox 640 3274 950 3333; x_wconf 75' lang='lat' dir='ltr'><strong>exasperet,</strong></span> <span class='ocrx_word' id='word_1_461' title='bbox 981 3275 1035 3319; x_wconf 92' lang='lat' dir='ltr'><strong>et</strong></span> <span class='ocrx_word' id='word_1_462' title='bbox 1078 3266 1357 3321; x_wconf 91' lang='lat' dir='ltr'><strong>scindatur</strong></span> <span class='ocrx_word' id='word_1_463' title='bbox 1401 3267 1627 3322; x_wconf 76' lang='lat' dir='ltr'><strong>cicatrix</strong></span> <span class='ocrx_word' id='word_1_464' title='bbox 1659 3286 1671 3321; x_wconf 88' lang='lat'><strong>:</strong></span> <span class='ocrx_word' id='word_1_465' title='bbox 1700 3280 1879 3325; x_wconf 87' lang='lat' dir='ltr'><strong>tacere</strong></span> <span class='ocrx_word' id='word_1_466' title='bbox 1915 3281 1971 3326; x_wconf 92' lang='lat' dir='ltr'><strong>et</strong></span> <span class='ocrx_word' id='word_1_467' title='bbox 2022 3273 2111 3341; x_wconf 91' lang='lat' dir='ltr'><strong>qui</strong></span> <span class='ocrx_word' id='word_1_468' title='bbox 2141 3282 2185 3344; x_wconf 72' lang='grc' dir='ltr'><strong>ρ</strong></span> <span class='ocrx_word' id='word_1_469' title='bbox 2218 3272 2414 3334; x_wconf 87' lang='lat' dir='ltr'><strong>sessio,</strong></span> <span class='ocrx_word' id='word_1_470' title='bbox 2444 3284 2605 3337; x_wconf 85' lang='lat' dir='ltr'><strong>quam</strong></span> <span class='ocrx_word' id='word_1_471' title='bbox 2640 3268 2935 3322; x_wconf 88' lang='lat' dir='ltr'><strong>inveterata</strong></span> <span class='ocrx_word' id='word_1_472' title='bbox 2962 3266 3242 3333; x_wconf 88' lang='lat' dir='ltr'><strong>copiarum</strong></span> <span class='ocrx_word' id='word_1_473' title='bbox 3278 3264 3527 3319; x_wconf 84' lang='lat' dir='ltr'><strong>molestia</strong></span> <span class='ocrx_word' id='word_1_474' title='bbox 3555 3263 3815 3334; x_wconf 77' lang='lat' dir='ltr'><strong>signiﬁca-</strong></span> 
     </span>
    </p>
   </div>
   <div class='ocr_carea' id='block_1_50' title="bbox 514 3358 2119 3426">
    <p class='ocr_par' dir='ltr' id='par_1_50' title="bbox 514 3358 2119 3426">
     <span class='ocr_line' id='line_1_50' title="bbox 514 3358 2119 3426; baseline 0.007 -17"><span class='ocrx_word' id='word_1_475' title='bbox 514 3371 622 3410; x_wconf 88' lang='lat' dir='ltr'><strong>non</strong></span> <span class='ocrx_word' id='word_1_476' title='bbox 649 3358 983 3426; x_wconf 82' lang='lat' dir='ltr'><strong>recognoscit</strong></span> <span class='ocrx_word' id='word_1_477' title='bbox 1009 3375 1025 3420; x_wconf 82' lang='lat'><strong>;</strong></span> <span class='ocrx_word' id='word_1_478' title='bbox 1057 3358 1207 3413; x_wconf 84' lang='lat' dir='ltr'><strong>audit</strong></span> <span class='ocrx_word' id='word_1_479' title='bbox 1235 3363 1378 3413; x_wconf 87' lang='lat' dir='ltr'><strong>enim</strong></span> <span class='ocrx_word' id='word_1_480' title='bbox 1408 3361 1656 3425; x_wconf 88' lang='lat' dir='ltr'><strong>alterius,</strong></span> <span class='ocrx_word' id='word_1_481' title='bbox 1681 3378 1789 3417; x_wconf 90' lang='lat' dir='ltr'><strong>non</strong></span> <span class='ocrx_word' id='word_1_482' title='bbox 1820 3378 1976 3418; x_wconf 90' lang='lat' dir='ltr'><strong>suum</strong></span> <span class='ocrx_word' id='word_1_483' title='bbox 2006 3366 2119 3419; x_wconf 90' lang='lat' dir='ltr'><strong>cri-</strong></span> 
     </span>
    </p>
   </div>
   <div class='ocr_carea' id='block_1_51' title="bbox 517 3449 2118 3521">
    <p class='ocr_par' dir='ltr' id='par_1_51' title="bbox 517 3449 2118 3521">
     <span class='ocr_line' id='line_1_51' title="bbox 517 3449 2118 3521; baseline 0.004 -17"><span class='ocrx_word' id='word_1_484' title='bbox 517 3464 684 3505; x_wconf 89' lang='lat' dir='ltr'><strong>men:</strong></span> <span class='ocrx_word' id='word_1_485' title='bbox 717 3449 861 3519; x_wconf 87' lang='lat' dir='ltr'><strong>qund</strong></span> <span class='ocrx_word' id='word_1_486' title='bbox 891 3450 933 3503; x_wconf 91' lang='lat' dir='ltr'><strong>si</strong></span> <span class='ocrx_word' id='word_1_487' title='bbox 981 3450 1204 3507; x_wconf 82' lang='lat' dir='ltr'><strong>referat.</strong></span> <span class='ocrx_word' id='word_1_488' title='bbox 1231 3465 1387 3505; x_wconf 89' lang='lat' dir='ltr'><strong>suum</strong></span> <span class='ocrx_word' id='word_1_489' title='bbox 1412 3452 1542 3506; x_wconf 72' lang='lat' dir='ltr'><strong>lat-it</strong></span> <span class='ocrx_word' id='word_1_490' title='bbox 1576 3471 1587 3506; x_wconf 90' lang='lat'><strong>:</strong></span> <span class='ocrx_word' id='word_1_491' title='bbox 1620 3454 1663 3507; x_wconf 89' lang='lat' dir='ltr'><strong>si</strong></span> <span class='ocrx_word' id='word_1_492' title='bbox 1712 3466 1908 3521; x_wconf 88' lang='lat' dir='ltr'><strong>taceat,</strong></span> <span class='ocrx_word' id='word_1_493' title='bbox 1943 3467 2118 3511; x_wconf 86' lang='lat' dir='ltr'><strong>retor-</strong></span> 
     </span>
    </p>
   </div>
   <div class='ocr_carea' id='block_1_52' title="bbox 514 3542 2118 3612">
    <p class='ocr_par' dir='ltr' id='par_1_52' title="bbox 514 3542 2118 3612">
     <span class='ocr_line' id='line_1_52' title="bbox 514 3542 2118 3612; baseline 0.006 -16"><span class='ocrx_word' id='word_1_494' title='bbox 514 3554 666 3612; x_wconf 88' lang='lat' dir='ltr'><strong>quet,</strong></span> <span class='ocrx_word' id='word_1_495' title='bbox 699 3554 751 3597; x_wconf 93' lang='lat' dir='ltr'><strong>et</strong></span> <span class='ocrx_word' id='word_1_496' title='bbox 802 3542 1196 3598; x_wconf 61' lang='lat' dir='ltr'><strong>convir-iantem</strong></span> <span class='ocrx_word' id='word_1_497' title='bbox 1227 3547 1497 3599; x_wconf 84' lang='lat' dir='ltr'><strong>vulnerat.</strong></span> <span class='ocrx_word' id='word_1_498' title='bbox 1525 3544 1727 3600; x_wconf 88' lang='lat' dir='ltr'><strong>Tacere</strong></span> <span class='ocrx_word' id='word_1_499' title='bbox 1766 3547 1928 3603; x_wconf 77' lang='lat' dir='ltr'><strong>debet</strong></span> <span class='ocrx_word' id='word_1_500' title='bbox 1956 3550 2118 3605; x_wconf 90' lang='lat' dir='ltr'><strong>etiam</strong></span> 
     </span>
    </p>
   </div>
   <div class='ocr_carea' id='block_1_53' title="bbox 518 3634 2117 3706">
    <p class='ocr_par' dir='ltr' id='par_1_53' title="bbox 518 3634 2117 3706">
     <span class='ocr_line' id='line_1_53' title="bbox 518 3634 2117 3706; baseline 0.004 -17"><span class='ocrx_word' id='word_1_501' title='bbox 518 3634 610 3690; x_wconf 89' lang='lat' dir='ltr'><strong>ille</strong></span> <span class='ocrx_word' id='word_1_502' title='bbox 657 3635 746 3704; x_wconf 90' lang='lat' dir='ltr'><strong>qui</strong></span> <span class='ocrx_word' id='word_1_503' title='bbox 776 3634 845 3690; x_wconf 85' lang='lat' dir='ltr'><strong>de</strong></span> <span class='ocrx_word' id='word_1_504' title='bbox 889 3646 1184 3690; x_wconf 89' lang='lat' dir='ltr'><strong>memorata</strong></span> <span class='ocrx_word' id='word_1_505' title='bbox 1217 3636 1467 3691; x_wconf 87' lang='lat' dir='ltr'><strong>mercede</strong></span> <span class='ocrx_word' id='word_1_506' title='bbox 1500 3640 1796 3706; x_wconf 68' lang='lat' dir='ltr'><strong>praesumit.</strong></span> <span class='ocrx_word' id='word_1_507' title='bbox 1826 3637 1943 3693; x_wconf 90' lang='lat' dir='ltr'><strong>Non</strong></span> <span class='ocrx_word' id='word_1_508' title='bbox 1975 3642 2117 3695; x_wconf 81' lang='lat' dir='ltr'><strong>enini</strong></span> 
     </span>
    </p>
   </div>
   <div class='ocr_carea' id='block_1_54' title="bbox 518 3728 2118 3800">
    <p class='ocr_par' dir='ltr' id='par_1_54' title="bbox 518 3728 2118 3800">
     <span class='ocr_line' id='line_1_54' title="bbox 518 3728 2118 3800; baseline 0.005 -18"><span class='ocrx_word' id='word_1_509' title='bbox 518 3730 720 3799; x_wconf 87' lang='lat' dir='ltr'><strong>patitur</strong></span> <span class='ocrx_word' id='word_1_510' title='bbox 750 3728 1147 3800; x_wconf 76' lang='lat' dir='ltr'><strong>praejndicium,</strong></span> <span class='ocrx_word' id='word_1_511' title='bbox 1171 3729 1259 3784; x_wconf 91' lang='lat' dir='ltr'><strong>cui</strong></span> <span class='ocrx_word' id='word_1_512' title='bbox 1291 3746 1395 3784; x_wconf 88' lang='lat' dir='ltr'><strong>non</strong></span> <span class='ocrx_word' id='word_1_513' title='bbox 1424 3743 1506 3785; x_wconf 92' lang='lat' dir='ltr'><strong>est</strong></span> <span class='ocrx_word' id='word_1_514' title='bbox 1532 3732 1809 3799; x_wconf 81' lang='lat' dir='ltr'><strong>iudicium.</strong></span> <span class='ocrx_word' id='word_1_515' title='bbox 1839 3732 1905 3787; x_wconf 82' lang='lat' dir='ltr'><strong>Et</strong></span> <span class='ocrx_word' id='word_1_516' title='bbox 1931 3735 1973 3787; x_wconf 84' lang='lat' dir='ltr'><strong>si</strong></span> <span class='ocrx_word' id='word_1_517' title='bbox 2003 3734 2118 3789; x_wconf 85' lang='lat' dir='ltr'><strong>fuc-</strong></span> 
     </span>
    </p>
   </div>
   <div class='ocr_carea' id='block_1_55' title="bbox 520 3822 2116 3896">
    <p class='ocr_par' dir='ltr' id='par_1_55' title="bbox 520 3822 2116 3896">
     <span class='ocr_line' id='line_1_55' title="bbox 520 3822 2116 3896; baseline 0.003 -19"><span class='ocrx_word' id='word_1_518' title='bbox 520 3822 591 3878; x_wconf 88' lang='lat' dir='ltr'><strong>rit</strong></span> <span class='ocrx_word' id='word_1_519' title='bbox 639 3822 1009 3893; x_wconf 68' lang='lat' dir='ltr'><strong>praijudicium</strong></span> <span class='ocrx_word' id='word_1_520' title='bbox 1059 3822 1111 3877; x_wconf 89' lang='lat' dir='ltr'><strong>in</strong></span> <span class='ocrx_word' id='word_1_521' title='bbox 1142 3824 1366 3890; x_wconf 72' lang='lat' dir='ltr'><strong>smculo,</strong></span> <span class='ocrx_word' id='word_1_522' title='bbox 1399 3839 1503 3879; x_wconf 90' lang='lat' dir='ltr'><strong>non</strong></span> <span class='ocrx_word' id='word_1_523' title='bbox 1535 3825 1637 3880; x_wconf 82' lang='lat' dir='ltr'><strong>erit</strong></span> <span class='ocrx_word' id='word_1_524' title='bbox 1675 3825 1729 3880; x_wconf 91' lang='lat' dir='ltr'><strong>in</strong></span> <span class='ocrx_word' id='word_1_525' title='bbox 1758 3825 1962 3896; x_wconf 87' lang='lat' dir='ltr'><strong>judicio</strong></span> <span class='ocrx_word' id='word_1_526' title='bbox 2004 3828 2116 3882; x_wconf 90' lang='lat' dir='ltr'><strong>Dei.</strong></span> 
     </span>
    </p>
   </div>
   <div class='ocr_carea' id='block_1_56' title="bbox 520 3916 2123 3989">
    <p class='ocr_par' dir='ltr' id='par_1_56' title="bbox 520 3916 2123 3989">
     <span class='ocr_line' id='line_1_56' title="bbox 520 3916 2123 3989; baseline 0.002 -17"><span class='ocrx_word' id='word_1_527' title='bbox 520 3916 762 3989; x_wconf 90' lang='lat' dir='ltr'><strong>Denique</strong></span> <span class='ocrx_word' id='word_1_528' title='bbox 791 3925 849 3971; x_wconf 92' lang='lat' dir='ltr'><strong>ut</strong></span> <span class='ocrx_word' id='word_1_529' title='bbox 877 3932 1172 3985; x_wconf 76' lang='lat' dir='ltr'><strong>cognoscas</strong></span> <span class='ocrx_word' id='word_1_530' title='bbox 1194 3918 1316 3987; x_wconf 88' lang='lat' dir='ltr'><strong>quia</strong></span> <span class='ocrx_word' id='word_1_531' title='bbox 1349 3935 1455 3973; x_wconf 90' lang='lat' dir='ltr'><strong>non</strong></span> <span class='ocrx_word' id='word_1_532' title='bbox 1482 3918 1799 3988; x_wconf 64' lang='lat' dir='ltr'><strong>praeiudicat</strong></span> <span class='ocrx_word' id='word_1_533' title='bbox 1843 3928 2123 3976; x_wconf 87' lang='lat' dir='ltr'><strong>contume-</strong></span> 
     </span>
    </p>
   </div>
   <div class='ocr_carea' id='block_1_57' title="bbox 519 4009 2120 4081">
    <p class='ocr_par' dir='ltr' id='par_1_57' title="bbox 519 4009 2120 4081">
     <span class='ocr_line' id='line_1_57' title="bbox 519 4009 2120 4081; baseline 0.004 -17"><span class='ocrx_word' id='word_1_534' title='bbox 519 4009 588 4065; x_wconf 87' lang='lat' dir='ltr'><strong>lia</strong></span> <span class='ocrx_word' id='word_1_535' title='bbox 619 4010 772 4065; x_wconf 65' lang='lat' dir='ltr'><strong>bonae</strong></span> <span class='ocrx_word' id='word_1_536' title='bbox 820 4011 1193 4077; x_wconf 71' lang='lat' dir='ltr'><strong>conscientiae,</strong></span> <span class='ocrx_word' id='word_1_537' title='bbox 1228 4011 1348 4066; x_wconf 91' lang='lat' dir='ltr'><strong>audi</strong></span> <span class='ocrx_word' id='word_1_538' title='bbox 1391 4022 1638 4069; x_wconf 89' lang='lat' dir='ltr'><strong>sanctum</strong></span> <span class='ocrx_word' id='word_1_539' title='bbox 1680 4013 1783 4070; x_wconf 77' lang='lat' dir='ltr'><strong>Job</strong></span> <span class='ocrx_word' id='word_1_540' title='bbox 1827 4014 2120 4081; x_wconf 90' lang='lat' dir='ltr'><strong>dicentem,</strong></span> 
     </span>
    </p>
   </div>
   <div class='ocr_carea' id='block_1_58' title="bbox 492 4102 2123 4185">
    <p class='ocr_par' dir='ltr' id='par_1_58' title="bbox 492 4102 2123 4185">
     <span class='ocr_line' id='line_1_58' title="bbox 492 4102 2123 4185; baseline 0.006 -29"><span class='ocrx_word' id='word_1_541' title='bbox 492 4102 929 4185; x_wconf 35' lang='lat' dir='ltr'><strong>.locnplelittrem</strong></span> <span class='ocrx_word' id='word_1_542' title='bbox 964 4108 1147 4172; x_wconf 88' lang='lat' dir='ltr'><strong>utique</strong></span> <span class='ocrx_word' id='word_1_543' title='bbox 1189 4115 1379 4159; x_wconf 82' lang='lat' dir='ltr'><strong>testem</strong></span> <span class='ocrx_word' id='word_1_544' title='bbox 1410 4121 1572 4176; x_wconf 89' lang='lat' dir='ltr'><strong>quam</strong></span> <span class='ocrx_word' id='word_1_545' title='bbox 1617 4106 1665 4161; x_wconf 91' lang='lat' dir='ltr'><strong>si</strong></span> <span class='ocrx_word' id='word_1_546' title='bbox 1713 4108 1939 4177; x_wconf 85' lang='lat' dir='ltr'><strong>imperio</strong></span> <span class='ocrx_word' id='word_1_547' title='bbox 1979 4111 2123 4165; x_wconf 88' lang='lat' dir='ltr'><strong>orbis</strong></span> 
     </span>
    </p>
   </div>
   <div class='ocr_carea' id='block_1_59' title="bbox 522 4192 2122 4264">
    <p class='ocr_par' dir='ltr' id='par_1_59' title="bbox 522 4192 2122 4264">
     <span class='ocr_line' id='line_1_59' title="bbox 522 4192 2122 4264; baseline 0.006 -17"><span class='ocrx_word' id='word_1_548' title='bbox 522 4192 746 4249; x_wconf 82' lang='lat' dir='ltr'><strong>Romani</strong></span> <span class='ocrx_word' id='word_1_549' title='bbox 778 4195 979 4264; x_wconf 84' lang='lat' dir='ltr'><strong>potitus</strong></span> <span class='ocrx_word' id='word_1_550' title='bbox 1008 4206 1152 4251; x_wconf 90' lang='lat' dir='ltr'><strong>esset</strong></span> <span class='ocrx_word' id='word_1_551' title='bbox 1188 4216 1201 4251; x_wconf 97' lang='lat'><strong>:</strong></span> <span class='ocrx_word' id='word_1_552' title='bbox 1238 4196 1397 4251; x_wconf 84' lang='lat' dir='ltr'><strong>Nunc</strong></span> <span class='ocrx_word' id='word_1_553' title='bbox 1439 4199 1783 4255; x_wconf 81' lang='lat' dir='ltr'><strong>obmutescam</strong></span> <span class='ocrx_word' id='word_1_554' title='bbox 1823 4212 1870 4256; x_wconf 86' lang='lat' dir='ltr'><strong>et</strong></span> <span class='ocrx_word' id='word_1_555' title='bbox 1896 4201 2122 4257; x_wconf 79' lang='lat' dir='ltr'><strong>derelin-</strong></span> 
     </span>
    </p>
   </div>
   <div class='ocr_carea' id='block_1_60' title="bbox 522 4289 2125 4365">
    <p class='ocr_par' dir='ltr' id='par_1_60' title="bbox 522 4289 2125 4365">
     <span class='ocr_line' id='line_1_60' title="bbox 522 4289 2125 4365; baseline 0.005 -24"><span class='ocrx_word' id='word_1_556' title='bbox 522 4303 679 4359; x_wconf 86' lang='lat' dir='ltr'><strong>quam</strong></span> <span class='ocrx_word' id='word_1_557' title='bbox 708 4305 726 4341; x_wconf 93' lang='lat'><strong>:</strong></span> <span class='ocrx_word' id='word_1_558' title='bbox 759 4290 803 4342; x_wconf 88' lang='lat' dir='ltr'><strong>si</strong></span> <span class='ocrx_word' id='word_1_559' title='bbox 825 4306 961 4344; x_wconf 81' lang='lat' dir='ltr'><strong>nunc</strong></span> <span class='ocrx_word' id='word_1_560' title='bbox 987 4289 1112 4342; x_wconf 82' lang='lat' dir='ltr'><strong>mihi</strong></span> <span class='ocrx_word' id='word_1_561' title='bbox 1141 4292 1498 4362; x_wconf 71' lang='lat' dir='ltr'><strong>prazjudiciunt</strong></span> <span class='ocrx_word' id='word_1_562' title='bbox 1528 4303 1623 4359; x_wconf 87' lang='lat' dir='ltr'><strong>est,</strong></span> <span class='ocrx_word' id='word_1_563' title='bbox 1658 4303 1778 4346; x_wconf 87' lang='lat' dir='ltr'><strong>tunc</strong></span> <span class='ocrx_word' id='word_1_564' title='bbox 1810 4310 1843 4347; x_wconf 91' lang='lat' dir='ltr'><strong>a</strong></span> <span class='ocrx_word' id='word_1_565' title='bbox 1874 4294 2007 4365; x_wconf 77' lang='lat' dir='ltr'><strong>[acie</strong></span> <span class='ocrx_word' id='word_1_566' title='bbox 2036 4308 2125 4349; x_wconf 89' lang='lat' dir='ltr'><strong>tua</strong></span> 
     </span>
    </p>
   </div>
   <div class='ocr_carea' id='block_1_61' title="bbox 530 4383 1533 4456">
    <p class='ocr_par' dir='ltr' id='par_1_61' title="bbox 530 4383 1533 4456">
     <span class='ocr_line' id='line_1_61' title="bbox 530 4383 1533 4456; baseline 0.006 -20"><span class='ocrx_word' id='word_1_567' title='bbox 530 4398 631 4437; x_wconf 87' lang='lat' dir='ltr'><strong>non</strong></span> <span class='ocrx_word' id='word_1_568' title='bbox 661 4383 948 4437; x_wconf 85' lang='lat' dir='ltr'><strong>nbscondar</strong></span> <span class='ocrx_word' id='word_1_569' title='bbox 969 4383 1093 4454; x_wconf 82' lang='lat' dir='ltr'><strong>(Job</strong></span> <span class='ocrx_word' id='word_1_570' title='bbox 1117 4401 1231 4448; x_wconf 63' lang='grc' dir='ltr'>χιιι,</span> <span class='ocrx_word' id='word_1_571' title='bbox 1264 4386 1329 4443; x_wconf 85' lang='grc'><strong>19</strong></span> <span class='ocrx_word' id='word_1_572' title='bbox 1348 4398 1395 4442; x_wconf 87' lang='lat' dir='ltr'><strong>et</strong></span> <span class='ocrx_word' id='word_1_573' title='bbox 1417 4388 1533 4456; x_wconf 71' lang='lat'><strong>20).</strong></span> 
     </span>
    </p>
   </div>
   <div class='ocr_carea' id='block_1_62' title="bbox 600 4476 2128 4550">
    <p class='ocr_par' dir='ltr' id='par_1_62' title="bbox 600 4476 2128 4550">
     <span class='ocr_line' id='line_1_62' title="bbox 600 4476 2128 4550; baseline 0.004 -20"><span class='ocrx_word' id='word_1_574' title='bbox 600 4476 688 4530; x_wconf 87' lang='grc'><strong>10.</strong></span> <span class='ocrx_word' id='word_1_575' title='bbox 733 4476 859 4531; x_wconf 63' lang='lat' dir='ltr'><strong>Han:</strong></span> <span class='ocrx_word' id='word_1_576' title='bbox 887 4492 1017 4547; x_wconf 86' lang='lat' dir='ltr'><strong>ergo</strong></span> <span class='ocrx_word' id='word_1_577' title='bbox 1048 4480 1259 4547; x_wconf 82' lang='lat' dir='ltr'><strong>parcius</strong></span> <span class='ocrx_word' id='word_1_578' title='bbox 1288 4481 1338 4534; x_wconf 93' lang='lat' dir='ltr'><strong>in</strong></span> <span class='ocrx_word' id='word_1_579' title='bbox 1368 4480 1593 4536; x_wconf 85' lang='lat' dir='ltr'><strong>exordio</strong></span> <span class='ocrx_word' id='word_1_580' title='bbox 1620 4481 1920 4550; x_wconf 77' lang='lat' dir='ltr'><strong>reSpondit,</strong></span> <span class='ocrx_word' id='word_1_581' title='bbox 1949 4490 2008 4537; x_wconf 90' lang='lat' dir='ltr'><strong>ut</strong></span> <span class='ocrx_word' id='word_1_582' title='bbox 2032 4482 2128 4536; x_wconf 88' lang='lat' dir='ltr'><strong>ad--</strong></span> 
     </span>
    </p>
   </div>
   <div class='ocr_carea' id='block_1_63' title="bbox 528 4568 2127 4641">
    <p class='ocr_par' dir='ltr' id='par_1_63' title="bbox 528 4568 2127 4641">
     <span class='ocr_line' id='line_1_63' title="bbox 528 4568 2127 4641; baseline 0.001 -17"><span class='ocrx_word' id='word_1_583' title='bbox 528 4577 780 4624; x_wconf 87' lang='lat' dir='ltr'><strong>moneret</strong></span> <span class='ocrx_word' id='word_1_584' title='bbox 835 4568 957 4623; x_wconf 89' lang='lat' dir='ltr'><strong>illos</strong></span> <span class='ocrx_word' id='word_1_585' title='bbox 981 4569 1166 4640; x_wconf 85' lang='lat' dir='ltr'><strong>judicii</strong></span> <span class='ocrx_word' id='word_1_586' title='bbox 1202 4571 1313 4633; x_wconf 85' lang='lat' dir='ltr'><strong>Dei,</strong></span> <span class='ocrx_word' id='word_1_587' title='bbox 1345 4581 1505 4641; x_wconf 86' lang='lat' dir='ltr'><strong>atque</strong></span> <span class='ocrx_word' id='word_1_588' title='bbox 1541 4574 1610 4626; x_wconf 86' lang='lat' dir='ltr'><strong>ab</strong></span> <span class='ocrx_word' id='word_1_589' title='bbox 1639 4572 1924 4627; x_wconf 80' lang='lat' dir='ltr'><strong>inSolentia</strong></span> <span class='ocrx_word' id='word_1_590' title='bbox 1956 4582 2009 4626; x_wconf 92' lang='lat' dir='ltr'><strong>et</strong></span> <span class='ocrx_word' id='word_1_591' title='bbox 2041 4572 2127 4626; x_wconf 35' lang='lat' dir='ltr'><strong>ius</strong></span> 
     </span>
    </p>
   </div>
   <div class='ocr_carea' id='block_1_64' title="bbox 526 4664 2131 4736">
    <p class='ocr_par' dir='ltr' id='par_1_64' title="bbox 526 4664 2131 4736">
     <span class='ocr_line' id='line_1_64' title="bbox 526 4664 2131 4736; baseline 0.001 -17"><span class='ocrx_word' id='word_1_592' title='bbox 526 4678 654 4719; x_wconf 88' lang='lat' dir='ltr'><strong>rore</strong></span> <span class='ocrx_word' id='word_1_593' title='bbox 694 4672 976 4717; x_wconf 78' lang='lat' dir='ltr'><strong>revocatos</strong></span> <span class='ocrx_word' id='word_1_594' title='bbox 1030 4665 1181 4733; x_wconf 90' lang='lat' dir='ltr'><strong>quasi</strong></span> <span class='ocrx_word' id='word_1_595' title='bbox 1230 4665 1405 4719; x_wconf 87' lang='lat' dir='ltr'><strong>bonus</strong></span> <span class='ocrx_word' id='word_1_596' title='bbox 1434 4666 1671 4720; x_wconf 89' lang='lat' dir='ltr'><strong>medicus</strong></span> <span class='ocrx_word' id='word_1_597' title='bbox 1702 4664 1905 4720; x_wconf 88' lang='lat' dir='ltr'><strong>faceret</strong></span> <span class='ocrx_word' id='word_1_598' title='bbox 1940 4667 2131 4736; x_wconf 89' lang='lat' dir='ltr'><strong>resipi-</strong></span> 
     </span>
    </p>
   </div>
   <div class='ocr_carea' id='block_1_65' title="bbox 530 4756 2125 4832">
    <p class='ocr_par' dir='ltr' id='par_1_65' title="bbox 530 4756 2125 4832">
     <span class='ocr_line' id='line_1_65' title="bbox 530 4756 2125 4832; baseline 0.002 -19"><span class='ocrx_word' id='word_1_599' title='bbox 530 4772 703 4814; x_wconf 89' lang='lat' dir='ltr'><strong>scere.</strong></span> <span class='ocrx_word' id='word_1_600' title='bbox 725 4756 832 4813; x_wconf 88' lang='lat' dir='ltr'><strong>Sed</strong></span> <span class='ocrx_word' id='word_1_601' title='bbox 875 4768 1222 4829; x_wconf 71' lang='lat' dir='ltr'><strong>posteaquam</strong></span> <span class='ocrx_word' id='word_1_602' title='bbox 1274 4774 1371 4814; x_wconf 89' lang='lat' dir='ltr'><strong>eos</strong></span> <span class='ocrx_word' id='word_1_603' title='bbox 1418 4760 1652 4816; x_wconf 74' lang='lat' dir='ltr'><strong>advertit</strong></span> <span class='ocrx_word' id='word_1_604' title='bbox 1676 4776 2028 4832; x_wconf 84' lang='lat' dir='ltr'><strong>perseverare</strong></span> <span class='ocrx_word' id='word_1_605' title='bbox 2073 4762 2125 4815; x_wconf 90' lang='lat' dir='ltr'><strong>in</strong></span> 
     </span>
    </p>
   </div>
   <div class='ocr_carea' id='block_1_66' title="bbox 530 4851 2136 4925">
    <p class='ocr_par' dir='ltr' id='par_1_66' title="bbox 530 4851 2136 4925">
     <span class='ocr_line' id='line_1_66' title="bbox 530 4851 2136 4925; baseline 0.001 -18"><span class='ocrx_word' id='word_1_606' title='bbox 530 4852 896 4915; x_wconf 89' lang='lat' dir='ltr'><strong>contumeliis,</strong></span> <span class='ocrx_word' id='word_1_607' title='bbox 913 4853 1062 4920; x_wconf 87' lang='lat' dir='ltr'><strong>plura</strong></span> <span class='ocrx_word' id='word_1_608' title='bbox 1086 4851 1277 4907; x_wconf 80' lang='lat' dir='ltr'><strong>fortior</strong></span> <span class='ocrx_word' id='word_1_609' title='bbox 1295 4854 1638 4922; x_wconf 83' lang='lat' dir='ltr'><strong>repetivit,et</strong></span> <span class='ocrx_word' id='word_1_610' title='bbox 1660 4863 1931 4923; x_wconf 76' lang='lat' dir='ltr'><strong>tamquam</strong></span> <span class='ocrx_word' id='word_1_611' title='bbox 1960 4870 2136 4925; x_wconf 82' lang='lat' dir='ltr'><strong>pugno</strong></span> 
     </span>
    </p>
   </div>
   <div class='ocr_carea' id='block_1_67' title="bbox 531 4944 2136 5014">
    <p class='ocr_par' dir='ltr' id='par_1_67' title="bbox 531 4944 2136 5014">
     <span class='ocr_line' id='line_1_67' title="bbox 531 4944 2136 5014; baseline 0.002 -16"><span class='ocrx_word' id='word_1_612' title='bbox 531 4959 626 4999; x_wconf 89' lang='lat' dir='ltr'><strong>eos</strong></span> <span class='ocrx_word' id='word_1_613' title='bbox 653 4944 911 4999; x_wconf 88' lang='lat' dir='ltr'><strong>validiore</strong></span> <span class='ocrx_word' id='word_1_614' title='bbox 939 4946 1226 5014; x_wconf 67' lang='lat' dir='ltr'><strong>percussit,</strong></span> <span class='ocrx_word' id='word_1_615' title='bbox 1262 4944 1352 5014; x_wconf 90' lang='lat' dir='ltr'><strong>qui</strong></span> <span class='ocrx_word' id='word_1_616' title='bbox 1388 4946 1674 5000; x_wconf 89' lang='lat' dir='ltr'><strong>verborum</strong></span> <span class='ocrx_word' id='word_1_617' title='bbox 1721 4960 1940 5001; x_wconf 82' lang='lat' dir='ltr'><strong>suOrmn</strong></span> <span class='ocrx_word' id='word_1_618' title='bbox 1993 4948 2136 5002; x_wconf 81' lang='lat' dir='ltr'><strong>saxis</strong></span> 
     </span>
    </p>
   </div>
   <div class='ocr_carea' id='block_1_68' title="bbox 530 5034 2134 5106">
    <p class='ocr_par' dir='ltr' id='par_1_68' title="bbox 530 5034 2134 5106">
     <span class='ocr_line' id='line_1_68' title="bbox 530 5034 2134 5106; baseline 0.001 -17"><span class='ocrx_word' id='word_1_619' title='bbox 530 5034 843 5105; x_wconf 87' lang='lat' dir='ltr'><strong>lapidabant</strong></span> <span class='ocrx_word' id='word_1_620' title='bbox 876 5036 1173 5090; x_wconf 81' lang='lat' dir='ltr'><strong>innoxium.</strong></span> <span class='ocrx_word' id='word_1_621' title='bbox 1200 5034 1407 5098; x_wconf 83' lang='lat' dir='ltr'><strong>Audite,</strong></span> <span class='ocrx_word' id='word_1_622' title='bbox 1427 5035 1618 5106; x_wconf 87' lang='lat' dir='ltr'><strong>inquit,</strong></span> <span class='ocrx_word' id='word_1_623' title='bbox 1636 5037 1811 5091; x_wconf 84' lang='lat' dir='ltr'><strong>audite</strong></span> <span class='ocrx_word' id='word_1_624' title='bbox 1832 5038 1980 5091; x_wconf 83' lang='lat' dir='ltr'><strong>verba</strong></span> <span class='ocrx_word' id='word_1_625' title='bbox 2003 5055 2134 5104; x_wconf 88' lang='lat' dir='ltr'><strong>mea,</strong></span> 
     </span>
    </p>
   </div>
   <div class='ocr_carea' id='block_1_69' title="bbox 531 5130 2141 5201">
    <p class='ocr_par' dir='ltr' id='par_1_69' title="bbox 531 5130 2141 5201">
     <span class='ocr_line' id='line_1_69' title="bbox 531 5130 2141 5201; baseline 0.001 -16"><span class='ocrx_word' id='word_1_626' title='bbox 531 5140 557 5167; x_wconf 76' lang='grc' dir='ltr'><strong><em>η</em></strong></span> <span class='ocrx_word' id='word_1_627' title='bbox 587 5148 687 5185; x_wconf 90' lang='lat' dir='ltr'><strong>non</strong></span> <span class='ocrx_word' id='word_1_628' title='bbox 717 5132 783 5185; x_wconf 86' lang='lat' dir='ltr'><strong>sit</strong></span> <span class='ocrx_word' id='word_1_629' title='bbox 821 5132 944 5183; x_wconf 82' lang='lat' dir='ltr'><strong>mihi</strong></span> <span class='ocrx_word' id='word_1_630' title='bbox 967 5147 999 5183; x_wconf 90' lang='lat' dir='ltr'><strong>a</strong></span> <span class='ocrx_word' id='word_1_631' title='bbox 1026 5131 1164 5184; x_wconf 85' lang='lat' dir='ltr'><strong>vobis</strong></span> <span class='ocrx_word' id='word_1_632' title='bbox 1209 5130 1613 5184; x_wconf 86' lang='lat' dir='ltr'><strong>consolationem</strong></span> <span class='ocrx_word' id='word_1_633' title='bbox 1641 5146 1869 5200; x_wconf 66' lang='lat' dir='ltr'><strong>quaerere</strong></span> <span class='ocrx_word' id='word_1_634' title='bbox 1894 5147 1913 5186; x_wconf 89' lang='lat'><strong><em>:</em></strong></span> <span class='ocrx_word' id='word_1_635' title='bbox 1941 5141 2141 5201; x_wconf 85' lang='lat' dir='ltr'><strong>portate</strong></span> 
     </span>
    </p>
   </div>
   <div class='ocr_carea' id='block_1_70' title="bbox 532 5221 2138 5293">
    <p class='ocr_par' dir='ltr' id='par_1_70' title="bbox 532 5221 2138 5293">
     <span class='ocr_line' id='line_1_70' title="bbox 532 5221 2138 5293; baseline 0.002 -17"><span class='ocrx_word' id='word_1_636' title='bbox 532 5239 631 5289; x_wconf 87' lang='lat' dir='ltr'><strong>me,</strong></span> <span class='ocrx_word' id='word_1_637' title='bbox 658 5221 781 5293; x_wconf 87' lang='lat' dir='ltr'><strong>quia</strong></span> <span class='ocrx_word' id='word_1_638' title='bbox 804 5222 1027 5278; x_wconf 82' lang='lat' dir='ltr'><strong>fortiora</strong></span> <span class='ocrx_word' id='word_1_639' title='bbox 1061 5223 1278 5293; x_wconf 87' lang='lat' dir='ltr'><strong>loquar:</strong></span> <span class='ocrx_word' id='word_1_640' title='bbox 1305 5238 1467 5293; x_wconf 80' lang='lat' dir='ltr'><strong>grave</strong></span> <span class='ocrx_word' id='word_1_641' title='bbox 1494 5223 1600 5278; x_wconf 88' lang='lat' dir='ltr'><strong>erit</strong></span> <span class='ocrx_word' id='word_1_642' title='bbox 1621 5223 1828 5291; x_wconf 90' lang='lat' dir='ltr'><strong>pondus</strong></span> <span class='ocrx_word' id='word_1_643' title='bbox 1852 5224 2138 5280; x_wconf 89' lang='lat' dir='ltr'><strong>verborum</strong></span> 
     </span>
    </p>
   </div>
   <div class='ocr_carea' id='block_1_71' title="bbox 606 5379 2132 5447">
    <p class='ocr_par' dir='ltr' id='par_1_71' title="bbox 606 5379 2132 5447">
     <span class='ocr_line' id='line_1_71' title="bbox 606 5379 2132 5447; baseline -0.003 -10"><span class='ocrx_word' id='word_1_644' title='bbox 606 5391 632 5419; x_wconf 79' lang='grc' dir='ltr'><strong>ιι</strong></span> <span class='ocrx_word' id='word_1_645' title='bbox 675 5381 828 5437; x_wconf 85' lang='lat' dir='ltr'><strong>Rom.</strong></span> <span class='ocrx_word' id='word_1_646' title='bbox 864 5381 1022 5446; x_wconf 91' lang='lat' dir='ltr'><strong>edit.,</strong></span> <span class='ocrx_word' id='word_1_647' title='bbox 1071 5390 1127 5435; x_wconf 86' lang='lat' dir='ltr'><strong>ut</strong></span> <span class='ocrx_word' id='word_1_648' title='bbox 1169 5382 1232 5435; x_wconf 87' lang='lat' dir='ltr'><strong>sit</strong></span> <span class='ocrx_word' id='word_1_649' title='bbox 1262 5382 1389 5434; x_wconf 82' lang='lat' dir='ltr'><strong>mihi</strong></span> <span class='ocrx_word' id='word_1_650' title='bbox 1418 5397 1449 5433; x_wconf 89' lang='lat' dir='ltr'><strong>a</strong></span> <span class='ocrx_word' id='word_1_651' title='bbox 1477 5380 1615 5435; x_wconf 87' lang='lat' dir='ltr'><strong>vobis</strong></span> <span class='ocrx_word' id='word_1_652' title='bbox 1662 5379 1771 5434; x_wconf 79' lang='lat' dir='ltr'><strong>hrec</strong></span> <span class='ocrx_word' id='word_1_653' title='bbox 1807 5380 2132 5447; x_wconf 77' lang='lat' dir='ltr'><strong>consolatio;</strong></span> 
     </span>
    </p>
   </div>
   <div class='ocr_carea' id='block_1_72' title="bbox 531 5451 2135 5518">
    <p class='ocr_par' dir='ltr' id='par_1_72' title="bbox 531 5451 2135 5518">
     <span class='ocr_line' id='line_1_72' title="bbox 531 5451 2135 5518; baseline -0.001 -12"><span class='ocrx_word' id='word_1_654' title='bbox 531 5453 652 5508; x_wconf 68' lang='lat' dir='ltr'><strong>alite</strong></span> <span class='ocrx_word' id='word_1_655' title='bbox 674 5461 731 5507; x_wconf 78' lang='lat' dir='ltr'><strong>rt</strong></span> <span class='ocrx_word' id='word_1_656' title='bbox 755 5468 886 5508; x_wconf 85' lang='lat' dir='ltr'><strong>mss.</strong></span> <span class='ocrx_word' id='word_1_657' title='bbox 916 5468 1129 5518; x_wconf 72' lang='lat' dir='ltr'><strong>ontnes,</strong></span> <span class='ocrx_word' id='word_1_658' title='bbox 1155 5470 1254 5506; x_wconf 85' lang='lat' dir='ltr'><strong>non</strong></span> <span class='ocrx_word' id='word_1_659' title='bbox 1284 5456 1351 5507; x_wconf 89' lang='lat' dir='ltr'><strong>sit</strong></span> <span class='ocrx_word' id='word_1_660' title='bbox 1372 5451 1494 5505; x_wconf 86' lang='lat' dir='ltr'><strong>mihi</strong></span> <span class='ocrx_word' id='word_1_661' title='bbox 1517 5470 1549 5506; x_wconf 89' lang='lat' dir='ltr'><strong>a</strong></span> <span class='ocrx_word' id='word_1_662' title='bbox 1570 5451 1710 5505; x_wconf 77' lang='lat' dir='ltr'><strong>vobis</strong></span> <span class='ocrx_word' id='word_1_663' title='bbox 1732 5451 2135 5505; x_wconf 79' lang='lat' dir='ltr'><strong>consolationem</strong></span> 
     </span>
    </p>
   </div>
   <div class='ocr_carea' id='block_1_73' title="bbox 532 5522 2136 5601">
    <p class='ocr_par' dir='ltr' id='par_1_73' title="bbox 532 5522 2136 5601">
     <span class='ocr_line' id='line_1_73' title="bbox 532 5522 2136 5601; baseline -0.001 -25"><span class='ocrx_word' id='word_1_664' title='bbox 532 5540 776 5601; x_wconf 73' lang='lat' dir='ltr'><strong>quaerere.</strong></span> <span class='ocrx_word' id='word_1_665' title='bbox 815 5524 958 5601; x_wconf 62' lang='lat' dir='ltr'><strong>LXX</strong></span> <span class='ocrx_word' id='word_1_666' title='bbox 986 5534 1163 5578; x_wconf 90' lang='lat' dir='ltr'><strong>autem</strong></span> <span class='ocrx_word' id='word_1_667' title='bbox 1182 5566 1195 5585; x_wconf 86' lang='lat'><strong>,</strong></span> <span class='ocrx_word' id='word_1_668' title='bbox 1224 5523 1406 5601; x_wconf 57' lang='lat' dir='ltr'><strong>impr}</strong></span> <span class='ocrx_word' id='word_1_669' title='bbox 1446 5522 1475 5583; x_wconf 71' lang='grc' dir='ltr'><strong>ἦ</strong></span> <span class='ocrx_word' id='word_1_670' title='bbox 1509 5547 1595 5596; x_wconf 81' lang='grc' dir='ltr'><strong>μοι</strong></span> <span class='ocrx_word' id='word_1_671' title='bbox 1621 5525 1764 5601; x_wconf 73' lang='grc' dir='ltr'><strong>παρά</strong></span> <span class='ocrx_word' id='word_1_672' title='bbox 1790 5524 1932 5596; x_wconf 75' lang='grc' dir='ltr'><strong>ὑμῶν</strong></span> <span class='ocrx_word' id='word_1_673' title='bbox 2105 5526 2136 5583; x_wconf 75' lang='grc' dir='ltr'>ἡ</span> 
     </span>
    </p>
   </div>
   <div class='ocr_carea' id='block_1_74' title="bbox 531 5594 2135 5674">
    <p class='ocr_par' dir='ltr' id='par_1_74' title="bbox 531 5594 2135 5674">
     <span class='ocr_line' id='line_1_74' title="bbox 531 5594 2135 5674; baseline -0.002 -23"><span class='ocrx_word' id='word_1_674' title='bbox 531 5598 875 5674; x_wconf 53' lang='grc' dir='ltr'><strong>παράκληφις.</strong></span> <span class='ocrx_word' id='word_1_675' title='bbox 896 5596 1148 5674; x_wconf 65' lang='lat' dir='ltr'><strong>Altamen</strong></span> <span class='ocrx_word' id='word_1_676' title='bbox 1175 5594 1772 5674; x_wconf 42' lang='lat' dir='ltr'><strong>qmedittiexemplaria</strong></span> <span class='ocrx_word' id='word_1_677' title='bbox 1796 5594 1843 5674; x_wconf 61' lang='lat' dir='ltr'><strong>tt}</strong></span> <span class='ocrx_word' id='word_1_678' title='bbox 1865 5594 2135 5661; x_wconf 83' lang='lat' dir='ltr'><strong>gationetn</strong></span> 
     </span>
    </p>
   </div>
   <div class='ocr_carea' id='block_1_75' title="bbox 535 5665 2009 5737">
    <p class='ocr_par' dir='ltr' id='par_1_75' title="bbox 535 5665 2009 5737">
     <span class='ocr_line' id='line_1_75' title="bbox 535 5665 2009 5737; baseline -0.004 -16"><span class='ocrx_word' id='word_1_679' title='bbox 535 5665 981 5737; x_wconf 66' lang='lat' dir='ltr'><strong>prii-terminauit,</strong></span> <span class='ocrx_word' id='word_1_680' title='bbox 1010 5675 1067 5720; x_wconf 89' lang='lat' dir='ltr'><strong>ut</strong></span> <span class='ocrx_word' id='word_1_681' title='bbox 1092 5666 1251 5721; x_wconf 74' lang='lat' dir='ltr'><strong>doret</strong></span> <span class='ocrx_word' id='word_1_682' title='bbox 1282 5666 1523 5721; x_wconf 84' lang='lat' dir='ltr'><strong>Nobilius</strong></span> <span class='ocrx_word' id='word_1_683' title='bbox 1552 5666 1617 5720; x_wconf 82' lang='lat' dir='ltr'><strong>ad</strong></span> <span class='ocrx_word' id='word_1_684' title='bbox 1650 5667 1790 5718; x_wconf 84' lang='lat' dir='ltr'><strong>hunc</strong></span> <span class='ocrx_word' id='word_1_685' title='bbox 1814 5665 2009 5718; x_wconf 86' lang='lat' dir='ltr'><strong>locum.</strong></span> 
     </span>
    </p>
   </div>
   <div class='ocr_carea' id='block_1_76' title="bbox 606 5733 2133 5803">
    <p class='ocr_par' dir='ltr' id='par_1_76' title="bbox 606 5733 2133 5803">
     <span class='ocr_line' id='line_1_76' title="bbox 606 5733 2133 5803; baseline 0 -14"><span class='ocrx_word' id='word_1_686' title='bbox 606 5734 635 5775; x_wconf 69' lang='grc' dir='ltr'>δ</span> <span class='ocrx_word' id='word_1_687' title='bbox 680 5736 821 5789; x_wconf 83' lang='lat' dir='ltr'><strong>Edit.</strong></span> <span class='ocrx_word' id='word_1_688' title='bbox 858 5748 966 5791; x_wconf 83' lang='lat' dir='ltr'><strong>Vcl.</strong></span> <span class='ocrx_word' id='word_1_689' title='bbox 1018 5752 1080 5790; x_wconf 88' lang='lat' dir='ltr'><strong>ac</strong></span> <span class='ocrx_word' id='word_1_690' title='bbox 1111 5752 1241 5790; x_wconf 74' lang='lat' dir='ltr'><strong>mss.</strong></span> <span class='ocrx_word' id='word_1_691' title='bbox 1288 5738 1418 5803; x_wconf 92' lang='lat' dir='ltr'><strong>duo,</strong></span> <span class='ocrx_word' id='word_1_692' title='bbox 1462 5748 1509 5791; x_wconf 84' lang='lat' dir='ltr'><strong>et</strong></span> <span class='ocrx_word' id='word_1_693' title='bbox 1536 5737 1733 5791; x_wconf 77' lang='lat' dir='ltr'><strong>videtur</strong></span> <span class='ocrx_word' id='word_1_694' title='bbox 1763 5736 1857 5789; x_wconf 85' lang='lat' dir='ltr'><strong>hoc</strong></span> <span class='ocrx_word' id='word_1_695' title='bbox 1891 5733 2133 5789; x_wconf 77' lang='lat' dir='ltr'><strong>steculum</strong></span> 
     </span>
    </p>
   </div>
   <div class='ocr_carea' id='block_1_77' title="bbox 539 5805 2130 5875">
    <p class='ocr_par' dir='ltr' id='par_1_77' title="bbox 539 5805 2130 5875">
     <span class='ocr_line' id='line_1_77' title="bbox 539 5805 2130 5875; baseline -0.001 -14"><span class='ocrx_word' id='word_1_696' title='bbox 539 5816 859 5875; x_wconf 69' lang='lat' dir='ltr'><strong>peccatorum</strong></span> <span class='ocrx_word' id='word_1_697' title='bbox 885 5809 1064 5860; x_wconf 88' lang='lat' dir='ltr'><strong>merito</strong></span> <span class='ocrx_word' id='word_1_698' title='bbox 1094 5809 1260 5866; x_wconf 74' lang='lat' dir='ltr'><strong>deseri</strong></span> <span class='ocrx_word' id='word_1_699' title='bbox 1286 5826 1298 5861; x_wconf 91' lang='lat'><strong>:</strong></span> <span class='ocrx_word' id='word_1_700' title='bbox 1326 5810 1414 5861; x_wconf 90' lang='lat' dir='ltr'><strong>alii</strong></span> <span class='ocrx_word' id='word_1_701' title='bbox 1444 5817 1651 5862; x_wconf 88' lang='lat' dir='ltr'><strong>tres....</strong></span> <span class='ocrx_word' id='word_1_702' title='bbox 1694 5807 1877 5860; x_wconf 81' lang='lat' dir='ltr'><strong>merito</strong></span> <span class='ocrx_word' id='word_1_703' title='bbox 1918 5805 2130 5875; x_wconf 76' lang='lat' dir='ltr'><strong>deferri.</strong></span> 
     </span>
    </p>
   </div>
   <div class='ocr_carea' id='block_1_78' title="bbox 538 5876 2131 5949">
    <p class='ocr_par' dir='ltr' id='par_1_78' title="bbox 538 5876 2131 5949">
     <span class='ocr_line' id='line_1_78' title="bbox 538 5876 2131 5949; baseline -0.003 -16"><span class='ocrx_word' id='word_1_704' title='bbox 538 5878 696 5935; x_wconf 74' lang='lat' dir='ltr'><strong>Rom.</strong></span> <span class='ocrx_word' id='word_1_705' title='bbox 730 5877 887 5935; x_wconf 57' lang='lat' dir='ltr'><strong>aditu</strong></span> <span class='ocrx_word' id='word_1_706' title='bbox 911 5888 956 5931; x_wconf 81' lang='lat' dir='ltr'><strong>et</strong></span> <span class='ocrx_word' id='word_1_707' title='bbox 977 5878 1213 5933; x_wconf 81' lang='lat' dir='ltr'><strong>videntur</strong></span> <span class='ocrx_word' id='word_1_708' title='bbox 1242 5880 1526 5934; x_wconf 84' lang='lat' dir='ltr'><strong>secundum</strong></span> <span class='ocrx_word' id='word_1_709' title='bbox 1548 5876 1644 5931; x_wconf 79' lang='lat' dir='ltr'><strong>hoc</strong></span> <span class='ocrx_word' id='word_1_710' title='bbox 1686 5879 1928 5934; x_wconf 74' lang='lat' dir='ltr'><strong>swculum</strong></span> <span class='ocrx_word' id='word_1_711' title='bbox 1951 5892 2131 5949; x_wconf 49' lang='lat' dir='ltr'><strong>peccas</strong></span> 
     </span>
    </p>
   </div>
   <div class='ocr_carea' id='block_1_79' title="bbox 2221 3356 3810 3427">
    <p class='ocr_par' dir='ltr' id='par_1_79' title="bbox 2221 3356 3810 3427">
     <span class='ocr_line' id='line_1_79' title="bbox 2221 3356 3810 3427; baseline -0.004 -10"><span class='ocrx_word' id='word_1_712' title='bbox 2221 3371 2273 3417; x_wconf 92' lang='lat' dir='ltr'><strong>ta</strong></span> <span class='ocrx_word' id='word_1_713' title='bbox 2308 3362 2581 3427; x_wconf 89' lang='lat' dir='ltr'><strong>videatur;</strong></span> <span class='ocrx_word' id='word_1_714' title='bbox 2602 3362 2741 3415; x_wconf 91' lang='lat' dir='ltr'><strong>sicut</strong></span> <span class='ocrx_word' id='word_1_715' title='bbox 2769 3359 2899 3415; x_wconf 80' lang='lat' dir='ltr'><strong>vidit</strong></span> <span class='ocrx_word' id='word_1_716' title='bbox 2928 3359 3285 3415; x_wconf 82' lang='lat' dir='ltr'><strong>Ecclesiastes</strong></span> <span class='ocrx_word' id='word_1_717' title='bbox 3312 3358 3533 3412; x_wconf 82' lang='lat' dir='ltr'><strong>divitias</strong></span> <span class='ocrx_word' id='word_1_718' title='bbox 3558 3356 3810 3413; x_wconf 71' lang='grc' dir='ltr'><strong>ςιιειοᾶιτί</strong></span> 
     </span>
    </p>
   </div>
   <div class='ocr_carea' id='block_1_80' title="bbox 2224 3453 3806 3526">
    <p class='ocr_par' dir='ltr' id='par_1_80' title="bbox 2224 3453 3806 3526">
     <span class='ocr_line' id='line_1_80' title="bbox 2224 3453 3806 3526; baseline -0.004 -15"><span class='ocrx_word' id='word_1_719' title='bbox 2224 3457 2279 3511; x_wconf 87' lang='lat' dir='ltr'><strong>iit</strong></span> <span class='ocrx_word' id='word_1_720' title='bbox 2314 3458 2511 3510; x_wconf 87' lang='lat' dir='ltr'><strong>malum</strong></span> <span class='ocrx_word' id='word_1_721' title='bbox 2573 3455 2876 3526; x_wconf 85' lang='lat' dir='ltr'><strong>possidenti</strong></span> <span class='ocrx_word' id='word_1_722' title='bbox 2901 3468 2994 3509; x_wconf 86' lang='lat' dir='ltr'><strong>eas</strong></span> <span class='ocrx_word' id='word_1_723' title='bbox 3023 3494 3039 3513; x_wconf 88' lang='lat'><strong>.</strong></span> <span class='ocrx_word' id='word_1_724' title='bbox 3069 3468 3192 3523; x_wconf 67' lang='lat' dir='ltr'><strong>qnte</strong></span> <span class='ocrx_word' id='word_1_725' title='bbox 3247 3462 3480 3522; x_wconf 89' lang='lat' dir='ltr'><strong>pereunt</strong></span> <span class='ocrx_word' id='word_1_726' title='bbox 3510 3453 3561 3507; x_wconf 91' lang='lat' dir='ltr'><strong>in</strong></span> <span class='ocrx_word' id='word_1_727' title='bbox 3611 3466 3806 3506; x_wconf 80' lang='lat' dir='ltr'><strong>summa</strong></span> 
     </span>
    </p>
   </div>
   <div class='ocr_carea' id='block_1_81' title="bbox 2223 3546 3811 3617">
    <p class='ocr_par' dir='ltr' id='par_1_81' title="bbox 2223 3546 3811 3617">
     <span class='ocr_line' id='line_1_81' title="bbox 2223 3546 3811 3617; baseline -0.007 -9"><span class='ocrx_word' id='word_1_728' title='bbox 2223 3552 2569 3608; x_wconf 80' lang='lat' dir='ltr'><strong>districtione</strong></span> <span class='ocrx_word' id='word_1_729' title='bbox 2619 3566 2682 3605; x_wconf 85' lang='lat' dir='ltr'><strong>ac</strong></span> <span class='ocrx_word' id='word_1_730' title='bbox 2714 3548 3086 3604; x_wconf 85' lang='lat' dir='ltr'><strong>sollicitudine</strong></span> <span class='ocrx_word' id='word_1_731' title='bbox 3116 3546 3317 3615; x_wconf 80' lang='lat' dir='ltr'><strong>(Eccle.</strong></span> <span class='ocrx_word' id='word_1_732' title='bbox 3345 3562 3397 3608; x_wconf 79' lang='grc' dir='ltr'><strong>ν.</strong></span> <span class='ocrx_word' id='word_1_733' title='bbox 3428 3547 3542 3617; x_wconf 75' lang='grc'><strong>12).</strong></span> <span class='ocrx_word' id='word_1_734' title='bbox 3597 3547 3811 3600; x_wconf 70' lang='lat' dir='ltr'><strong>l‘erc-unt</strong></span> 
     </span>
    </p>
   </div>
   <div class='ocr_carea' id='block_1_82' title="bbox 2222 3637 3809 3714">
    <p class='ocr_par' dir='ltr' id='par_1_82' title="bbox 2222 3637 3809 3714">
     <span class='ocr_line' id='line_1_82' title="bbox 2222 3637 3809 3714; baseline -0.007 -14"><span class='ocrx_word' id='word_1_735' title='bbox 2222 3645 2366 3700; x_wconf 88' lang='lat' dir='ltr'><strong>enim</strong></span> <span class='ocrx_word' id='word_1_736' title='bbox 2394 3658 2516 3714; x_wconf 68' lang='lat' dir='ltr'><strong>quae</strong></span> <span class='ocrx_word' id='word_1_737' title='bbox 2550 3643 2635 3696; x_wconf 85' lang='lat' dir='ltr'><strong>hic</strong></span> <span class='ocrx_word' id='word_1_738' title='bbox 2664 3641 3066 3706; x_wconf 67' lang='lat' dir='ltr'><strong>relinquuntur,</strong></span> <span class='ocrx_word' id='word_1_739' title='bbox 3091 3647 3148 3692; x_wconf 91' lang='lat' dir='ltr'><strong>et</strong></span> <span class='ocrx_word' id='word_1_740' title='bbox 3180 3650 3398 3692; x_wconf 90' lang='lat' dir='ltr'><strong>mortuo</strong></span> <span class='ocrx_word' id='word_1_741' title='bbox 3432 3637 3691 3707; x_wconf 77' lang='lat' dir='ltr'><strong>prodesse</strong></span> <span class='ocrx_word' id='word_1_742' title='bbox 3716 3651 3809 3691; x_wconf 83' lang='lat' dir='ltr'><strong>non</strong></span> 
     </span>
    </p>
   </div>
   <div class='ocr_carea' id='block_1_83' title="bbox 2225 3728 3811 3810">
    <p class='ocr_par' dir='ltr' id='par_1_83' title="bbox 2225 3728 3811 3810">
     <span class='ocr_line' id='line_1_83' title="bbox 2225 3728 3811 3810; baseline -0.007 -19"><span class='ocrx_word' id='word_1_743' title='bbox 2225 3744 2474 3810; x_wconf 80' lang='lat' dir='ltr'><strong>possunt.</strong></span> <span class='ocrx_word' id='word_1_744' title='bbox 2506 3735 2891 3804; x_wconf 79' lang='lat' dir='ltr'><strong>Habuitigitur</strong></span> <span class='ocrx_word' id='word_1_745' title='bbox 2938 3734 3223 3787; x_wconf 82' lang='lat' dir='ltr'><strong>defunctus</strong></span> <span class='ocrx_word' id='word_1_746' title='bbox 3244 3748 3311 3787; x_wconf 85' lang='lat' dir='ltr'><strong>ex</strong></span> <span class='ocrx_word' id='word_1_747' title='bbox 3357 3731 3465 3786; x_wconf 78' lang='lat' dir='ltr'><strong>illis</strong></span> <span class='ocrx_word' id='word_1_748' title='bbox 3506 3728 3811 3783; x_wconf 88' lang='lat' dir='ltr'><strong>sollicitudi-</strong></span> 
     </span>
    </p>
   </div>
   <div class='ocr_carea' id='block_1_84' title="bbox 2226 3819 3810 3899">
    <p class='ocr_par' dir='ltr' id='par_1_84' title="bbox 2226 3819 3810 3899">
     <span class='ocr_line' id='line_1_84' title="bbox 2226 3819 3810 3899; baseline -0.008 -12"><span class='ocrx_word' id='word_1_749' title='bbox 2226 3847 2373 3895; x_wconf 88' lang='lat' dir='ltr'><strong>nem,</strong></span> <span class='ocrx_word' id='word_1_750' title='bbox 2407 3832 2652 3899; x_wconf 86' lang='lat' dir='ltr'><strong>requiem</strong></span> <span class='ocrx_word' id='word_1_751' title='bbox 2678 3826 2922 3881; x_wconf 89' lang='lat' dir='ltr'><strong>iuvenire</strong></span> <span class='ocrx_word' id='word_1_752' title='bbox 2947 3840 3052 3879; x_wconf 92' lang='lat' dir='ltr'><strong>non</strong></span> <span class='ocrx_word' id='word_1_753' title='bbox 3083 3830 3293 3895; x_wconf 86' lang='lat' dir='ltr'><strong>potuit,</strong></span> <span class='ocrx_word' id='word_1_754' title='bbox 3325 3824 3418 3892; x_wconf 88' lang='lat' dir='ltr'><strong>qui</strong></span> <span class='ocrx_word' id='word_1_755' title='bbox 3442 3823 3655 3890; x_wconf 88' lang='lat' dir='ltr'><strong>reliquit</strong></span> <span class='ocrx_word' id='word_1_756' title='bbox 3684 3819 3810 3889; x_wconf 86' lang='lat' dir='ltr'><strong>quod</strong></span> 
     </span>
    </p>
   </div>
   <div class='ocr_carea' id='block_1_85' title="bbox 2225 3913 3811 3987">
    <p class='ocr_par' dir='ltr' id='par_1_85' title="bbox 2225 3913 3811 3987">
     <span class='ocr_line' id='line_1_85' title="bbox 2225 3913 3811 3987; baseline -0.009 -6"><span class='ocrx_word' id='word_1_757' title='bbox 2225 3924 2597 3987; x_wconf 68' lang='lat' dir='ltr'><strong>erubesceret,</strong></span> <span class='ocrx_word' id='word_1_758' title='bbox 2626 3934 2722 3974; x_wconf 87' lang='lat' dir='ltr'><strong>nec</strong></span> <span class='ocrx_word' id='word_1_759' title='bbox 2754 3933 2937 3973; x_wconf 88' lang='lat' dir='ltr'><strong>secum</strong></span> <span class='ocrx_word' id='word_1_760' title='bbox 2966 3917 3190 3971; x_wconf 86' lang='lat' dir='ltr'><strong>abstulit</strong></span> <span class='ocrx_word' id='word_1_761' title='bbox 3211 3916 3357 3984; x_wconf 90' lang='lat' dir='ltr'><strong>quod</strong></span> <span class='ocrx_word' id='word_1_762' title='bbox 3392 3926 3622 3976; x_wconf 65' lang='lat' dir='ltr'><strong>toni-ret,</strong></span> <span class='ocrx_word' id='word_1_763' title='bbox 3673 3913 3811 3983; x_wconf 81' lang='lat' dir='ltr'><strong>longe</strong></span> 
     </span>
    </p>
   </div>
   <div class='ocr_carea' id='block_1_86' title="bbox 2226 4008 3809 4087">
    <p class='ocr_par' dir='ltr' id='par_1_86' title="bbox 2226 4008 3809 4087">
     <span class='ocr_line' id='line_1_86' title="bbox 2226 4008 3809 4087; baseline -0.011 -13"><span class='ocrx_word' id='word_1_764' title='bbox 2226 4017 2412 4087; x_wconf 89' lang='lat' dir='ltr'><strong>dispar</strong></span> <span class='ocrx_word' id='word_1_765' title='bbox 2440 4015 2507 4068; x_wconf 89' lang='lat' dir='ltr'><strong>ab</strong></span> <span class='ocrx_word' id='word_1_766' title='bbox 2542 4030 2607 4070; x_wconf 87' lang='lat' dir='ltr'><strong>eo</strong></span> <span class='ocrx_word' id='word_1_767' title='bbox 2640 4014 2706 4069; x_wconf 87' lang='lat' dir='ltr'><strong>de</strong></span> <span class='ocrx_word' id='word_1_768' title='bbox 2742 4030 2849 4083; x_wconf 89' lang='lat' dir='ltr'><strong>quo</strong></span> <span class='ocrx_word' id='word_1_769' title='bbox 2879 4012 3137 4080; x_wconf 84' lang='lat' dir='ltr'><strong>scriptum</strong></span> <span class='ocrx_word' id='word_1_770' title='bbox 3167 4020 3251 4066; x_wconf 88' lang='lat' dir='ltr'><strong>est</strong></span> <span class='ocrx_word' id='word_1_771' title='bbox 3300 4028 3312 4062; x_wconf 91' lang='lat'><strong>:</strong></span> <span class='ocrx_word' id='word_1_772' title='bbox 3342 4008 3535 4063; x_wconf 84' lang='lat' dir='ltr'><strong>Beatus</strong></span> <span class='ocrx_word' id='word_1_773' title='bbox 3564 4008 3708 4061; x_wconf 80' lang='lat' dir='ltr'><strong>homo</strong></span> <span class='ocrx_word' id='word_1_774' title='bbox 3734 4008 3809 4075; x_wconf 78' lang='lat' dir='ltr'><strong>qui</strong></span> 
     </span>
    </p>
   </div>
   <div class='ocr_carea' id='block_1_87' title="bbox 2226 4103 3810 4179">
    <p class='ocr_par' dir='ltr' id='par_1_87' title="bbox 2226 4103 3810 4179">
     <span class='ocr_line' id='line_1_87' title="bbox 2226 4103 3810 4179; baseline -0.007 -15"><span class='ocrx_word' id='word_1_775' title='bbox 2226 4109 2439 4179; x_wconf 85' lang='lat' dir='ltr'><strong>replevit</strong></span> <span class='ocrx_word' id='word_1_776' title='bbox 2466 4107 2776 4161; x_wconf 83' lang='lat' dir='ltr'><strong>desiderium</strong></span> <span class='ocrx_word' id='word_1_777' title='bbox 2803 4122 2952 4159; x_wconf 85' lang='lat' dir='ltr'><strong>suum</strong></span> <span class='ocrx_word' id='word_1_778' title='bbox 2980 4121 3043 4158; x_wconf 78' lang='lat' dir='ltr'><strong>ea:</strong></span> <span class='ocrx_word' id='word_1_779' title='bbox 3082 4103 3201 4169; x_wconf 84' lang='lat' dir='ltr'><strong>his;</strong></span> <span class='ocrx_word' id='word_1_780' title='bbox 3225 4121 3327 4157; x_wconf 90' lang='lat' dir='ltr'><strong>non</strong></span> <span class='ocrx_word' id='word_1_781' title='bbox 3353 4103 3693 4166; x_wconf 80' lang='lat' dir='ltr'><strong>confundetur</strong></span> <span class='ocrx_word' id='word_1_782' title='bbox 3711 4118 3810 4155; x_wconf 76' lang='lat' dir='ltr'><strong>cura</strong></span> 
     </span>
    </p>
   </div>
   <div class='ocr_carea' id='block_1_88' title="bbox 2228 4195 3808 4273">
    <p class='ocr_par' dir='ltr' id='par_1_88' title="bbox 2228 4195 3808 4273">
     <span class='ocr_line' id='line_1_88' title="bbox 2228 4195 3808 4273; baseline -0.008 -15"><span class='ocrx_word' id='word_1_783' title='bbox 2228 4204 2466 4273; x_wconf 85' lang='lat' dir='ltr'><strong>loquetur</strong></span> <span class='ocrx_word' id='word_1_784' title='bbox 2491 4201 2714 4254; x_wconf 85' lang='lat' dir='ltr'><strong>inimicis</strong></span> <span class='ocrx_word' id='word_1_785' title='bbox 2769 4198 2877 4251; x_wconf 85' lang='lat' dir='ltr'><strong>suis</strong></span> <span class='ocrx_word' id='word_1_786' title='bbox 2917 4198 2970 4250; x_wconf 88' lang='lat' dir='ltr'><strong>in</strong></span> <span class='ocrx_word' id='word_1_787' title='bbox 3022 4208 3170 4268; x_wconf 88' lang='lat' dir='ltr'><strong>porta</strong></span> <span class='ocrx_word' id='word_1_788' title='bbox 3201 4196 3374 4265; x_wconf 84' lang='lat' dir='ltr'><strong>(Psal.</strong></span> <span class='ocrx_word' id='word_1_789' title='bbox 3410 4211 3591 4259; x_wconf 82' lang='lat' dir='ltr'><strong>cxxvt,</strong></span> <span class='ocrx_word' id='word_1_790' title='bbox 3623 4196 3697 4261; x_wconf 83' lang='lat'><strong>5).</strong></span> <span class='ocrx_word' id='word_1_791' title='bbox 3724 4195 3808 4247; x_wconf 91' lang='lat' dir='ltr'><strong>Cui</strong></span> 
     </span>
    </p>
   </div>
   <div class='ocr_carea' id='block_1_89' title="bbox 2231 4288 3809 4359">
    <p class='ocr_par' dir='ltr' id='par_1_89' title="bbox 2231 4288 3809 4359">
     <span class='ocr_line' id='line_1_89' title="bbox 2231 4288 3809 4359; baseline -0.005 -9"><span class='ocrx_word' id='word_1_792' title='bbox 2231 4294 2521 4350; x_wconf 75' lang='lat' dir='ltr'><strong>luereditas</strong></span> <span class='ocrx_word' id='word_1_793' title='bbox 2555 4292 2813 4346; x_wconf 85' lang='lat' dir='ltr'><strong>Dominus</strong></span> <span class='ocrx_word' id='word_1_794' title='bbox 2843 4301 2949 4357; x_wconf 89' lang='lat' dir='ltr'><strong>est,</strong></span> <span class='ocrx_word' id='word_1_795' title='bbox 2979 4300 3032 4345; x_wconf 90' lang='lat' dir='ltr'><strong>et</strong></span> <span class='ocrx_word' id='word_1_796' title='bbox 3065 4305 3273 4345; x_wconf 83' lang='lat' dir='ltr'><strong>merces</strong></span> <span class='ocrx_word' id='word_1_797' title='bbox 3294 4305 3359 4345; x_wconf 85' lang='lat' dir='ltr'><strong>ex</strong></span> <span class='ocrx_word' id='word_1_798' title='bbox 3390 4290 3575 4345; x_wconf 65' lang='lat' dir='ltr'><strong>Mariae</strong></span> <span class='ocrx_word' id='word_1_799' title='bbox 3598 4288 3809 4359; x_wconf 78' lang='lat' dir='ltr'><strong>Virginis</strong></span> 
     </span>
    </p>
   </div>
   <div class='ocr_carea' id='block_1_90' title="bbox 2162 4381 3806 4462">
    <p class='ocr_par' dir='ltr' id='par_1_90' title="bbox 2162 4381 3806 4462">
     <span class='ocr_line' id='line_1_90' title="bbox 2162 4381 3806 4462; baseline -0.005 -18"><span class='ocrx_word' id='word_1_800' title='bbox 2162 4428 2165 4429; x_wconf 49' lang='grc' dir='ltr'><em>ν</em></span> <span class='ocrx_word' id='word_1_801' title='bbox 2229 4400 2389 4462; x_wconf 91' lang='lat' dir='ltr'><strong>partu</strong></span> <span class='ocrx_word' id='word_1_802' title='bbox 2417 4406 2430 4441; x_wconf 91' lang='lat'><strong>:</strong></span> <span class='ocrx_word' id='word_1_803' title='bbox 2462 4388 2547 4442; x_wconf 89' lang='lat' dir='ltr'><strong>hic</strong></span> <span class='ocrx_word' id='word_1_804' title='bbox 2584 4388 2637 4441; x_wconf 90' lang='lat' dir='ltr'><strong>in</strong></span> <span class='ocrx_word' id='word_1_805' title='bbox 2665 4388 2811 4441; x_wconf 89' lang='lat' dir='ltr'><strong>exitu</strong></span> <span class='ocrx_word' id='word_1_806' title='bbox 2859 4385 3141 4451; x_wconf 68' lang='lat' dir='ltr'><strong>sapientim</strong></span> <span class='ocrx_word' id='word_1_807' title='bbox 3181 4384 3430 4438; x_wconf 85' lang='lat' dir='ltr'><strong>laudibus</strong></span> <span class='ocrx_word' id='word_1_808' title='bbox 3462 4381 3769 4453; x_wconf 63' lang='lat' dir='ltr'><strong>praedicatur</strong></span> <span class='ocrx_word' id='word_1_809' title='bbox 3794 4423 3806 4446; x_wconf 93' lang='lat'><strong>,</strong></span> 
     </span>
    </p>
   </div>
   <div class='ocr_carea' id='block_1_91' title="bbox 2228 4473 3803 4552">
    <p class='ocr_par' dir='ltr' id='par_1_91' title="bbox 2228 4473 3803 4552">
     <span class='ocr_line' id='line_1_91' title="bbox 2228 4473 3803 4552; baseline -0.005 -17"><span class='ocrx_word' id='word_1_810' title='bbox 2228 4480 2485 4552; x_wconf 89' lang='lat' dir='ltr'><strong>quoniam</strong></span> <span class='ocrx_word' id='word_1_811' title='bbox 2515 4494 2622 4532; x_wconf 90' lang='lat' dir='ltr'><strong>non</strong></span> <span class='ocrx_word' id='word_1_812' title='bbox 2654 4476 2841 4533; x_wconf 83' lang='lat' dir='ltr'><strong>habuit</strong></span> <span class='ocrx_word' id='word_1_813' title='bbox 2869 4474 3013 4546; x_wconf 88' lang='lat' dir='ltr'><strong>quod</strong></span> <span class='ocrx_word' id='word_1_814' title='bbox 3045 4474 3416 4540; x_wconf 83' lang='lat' dir='ltr'><strong>erubesceret,</strong></span> <span class='ocrx_word' id='word_1_815' title='bbox 3449 4474 3542 4542; x_wconf 90' lang='lat' dir='ltr'><strong>qui</strong></span> <span class='ocrx_word' id='word_1_816' title='bbox 3576 4473 3699 4528; x_wconf 88' lang='lat' dir='ltr'><strong>nihil</strong></span> <span class='ocrx_word' id='word_1_817' title='bbox 3731 4487 3803 4527; x_wconf 75' lang='lat' dir='ltr'><strong>eo</strong></span> 
     </span>
    </p>
   </div>
   <div class='ocr_carea' id='block_1_92' title="bbox 2230 4568 3802 4644">
    <p class='ocr_par' dir='ltr' id='par_1_92' title="bbox 2230 4568 3802 4644">
     <span class='ocr_line' id='line_1_92' title="bbox 2230 4568 3802 4644; baseline -0.007 -13"><span class='ocrx_word' id='word_1_818' title='bbox 2230 4592 2351 4632; x_wconf 87' lang='lat' dir='ltr'><strong>rum</strong></span> <span class='ocrx_word' id='word_1_819' title='bbox 2379 4590 2497 4644; x_wconf 69' lang='lat' dir='ltr'><strong>qnie</strong></span> <span class='ocrx_word' id='word_1_820' title='bbox 2528 4583 2653 4626; x_wconf 76' lang='lat' dir='ltr'><strong>sunt</strong></span> <span class='ocrx_word' id='word_1_821' title='bbox 2680 4570 2865 4626; x_wconf 71' lang='lat' dir='ltr'><strong>saeculi</strong></span> <span class='ocrx_word' id='word_1_822' title='bbox 2890 4569 3241 4638; x_wconf 86' lang='lat' dir='ltr'><strong>concupivit:</strong></span> <span class='ocrx_word' id='word_1_823' title='bbox 3272 4570 3366 4624; x_wconf 89' lang='lat' dir='ltr'><strong>sed</strong></span> <span class='ocrx_word' id='word_1_824' title='bbox 3413 4568 3765 4622; x_wconf 83' lang='lat' dir='ltr'><strong>adversarium</strong></span> <span class='ocrx_word' id='word_1_825' title='bbox 3790 4611 3802 4631; x_wconf 85' lang='lat'><strong>,</strong></span> 
     </span>
    </p>
   </div>
   <div class='ocr_carea' id='block_1_93' title="bbox 2236 4659 3807 4733">
    <p class='ocr_par' dir='ltr' id='par_1_93' title="bbox 2236 4659 3807 4733">
     <span class='ocr_line' id='line_1_93' title="bbox 2236 4659 3807 4733; baseline -0.006 -14"><span class='ocrx_word' id='word_1_826' title='bbox 2236 4665 2498 4733; x_wconf 89' lang='lat' dir='ltr'><strong>depositis</strong></span> <span class='ocrx_word' id='word_1_827' title='bbox 2550 4663 2753 4719; x_wconf 84' lang='lat' dir='ltr'><strong>veteris</strong></span> <span class='ocrx_word' id='word_1_828' title='bbox 2798 4660 3033 4715; x_wconf 90' lang='lat' dir='ltr'><strong>hominis</strong></span> <span class='ocrx_word' id='word_1_829' title='bbox 3063 4659 3295 4723; x_wconf 80' lang='lat' dir='ltr'><strong>exuviis,</strong></span> <span class='ocrx_word' id='word_1_830' title='bbox 3321 4659 3431 4713; x_wconf 90' lang='lat' dir='ltr'><strong>telo</strong></span> <span class='ocrx_word' id='word_1_831' title='bbox 3486 4660 3807 4714; x_wconf 74' lang='lat' dir='ltr'><strong>conlinentite</strong></span> 
     </span>
    </p>
   </div>
   <div class='ocr_carea' id='block_1_94' title="bbox 2239 4750 3806 4821">
    <p class='ocr_par' dir='ltr' id='par_1_94' title="bbox 2239 4750 3806 4821">
     <span class='ocr_line' id='line_1_94' title="bbox 2239 4750 3806 4821; baseline -0.004 -11"><span class='ocrx_word' id='word_1_832' title='bbox 2239 4756 2537 4817; x_wconf 87' lang='lat' dir='ltr'><strong>vulnerati;</strong></span> <span class='ocrx_word' id='word_1_833' title='bbox 2607 4765 2665 4809; x_wconf 93' lang='lat' dir='ltr'><strong>ut</strong></span> <span class='ocrx_word' id='word_1_834' title='bbox 2706 4754 3048 4821; x_wconf 58' lang='lat' dir='ltr'><strong>obstrepere</strong></span> <span class='ocrx_word' id='word_1_835' title='bbox 3107 4751 3157 4806; x_wconf 92' lang='lat' dir='ltr'><strong>ei</strong></span> <span class='ocrx_word' id='word_1_836' title='bbox 3227 4750 3279 4805; x_wconf 92' lang='lat' dir='ltr'><strong>in</strong></span> <span class='ocrx_word' id='word_1_837' title='bbox 3343 4752 3503 4819; x_wconf 88' lang='lat' dir='ltr'><strong>hujus</strong></span> <span class='ocrx_word' id='word_1_838' title='bbox 3562 4752 3679 4806; x_wconf 71' lang='lat' dir='ltr'><strong>vita:</strong></span> <span class='ocrx_word' id='word_1_839' title='bbox 3717 4750 3806 4804; x_wconf 83' lang='lat' dir='ltr'><strong>fine</strong></span> 
     </span>
    </p>
   </div>
   <div class='ocr_carea' id='block_1_95' title="bbox 2243 4844 3805 4919">
    <p class='ocr_par' dir='ltr' id='par_1_95' title="bbox 2243 4844 3805 4919">
     <span class='ocr_line' id='line_1_95' title="bbox 2243 4844 3805 4919; baseline -0.005 -14"><span class='ocrx_word' id='word_1_840' title='bbox 2243 4866 2350 4905; x_wconf 90' lang='lat' dir='ltr'><strong>non</strong></span> <span class='ocrx_word' id='word_1_841' title='bbox 2414 4856 2615 4919; x_wconf 87' lang='lat' dir='ltr'><strong>posset,</strong></span> <span class='ocrx_word' id='word_1_842' title='bbox 2672 4846 2893 4901; x_wconf 85' lang='lat' dir='ltr'><strong>vulnere</strong></span> <span class='ocrx_word' id='word_1_843' title='bbox 2922 4844 3167 4905; x_wconf 87' lang='lat' dir='ltr'><strong>claudus,</strong></span> <span class='ocrx_word' id='word_1_844' title='bbox 3200 4853 3257 4899; x_wconf 91' lang='lat' dir='ltr'><strong>et</strong></span> <span class='ocrx_word' id='word_1_845' title='bbox 3289 4845 3551 4898; x_wconf 88' lang='lat' dir='ltr'><strong>virtutum</strong></span> <span class='ocrx_word' id='word_1_846' title='bbox 3599 4845 3805 4898; x_wconf 86' lang='lat' dir='ltr'><strong>admira-</strong></span> 
     </span>
    </p>
   </div>
   <div class='ocr_carea' id='block_1_96' title="bbox 2241 4937 3804 5011">
    <p class='ocr_par' dir='ltr' id='par_1_96' title="bbox 2241 4937 3804 5011">
     <span class='ocr_line' id='line_1_96' title="bbox 2241 4937 3804 5011; baseline -0.01 -8"><span class='ocrx_word' id='word_1_847' title='bbox 2241 4947 2390 5003; x_wconf 91' lang='lat' dir='ltr'><strong>ti0ne</strong></span> <span class='ocrx_word' id='word_1_848' title='bbox 2436 4944 2713 5000; x_wconf 85' lang='lat' dir='ltr'><strong>confusus.</strong></span> <span class='ocrx_word' id='word_1_849' title='bbox 2773 4943 2947 4997; x_wconf 77' lang='lat' dir='ltr'><strong>llahes</strong></span> <span class='ocrx_word' id='word_1_850' title='bbox 2978 4957 3109 5011; x_wconf 79' lang='lat' dir='ltr'><strong>ergo</strong></span> <span class='ocrx_word' id='word_1_851' title='bbox 3154 4956 3259 4995; x_wconf 92' lang='lat' dir='ltr'><strong>non</strong></span> <span class='ocrx_word' id='word_1_852' title='bbox 3313 4955 3439 4995; x_wconf 89' lang='lat' dir='ltr'><strong>esse</strong></span> <span class='ocrx_word' id='word_1_853' title='bbox 3485 4937 3804 4999; x_wconf 85' lang='lat' dir='ltr'><strong>laudabilem,</strong></span> 
     </span>
    </p>
   </div>
   <div class='ocr_carea' id='block_1_97' title="bbox 2241 5032 3803 5109">
    <p class='ocr_par' dir='ltr' id='par_1_97' title="bbox 2241 5032 3803 5109">
     <span class='ocr_line' id='line_1_97' title="bbox 2241 5032 3803 5109; baseline -0.007 -16"><span class='ocrx_word' id='word_1_854' title='bbox 2241 5040 2333 5109; x_wconf 93' lang='lat' dir='ltr'><strong>qui</strong></span> <span class='ocrx_word' id='word_1_855' title='bbox 2360 5041 2690 5094; x_wconf 86' lang='lat' dir='ltr'><strong>inveteratus</strong></span> <span class='ocrx_word' id='word_1_856' title='bbox 2712 5037 2764 5091; x_wconf 86' lang='lat' dir='ltr'><strong>iri</strong></span> <span class='ocrx_word' id='word_1_857' title='bbox 2797 5036 3040 5107; x_wconf 81' lang='lat' dir='ltr'><strong>pecuniae</strong></span> <span class='ocrx_word' id='word_1_858' title='bbox 3066 5033 3362 5103; x_wconf 88' lang='lat' dir='ltr'><strong>cupiditate</strong></span> <span class='ocrx_word' id='word_1_859' title='bbox 3404 5032 3497 5098; x_wconf 91' lang='lat' dir='ltr'><strong>sit,</strong></span> <span class='ocrx_word' id='word_1_860' title='bbox 3541 5047 3642 5088; x_wconf 88' lang='lat' dir='ltr'><strong>non</strong></span> <span class='ocrx_word' id='word_1_861' title='bbox 3670 5042 3803 5085; x_wconf 86' lang='lat' dir='ltr'><strong>reno-</strong></span> 
     </span>
    </p>
   </div>
   <div class='ocr_carea' id='block_1_98' title="bbox 2241 5127 3101 5199">
    <p class='ocr_par' dir='ltr' id='par_1_98' title="bbox 2241 5127 3101 5199">
     <span class='ocr_line' id='line_1_98' title="bbox 2241 5127 3101 5199; baseline -0.005 -13"><span class='ocrx_word' id='word_1_862' title='bbox 2241 5142 2397 5186; x_wconf 87' lang='lat' dir='ltr'><strong>vatus</strong></span> <span class='ocrx_word' id='word_1_863' title='bbox 2425 5132 2478 5186; x_wconf 94' lang='lat' dir='ltr'><strong>in</strong></span> <span class='ocrx_word' id='word_1_864' title='bbox 2517 5130 2866 5199; x_wconf 79' lang='lat' dir='ltr'><strong>perceptione</strong></span> <span class='ocrx_word' id='word_1_865' title='bbox 2894 5127 3101 5199; x_wconf 79' lang='lat' dir='ltr'><strong>gratiae.</strong></span> 
     </span>
    </p>
   </div>
   <div class='ocr_carea' id='block_1_99' title="bbox 2220 5218 3803 5305">
    <p class='ocr_par' dir='ltr' id='par_1_99' title="bbox 2220 5218 3803 5305">
     <span class='ocr_line' id='line_1_99' title="bbox 2220 5218 3803 5305; baseline -0.009 -25"><span class='ocrx_word' id='word_1_866' title='bbox 2220 5297 2235 5305; x_wconf 41' lang='grc'><strong><em>⁸</em></strong></span> <span class='ocrx_word' id='word_1_867' title='bbox 2318 5225 2405 5280; x_wconf 80' lang='grc'><strong>15.</strong></span> <span class='ocrx_word' id='word_1_868' title='bbox 2436 5224 2729 5279; x_wconf 83' lang='lat' dir='ltr'><strong>Videamus</strong></span> <span class='ocrx_word' id='word_1_869' title='bbox 2750 5220 2897 5276; x_wconf 89' lang='lat' dir='ltr'><strong>aliud</strong></span> <span class='ocrx_word' id='word_1_870' title='bbox 2924 5239 2937 5275; x_wconf 88' lang='lat'><strong>:</strong></span> <span class='ocrx_word' id='word_1_871' title='bbox 2972 5221 3157 5287; x_wconf 86' lang='lat' dir='ltr'><strong>Semen</strong></span> <span class='ocrx_word' id='word_1_872' title='bbox 3183 5235 3359 5274; x_wconf 87' lang='lat' dir='ltr'><strong>eorum</strong></span> <span class='ocrx_word' id='word_1_873' title='bbox 3380 5259 3395 5282; x_wconf 86' lang='lat'><strong>,</strong></span> <span class='ocrx_word' id='word_1_874' title='bbox 3421 5218 3595 5287; x_wconf 88' lang='lat' dir='ltr'><strong>inquit</strong></span> <span class='ocrx_word' id='word_1_875' title='bbox 3619 5259 3633 5284; x_wconf 92' lang='lat'><strong>,</strong></span> <span class='ocrx_word' id='word_1_876' title='bbox 3655 5231 3803 5270; x_wconf 78' lang='lat' dir='ltr'><strong>secun-</strong></span> 
     </span>
    </p>
   </div>
   <div class='ocr_carea' id='block_1_100' title="bbox 2244 5372 3801 5436">
    <p class='ocr_par' dir='ltr' id='par_1_100' title="bbox 2244 5372 3801 5436">
     <span class='ocr_line' id='line_1_100' title="bbox 2244 5372 3801 5436; baseline -0.007 -2"><span class='ocrx_word' id='word_1_877' title='bbox 2244 5393 2413 5435; x_wconf 86' lang='lat' dir='ltr'><strong>torum</strong></span> <span class='ocrx_word' id='word_1_878' title='bbox 2444 5380 2625 5435; x_wconf 85' lang='lat' dir='ltr'><strong>merito</strong></span> <span class='ocrx_word' id='word_1_879' title='bbox 2653 5380 2842 5434; x_wconf 85' lang='lat' dir='ltr'><strong>deseri.</strong></span> <span class='ocrx_word' id='word_1_880' title='bbox 2869 5378 3005 5432; x_wconf 84' lang='lat' dir='ltr'><strong>Cod.</strong></span> <span class='ocrx_word' id='word_1_881' title='bbox 3039 5377 3176 5431; x_wconf 77' lang='lat' dir='ltr'><strong>Vict.</strong></span> <span class='ocrx_word' id='word_1_882' title='bbox 3211 5391 3273 5430; x_wconf 86' lang='lat' dir='ltr'><strong>ac</strong></span> <span class='ocrx_word' id='word_1_883' title='bbox 3295 5375 3537 5436; x_wconf 85' lang='lat' dir='ltr'><strong>Thuan.,</strong></span> <span class='ocrx_word' id='word_1_884' title='bbox 3568 5384 3613 5428; x_wconf 88' lang='lat' dir='ltr'><strong>et</strong></span> <span class='ocrx_word' id='word_1_885' title='bbox 3638 5372 3801 5427; x_wconf 72' lang='lat' dir='ltr'><strong>videtur</strong></span> 
     </span>
    </p>
   </div>
   <div class='ocr_carea' id='block_1_101' title="bbox 2244 5446 3795 5521">
    <p class='ocr_par' dir='ltr' id='par_1_101' title="bbox 2244 5446 3795 5521">
     <span class='ocr_line' id='line_1_101' title="bbox 2244 5446 3795 5521; baseline -0.006 -18"><span class='ocrx_word' id='word_1_886' title='bbox 2244 5451 2340 5506; x_wconf 86' lang='lat' dir='ltr'><strong>hoc</strong></span> <span class='ocrx_word' id='word_1_887' title='bbox 2365 5453 2645 5507; x_wconf 76' lang='lat' dir='ltr'><strong>secundum</strong></span> <span class='ocrx_word' id='word_1_888' title='bbox 2673 5461 2999 5521; x_wconf 76' lang='lat' dir='ltr'><strong>peccatorum</strong></span> <span class='ocrx_word' id='word_1_889' title='bbox 3044 5454 3223 5501; x_wconf 83' lang='lat' dir='ltr'><strong>merito</strong></span> <span class='ocrx_word' id='word_1_890' title='bbox 3264 5447 3479 5521; x_wconf 68' lang='lat' dir='ltr'><strong>deferri.</strong></span> <span class='ocrx_word' id='word_1_891' title='bbox 3502 5446 3795 5521; x_wconf 75' lang='lat' dir='ltr'><strong>Commode:</strong></span> 
     </span>
    </p>
   </div>
   <div class='ocr_carea' id='block_1_102' title="bbox 2244 5514 3795 5588">
    <p class='ocr_par' dir='ltr' id='par_1_102' title="bbox 2244 5514 3795 5588">
     <span class='ocr_line' id='line_1_102' title="bbox 2244 5514 3795 5588; baseline -0.008 -10"><span class='ocrx_word' id='word_1_892' title='bbox 2244 5523 2513 5583; x_wconf 69' lang='lat' dir='ltr'><strong>superiori</strong></span> <span class='ocrx_word' id='word_1_893' title='bbox 2562 5514 2705 5577; x_wconf 78' lang='lat' dir='ltr'><strong>enim</strong></span> <span class='ocrx_word' id='word_1_894' title='bbox 2764 5523 2943 5588; x_wconf 82' lang='lat' dir='ltr'><strong>phrasi</strong></span> <span class='ocrx_word' id='word_1_895' title='bbox 3003 5521 3244 5573; x_wconf 88' lang='lat' dir='ltr'><strong>instituta</strong></span> <span class='ocrx_word' id='word_1_896' title='bbox 3296 5514 3419 5569; x_wconf 81' lang='lat' dir='ltr'><strong>sunt</strong></span> <span class='ocrx_word' id='word_1_897' title='bbox 3450 5517 3558 5569; x_wconf 86' lang='lat' dir='ltr'><strong>duo</strong></span> <span class='ocrx_word' id='word_1_898' title='bbox 3579 5514 3795 5588; x_wconf 81' lang='lat' dir='ltr'><strong>orationis</strong></span> 
     </span>
    </p>
   </div>
   <div class='ocr_carea' id='block_1_103' title="bbox 2246 5587 3797 5661">
    <p class='ocr_par' dir='ltr' id='par_1_103' title="bbox 2246 5587 3797 5661">
     <span class='ocr_line' id='line_1_103' title="bbox 2246 5587 3797 5661; baseline -0.009 -12"><span class='ocrx_word' id='word_1_899' title='bbox 2246 5595 2511 5661; x_wconf 74' lang='lat' dir='ltr'><strong>membra,</strong></span> <span class='ocrx_word' id='word_1_900' title='bbox 2545 5587 2773 5661; x_wconf 86' lang='lat' dir='ltr'><strong>primum</strong></span> <span class='ocrx_word' id='word_1_901' title='bbox 2801 5609 2988 5647; x_wconf 88' lang='lat' dir='ltr'><strong>eorum</strong></span> <span class='ocrx_word' id='word_1_902' title='bbox 3011 5593 3099 5658; x_wconf 87' lang='lat' dir='ltr'><strong>qui</strong></span> <span class='ocrx_word' id='word_1_903' title='bbox 3131 5591 3406 5657; x_wconf 82' lang='lat' dir='ltr'><strong>prosperis</strong></span> <span class='ocrx_word' id='word_1_904' title='bbox 3426 5587 3683 5643; x_wconf 73' lang='lat' dir='ltr'><strong>abundant</strong></span> <span class='ocrx_word' id='word_1_905' title='bbox 3705 5600 3797 5661; x_wconf 76' lang='lat' dir='ltr'><strong>sur-</strong></span> 
     </span>
    </p>
   </div>
   <div class='ocr_carea' id='block_1_104' title="bbox 2243 5659 3795 5730">
    <p class='ocr_par' dir='ltr' id='par_1_104' title="bbox 2243 5659 3795 5730">
     <span class='ocr_line' id='line_1_104' title="bbox 2243 5659 3795 5730; baseline -0.011 -8"><span class='ocrx_word' id='word_1_906' title='bbox 2243 5659 2504 5722; x_wconf 36' lang='lat' dir='ltr'><strong>Cessibus&#39;</strong></span> <span class='ocrx_word' id='word_1_907' title='bbox 2538 5659 2554 5718; x_wconf 66' lang='grc' dir='ltr'><strong>ε’</strong></span> <span class='ocrx_word' id='word_1_908' title='bbox 2612 5665 2909 5718; x_wconf 88' lang='lat' dir='ltr'><strong>secundum</strong></span> <span class='ocrx_word' id='word_1_909' title='bbox 2968 5678 3155 5719; x_wconf 90' lang='lat' dir='ltr'><strong>eorum</strong></span> <span class='ocrx_word' id='word_1_910' title='bbox 3206 5661 3294 5730; x_wconf 90' lang='lat' dir='ltr'><strong>qui</strong></span> <span class='ocrx_word' id='word_1_911' title='bbox 3352 5670 3639 5730; x_wconf 78' lang='lat' dir='ltr'><strong>gravat-tur</strong></span> <span class='ocrx_word' id='word_1_912' title='bbox 3676 5664 3720 5709; x_wconf 78' lang='lat' dir='ltr'><strong>et</strong></span> <span class='ocrx_word' id='word_1_913' title='bbox 3756 5659 3795 5730; x_wconf 78' lang='lat' dir='ltr'><strong>in</strong></span> 
     </span>
    </p>
   </div>
   <div class='ocr_carea' id='block_1_105' title="bbox 2241 5677 3794 5800">
    <p class='ocr_par' dir='ltr' id='par_1_105' title="bbox 2241 5677 3794 5800">
     <span class='ocr_line' id='line_1_105' title="bbox 2243 5677 3794 5787; baseline -0.009 -65"><span class='ocrx_word' id='word_1_914' title='bbox 2243 5677 2485 5722; x_wconf 70' lang='lat' dir='ltr'><strong>0855mm</strong></span> <span class='ocrx_word' id='word_1_915' title='bbox 2538 5682 2550 5718; x_wconf 90' lang='lat'><strong>:</strong></span> <span class='ocrx_word' id='word_1_916' title='bbox 2612 5677 2909 5718; x_wconf 81' lang='lat' dir='ltr'><strong>secundum</strong></span> <span class='ocrx_word' id='word_1_917' title='bbox 2968 5678 3155 5719; x_wconf 89' lang='lat' dir='ltr'><strong>eorum</strong></span> <span class='ocrx_word' id='word_1_918' title='bbox 3206 5677 3294 5787; x_wconf 62' lang='lat' dir='ltr'><strong>ﬂlll</strong></span> <span class='ocrx_word' id='word_1_919' title='bbox 3352 5677 3639 5730; x_wconf 78' lang='lat' dir='ltr'><strong>gravat-tur</strong></span> <span class='ocrx_word' id='word_1_920' title='bbox 3676 5677 3720 5709; x_wconf 74' lang='lat' dir='ltr'><strong>et</strong></span> <span class='ocrx_word' id='word_1_921' title='bbox 3756 5677 3794 5736; x_wconf 77' lang='lat' dir='ltr'><strong>ut</strong></span> 
     </span>
     <span class='ocr_line' id='line_1_106' title="bbox 2241 5734 3794 5800; baseline -0.009 -8"><span class='ocrx_word' id='word_1_922' title='bbox 2241 5752 2483 5792; x_wconf 60' lang='lat' dir='ltr'><strong>aurumna</strong></span> <span class='ocrx_word' id='word_1_923' title='bbox 2511 5746 2667 5800; x_wconf 91' lang='lat' dir='ltr'><strong>sunt;</strong></span> <span class='ocrx_word' id='word_1_924' title='bbox 2703 5734 2804 5789; x_wconf 88' lang='lat' dir='ltr'><strong>hoc</strong></span> <span class='ocrx_word' id='word_1_925' title='bbox 2831 5746 3009 5791; x_wconf 89' lang='lat' dir='ltr'><strong>autem</strong></span> <span class='ocrx_word' id='word_1_926' title='bbox 3040 5748 3201 5789; x_wconf 79' lang='lat' dir='ltr'><strong>secun</strong></span> <span class='ocrx_word' id='word_1_927' title='bbox 3248 5747 3359 5797; x_wconf 89' lang='lat' dir='ltr'><strong>nm,</strong></span> <span class='ocrx_word' id='word_1_928' title='bbox 3393 5745 3587 5800; x_wconf 66' lang='lat' dir='ltr'><strong>nempe</strong></span> <span class='ocrx_word' id='word_1_929' title='bbox 3607 5743 3794 5798; x_wconf 78' lang='lat' dir='ltr'><strong>gravari,</strong></span> 
     </span>
    </p>
   </div>
   <div class='ocr_carea' id='block_1_106' title="bbox 2242 5799 3791 5873">
    <p class='ocr_par' dir='ltr' id='par_1_106' title="bbox 2242 5799 3791 5873">
     <span class='ocr_line' id='line_1_107' title="bbox 2242 5799 3791 5873; baseline -0.008 -8"><span class='ocrx_word' id='word_1_930' title='bbox 2242 5819 2298 5865; x_wconf 91' lang='lat' dir='ltr'><strong>et</strong></span> <span class='ocrx_word' id='word_1_931' title='bbox 2355 5812 2411 5867; x_wconf 89' lang='lat' dir='ltr'><strong>in</strong></span> <span class='ocrx_word' id='word_1_932' title='bbox 2456 5822 2695 5863; x_wconf 67' lang='lat' dir='ltr'><strong>aerumna</strong></span> <span class='ocrx_word' id='word_1_933' title='bbox 2728 5821 2871 5873; x_wconf 84' lang='lat' dir='ltr'><strong>esse,</strong></span> <span class='ocrx_word' id='word_1_934' title='bbox 2926 5805 3139 5862; x_wconf 80' lang='lat' dir='ltr'><strong>videtur</strong></span> <span class='ocrx_word' id='word_1_935' title='bbox 3171 5804 3364 5861; x_wconf 84' lang='lat' dir='ltr'><strong>merito</strong></span> <span class='ocrx_word' id='word_1_936' title='bbox 3409 5799 3608 5858; x_wconf 87' lang='lat' dir='ltr'><strong>deferri</strong></span> <span class='ocrx_word' id='word_1_937' title='bbox 3647 5812 3791 5870; x_wconf 78' lang='lat' dir='ltr'><strong>pecca-</strong></span> 
     </span>
    </p>
   </div>
   <div class='ocr_carea' id='block_1_107' title="bbox 2243 5884 2439 5934">
    <p class='ocr_par' dir='ltr' id='par_1_107' title="bbox 2243 5884 2439 5934">
     <span class='ocr_line' id='line_1_108' title="bbox 2243 5884 2439 5934; baseline 0.01 -2"><span class='ocrx_word' id='word_1_938' title='bbox 2243 5884 2439 5934; x_wconf 84' lang='lat' dir='ltr'><strong>torum.</strong></span> 
     </span>
    </p>
   </div>
  </div>
