4042 6378
173 272 279 330 855

1020 259 1112 321 DE
1152 255 1806 320 INTERPELLATIONE
1840 254 1963 314 JOB
2000 254 2090 312 ΕΤ
2132 254 2343 312 DAVID
2378 250 2511 311 LIB.
2547 249 2638 312 ΙΙΙ.

3360 251 3469 314 83b

174 385 289 436 dant
327 379 551 435 animant
570 377 709 452 (Job.
730 389 823 433 ut
851 417 867 444 ,
898 372 977 447 8),
1008 374 1062 431 id
1092 383 1177 430 est
1208 414 1225 441 ,
1284 390 1390 428 non
1420 372 1564 426 inter
1588 369 1767 439 justos
1794 376 1844 437 Α
1874 368 1927 420 in
1951 367 2122 436 requie
2146 379 2316 422 autem
2345 368 2535 436 inferni
2556 366 2874 422 dormierunt
2890 364 3013 437 (Job
3035 380 3147 434 ut,
3168 365 3227 423 11
3249 374 3296 423 et
3311 365 3467 440 seq.).

175 473 461 527 habentur.
494 472 630 527 JUntl
654 473 798 526 enim
832 471 886 522 in
925 466 1117 538 spiritu
1150 464 1443 531 seminam,
1473 471 1530 516 et
1558 463 1625 515 de
1659 459 1771 528 spi-

175 566 279 620 ritu
314 576 518 619 metent
542 563 706 618 vitam
738 573 994 616 aeternam
1022 576 1036 612 :
1071 558 1147 612 illi
1180 572 1308 612 vero
1335 555 1428 625 qui
1469 551 1769 610 secundum

177 658 413 712 animam
437 659 711 712 seininant
737 695 753 723 ,
799 653 1059 725 Spiritalia
1104 663 1312 705 metere
1344 664 1451 703 non
1502 658 1723 717 possunt
1754 660 1770 709 ;

178 754 301 822 quia
334 751 589 806 animalis
619 749 780 805 homo
810 765 917 804 non
950 747 1179 817 percipit
1202 760 1266 801 ea
1312 758 1432 815 quae
1462 750 1594 796 sunt
1617 740 1775 809 spiri-

182 854 267 900 tus
299 846 428 901 Dei:
464 846 694 899 stultitia
735 847 880 898 enim
918 841 995 895 illi
1024 851 1128 905 est,
1174 849 1229 895 et
1280 855 1387 893 non
1417 845 1595 908 potest
1634 834 1777 891 scire

178 953 298 1007 quae
319 946 446 991 sunt
470 934 731 1004 Spiritus;
772 947 826 989 et
853 932 974 988 ideo
1005 948 1115 986 non
1146 931 1388 1001 repletur
1415 926 1774 1000 spiritalibus.

180 1032 274 1086 sed
294 1030 585 1100 judieatur.

254 1124 343 1180 14.
379 1123 506 1177 Filii
536 1139 716 1178 eorum
745 1123 797 1176 in
830 1120 994 1176 oculis
1014 1117 1205 1193 (lbid.)
1230 1118 1281 1173 id
1311 1126 1416 1185 est,
1440 1133 1561 1189 qua:
1579 1114 1782 1172 faciunt

181 1220 305 1275 ideo
327 1219 530 1274 faciunt
558 1260 574 1287 ,
606 1229 663 1273 ut
692 1217 979 1272 videantur
1021 1215 1093 1271 ab
1119 1214 1454 1276 hominibus,
1492 1227 1598 1266 non
1651 1210 1779 1281 quia

180 1312 307 1367 boui
333 1316 621 1367 consulant
647 1322 706 1365 ut
748 1312 851 1366 hoc
893 1309 1132 1379 eligant,
1180 1306 1324 1377 quod
1356 1304 1537 1360 futuro
1574 1301 1781 1374 judicio

178 1406 582 1474 comprobatur.
619 1404 785 1460 Filios
813 1420 945 1473 ergo
976 1402 1260 1471 Scriptura
1283 1415 1380 1470 pro
1398 1398 1655 1470 operibus
1678 1395 1784 1451 fre-

180 1509 413 1571 quenter
444 1500 711 1561 declarat,
740 1514 807 1553 eo
829 1495 971 1565 quod
1015 1494 1339 1562 locupletior
1374 1491 1427 1546 in
1452 1490 1607 1545 bonis
1631 1488 1784 1543 factis

182 1595 415 1664 qnamin
438 1593 563 1648 libis
594 1594 665 1646 sit
695 1600 876 1647 nostra
908 1589 1219 1661 posteritas.
1255 1587 1410 1643 Unde
1440 1594 1495 1641 et
1518 1581 1782 1640 Ezechias

185 1688 253 1743 de
281 1690 431 1759 gravi
456 1687 783 1758 a-gritudine
810 1686 1092 1751 liberatus,
1139 1683 1219 1737 Ex
1249 1683 1523 1747 hodierno,
1569 1680 1740 1745 inquit
1768 1718 1785 1744 ,

1875 460 2157 529 Distingue
2184 462 2319 525 Ιιίιεε,
2350 470 2405 516 ει
2437 462 2562 530 quia
2612 460 2876 532 spiritalis
2901 477 2984 528 es,
3016 461 3273 532 dijuditza.
3307 459 3468 530 ltnpii

1873 554 2014 607 sicut
2034 557 2221 609 aeterni
2249 563 2400 621 sunt,
2417 572 2522 611 non
2546 556 2758 625 atterni;
2781 557 2904 627 quia
2929 572 3034 613 non
3061 566 3284 627 possunt
3305 566 3468 610 aiter-

1874 647 2100 703 nitatem
2120 649 2371 717 accipere
2394 652 2461 705 ab
2482 665 2551 705 eo
2578 652 2667 721 qui
2698 666 2806 705 non
2830 650 2903 705 sit
2927 663 3183 706 aeternos.
3200 648 3317 705 Non
3340 664 3470 720 ergo

1876 754 2055 813 potest
2078 744 2210 799 dare
2230 744 2371 812 quod
2395 760 2501 800 non
2526 746 2711 811 habet,
2736 760 2836 800 nec
2860 754 3032 816 potest
3060 745 3363 800 illuminare
3380 743 3472 815 qui

1879 853 1983 892 non
2016 838 2261 908 possidet
2291 840 2467 896 lucem
2503 859 2517 894 :
2550 840 2644 896 sed
2672 841 3019 911 transfigurat
3048 854 3108 895 se
3137 841 3188 895 in
3220 840 3472 907 angelum

1877 929 2037 995 lucis,
2071 942 2126 985 ιιι
2157 931 2394 1001 decipiat
2426 932 2758 987 incredulos.
2792 931 3166 1001 Transﬁgnrat
3195 942 3373 988 autem
3415 946 3476 988 se

1878 1024 2222 1079 simulatione
2250 1023 2399 1079 falsa:
2431 1025 2589 1091 lucis,
2622 1042 2727 1081 non
2753 1027 3043 1096 splendore
3070 1028 3475 1099 perpetua-cla-

1880 1120 2077 1175 ritatis.
2110 1118 2262 1175 Unde
2292 1130 2347 1175 et
2378 1119 2627 1175 Salvator
2652 1123 2728 1175 ait
2753 1139 2765 1175 :
2800 1120 3047 1176 Videbam
3079 1131 3313 1177 satanam
3344 1123 3478 1175 sicut

1883 1214 2060 1285 fulgur
2082 1214 2349 1269 cadentem
2368 1216 2435 1269 de
2463 1214 2752 1285 cwl0(Luc.
2786 1232 2844 1281 x,
2879 1218 2991 1287 18).
3023 1216 3132 1273 Νεε
3156 1216 3331 1289 fulgor
3352 1227 3434 1273 est
3459 1257 3476 1283 ,

1882 1307 1980 1362 sed
2011 1308 2150 1362 sicut
2174 1307 2373 1378 fulgur.
2397 1307 2689 1363 Considera
2707 1308 3023 1364 Ιιςειυειὶευιιι
3054 1311 3285 1380 aliquem
3307 1312 3483 1365 inten-

1888 1410 1998 1454 tum
2025 1401 2366 1456 abstinentia:
2380 1403 2651 1473 Corporis,
2678 1414 2731 1457 et
2751 1403 3047 1472 Cognitioni
3073 1404 3379 1460 caelestium
3396 1418 3486 1458 sa-

1882 1501 2309 1557 crametttnrum,
2336 1494 2478 1548 sicut
2504 1502 2743 1550 :eternus
2766 1504 3002 1564 putatur.
3024 1508 3129 1548 llOtt
3147 1494 3485 1551 habetaeter-

1889 1601 1971 1641 nte
1997 1586 2120 1640 vita:
2146 1586 2508 1656 stipendium;
2542 1588 2667 1654 quia
2698 1587 2885 1643 falsam
2917 1587 3079 1643 habet
3101 1587 3482 1657 imitationem,

1888 1680 1977 1748 qui
2013 1678 2135 1733 lidei
2168 1696 2273 1733 non
2309 1680 2471 1735 habet
2498 1682 2802 1736 veritatem.
2838 1680 3009 1751 llujns
3037 1682 3244 1751 parvoli
3274 1681 3485 1747 Iutlnnt,

185 1784 323 1851 ﬁlios
369 1784 559 1856 faciant
588 1782 675 1851 qui
707 1780 1019 1834 nuntiabunt
1073 1778 1327 1842 ἰυδιὶῑίαΐη
1363 1786 1511 1828 luam
1534 1813 1550 1838 ν
1576 1770 1796 1825 omni“
1825 1775 1872 1835 B
1898 1776 2278 1845 sicutillaqute
2299 1792 2421 1831 cum
2442 1778 2711 1832 luxuriata
2730 1777 2912 1846 fuerit,
2939 1778 3144 1833 nubere
3158 1776 3491 1834 vult.Luxu-

184 1875 328 1930 Deus
372 1876 557 1929 salutis
590 1890 737 1938 meae,
785 1886 833 1928 et
865 1890 968 1926 non
997 1870 1204 1926 cessabo
1261 1879 1309 1923 te
1344 1867 1643 1923 benedicens
1670 1880 1789 1919 cum

186 1970 431 2043 psalterio
459 1985 633 2022 onmes
655 1968 762 2021 dies
784 1967 900 2020 vita:
923 1982 1045 2020 mea:
1066 1963 1236 2037 (Esai.
1263 1976 1497 2025 xxxviii,
1517 1959 1583 2014 19
1604 1968 1650 2013 et
1671 1958 1787 2029 20).

185 2066 331 2121 Bona
346 2066 489 2121 enim
506 2064 799 2135 posteritas
819 2061 1123 2115 devotionis
1137 2069 1189 2113 et
1206 2056 1480 2126 lidei,quaa
1494 2051 1790 2123 captivitati

187 2161 414 2217 ηεεεὶνὶι
439 2156 995 2224 succumbere,quain
1023 2152 1118 2208 lilii
1145 2151 1391 2206 Ezechiae
1423 2147 1787 2219 pertulerunt.

259 2254 427 2328 658
452 2251 539 2307 15.
576 2251 644 2306 Ει
673 2249 882 2305 addidit
909 2248 1098 2302 dicens
1131 2262 1144 2298 :
1179 2245 1315 2313 Quia
1343 2260 1447 2297 non
1476 2252 1549 2297 est
1581 2242 1693 2295 illis
1727 2241 1790 2294 ti-

192 2363 327 2412 mor,
359 2362 462 2400 non
488 2353 561 2398 est
589 2342 859 2416 ﬂagellant
887 2358 917 2393 a
952 2338 1174 2393 Domino
1202 2335 1325 2405 (Job
1351 2351 1461 2397 ut,
1490 2333 1572 2404 9).
1604 2331 1792 2388 Justus

191 2450 372 2495 autem
413 2437 583 2493 dicit:
620 2435 878 2503 Quoniam
906 2433 1205 2503 ﬂagellatus
1230 2446 1345 2484 sum
1374 2438 1481 2482 tota
1529 2427 1615 2480 die
1654 2423 1784 2497 (Ps.

195 2549 363 2600 Lxxn,
396 2530 483 2601 14)
509 2548 525 2596 ;
554 2538 611 2585 et
639 2541 785 2599 optat
819 2527 855 2583 ﬂ
876 2528 1108 2598 -ge|lari,
1137 2531 1197 2580 ut
1224 2524 1516 2592 recipiatur
1554 2537 1583 2576 a
1617 2520 1797 2575 Domi-

193 2643 267 2682 no
302 2644 315 2678 ;
345 2636 400 2679 et
445 2622 557 2677 vult
601 2624 790 2677 timere
843 2621 1171 2683 Dotninmo;
1205 2618 1329 2688 quia
1375 2618 1538 2672 timor
1585 2614 1796 2669 Domini

194 2720 409 2774 iunium
464 2716 747 2786 sapientiae
794 2721 899 2767 est.
928 2704 1039 2766 Nec
1092 2708 1481 2765 beatitudinem
1542 2714 1722 2776 putat,
1753 2704 1799 2759 si

198 2826 309 2866 non
337 2808 536 2864 abortit
566 2805 760 2862 bucula
792 2820 888 2859 sua
938 2801 1059 2873 (Job
1104 2818 1215 2862 ut.
1269 2800 1383 2870 10).
1407 2799 1560 2854 Sient
1608 2805 1801 2868 putant

196 2905 367 2960 stulti.
394 2904 497 2957 Per
526 2902 717 2955 bovem
742 2899 889 2956 enim
920 2898 1048 2966 quid
1080 2895 1438 2966 signilicatur,
1470 2893 1571 2947 nisi
1604 2892 1801 2947 ruralis

198 2994 473 3053 culturae!
512 2994 636 3060 hor,
658 2993 749 3064 qui
784 3006 1003 3061 semper
1024 2990 1166 3043 redit
1212 2989 1263 3042 in
1303 2987 1492 3042 orbem
1520 3026 1535 3051 ,
1565 2998 1619 3040 et
1650 3001 1804 3040 nntn-

199 3107 361 3161 quam
395 3088 620 3153 desinit,
645 3086 742 3141 sed
775 3101 897 3140 cum
929 3082 1139 3155 expleri
1172 3082 1420 3147 videtur,
1444 3078 1799 3134 revot-aturiu

1894 1872 2030 1926 riata
2050 1881 2133 1926 est
2160 1872 2212 1925 in
2244 1872 2500 1941 psnlterio
2516 1882 2567 1926 et
2599 1874 2828 1935 cithara,
2855 1872 2907 1927 id
2934 1882 3040 1937 est,
3070 1874 3122 1926 in
3148 1888 3282 1927 sono
3306 1871 3488 1938 Vocis,

1894 1980 2003 2020 non
2032 1966 2085 2020 in
2111 1977 2574 2024 sacramentorum
2590 1965 2895 2037 profundo;
2922 1978 2978 2021 ut
3001 1966 3155 2023 labiis
3178 1967 3495 2033 resultaret,

1898 2074 2004 2115 non
2047 2059 2101 2115 in
2138 2060 2303 2116 corda
2331 2062 2628 2117 conferret.

2430 2150 2596 2225 359
2612 2149 2841 2208 CAPUT
2887 2151 2953 2206 γ.

1894 2240 2095 2314 lmpios
2144 2242 2198 2296 in
2240 2243 2385 2298 bonis
2429 2248 2605 2298 διεπυιὶ
2633 2245 2782 2312 ﬁnire
2809 2245 2988 2311 vitam,
3027 2253 3081 2298 at
3106 2253 3280 2312 postea
3323 2243 3499 2313 requie

1967 2334 2161 2389 caelesti
2207 2352 2383 2391 carere
2413 2353 2433 2392 :
2462 2348 2778 2392 contrarium
2827 2354 2948 2391 vero
2990 2338 3133 2393 nobis
3164 2338 3447 2408 optandum
3478 2354 3499 2405 ;

1966 2428 2104 2496 quod
2129 2429 2182 2481 in
2210 2431 2549 2501 prosperitate
2571 2431 2637 2485 sit
2657 2430 2896 2485 illecebra
2919 2432 3159 2485 vitiorum
3188 2446 3247 2486 ac
3274 2432 3504 2499 impuni-

1969 2523 2087 2577 tatis
2112 2526 2465 2595 prtesumptio.
2502 2523 2655 2579 Hanc
2701 2527 2977 2581 amentiam
3028 2527 3243 2582 revincit
3293 2536 3503 2583 sanctus

1968 2616 2045 2670 vir
2060 2618 2376 2689 supplicium
2393 2628 2442 2673 et
2459 2633 2683 2687 praesens
2694 2630 2740 2673 et
2752 2631 2998 2675 wternum
3017 2631 3367 2689 prteparalum
3390 2635 3504 2675 esse

1972 2709 2263 2764 declarans.
2308 2710 2443 2764 Tum
2480 2713 2792 2766 enumeratis
2844 2729 3021 2767 eorum
3068 2713 3345 2769 sceleribus
3389 2714 3507 2780 ipsa

1972 2799 2082 2855 Deo
2113 2801 2274 2857 latere
2318 2820 2419 2856 non
2450 2820 2599 2869 posse
2645 2805 2912 2859 ostendit:
2940 2821 3055 2876 qua
3095 2808 3160 2859 sit
3204 2806 3504 2861 eorumde

1971 2898 2142 2967 portio
2172 2938 2185 2962 ,
2239 2896 2526 2961 describit;
2578 2906 2730 2967 atque
2758 2901 2830 2952 ad
2870 2899 3182 2963 sapientiam
3223 2915 3378 2968 quant
3422 2898 3513 2955 illi

1974 2988 2327 3052 deseruerunt,
2347 2994 2643 3045 sectandam
2676 3007 2768 3046 nos
2792 2991 3120 3048 adhortatur.

1978 3081 2062 3135 17.
2094 3081 2410 3148 Huiusmodi
2430 3084 2608 3154 itaque
2632 3086 2682 3139 in
2713 3086 3067 3143 bonissaeculi
3096 3103 3510 3147 consummave-

201 3160 485 3243 exordlnm
517 3184 540 3238 ‘l
569 3182 660 3238 isti
693 3192 818 3235 sunt
840 3183 931 3251 qui
954 3180 1134 3235 colunt
1161 3177 1451 3231 Sodomam
1476 3184 1531 3228 ει
1571 3173 1803 3229 Gomor-
1826 3160 1873 3224 C
1906 3186 2031 3229 runt
2058 3178 2222 3229 vitam
2254 3191 2407 3231 suam
2464 3176 2584 3249 (Job
2614 3195 2721 3246 ut,
2772 3179 2888 3251 15),
2918 3180 3057 3237 hanc
3114 3182 3298 3253 utique
3341 3200 3506 3255 quam
3598 3162 3610 3177 ’

201 3279 379 3336 rham.
407 3278 547 3348 Ergo
596 3276 688 3345 qui
719 3274 909 3329 colunt
940 3271 1257 3342 Algyptum,
1298 3268 1593 3341 glebasque
1626 3280 1801 3322 terra-

201 3389 321 3430 rum
350 3380 535 3427 aratro
554 3370 790 3441 quodam
820 3368 1010 3423 solida:
1036 3363 1236 3420 mentis
1275 3364 1549 3416 invertunt
1574 3402 1589 3425 ,
1649 3360 1802 3414 Iaho-

202 3482 318 3525 rem
338 3466 436 3519 sibi
471 3472 712 3532 pariunt,
738 3468 793 3515 ιιι
811 3460 1032 3515 dolores
1066 3464 1294 3511 metunt.
1326 3453 1451 3509 Ideo
1482 3452 1676 3507 bucula
1706 3466 1803 3506 eo-

202 3576 323 3618 rum
349 3574 453 3613 non
483 3556 712 3620 abortit;
743 3553 838 3609 sed
865 3553 1025 3623 parit,
1053 3560 1117 3605 ut
1138 3559 1402 3618 augeatur
1432 3546 1586 3601 labor
1617 3559 1804 3600 eorum

203 3665 255 3710 et
285 3670 405 3724 quae
430 3657 799 3721 conceperant
826 3648 1033 3711 omnia,
1058 3653 1315 3715 generant
1333 3648 1451 3697 sine
1477 3642 1670 3696 timore
1686 3639 1803 3694 Dei.

201 3746 343 3803 Juin
395 3756 575 3800 autem
629 3746 788 3812 longe
829 3740 991 3795 aliter
1029 3737 1357 3808 gloriantur.
1409 3733 1523 3789 Non
1559 3732 1706 3788 enim
1750 3731 1807 3786 in

204 3841 537 3897 abundantia
565 3837 902 3897 divitiarum,
935 3850 1034 3889 nec
1060 3833 1112 3886 in
1144 3844 1301 3901 partu
1328 3844 1581 3897 pecorum
1605 3844 1619 3891 ;
1646 3828 1808 3882 sedin

206 3936 439 3992 Domino
464 3934 772 4003 gloriantur
787 3932 1035 3984 dicentes
1064 3943 1078 3979 :
1112 3925 1188 3978 De
1214 3926 1397 3979 timore
1435 3934 1521 3977 tuo
1565 3923 1619 3976 in
1666 3933 1810 3975 utero

204 4027 515 4098 accepimus,
534 4033 582 4078 et
603 4020 971 4093 parturivimus
998 4018 1240 4085 spiritum
1267 4012 1634 4087 salutis(Esai.
1662 4028 1809 4078 χχιιι,

209 4122 325 4191 18).
353 4121 430 4175 De
452 4119 614 4189 justis
643 4133 776 4188 ergo
803 4114 1035 4179 dicitur;
1065 4112 1193 4181 quia
1217 4110 1467 4179 spiritum
1492 4108 1681 4163 salutis
1718 4122 1813 4177 ge-

209 4222 560 4271 neraverunt.
585 4226 744 4283 quem
775 4205 1188 4277 acceperuntde
1213 4203 1406 4258 timore
1443 4200 1561 4266 Dei,
1608 4214 1714 4253 non
1745 4198 1813 4254 de

208 4307 415 4366 ntalnia
443 4306 602 4377 hujus
631 4304 837 4369 saeculi,
864 4303 934 4359 de
955 4316 1057 4372 qua
1084 4300 1313 4371 legimus
1338 4314 1350 4349 :
1376 4295 1512 4351 Ecce
1541 4294 1814 4368 parturivit

210 4404 524 4477 injustitiant
550 4443 566 4467 ,
600 4400 832 4471 concepit
890 4398 1134 4460 laborem,
1188 4404 1234 4448 et
1264 4394 1462 4460 deperit
1490 4392 1813 4456 iniquitatem

212 4498 443 4567 (Ps.vn,
468 4494 792 4567 15.).Melior
821 4507 951 4563 ergo
979 4490 1203 4544 abortus
1232 4502 1393 4557 quam
1427 4496 1613 4556 partus
1640 4499 1813 4539 saecu-

1906 3266 2181 3332 vivebant,
2226 3284 2333 3323 non
2362 3269 2508 3324 illam
2541 3273 2696 3336 cuius
2746 3274 3050 3330 merci-dem
3083 3276 3406 3345 sperabant;
3455 3287 3510 3334 et

1906 3361 2030 3416 ideo
2057 3363 2108 3415 in
2137 3362 2326 3432 requie
2353 3363 2548 3419 inferni
2577 3365 2941 3433 dormierunt,
2972 3384 3076 3423 non
3106 3372 3156 3423 in
3187 3372 3375 3441 requie
3394 3384 3507 3425 cte-

1908 3455 2053 3510 lesti.
2080 3456 2189 3511 Nos
2218 3470 2397 3513 autem
2421 3474 2641 3514 oremus
2669 3459 2756 3515 hic
2800 3461 2981 3529 potius
3010 3461 3252 3517 laborem
3301 3445 3509 3530 subire,

1907 3550 2047 3606 utin
2087 3567 2253 3623 regno
2279 3553 2542 3609 caelorum
2591 3555 3019 3612 consolationem
3056 3558 3253 3628 quietis
3292 3572 3512 3615 aeternas
3556 3624 3557 3627 η

1910 3658 2219 3699 mereamur
2240 3646 2484 3715 adipisci.
2515 3645 2701 3717 Magna
2733 3644 2875 3703 enim
2908 3648 3162 3705 illerehra
3191 3649 3514 3721 delinquen-

1910 3734 1964 3789 di
1994 3745 2076 3789 est
2105 3752 2284 3791 rermn
2339 3737 2617 3793 afﬂuentia
2659 3739 3024 3795 secundarum
3055 3756 3070 3795 :
3105 3742 3157 3796 in
3198 3744 3510 3813 superbiam

1912 3828 2170 3894 extollit,
2230 3829 2557 3884 oblivionem
2605 3834 2845 3887 auCtoris
2896 3832 3148 3889 infundit.
3206 3834 3510 3891 Considera

1912 3920 2064 3975 illum
2095 3922 2317 3977 divitem
2344 3924 2395 3977 in
2427 3923 2883 3996 Evangelio(l.uc.
2904 3942 3011 3989 xvi,
3031 3927 3097 3982 l9
3123 3939 3168 3981 et
3193 3927 3325 3999 seq.)
3347 3944 3511 3997 super

1913 4024 2122 4068 ostrum
2150 4024 2201 4068 et
2231 4029 2523 4083 purpuram
2572 4018 3012 4084 recutnbentem,
3058 4033 3212 4087 cujus
3237 4020 3303 4075 de
3328 4036 3515 4079 mensa

1915 4107 2283 4177 micasjustus
2312 4108 2405 4164 ille
2438 4124 2641 4178 panper
2686 4110 2920 4166 Lazarus
2969 4096 3276 4182 Colligehat.
3326 4113 3517 4172 Nonne

1916 4201 2010 4255 tibi
2036 4200 2247 4257 videtur
2265 4201 2414 4258 dives
2435 4202 2531 4257 ille
2560 4202 2625 4258 ad
2652 4204 2818 4259 Deum
2846 4205 3028 4262 dicere
3058 4222 3073 4262 :
3100 4207 3315 4263 Discede
3335 4226 3367 4263 α
3392 4225 3511 4266 me:

1915 4292 2023 4347 vias
2067 4304 2181 4348 tuas
2209 4294 2341 4348 scire
2378 4295 2499 4350 nolo
2534 4294 2658 4367 (Job
2688 4313 2778 4353 ut
2810 4340 2825 4365 ,
2880 4298 2994 4367 14).
3044 4300 3108 4357 Ει
3164 4317 3291 4359 vere
3322 4303 3516 4361 nolunt

1916 4387 2058 4442 scire
2086 4388 2395 4457 ltujusmndi
2453 4390 2569 4444 vias
2610 4390 2822 4446 Domini
2852 4407 2867 4457 ;
2897 4394 2942 4447 si
2993 4392 3138 4453 enim
3168 4397 3392 4464 vellent,
3424 4413 3517 4454 co-

1914 4492 2263 4551 gnoscerent.
2298 4481 2406 4540 Sed
2454 4484 2577 4555 quia
2611 4485 2786 4555 plena:
2811 4499 2936 4543 sunt
2970 4489 3169 4546 laboris
3193 4534 3208 4557 ,
3239 4491 3520 4564 fugiuntur

212 4564 427 4647 larium.
458 4564 699 4660 Denique
724 4587 793 4644 de
825 4585 1047 4641 homine
1074 4584 1164 4655 qui
1196 4581 1249 4636 in
1280 4581 1382 4636 hoc
1408 4579 1670 4635 saculum
1722 4594 1815 4633 γεε-
1839 4564 1891 4626 D
1917 4582 1973 4628 et
2001 4574 2392 4631 declinantnra
2426 4579 2674 4648 perditis.
2699 4579 2864 4649 Quasi
2886 4583 3073 4638 ebrius
3097 4586 3277 4655 itaque
3309 4604 3416 4643 non
3432 4604 3518 4644 re-

212 4686 310 4747 nit,
354 4693 719 4739 etvantatem
772 4677 957 4734 mundi
1011 4675 1171 4747 hujus
1211 4687 1265 4730 et
1297 4674 1548 4730 tenebras
1595 4670 1817 4742 pertulit

214 4775 558 4844 loiigxevitate
582 4773 860 4835 diuturna,
908 4767 1263 4823 Ecclesiastes
1297 4765 1663 4835 pronuntiavit
1689 4764 1814 4833 quia

213 4870 407 4924 melior
430 4866 525 4921 illo
554 4863 833 4918 abortivus
861 4860 1035 4935 (Eccl.
1053 4876 1124 4920 vt,
1159 4856 1396 4928 5).Huic
1417 4857 1564 4912 enim
1597 4855 1815 4924 requies

216 4962 386 5031 magis
410 4975 571 5026 quam
604 4959 713 5023 illi;
754 4957 878 5026 quia
928 4970 1035 5008 nott
1082 4961 1340 5020 expertus
1385 4956 1473 5002 est
1500 4949 1814 5001 varietatem

217 5055 426 5118 saeculi,
451 5055 503 5107 in
531 5067 634 5122 qua
657 5060 713 5105 et
739 5049 784 5104 si
807 5048 956 5104 mille
984 5057 1159 5100 annos
1188 5044 1310 5113 quis
1334 5041 1547 5105 vixerit,
1567 5040 1709 5109 quod
1727 5038 1821 5093 bo-

218 5164 346 5204 num
380 5158 463 5201 est
488 5145 673 5199 videre
702 5158 810 5197 non
848 5141 1041 5211 potuit.
1075 5136 1301 5209 Fugisse
1337 5148 1469 5205 ergo
1500 5133 1615 5188 [nec
1644 5132 1820 5203 magis

219 5252 304 5299 est
332 5240 540 5313 gratiae,
573 5253 733 5309 quam
758 5237 1009 5291 subiisse.

294 5341 383 5393 th.
417 5336 523 5393 Sed
549 5334 779 5389 fortasse
804 5331 932 5386 illud
958 5337 1171 5384 moveat
1197 5326 1338 5398 quod
1370 5325 1614 5393 adiunxit
1651 5324 1819 5392 :Quia

220 5440 428 5487 ntauent
460 5431 589 5484 sicut
617 5443 734 5481 oves
765 5436 999 5487 ceterum;
1033 5423 1180 5492 pueri
1216 5431 1387 5475 autem
1416 5435 1592 5473 eorum
1636 5418 1819 5471 ludunt

221 5524 535 5593 accipientes
562 5519 867 5592 psalterium
887 5528 935 5571 et
965 5516 1241 5580 citharam,
1277 5524 1324 5569 et
1353 5512 1678 5569 delectantur
1702 5524 1821 5564 voce

221 5618 434 5693 psalmi.
466 5616 962 5672 Consummaverunt
989 5621 1159 5665 autent
1194 5610 1247 5665 in
1271 5610 1417 5665 bonis
1446 5610 1603 5664 vitam
1631 5623 1778 5661 suam
1801 5646 1817 5675 ,

296 5748 322 5775 ιι
352 5739 507 5794 Rom.
535 5736 693 5802 edit.,
716 5734 760 5788 si
783 5732 1138 5796 obviemusei;
1180 5730 1303 5787 aliae
1333 5744 1456 5788 cum
1491 5743 1623 5785 mss.
1655 5726 1830 5785 omni-

224 5812 359 5880 bus,
391 5811 433 5867 si
461 5807 783 5864 observemus
804 5822 943 5861 eum.

1918 4674 2203 4739 cognoscit
2229 4670 2424 4725 salutis
2455 4685 2734 4729 auctorem
2788 4674 2957 4744 (Esai.
2978 4694 3107 4737 χιιι.
3133 4680 3238 4751 15).
3274 4681 3517 4752 Denique

1917 4777 2216 4818 conversos
2246 4766 2312 4817 ad
2336 4775 2744 4835 cotnpotatores
2782 4782 2949 4825 suos:
2980 4769 3353 4826 Munduremus
3380 4813 3397 4835 ,
3427 4771 3515 4827 in-

1919 4858 2056 4926 quit,
2094 4865 2141 4910 et
2174 4856 2406 4910 bibamus
2447 4872 2467 4911 :
2492 4857 2619 4925 quid
2644 4861 2781 4913 enim
2830 4861 3041 4933 prodest
3093 4873 3116 4899 δ
3148 4863 3194 4917 si
3234 4863 3517 4919 serviamus

1918 4949 2004 5003 ei?
2028 4950 2129 5003 Aut
2160 4966 2274 5019 qua:
2322 4951 2518 5005 utilitas
2545 4953 2591 5005 si
2617 4950 2935 5009 observemus
2955 4971 3071 5009 eum
3102 4954 3220 5010 :‘Job
3249 4972 3357 5025 χχι,
3392 4958 3521 5031 15)?

1923 5039 2049 5095 Ha-c
2077 5043 2257 5112 itaque
2277 5041 3113 5103 dicitsweulariumabundantia
3138 5064 3317 5104 rerum
3340 5058 3518 5107 tetnu.

1922 5133 2133 5201 lentus;
2155 5138 2281 5207 quia
2314 5152 2423 5192 non
2448 5140 2709 5194 continuo
2738 5139 2790 5195 in
2822 5140 3025 5195 saeculo
3054 5142 3325 5199 scelerum
3358 5146 3526 5200 meri-

1925 5236 1977 5284 ta
2000 5230 2390 5298 rependuntur.
2416 5230 2783 5302 Supinahatur
2812 5232 2960 5287 enim
2984 5274 3000 5300 ,
3031 5234 3156 5306 quia
3187 5236 3241 5291 in
3275 5238 3523 5295 manibus

1924 5323 1974 5377 ei
2003 5321 2071 5376 ad
2117 5323 2449 5392 voluptatem
2500 5326 2683 5379 omnia
2737 5327 3097 5394 suppetebant
3131 5344 3144 5380 :
3179 5340 3232 5383 et
3277 5333 3531 5388 conscius

1928 5413 2221 5486 impietatis
2252 5431 2365 5471 sua:
2395 5416 2552 5486 cujus
2600 5430 2757 5484 penna
2810 5419 3276 5486 sequestrabatur,
3299 5423 3530 5493 putabat

1924 5510 2066 5582 quod
2098 5509 2238 5565 Dens
2263 5510 2554 5578 impiorum
2576 5509 2788 5565 scelera
2806 5525 2921 5581 (non
2952 5511 3178 5568 videret.

2005 5604 2094 5659 18.
2127 5602 2264 5657 Huic
2313 5598 2493 5672 ergoh
2524 5602 2763 5672 opinioni
2814 5601 2935 5675 ejus
2986 5605 3270 5677 respondit
3307 5620 3529 5667 sanctus

2008 5722 2035 5764 ι)
2060 5722 2221 5806 Rom.
2247 5720 2407 5784 edit.,
2436 5721 2667 5806 stultitia:
2687 5726 2799 5794 ejus
2820 5726 3104 5794 respondit.
3136 5728 3205 5786 Et
3231 5730 3368 5790 infra
3392 5773 3408 5799 ,
3440 5750 3526 5791 ω·

1932 5797 2000 5853 let
2027 5796 2197 5852 venire
2220 5810 2392 5850 rerum
2420 5793 2717 5851 subversio.’
2862 5824 2891 5840 --
