4042 6378
579 264 685 332 835

1919 269 2170 334 SANC’I‘I
2208 267 2527 334 AMBROSll
3801 287 3890 346 83S

571 380 675 446 .lnb
705 399 717 436 :
751 381 863 438 noli
888 396 1011 440 esse
1049 397 1273 442 securus
1301 399 1367 444 ac
1390 385 1686 442 dissolutus
1716 388 1997 444 mstimans
2025 390 2167 460 quod
2202 395 2246 454 Α
2275 406 2519 460 suarum,
2550 393 2686 460 lapsi
2722 395 3181 466 opprimebantur
3203 442 3219 466 ,
3251 399 3348 471 qui
3407 397 3582 470 magis
3617 401 3752 470 erigi
3806 407 3892 458 de-

573 477 640 530 ad
675 486 727 532 te
756 479 810 532 in
833 478 936 538 huc
963 480 1081 548 ipso
1107 481 1530 538 szrculoDoutiui
1560 482 1770 552 ﬂagella
1797 498 1903 538 nou
1926 486 2168 539 veniant.

589 565 946 625 Verumtamen
963 573 1117 628 etiam
1147 575 1426 643 impiorum
1453 575 1669 630 lucerna
1688 577 2034 645 exstinguitur
2048 577 2172 649 (Job

577 677 688 728 ut,
719 663 780 717 l7
821 676 867 718 et
895 665 1068 739 scq.):
1102 667 1168 724 ad
1203 677 1415 736 tempus
1447 668 1617 734 lucet,
1649 685 1757 725 non
1801 669 1966 725 habet
1991 671 2172 726 lumen

575 766 881 826 aeternum;
916 771 972 818 et
1002 762 1134 832 ipsis
1191 764 1438 833 quamvis
1492 764 1750 819 saeculum
1793 764 1970 821 faveat
2001 805 2018 832 ,
2050 765 2175 835 quia

575 851 691 923 ejus
719 857 809 926 qui
843 859 1206 930 principatum
1265 859 1430 915 habet
1464 859 1517 914 iu
1549 859 1652 914 hoc
1683 860 1884 914 sarculo
1912 901 1926 922 ,
1973 859 2177 914 iaciunt

576 956 941 1018 voluntatem,
969 954 1108 1009 solet
1124 953 1312 1008 venire
1336 969 1518 1008 rerum
1546 953 1853 1020 conversio,
1884 961 1939 1008 et
1957 953 2176 1008 dolores

575 1049 642 1106 ab
666 1050 743 1106 ira
765 1056 820 1103 et
841 1047 1210 1120 indignatione
1222 1047 1457 1110 caelesti,
1478 1056 1533 1100 ut
1556 1045 1910 1109 ventilentur,
1926 1044 2176 1114 sicutpa-

575 1146 675 1204 lete
692 1162 722 1201 a
739 1154 920 1202 vento.
945 1143 1134 1213 Iujusti
1157 1142 1294 1198 sicut
1316 1142 1486 1210 paleae
1515 1141 1871 1205 ventilantur,
1881 1139 2012 1211 justi
2036 1141 2178 1194 sicut

575 1239 839 1296 triticum.
875 1237 1122 1306 Denique
1163 1235 1287 1290 audi
1339 1234 1611 1291 dicentem
1651 1233 1810 1288 Patro
1838 1233 2172 1287 Dominum:

581 1331 713 1388 Ecce
739 1341 949 1394 satanas
975 1329 1218 1400 expetivit
1247 1343 1336 1384 vos
1368 1368 1383 1394 ,
1434 1335 1488 1379 ut
1516 1326 1716 1381 ventilet
1752 1326 1882 1379 sicut
1907 1325 2172 1379 triticum:

573 1442 668 1498 ego
697 1434 872 1481 autem
888 1423 1064 1493 rogavi
1088 1438 1183 1484 pro
1206 1430 1274 1482 le.
1298 1429 1354 1474 ut
1381 1436 1484 1476 non
1505 1419 1713 1482 deﬁciat
1745 1419 1872 1486 ﬁdes
1903 1427 1989 1471 tua
2016 1416 2172 1488 (Luc.

579 1537 718 1585 χιιι,
750 1521 821 1576 3i
869 1530 916 1574 et
943 1517 1059 1586 52).
1115 1515 1384 1572 Delictuut
1416 1514 1489 1568 illi
1520 1513 1609 1583 qui
1640 1511 1778 1566 sicut
1812 1512 1979 1580 paleae
2006 1510 2180 1565 venti-

578 1618 762 1670 lautur
787 1631 802 1667 :
832 1629 938 1670 non
962 1609 1146 1666 deﬁcit
1175 1610 1265 1679 qui
1297 1608 1360 1664 ad
1413 1605 1823 1663 similitudinem
1854 1605 1999 1659 illius
2024 1604 2175 1673 grani

581 1716 694 1776 est,
716 1705 859 1774 quod
881 1703 1080 1760 cecidit
1100 1713 1151 1757 et
1178 1702 1499 1764 resurrexit,
1521 1699 1875 1768 plurimorum
1905 1697 2174 1751 fructuum

576 1799 894 1857 accessione
923 1798 1278 1854 cumulatum.
1309 1794 1437 1851 Ideo
1464 1793 1597 1848 dicit
1630 1791 1898 1859 Propheta
1932 1788 2174 1844 :Heume

2272 482 2539 539 buissent.
2573 486 2891 544 Esurieutes
2915 489 3315 547 l'raudahantnr
3339 493 3491 560 cibo,
3524 505 3582 549 et
3607 492 3794 549 anima
3819 500 3890 553 in-

2275 572 2610 630 lantulorum
2627 578 2864 649 graviter
2891 582 3308 652 ingemiscebat.

2346 668 2436 724 21.
2466 669 2733 741 Numquid
2759 674 2873 729 haec
2895 674 3146 746 ignorare
3172 679 3372 747 potuit,
3395 693 3561 754 quem
3593 679 3736 736 nihil
3763 697 3887 752 pra-

2277 763 2404 817 terit
2432 761 2641 818 ‘lNuda
2669 765 2876 836 inferna
2925 769 3286 840 inconspecm
3330 770 3524 841 ipsius,
3576 781 3630 826 et
3678 789 3784 826 non
3829 786 3887 829 est

2276 854 2492 908 amictus
2524 857 2845 928 aequissimis
2872 857 2996 927 (Job
3045 876 3190 928 xxvi,
3217 862 3250 916 6
3281 872 3329 916 et
3349 868 3488 933 seq.)
3517 879 3533 927 ;
3568 865 3706 934 quia
3735 865 3888 922 latere

2277 960 2385 1000 non
2418 957 2664 1014 possunt.
2701 947 2951 1005 Extendit
2979 951 3197 1008 Boream
3247 972 3345 1023 pro
3369 956 3549 1011 nihilo
3579 972 3601 1009 :
3631 960 3886 1026 suspendit

2276 1048 2465 1093 terram
2494 1041 2546 1094 in
2569 1040 2754 1107 nihilo,
2780 1044 3004 1115 alligans
3030 1063 3218 1116 aquam
3238 1049 3292 1100 in
3313 1048 3546 1102 nubibus
3570 1049 3712 1113 suis,
3741 1061 3886 1105 etuas

2275 1139 2352 1185 est
2373 1143 2530 1200 rupta
2559 1133 2718 1190 nubes
2746 1138 2840 1190 sub
2868 1136 3083 1208 pedibus
3111 1141 3223 1208 ejus
3259 1154 3278 1193 :
3309 1140 3579 1195 columna:
3599 1142 3726 1194 ain
3749 1142 3884 1196 dissi-

2277 1226 2505 1289 luerunt,
2525 1237 2572 1281 et
2601 1229 2880 1282 timuerunt
2902 1230 2966 1284 ab
2989 1233 3341 1302 increpatione
3361 1237 3498 1306 ejus.
3532 1233 3750 1288 Virtute
3768 1253 3885 1289 cesi-

2280 1320 2475 1388 ρωικίι
2523 1337 2685 1388 mare,
2721 1321 3047 1393 “disciplina
3093 1336 3262 1379 autem
3301 1327 3456 1380 struit
3495 1336 3682 1380 cetum
3725 1330 3881 1382 maris.

2278 1412 2521 1466 Claustra
2559 1414 2676 1470 cali
2695 1417 3034 1484 reformidant
3059 1432 3174 1470 eum
3205 1432 3227 1470 :
3252 1429 3522 1488 praecepto
3566 1421 3884 1488 martiﬁmrit

2277 1505 2554 1560 draconem
2585 1509 3045 1575 prmaricatorem.
3078 1509 3330 1564 Virtutem
3363 1512 3594 1564 (animi
3627 1513 3745 1581 ejus
3790 1515 3880 1580 quis

2277 1600 2563 1671 intelligit?
2591 1601 2648 1654 lu
2673 1605 2840 1656 tantis
2859 1616 2989 1671 ergo
3019 1601 3238 1672 ﬂagitiis
3263 1618 3383 1672 qua:
3423 1619 3548 1673 spes
3593 1604 3766 1675 impio
3792 1607 3882 1657 est?

2281 1691 2552 1764 Numquid
2577 1695 2618 1748 si
2650 1695 2864 1766 conﬁdit
2884 1695 2935 1749 in
2961 1693 3184 1750 Domino
3216 1697 3546 1751 solabitur?
3576 1697 3790 1762 Dicant,
3817 1699 3880 1752 ia-

2281 1784 2417 1855 Ψιίιι
2447 1786 2589 1842 tabis
2612 1789 2740 1856 quid
2760 1789 2827 1841 sit
2845 1788 2898 1841 in
2922 1804 3080 1842 atauus
3103 1788 3345 1854 Domini;
3377 1799 3434 1845 et
3456 1791 3710 1846 desinite
3734 1792 3881 1846 ὶεειεὶο

579 1895 700 1965 quia
732 1897 903 1965 [actus
949 1908 1062 1946 sum
1097 1891 1226 1946 sicut
1276 1888 1364 1958 qui
1403 1887 1601 1958 colligit
1637 1885 1884 1952 stipulam
1919 1885 1972 1938 iu
2016 1896 2178 1938 utesse
2207 1872 2255 1932 B
2285 1879 2386 1933 bus
2417 1879 2594 1932 inst-ia
2626 1879 2830 1934 addere
2852 1877 2980 1952 (Job
3001 1895 3168 1945 xxm.
3193 1879 3230 1935 8
3255 1894 3304 1936 et
3336 1880 3453 1951 lt).

575 1985 812 2056 (illic/tat.
848 2000 941 2049 vn,
976 1982 1061 2053 l)!
1098 1980 1326 2049 SlipllliB
1380 1980 1537 2049 igitur
1589 1992 1710 2046 quas
1755 1978 1862 2029 cito
1905 1975 2175 2039 exuritur,

583 2079 832 2148 impietas
861 2085 1225 2144 comparatur,
1269 2082 1324 2126 et
1352 2068 1581 2140 pulveri.
1614 2069 1741 2126 ltleo
1774 2075 2057 2135 postquam
2089 2064 2176 2118 di-

493 2178 496 2180 ⁷
583 2173 658 2226 xit
692 2189 704 2224 :
743 2169 905 2223 Erunt
927 2169 1058 2224 sicut
1087 2168 1249 2239 pater:
1275 2182 1305 2220 a
1328 2177 1499 2228 remo,
1530 2161 1810 2220 subtexuit
1845 2159 2177 2214 versiculum

577 2264 743 2338 mo
779 2262 960 2318 statim
1002 2261 1194 2316 dicens
1225 2275 1238 2312 :
1269 2257 1372 2312 Aut
1413 2257 1547 2311 sicut
1574 2255 1741 2324 putris
1769 2267 1918 2323 quem
1968 2250 2181 2306 abstulit

577 2368 752 2412 uentus
783 2354 926 2426 (Job.
953 2370 1065 2416 χιι,
1098 2351 1211 2422 l8).
1238 2351 1482 2419 Denique
1502 2360 1562 2404 ut
1585 2361 1881 2416 cognoscas
1911 2344 2039 2414 quia
2081 2345 2181 2398 im-

577 2452 698 2521 pius
729 2451 869 2506 sicut
900 2448 1077 2518 pulvis
1099 2445 1211 2501 cito
1238 2441 1440 2500 fatiscit
1467 2451 1633 2510 atque
1677 2438 1976 2501 evanescit,
2015 2435 2181 2492 habes

577 2545 631 2600 iu
663 2543 839 2614 primo
862 2541 1071 2610 psalmo
1103 2537 1310 2593 dictum
1346 2555 1359 2592 :
1395 2533 1517 2588 Non
1536 2534 1610 2590 sic
1634 2532 1809 2601 impii,
1831 2547 1934 2588 non
1955 2531 2048 2593 sic,
2072 2538 2098 2566 α
2125 2527 2181 2584 id

580 2646 685 2704 est,
718 2651 824 2690 non
852 2635 990 2692 sicut
1016 2633 1146 2703 justi
1184 2653 1197 2686 :
1230 2629 1317 2686 sed
1339 2640 1598 2698 tulitquam
1621 2626 1788 2700 pulvis
1812 2665 1827 2692 ,
1851 2639 1999 2694 quem
2019 2622 2183 2694 proji-

577 2729 644 2784 cit
669 2735 846 2782 ventus
872 2743 903 2780 a
925 2725 1058 2797 {acie
1086 2733 1258 2778 terra.

657 2821 745 2878 l9.
779 2821 843 2874 Et
870 2819 998 2876 facit
1022 2816 1408 2874 discretionem
1435 2811 1579 2870 inter
1601 2810 1808 2879 justum
1837 2816 1894 2865 et
1929 2807 2178 2877 impium.

579 2912 630 2970 Η
639 2916 707 2980 ἱσ,
741 2915 934 2986 inquit,
958 2915 1174 2966 moritur
1196 2909 1284 2964 inb
1308 2905 1660 2977 simplicitatis
1688 2919 1797 2958 sua:
1823 2902 2071 2972 potentia,
2105 2911 2183 2954 to-

577 3017 660 3062 tus
687 3009 740 3062 in
765 3007 1083 3062 abundantia
1111 3015 1160 3061 et
1192 2996 1399 3075 gratia:
1429 3002 1680 3056 interiora
1704 3008 1874 3054 autem
1891 3000 2003 3070 ejus
2030 2995 2183 3064 plena

578 3115 696 3160 sunt
737 3104 908 3175 adipis
941 3119 958 3156 :
1001 3101 1230 3157 medulla
1268 3107 1436 3154 autem
1473 3111 1649 3152 eorum
1696 3092 2042 3164 superefﬂuit.
2079 3089 2184 3144 llle

579 3208 749 3254 autem
782 3196 989 3268 conﬁcit
1015 3195 1068 3248 in
1095 3191 1443 3246 amaritudine
1465 3189 1651 3242 anima:
1677 3201 1785 3242 suae
1815 3199 2025 3240 cursum
2069 3183 2184 3238 υξιω

2283 1984 2318 2018 .~'
2354 1972 2446 2026 εἰ.
2469 1972 2534 2026 Et
2562 1973 2825 2028 describit
2846 1989 3007 2044 quam
3028 1975 3356 2030 miserabilis
3381 1976 3694 2048 impiorum
3730 1980 3881 2046 portio

2281 2067 2374 2120 sit.
2394 2065 2546 2134 Quod
2572 2065 2678 2122 etsi
2723 2068 2910 2137 plures
2929 2068 3166 2123 habeant
3194 2069 3336 2124 ﬁlios
3365 2109 3379 2134 ,
3413 2071 3544 2124 sine
3579 2072 3883 2139 posteritate

2280 2169 2436 2225 sunt,
2495 2161 2692 2231 quibus
2742 2161 2900 2217 deest
2944 2161 3207 2218 bonorum
3263 2165 3594 2221 meritorum
3622 2166 3882 2221 successio

2284 2252 2450 2322 (ibid.
2485 2255 2552 2309 M
2572 2265 2622 2308 et
2642 2253 2799 2326 αφ).
2824 2255 2922 2311 Illa
2949 2258 3094 2311 enim
3119 2271 3246 2312 vera
3276 2257 3607 2328 posteritas,
3639 2274 3771 2330 qua
3795 2274 3882 2313 non

2283 2349 2465 2410 terris.
2495 2348 2590 2402 sed
2646 2348 2700 2403 in
2729 2347 2869 2404 cmlo
2915 2357 3018 2403 est.
3062 2349 3384 2420 llujusmodi
3435 2367 3580 2422 ergo
3602 2355 3745 2406 viris
3791 2353 3884 2407 hae-

2283 2437 2488 2492 reditas
2531 2439 2708 2507 inopia
2739 2449 2844 2503 est,
2874 2449 2930 2493 et
2959 2455 3107 2495 mors
3155 2442 3456 2497 successio.
3497 2441 3646 2497 Cum
3680 2443 3881 2498 divitias

2283 2535 2772 2600 coacervareriut,
2827 2534 3256 2601 mendicabunt;
3304 2545 3327 2574 ε
3372 2538 3505 2607 quia
3557 2553 3692 2594 cum
3740 2553 3883 2592 ator-

2287 2628 2358 2679 tui
2403 2626 2603 2681 fuerint
2634 2667 2648 2693 ,
2679 2627 3016 2698 indigebunt,
3048 2629 3139 2698 qui
3186 2631 3431 2699 requiem
3480 2631 3744 2687 invenire
3790 2648 3880 2686 non

2287 2718 2741 2788 possunt.Viduas
2756 2735 2944 2775 eorum
2973 2735 3134 2775 nemo
3155 2722 3551 2777 miserabitur:
3588 2725 3689 2777 sed
3717 2740 3880 2778 maneo

2283 2811 2420 2867 bunt
2439 2811 2660 2875 deserti,
2695 2822 2858 2884 atque
2900 2816 3078 2868 omnis
3127 2815 3337 2883 copulas
3389 2815 3598 2870 solatio
3627 2817 3877 2872 destituti.

2287 2903 2401 2958 Etsi
2425 2916 2787 2975 congregetur
2814 2907 3042 2975 pecunia
3073 2907 3211 2961 sicut
3244 2919 3411 2976 terra,
3436 2919 3610 2980 atque
3641 2918 3703 2964 ut
3726 2912 3876 2965 lutum

2288 3006 2644 3066 pru'paratutu
2696 2997 2860 3053 fuerit
2910 3014 3144 3063 aurum,
3176 2999 3338 3072 θοι
3372 3000 3556 3056 inanis
3607 3004 3715 3057 erit
3761 3005 3879 3057 sicut

2285 3105 2480 3144 aranea
2507 3090 2810 3146 substantia
2841 3106 3029 3146 eorum
3055 3133 3070 3159 ,
3103 3104 3156 3146 et
3201 3108 3365 3148 mune
3408 3096 3653 3150 nominis
3707 3111 3873 3151 eor-tua

2286 3183 2669 3252 patrimonium
2698 3196 2973 3255 tamquam
3003 3200 3032 3238 a
3059 3187 3218 3249 tineis
3239 3190 3734 3245 oonsummahitur.
3761 3191 3874 3244 Der-

582 3291 755 3356 istius,
789 3290 1018 3360 nihilque
1062 3287 1178 3341 boni
1216 3286 1452 3354 epulatus
1497 3283 1649 3350 ﬁnem
1699 3279 1884 3348 accipit
1914 3276 2037 3351 (Job
2068 3294 2177 3344 ut,
2209 3269 2255 3334 C
2289 3277 2462 3332 Iniens
2483 3277 2636 3332 dives
2665 3278 2795 3334 nihil
2821 3279 3058 3348 adjiciat,
3081 3281 3295 3350 aperuit
3315 3283 3506 3339 oettlos
3535 3299 3692 3352 suos,
3723 3296 3772 3340 et
3781 3287 3871 3354 ja

581 3385 653 3443 2'5
682 3394 727 3438 et
758 3381 911 3453 δαίμ).
942 3382 1039 3436 Cui
1071 3395 1170 3452 pro
1197 3378 1407 3434 meritis
1435 3375 1549 3430 suis
1579 3372 1708 3444 quid
1739 3380 1914 3441 potest
1961 3371 2183 3440 dignum

584 3474 1010 3545 repraesentari?
1046 3473 1103 3528 ln
1133 3471 1384 3540 sepulcra
1425 3468 1720 3532 inducitur,
1781 3476 1836 3520 et
1881 3465 1933 3521 in
1979 3464 2184 3524 tumulo

586 3569 771 3642 vigilat
796 3583 916 3622 suo.
944 3565 1020 3621 Ne
1050 3565 1162 3619 haec
1193 3564 1412 3635 quidem
1440 3576 1602 3630 pinna
1632 3559 1950 3625 mediocris;
1998 3559 2186 3614 mortis

588 3662 831 3733 requiem
862 3676 968 3715 non
1003 3661 1223 3724 habere,
1255 3656 1454 3714 deferri
1480 3671 1603 3712 eum
1634 3670 1739 3709 non
1776 3655 1841 3709 ad
1877 3665 2076 3711 terram
2111 3655 2186 3710 vi-

588 3755 872 3819 ventium,
931 3751 1029 3808 sed
1085 3752 1150 3806 ad
1211 3751 1448 3808 tumulus
1498 3756 1858 3806 mortuorum.
1909 3747 2010 3815 Qui
2053 3747 2187 3802 vivit

585 3851 730 3906 enim
754 3865 862 3907 non
920 3849 1062 3902 inter
1090 3856 1333 3904 mortuos
1362 3844 1620 3915 qumrilur
1653 3884 1668 3908 ,
1719 3842 1814 3898 sed
1845 3841 1900 3896 in
1954 3841 2184 3898 Abrahae

583 3945 708 4000 sinu
739 3944 900 3999 vitam
919 3941 1094 4012 carpit
1121 3937 1548 4008 utternadeeo
1575 3938 1670 3992 viri
1703 3936 1780 3994 illi
1813 3936 1921 3992 duo
1949 3936 2003 3991 in
2031 3944 2183 3992 veste

586 4041 808 4112 fulgenti
827 4036 1160 4096 dicebantad
1190 4035 1448 4091 mulieres
1478 4051 1491 4086 :
1521 4032 1662 4099 Quid
1683 4033 1912 4102 quaeritis
1935 4031 2180 4086 viventem

583 4152 699 4191 cum
729 4135 943 4188 mortuis
969 4132 994 4186 ?
1026 4129 1146 4184 Non
1162 4139 1234 4184 est
1259 4128 1343 4182 hic
1367 4125 1522 4200 (Luc.
1557 4141 1708 4190 xstv,
1739 4124 1820 4195 6).

658 4226 749 4281 20.
785 4225 988 4280 Deinde
1017 4222 1138 4293 (Job
1170 4238 1315 4287 xxiv,
1343 4221 1380 4274 2
1409 4230 1457 4274 et
1487 4216 1622 4289 seq.)
1664 4225 1948 4279 enumerat
1973 4214 2181 4271 scelera

585 4319 874 4388 impiorum
908 4357 924 4384 ,
956 4315 1100 4386 quod
1159 4312 1392 4368 conﬁnia
1443 4313 1923 4375 transcenderent,
1955 4318 2013 4362 et
2055 4322 2180 4362 cum

589 4423 804 4482 pastore
832 4407 1410 4478 diripueriutgregem,
1446 4415 1470 4444 α
1520 4403 1954 4474 subjuuctorium
1995 4401 2184 4471 pupilli

583 4504 928 4566 abduxerim,
964 4497 1374 4572 pigueraveriut
1405 4499 1598 4568 bovem
1623 4496 1798 4552 viduae
1827 4537 1841 4558 ,
1872 4509 2059 4561 agrum
2086 4493 2183 4549 de—

589 4596 916 4654 ntcssuerint
937 4608 1042 4649 nou
1073 4607 1250 4655 suum,
1283 4589 1478 4648 inﬁrmi
1503 4599 1683 4646 autem
1704 4587 1756 4642 itt
1789 4585 1962 4642 vineis
1993 4600 2179 4641 eorum

2290 3386 2393 3425 non
2423 3369 2862 3444 est(Jab.uv1u,
2889 3373 2980 3428 let
3007 3372 3161 3445 seq).
3178 3374 3471 3431 Permanet
3499 3379 3556 3432 in
3586 3379 3868 3434 doloribus.

2287 3463 2429 3519 Nihil
2456 3481 2587 3537 ergo
2607 3476 2734 3520 sunt
2763 3468 2944 3521 omnia
2969 3482 3092 3538 quae
3124 3470 3175 3522 in
3224 3470 3328 3524 hoc
3357 3471 3566 3528 mundo
3589 3482 3737 3527 sunt.
3775 3473 3867 3526 Au-

2288 3573 2404 3612 rum
2437 3559 2488 3612 iu
2522 3560 2779 3624 metallis,
2812 3571 3093 3631 argentum
3139 3561 3193 3615 in
3245 3565 3623 3621 tnetallis:de
3669 3568 3868 3622 metallo

2287 3651 2513 3718 eruitur,
2547 3653 2677 3706 etin
2713 3653 2988 3707 metallum
3023 3654 3333 3710 revortitur.
3389 3658 3536 3726 Quid
3563 3661 3715 3714 enim
3743 3661 3866 3716 aliud

2287 3747 2393 3801 nisi
2415 3748 2688 3802 metallum
2717 3757 2800 3802 est
2825 3763 2978 3804 meus
3005 3751 3197 3806 avari?
3223 3752 3355 3816 Quae
3386 3764 3670 3822 tamquam
3709 3756 3868 3810 delos-

2285 3854 2404 3894 sum
2430 3849 2580 3896 tenet
2604 3841 2864 3912 quidquid
2922 3843 3226 3911 receperit;
3278 3853 3334 3897 et
3365 3843 3418 3898 ln
3449 3847 3612 3901 venis
3637 3859 3793 3902 terra:
3816 3861 3865 3902 ac

2285 3932 2519 3987 latibulis
2547 3933 2870 3997 abscondit;
2926 3948 2992 3988 eo
3039 3934 3183 4003 quod
3222 3934 3300 3989 uti
3353 3937 3585 3991 nesciat.
3635 3939 3865 4005 Quotidie

2285 4039 2476 4079 aurum
2506 4024 2576 4080 de
2604 4025 2836 4080 metallis
2857 4025 3126 4095 promitur
3154 4042 3168 4082 :
3195 4024 3265 4082 de
3293 4043 3476 4098 avaro
3502 4031 3750 4100 proferre
3767 4033 3866 4103 quis

2286 4118 2494 4187 potuit'l

2355 4209 2445 4265 23.
2487 4208 2621 4265 Cum
2649 4211 2810 4281 igitur
2838 4210 2971 4266 nihil
2994 4215 3172 4284 prosit
3198 4229 3334 4269 vana
3363 4215 3538 4274 fames
3569 4221 3725 4285 auri,
3754 4219 3859 4289 quis

2284 4303 2544 4373 quidquid
2564 4305 3008 4374 congregaverit,
3042 4306 3273 4364 labitur:
3310 4309 3614 4366 miserandi
3645 4313 3862 4378 profecto

2285 4398 2375 4466 qui
2403 4396 2762 4454 deseruerunt
2808 4398 2948 4451 vium
2992 4398 3228 4466 justam,
3272 4409 3327 4456 et
3354 4403 3504 4456 obliti
3546 4403 3712 4477 662
3754 4415 3860 4460 sunt

2285 4503 2405 4546 eam
2424 4530 2438 4553 ,
2469 4488 2556 4544 cui
2579 4490 2801 4558 pretiosi
2823 4490 3032 4561 lapides
3063 4491 3482 4562 haudquaquam
3510 4507 3637 4550 sunt
3668 4513 3861 4568 eumps-

2288 4581 2440 4638 raudi
2460 4624 2474 4647 .
2505 4581 2748 4640 ditlicilis
2797 4584 3120 4655 investigata
3140 4627 3154 4649 ,
3180 4585 3448 4654 impervia
3479 4591 3730 4660 superbis
3753 4633 3767 4655 ,
3797 4593 3863 4645 iu-

585 4691 704 4747 siue
732 4688 982 4744 mercede
1003 4695 1056 4744 et
1083 4685 1205 4742 cibo
1227 4686 1436 4756 operati
1466 4684 1597 4748 sint,
1616 4681 1874 4742 detractis
1898 4680 2185 4736 vestimen-
2211 4673 2266 4735 D
2293 4680 2522 4735 terciusa
2543 4679 2874 4748 jactautihus
2905 4697 2917 4732 :
2953 4680 3332 4744 humilioribus
3360 4684 3556 4753 plana,
3580 4694 3763 4756 aperta
3789 4701 3862 4740 sa.

587 4787 656 4842 tis
690 4783 863 4839 nudos
891 4780 1117 4838 iecerint
1141 4777 1398 4838 dormire.
1433 4776 1682 4845 Plerique
1707 4789 1938 4844 quorum
1985 4773 2181 4828 animat

586 4879 986 4952 operimentum
1030 4873 1383 4940 ademerint,
1441 4869 1734 4934 stillicidiis
1794 4867 2184 4929 hnmcscebaut

585 4974 880 5038 tuentium;
915 4980 969 5026 et
995 4967 1121 5039 quia
1154 4965 1563 5034 integimentuut
1611 4961 1817 5026 deerat,
1853 4970 2003 5030 petra
2057 4975 2182 5020 sese

582 5069 920 5142 aperiebant.
959 5064 1330 5136 “ﬁniebantur
1355 5058 1539 5130 pupilli
1560 5057 1632 5114 ab
1659 5056 1920 5113 uberibus
1942 5064 2179 5113 matrum

661 5207 687 5235 ει
717 5196 782 5249 ld
812 5203 904 5256 est,
937 5207 1038 5245 non
1060 5190 1190 5244 sicut
1225 5187 1372 5254 iusti,
1403 5183 1520 5239 haec
1554 5182 1718 5237 verba
1755 5181 1809 5236 in
1860 5180 2018 5236 Rom.
2044 5180 2178 5236 edit.

584 5280 830 5328 resecuta
860 5265 1093 5322 fuerant.
1248 5331 1257 5335 _
1286 5331 1296 5335 _
1328 5332 1337 5335 _
1617 5334 1620 5335 ,
1701 5324 1728 5335 _.

657 5341 683 5380 b
709 5342 862 5396 Rom.
897 5337 1055 5399 edit.,
1083 5335 1134 5386 in
1159 5331 1386 5390 stultitia:
1412 5343 1518 5384 sua:
1540 5331 1785 5399 potentia.

661 5425 681 5452 ε
711 5391 1170 5484 “Subjunctorinm
1192 5448 1203 5464 .
1241 5403 1399 5484 itit-st
1433 5391 1731 5484 slllljugaltf‘.
1767 5391 1941 5484 μΧξ,

583 5508 689 5560 γιον
714 5465 939 5561 etsuis»
967 5483 1249 5553 ἀπήγαγον.
1267 5473 1424 5543 Vulg.
1449 5465 1649 5533 autem,
1689 5467 1906 5520 Asinum
1955 5465 2180 5537 pupillo-

587 5558 700 5611 rum
723 5558 1064 5608 abduxerunt.
1395 5618 1402 5620 _
1803 5618 1810 5620 Α
1902 5609 1957 5620 ,υ
2129 5608 2140 5620 ,
2166 5607 2178 5618 ,

658 5608 695 5664 δή
715 5628 803 5683 Sic
821 5625 953 5680 edit.
991 5633 1098 5678 vel.
1151 5629 1205 5673 et
1229 5618 1406 5672 cuncti
1439 5628 1572 5670 mss.
1623 5618 1874 5683 exveptog
1902 5609 2054 5664 Dion.
2089 5608 2180 5683 ubi

590 5679 803 5762 legitur,
834 5679 1108 5762 disciplina
1134 5694 1245 5759 eius
1270 5689 1446 5762 stravit
1477 5683 1834 5762 cetum-maris.
1855 5681 2017 5762 ligni.
2049 5679 2180 5762 edit:

591 5749 713 5824 huic
736 5749 1084 5830 seceditxsed
1109 5749 1296 5818 vocem
1311 5759 1469 5812 maris
1487 5756 1686 5811 omittit
1697 5767 1830 5830 cum
1854 5750 2018 5830 LXX,
2041 5749 2181 5818 apud

589 5822 722 5912 quos
752 5822 1006 5913 t'merripp
1035 5835 1088 5893 δὲ
1114 5834 1370 5912 inponat
1404 5830 1464 5886 τὸ
1489 5834 1659 5888 ring.
1693 5822 2182 5897 Symmach........

2290 4773 2579 4842 pientihus.
2611 4770 2680 4826 Et
2710 4771 2832 4827 ideo
2862 4773 3186 4840 sapiantism
3224 4773 3492 4830 debemus
3511 4793 3785 4847 quati-ere.
3811 4786 3860 4832 ut

2285 4864 2624 4920 ambulemus
2647 4863 2700 4917 in
2728 4863 2813 4918 via
2846 4863 3023 4932 justa.
3054 4879 3152 4934 per
3189 4881 3351 4935 quam
3394 4869 3733 4925 adversarius
3787 4871 3860 4925 ille

2285 4959 2426 5015 sicut
2455 4959 2538 5013 leo
2595 4957 2816 5026 rapiens
2859 4967 2916 5012 et
2960 4960 3202 5028 rugiens,
3233 4960 3326 5030 qui
3357 4964 3693 5030 percucurrit
3732 4963 3858 5018 haue

2285 5051 2568 5115 mundum,
2602 5050 2838 5106 transire
2887 5065 2998 5105 non
3038 5053 3231 5121 potuit.
3280 5050 3388 5108 Sed
3430 5055 3528 5124 qui
3559 5055 3855 5125 sapientiam

2285 5177 2482 5251 συγκλᾴ
2510 5175 2823 5251 ἀλαζονείᾳν.
2851 5172 3020 5251 Δναι-ε.
3051 5175 3117 5230 ab
3145 5175 3252 5233 hoc
3273 5191 3382 5251 non
3413 5178 3640 5234 multum
3670 5179 3850 5236 distans

2288 5247 2525 5319 praalert,
2555 5257 2601 5299 et
2625 5247 2894 5319 prudentia
2920 5249 3030 5319 ejus
3053 5249 3308 5316 percussit
3331 5251 3625 5316 superum.

2360 5330 2384 5356 θ
2419 5323 2574 5374 llom.
2599 5317 2732 5394 edit.
2763 5319 2884 5387 quia
2907 5317 3048 5394 cum
3071 5321 3387 5394 superstites
3409 5323 3622 5394 [διεξήιε.
3672 5322 3847 5394 indige-

2283 5390 2427 5454 bunt,
2453 5402 2497 5445 et
2527 5392 2805 5442 morientur
2833 5390 2918 5456 qui
2938 5390 3186 5460 requievi,
3210 5404 3313 5446 etc.
3353 5390 3416 5444 Et
3465 5393 3606 5452 infra
3657 5393 3735 5450 ubi
3773 5390 3850 5450 ea-

2283 5463 2407 5517 dem
2435 5477 2496 5516 nc
2523 5460 2678 5525 Gitl.,
2707 5460 2907 5514 deserta
3034 5459 3290 5516 destituta:
3341 5463 3491 5529 Ann,
3517 5465 3637 5518 Era.
3666 5478 3708 5520 et
3732 5481 3844 5520 mss.

2287 5536 2592 5596 ηοω-(δυσὶ),
2645 5532 2924 5589 deserti...
2954 5533 3204 5588 destituti.
3233 5535 3386 5599 Quod
3408 5537 3571 5589 etiam
3619 5538 3849 5604 explicari

2288 5623 2395 5661 nun
2415 5607 2751 5662 iucounuode
2768 5614 2965 5670 potest.
2980 5605 3180 5672 Quidni
3197 5607 3342 5662 enim
3363 5605 3522 5667 liceat
3542 5617 3763 5662 nwrtuos
3777 5608 3849 5662 di-

2288 5693 2413 5731 Cvrc
2446 5679 2496 5729 in
2520 5677 2697 5748 viduis
2713 5676 2822 5730 suis
2846 5675 3097 5731 desertus
3139 5691 3200 5730 ac
3220 5678 3530 5742 destitutos,
3578 5683 3842 5748 quihusso-

2295 5748 2422 5804 latio
2451 5763 2578 5803 esse
2601 5748 2654 5801 in
2679 5747 2828 5817 Lege
2845 5749 3012 5802 veteri
3046 5749 3362 5816 putabatur,
3391 5749 3438 5803 si
3487 5747 3609 5817 quis
3634 5752 3839 5806 maxime

2293 5821 2816 5890 eousauguineorum
2845 5819 3060 5874 easdem
3092 5821 3142 5874 in
3169 5834 3366 5875 uxores
3383 5821 3626 5875 deiceret.
