  <div class='ocr_page' id='page_1' title='image "/cluster/home/n/w/nwhite01/storage/ocr_20150623/14/hvd.32044015471303/426.png"; bbox 0 0 4042 6378; ppageno 0'>
   <div class='ocr_carea' id='block_1_1' title="bbox 185 332 300 392">
    <p class='ocr_par' dir='ltr' id='par_1_1' title="bbox 185 332 300 392">
     <span class='ocr_line' id='line_1_1' title="bbox 185 332 300 392; baseline 0.026 -3"><span class='ocrx_word' id='word_1_1' title='bbox 185 332 300 392; x_wconf 68' lang='grc'><strong>811</strong></span> 
     </span>
    </p>
   </div>
   <div class='ocr_carea' id='block_1_2' title="bbox 1057 335 2762 400">
    <p class='ocr_par' dir='ltr' id='par_1_2' title="bbox 1057 335 2762 400">
     <span class='ocr_line' id='line_1_2' title="bbox 1057 335 2762 400; baseline 0.005 -8"><span class='ocrx_word' id='word_1_2' title='bbox 1057 335 1148 394; x_wconf 87' lang='lat' dir='ltr'><strong>DE</strong></span> <span class='ocrx_word' id='word_1_3' title='bbox 1186 335 1838 396; x_wconf 64' lang='lat' dir='ltr'><strong>INTERPELLATIUNE</strong></span> <span class='ocrx_word' id='word_1_4' title='bbox 1880 340 1998 398; x_wconf 78' lang='lat' dir='ltr'><strong>J08</strong></span> <span class='ocrx_word' id='word_1_5' title='bbox 2039 341 2129 398; x_wconf 81' lang='lat' dir='ltr'><strong>ET</strong></span> <span class='ocrx_word' id='word_1_6' title='bbox 2173 342 2385 400; x_wconf 70' lang='lat' dir='ltr'><strong>L‘AVID</strong></span> <span class='ocrx_word' id='word_1_7' title='bbox 2425 340 2634 400; x_wconf 81' lang='lat' dir='ltr'><strong>LIBER</strong></span> <span class='ocrx_word' id='word_1_8' title='bbox 2672 342 2762 400; x_wconf 82' lang='lat' dir='ltr'><strong>IV.</strong></span> 
     </span>
    </p>
   </div>
   <div class='ocr_carea' id='block_1_3' title="bbox 180 450 3123 526">
    <p class='ocr_par' dir='ltr' id='par_1_3' title="bbox 180 450 3123 526">
     <span class='ocr_line' id='line_1_3' title="bbox 180 450 3123 526; baseline 0.003 -21"><span class='ocrx_word' id='word_1_9' title='bbox 180 451 364 517; x_wconf 89' lang='lat' dir='ltr'><strong>ritur,</strong></span> <span class='ocrx_word' id='word_1_10' title='bbox 399 461 451 505; x_wconf 86' lang='lat' dir='ltr'><strong>et</strong></span> <span class='ocrx_word' id='word_1_11' title='bbox 474 450 839 524; x_wconf 90' lang='lat' dir='ltr'><strong>consepelitnr</strong></span> <span class='ocrx_word' id='word_1_12' title='bbox 857 464 979 507; x_wconf 87' lang='lat' dir='ltr'><strong>cum</strong></span> <span class='ocrx_word' id='word_1_13' title='bbox 999 451 1128 521; x_wconf 92' lang='lat' dir='ltr'><strong>illo,</strong></span> <span class='ocrx_word' id='word_1_14' title='bbox 1156 469 1264 508; x_wconf 90' lang='lat' dir='ltr'><strong>non</strong></span> <span class='ocrx_word' id='word_1_15' title='bbox 1288 453 1463 509; x_wconf 88' lang='lat' dir='ltr'><strong>solum</strong></span> <span class='ocrx_word' id='word_1_16' title='bbox 1483 453 1800 522; x_wconf 85' lang='lat' dir='ltr'><strong>reclinatur,</strong></span> <span class='ocrx_word' id='word_1_17' title='bbox 1831 460 1885 520; x_wconf 77' lang='grc' dir='ltr'><strong>Α</strong></span> <span class='ocrx_word' id='word_1_18' title='bbox 1911 472 2028 512; x_wconf 88' lang='lat' dir='ltr'><strong>mus</strong></span> <span class='ocrx_word' id='word_1_19' title='bbox 2057 457 2355 526; x_wconf 92' lang='lat' dir='ltr'><strong>spiritalem</strong></span> <span class='ocrx_word' id='word_1_20' title='bbox 2384 458 2597 514; x_wconf 87' lang='lat' dir='ltr'><strong>auferre</strong></span> <span class='ocrx_word' id='word_1_21' title='bbox 2619 466 2874 526; x_wconf 90' lang='lat' dir='ltr'><strong>conetur,</strong></span> <span class='ocrx_word' id='word_1_22' title='bbox 2905 450 3123 517; x_wconf 83' lang='lat' dir='ltr'><strong>remitte</strong></span> 
     </span>
    </p>
   </div>
   <div class='ocr_carea' id='block_1_4' title="bbox 3115 348 3510 449">
    <p class='ocr_par' dir='ltr' id='par_1_4' title="bbox 3115 348 3510 449">
     <span class='ocr_line' id='line_1_4' title="bbox 3115 348 3510 449; baseline 0 -45"><span class='ocrx_word' id='word_1_23' title='bbox 3115 404 3156 449; x_wconf 43' lang='grc' dir='ltr'><em>θ</em></span> <span class='ocrx_word' id='word_1_24' title='bbox 3405 348 3510 406; x_wconf 72' lang='grc'><strong>842</strong></span> 
     </span>
    </p>
   </div>
   <div class='ocr_carea' id='block_1_5' title="bbox 3150 460 3507 534">
    <p class='ocr_par' dir='ltr' id='par_1_5' title="bbox 3150 460 3507 534">
     <span class='ocr_line' id='line_1_5' title="bbox 3150 460 3507 534; baseline 0.014 -20"><span class='ocrx_word' id='word_1_25' title='bbox 3150 460 3371 534; x_wconf 80' lang='lat' dir='ltr'><strong>pallium</strong></span> <span class='ocrx_word' id='word_1_26' title='bbox 3401 463 3507 518; x_wconf 82' lang='lat' dir='ltr'><strong>ini-</strong></span> 
     </span>
    </p>
   </div>
   <div class='ocr_carea' id='block_1_6' title="bbox 177 542 3502 626">
    <p class='ocr_par' dir='ltr' id='par_1_6' title="bbox 177 542 3502 626">
     <span class='ocr_line' id='line_1_6' title="bbox 177 542 3502 626; baseline 0.004 -28"><span class='ocrx_word' id='word_1_27' title='bbox 177 542 294 600; x_wconf 88' lang='lat' dir='ltr'><strong>sed</strong></span> <span class='ocrx_word' id='word_1_28' title='bbox 326 543 490 598; x_wconf 87' lang='lat' dir='ltr'><strong>etiam</strong></span> <span class='ocrx_word' id='word_1_29' title='bbox 516 545 888 601; x_wconf 87' lang='lat' dir='ltr'><strong>resnscitatur.</strong></span> <span class='ocrx_word' id='word_1_30' title='bbox 923 545 999 602; x_wconf 91' lang='lat' dir='ltr'><strong>De</strong></span> <span class='ocrx_word' id='word_1_31' title='bbox 1022 561 1129 616; x_wconf 89' lang='lat' dir='ltr'><strong>quo</strong></span> <span class='ocrx_word' id='word_1_32' title='bbox 1159 546 1384 616; x_wconf 83' lang='lat' dir='ltr'><strong>pulchre</strong></span> <span class='ocrx_word' id='word_1_33' title='bbox 1407 547 1536 602; x_wconf 89' lang='lat' dir='ltr'><strong>illud</strong></span> <span class='ocrx_word' id='word_1_34' title='bbox 1552 549 1808 603; x_wconf 87' lang='lat' dir='ltr'><strong>convenit</strong></span> <span class='ocrx_word' id='word_1_35' title='bbox 1911 550 2163 620; x_wconf 87' lang='lat' dir='ltr'><strong>quitatis,</strong></span> <span class='ocrx_word' id='word_1_36' title='bbox 2193 566 2347 608; x_wconf 88' lang='lat' dir='ltr'><strong>sume</strong></span> <span class='ocrx_word' id='word_1_37' title='bbox 2383 553 2779 622; x_wconf 81' lang='lat' dir='ltr'><strong>operimentum</strong></span> <span class='ocrx_word' id='word_1_38' title='bbox 2825 553 2949 609; x_wconf 87' lang='lat' dir='ltr'><strong>ﬁdei</strong></span> <span class='ocrx_word' id='word_1_39' title='bbox 2978 564 3139 626; x_wconf 89' lang='lat' dir='ltr'><strong>atque</strong></span> <span class='ocrx_word' id='word_1_40' title='bbox 3186 555 3459 626; x_wconf 66' lang='lat' dir='ltr'><strong>patientia:</strong></span> <span class='ocrx_word' id='word_1_41' title='bbox 3485 595 3502 622; x_wconf 96' lang='lat'><strong>,</strong></span> 
     </span>
    </p>
   </div>
   <div class='ocr_carea' id='block_1_7' title="bbox 179 635 1805 714">
    <p class='ocr_par' dir='ltr' id='par_1_7' title="bbox 179 635 1805 714">
     <span class='ocr_line' id='line_1_7' title="bbox 179 635 1805 714; baseline 0.003 -23"><span class='ocrx_word' id='word_1_42' title='bbox 179 635 406 692; x_wconf 88' lang='lat' dir='ltr'><strong>dictum</strong></span> <span class='ocrx_word' id='word_1_43' title='bbox 441 655 454 693; x_wconf 90' lang='lat'><strong>:</strong></span> <span class='ocrx_word' id='word_1_44' title='bbox 492 637 796 695; x_wconf 72' lang='lat' dir='ltr'><strong>Universum</strong></span> <span class='ocrx_word' id='word_1_45' title='bbox 819 648 1032 696; x_wconf 88' lang='lat' dir='ltr'><strong>stratum</strong></span> <span class='ocrx_word' id='word_1_46' title='bbox 1058 641 1267 696; x_wconf 86' lang='lat' dir='ltr'><strong>versasti</strong></span> <span class='ocrx_word' id='word_1_47' title='bbox 1294 641 1346 694; x_wconf 88' lang='lat' dir='ltr'><strong>in</strong></span> <span class='ocrx_word' id='word_1_48' title='bbox 1368 637 1665 712; x_wconf 78' lang='lat' dir='ltr'><strong>inﬁrmitate</strong></span> <span class='ocrx_word' id='word_1_49' title='bbox 1693 641 1805 714; x_wconf 86' lang='lat' dir='ltr'><strong>ejus</strong></span> 
     </span>
    </p>
   </div>
   <div class='ocr_carea' id='block_1_8' title="bbox 183 718 1804 808">
    <p class='ocr_par' dir='ltr' id='par_1_8' title="bbox 183 718 1804 808">
     <span class='ocr_line' id='line_1_8' title="bbox 183 718 1804 808; baseline 0.004 -24"><span class='ocrx_word' id='word_1_50' title='bbox 183 718 382 805; x_wconf 82' lang='lat' dir='ltr'><strong>(Psal.</strong></span> <span class='ocrx_word' id='word_1_51' title='bbox 407 749 496 802; x_wconf 73' lang='grc' dir='ltr'><strong>η,</strong></span> <span class='ocrx_word' id='word_1_52' title='bbox 517 733 608 808; x_wconf 75' lang='grc'><strong>4);</strong></span> <span class='ocrx_word' id='word_1_53' title='bbox 639 734 877 792; x_wconf 80' lang='lat' dir='ltr'><strong>maxime</strong></span> <span class='ocrx_word' id='word_1_54' title='bbox 905 735 951 791; x_wconf 90' lang='lat' dir='ltr'><strong>si</strong></span> <span class='ocrx_word' id='word_1_55' title='bbox 974 743 1184 806; x_wconf 89' lang='lat' dir='ltr'><strong>martyr</strong></span> <span class='ocrx_word' id='word_1_56' title='bbox 1211 734 1304 801; x_wconf 93' lang='lat' dir='ltr'><strong>sit,</strong></span> <span class='ocrx_word' id='word_1_57' title='bbox 1331 733 1486 806; x_wconf 87' lang='lat' dir='ltr'><strong>cujus</strong></span> <span class='ocrx_word' id='word_1_58' title='bbox 1511 735 1804 791; x_wconf 73' lang='lat' dir='ltr'><strong>infirmitas</strong></span> 
     </span>
    </p>
   </div>
   <div class='ocr_carea' id='block_1_9' title="bbox 181 826 1352 898">
    <p class='ocr_par' dir='ltr' id='par_1_9' title="bbox 181 826 1352 898">
     <span class='ocr_line' id='line_1_9' title="bbox 181 826 1352 898; baseline 0 -18"><span class='ocrx_word' id='word_1_59' title='bbox 181 826 458 898; x_wconf 83' lang='lat' dir='ltr'><strong>passione</strong></span> <span class='ocrx_word' id='word_1_60' title='bbox 481 828 731 895; x_wconf 81' lang='lat' dir='ltr'><strong>solvitur,</strong></span> <span class='ocrx_word' id='word_1_61' title='bbox 759 843 904 884; x_wconf 90' lang='lat' dir='ltr'><strong>mors</strong></span> <span class='ocrx_word' id='word_1_62' title='bbox 926 828 1352 884; x_wconf 84' lang='lat' dir='ltr'><strong>resurrectione.</strong></span> 
     </span>
    </p>
   </div>
   <div class='ocr_carea' id='block_1_10' title="bbox 265 920 1805 996">
    <p class='ocr_par' dir='ltr' id='par_1_10' title="bbox 265 920 1805 996">
     <span class='ocr_line' id='line_1_10' title="bbox 265 920 1805 996; baseline 0.003 -21"><span class='ocrx_word' id='word_1_63' title='bbox 265 920 460 996; x_wconf 75' lang='lat'><strong>665.</strong></span> <span class='ocrx_word' id='word_1_64' title='bbox 499 923 552 980; x_wconf 91' lang='lat'><strong>8.</strong></span> <span class='ocrx_word' id='word_1_65' title='bbox 597 922 839 980; x_wconf 83' lang='lat' dir='ltr'><strong>Vidimus</strong></span> <span class='ocrx_word' id='word_1_66' title='bbox 869 923 1022 979; x_wconf 92' lang='lat' dir='ltr'><strong>illum</strong></span> <span class='ocrx_word' id='word_1_67' title='bbox 1051 923 1278 980; x_wconf 84' lang='lat' dir='ltr'><strong>divitem</strong></span> <span class='ocrx_word' id='word_1_68' title='bbox 1311 923 1402 994; x_wconf 89' lang='lat' dir='ltr'><strong>qui</strong></span> <span class='ocrx_word' id='word_1_69' title='bbox 1434 923 1655 980; x_wconf 88' lang='lat' dir='ltr'><strong>indutus</strong></span> <span class='ocrx_word' id='word_1_70' title='bbox 1675 939 1805 994; x_wconf 86' lang='lat' dir='ltr'><strong>pur-</strong></span> 
     </span>
    </p>
   </div>
   <div class='ocr_carea' id='block_1_11' title="bbox 184 1016 1804 1091">
    <p class='ocr_par' dir='ltr' id='par_1_11' title="bbox 184 1016 1804 1091">
     <span class='ocr_line' id='line_1_11' title="bbox 184 1016 1804 1091; baseline 0.003 -21"><span class='ocrx_word' id='word_1_71' title='bbox 184 1030 340 1087; x_wconf 87' lang='lat' dir='ltr'><strong>pura</strong></span> <span class='ocrx_word' id='word_1_72' title='bbox 367 1026 421 1073; x_wconf 92' lang='lat' dir='ltr'><strong>et</strong></span> <span class='ocrx_word' id='word_1_73' title='bbox 449 1016 610 1090; x_wconf 87' lang='lat' dir='ltr'><strong>bysso</strong></span> <span class='ocrx_word' id='word_1_74' title='bbox 639 1018 694 1074; x_wconf 91' lang='lat' dir='ltr'><strong>in</strong></span> <span class='ocrx_word' id='word_1_75' title='bbox 727 1019 831 1074; x_wconf 90' lang='lat' dir='ltr'><strong>hoc</strong></span> <span class='ocrx_word' id='word_1_76' title='bbox 871 1019 1074 1076; x_wconf 65' lang='lat' dir='ltr'><strong>sazculo</strong></span> <span class='ocrx_word' id='word_1_77' title='bbox 1107 1019 1482 1085; x_wconf 85' lang='lat' dir='ltr'><strong>recumbebat,</strong></span> <span class='ocrx_word' id='word_1_78' title='bbox 1515 1028 1572 1076; x_wconf 91' lang='lat' dir='ltr'><strong>et</strong></span> <span class='ocrx_word' id='word_1_79' title='bbox 1613 1019 1804 1091; x_wconf 85' lang='lat' dir='ltr'><strong>epula-</strong></span> 
     </span>
    </p>
   </div>
   <div class='ocr_carea' id='block_1_12' title="bbox 183 1108 1800 1186">
    <p class='ocr_par' dir='ltr' id='par_1_12' title="bbox 183 1108 1800 1186">
     <span class='ocr_line' id='line_1_12' title="bbox 183 1108 1800 1186; baseline 0.003 -21"><span class='ocrx_word' id='word_1_80' title='bbox 183 1108 360 1165; x_wconf 82' lang='lat' dir='ltr'><strong>batur</strong></span> <span class='ocrx_word' id='word_1_81' title='bbox 388 1108 631 1180; x_wconf 89' lang='lat' dir='ltr'><strong>quotidie</strong></span> <span class='ocrx_word' id='word_1_82' title='bbox 659 1110 942 1182; x_wconf 87' lang='lat' dir='ltr'><strong>splendide</strong></span> <span class='ocrx_word' id='word_1_83' title='bbox 965 1153 983 1181; x_wconf 95' lang='lat'><strong>,</strong></span> <span class='ocrx_word' id='word_1_84' title='bbox 1030 1112 1098 1170; x_wconf 90' lang='lat' dir='ltr'><strong>de</strong></span> <span class='ocrx_word' id='word_1_85' title='bbox 1149 1112 1307 1185; x_wconf 88' lang='lat' dir='ltr'><strong>cujus</strong></span> <span class='ocrx_word' id='word_1_86' title='bbox 1338 1128 1530 1170; x_wconf 88' lang='lat' dir='ltr'><strong>mensa</strong></span> <span class='ocrx_word' id='word_1_87' title='bbox 1556 1129 1676 1186; x_wconf 84' lang='lat' dir='ltr'><strong>quae</strong></span> <span class='ocrx_word' id='word_1_88' title='bbox 1707 1129 1800 1172; x_wconf 85' lang='lat' dir='ltr'><strong>ca-</strong></span> 
     </span>
    </p>
   </div>
   <div class='ocr_carea' id='block_1_13' title="bbox 182 1203 1799 1282">
    <p class='ocr_par' dir='ltr' id='par_1_13' title="bbox 182 1203 1799 1282">
     <span class='ocr_line' id='line_1_13' title="bbox 182 1203 1799 1282; baseline 0.002 -20"><span class='ocrx_word' id='word_1_89' title='bbox 182 1203 403 1262; x_wconf 84' lang='lat' dir='ltr'><strong>debant</strong></span> <span class='ocrx_word' id='word_1_90' title='bbox 449 1222 654 1278; x_wconf 88' lang='lat' dir='ltr'><strong>pauper</strong></span> <span class='ocrx_word' id='word_1_91' title='bbox 699 1207 936 1266; x_wconf 86' lang='lat' dir='ltr'><strong>Lazarus</strong></span> <span class='ocrx_word' id='word_1_92' title='bbox 980 1210 1312 1282; x_wconf 76' lang='lat' dir='ltr'><strong>colligebat,</strong></span> <span class='ocrx_word' id='word_1_93' title='bbox 1344 1210 1799 1281; x_wconf 87' lang='lat' dir='ltr'><strong>quemadmodum</strong></span> 
     </span>
    </p>
   </div>
   <div class='ocr_carea' id='block_1_14' title="bbox 182 1301 1801 1376">
    <p class='ocr_par' dir='ltr' id='par_1_14' title="bbox 182 1301 1801 1376">
     <span class='ocr_line' id='line_1_14' title="bbox 182 1301 1801 1376; baseline 0.005 -24"><span class='ocrx_word' id='word_1_94' title='bbox 182 1301 244 1352; x_wconf 88' lang='lat' dir='ltr'><strong>in</strong></span> <span class='ocrx_word' id='word_1_95' title='bbox 285 1301 576 1356; x_wconf 86' lang='lat' dir='ltr'><strong>tormentis</strong></span> <span class='ocrx_word' id='word_1_96' title='bbox 603 1304 836 1372; x_wconf 89' lang='lat' dir='ltr'><strong>positus,</strong></span> <span class='ocrx_word' id='word_1_97' title='bbox 862 1304 916 1358; x_wconf 91' lang='lat' dir='ltr'><strong>in</strong></span> <span class='ocrx_word' id='word_1_98' title='bbox 941 1304 1156 1360; x_wconf 90' lang='lat' dir='ltr'><strong>inferno</strong></span> <span class='ocrx_word' id='word_1_99' title='bbox 1184 1319 1245 1360; x_wconf 91' lang='lat' dir='ltr'><strong>se</strong></span> <span class='ocrx_word' id='word_1_100' title='bbox 1273 1306 1544 1361; x_wconf 89' lang='lat' dir='ltr'><strong>reclinare</strong></span> <span class='ocrx_word' id='word_1_101' title='bbox 1574 1321 1681 1360; x_wconf 89' lang='lat' dir='ltr'><strong>non</strong></span> <span class='ocrx_word' id='word_1_102' title='bbox 1706 1322 1801 1376; x_wconf 88' lang='lat' dir='ltr'><strong>po-</strong></span> 
     </span>
    </p>
   </div>
   <div class='ocr_carea' id='block_1_15' title="bbox 183 1395 1802 1464">
    <p class='ocr_par' dir='ltr' id='par_1_15' title="bbox 183 1395 1802 1464">
     <span class='ocr_line' id='line_1_15' title="bbox 183 1395 1802 1464; baseline 0.006 -18"><span class='ocrx_word' id='word_1_103' title='bbox 183 1399 378 1458; x_wconf 85' lang='lat' dir='ltr'><strong>terat;</strong></span> <span class='ocrx_word' id='word_1_104' title='bbox 407 1395 505 1450; x_wconf 88' lang='lat' dir='ltr'><strong>sed</strong></span> <span class='ocrx_word' id='word_1_105' title='bbox 537 1395 625 1449; x_wconf 81' lang='lat' dir='ltr'><strong>vix</strong></span> <span class='ocrx_word' id='word_1_106' title='bbox 656 1395 722 1450; x_wconf 91' lang='lat' dir='ltr'><strong>ad</strong></span> <span class='ocrx_word' id='word_1_107' title='bbox 754 1395 1050 1463; x_wconf 82' lang='lat' dir='ltr'><strong>Abraham,</strong></span> <span class='ocrx_word' id='word_1_108' title='bbox 1082 1413 1190 1454; x_wconf 90' lang='lat' dir='ltr'><strong>non</strong></span> <span class='ocrx_word' id='word_1_109' title='bbox 1221 1407 1394 1454; x_wconf 90' lang='lat' dir='ltr'><strong>totum</strong></span> <span class='ocrx_word' id='word_1_110' title='bbox 1421 1415 1504 1464; x_wconf 87' lang='lat' dir='ltr'><strong>se,</strong></span> <span class='ocrx_word' id='word_1_111' title='bbox 1533 1399 1628 1455; x_wconf 87' lang='lat' dir='ltr'><strong>sed</strong></span> <span class='ocrx_word' id='word_1_112' title='bbox 1653 1398 1802 1455; x_wconf 89' lang='lat' dir='ltr'><strong>solos</strong></span> 
     </span>
    </p>
   </div>
   <div class='ocr_carea' id='block_1_16' title="bbox 181 1483 1800 1564">
    <p class='ocr_par' dir='ltr' id='par_1_16' title="bbox 181 1483 1800 1564">
     <span class='ocr_line' id='line_1_16' title="bbox 181 1483 1800 1564; baseline 0.006 -26"><span class='ocrx_word' id='word_1_113' title='bbox 181 1483 389 1540; x_wconf 91' lang='lat' dir='ltr'><strong>oculos</strong></span> <span class='ocrx_word' id='word_1_114' title='bbox 434 1485 720 1556; x_wconf 84' lang='lat' dir='ltr'><strong>erigebat,</strong></span> <span class='ocrx_word' id='word_1_115' title='bbox 756 1503 953 1560; x_wconf 91' lang='lat' dir='ltr'><strong>rogans</strong></span> <span class='ocrx_word' id='word_1_116' title='bbox 984 1500 1043 1544; x_wconf 92' lang='lat' dir='ltr'><strong>ut</strong></span> <span class='ocrx_word' id='word_1_117' title='bbox 1081 1489 1322 1548; x_wconf 89' lang='lat' dir='ltr'><strong>mitteret</strong></span> <span class='ocrx_word' id='word_1_118' title='bbox 1353 1491 1618 1548; x_wconf 84' lang='lat' dir='ltr'><strong>Lazarum</strong></span> <span class='ocrx_word' id='word_1_119' title='bbox 1649 1537 1663 1561; x_wconf 91' lang='lat'><strong>,</strong></span> <span class='ocrx_word' id='word_1_120' title='bbox 1706 1492 1800 1564; x_wconf 92' lang='lat' dir='ltr'><strong>qui</strong></span> 
     </span>
    </p>
   </div>
   <div class='ocr_carea' id='block_1_17' title="bbox 182 1578 1800 1654">
    <p class='ocr_par' dir='ltr' id='par_1_17' title="bbox 182 1578 1800 1654">
     <span class='ocr_line' id='line_1_17' title="bbox 182 1578 1800 1654; baseline 0.005 -24"><span class='ocrx_word' id='word_1_121' title='bbox 182 1584 506 1633; x_wconf 65' lang='lat' dir='ltr'><strong>extremum</strong></span> <span class='ocrx_word' id='word_1_122' title='bbox 556 1578 708 1649; x_wconf 80' lang='lat' dir='ltr'><strong>digiti</strong></span> <span class='ocrx_word' id='word_1_123' title='bbox 759 1582 843 1635; x_wconf 88' lang='lat' dir='ltr'><strong>sui</strong></span> <span class='ocrx_word' id='word_1_124' title='bbox 877 1581 929 1636; x_wconf 90' lang='lat' dir='ltr'><strong>in</strong></span> <span class='ocrx_word' id='word_1_125' title='bbox 961 1595 1156 1652; x_wconf 88' lang='lat' dir='ltr'><strong>aquam</strong></span> <span class='ocrx_word' id='word_1_126' title='bbox 1190 1582 1444 1654; x_wconf 85' lang='lat' dir='ltr'><strong>lingeret,</strong></span> <span class='ocrx_word' id='word_1_127' title='bbox 1474 1593 1530 1638; x_wconf 90' lang='lat' dir='ltr'><strong>et</strong></span> <span class='ocrx_word' id='word_1_128' title='bbox 1558 1583 1800 1654; x_wconf 88' lang='lat' dir='ltr'><strong>linguam</strong></span> 
     </span>
    </p>
   </div>
   <div class='ocr_carea' id='block_1_18' title="bbox 182 1670 1800 1746">
    <p class='ocr_par' dir='ltr' id='par_1_18' title="bbox 182 1670 1800 1746">
     <span class='ocr_line' id='line_1_18' title="bbox 182 1670 1800 1746; baseline 0.003 -20"><span class='ocrx_word' id='word_1_129' title='bbox 182 1671 315 1741; x_wconf 77' lang='lat' dir='ltr'><strong>ejus</strong></span> <span class='ocrx_word' id='word_1_130' title='bbox 357 1670 710 1742; x_wconf 88' lang='lat' dir='ltr'><strong>refrigeraret</strong></span> <span class='ocrx_word' id='word_1_131' title='bbox 741 1671 896 1745; x_wconf 89' lang='lat' dir='ltr'><strong>(Luc.</strong></span> <span class='ocrx_word' id='word_1_132' title='bbox 935 1690 1045 1742; x_wconf 80' lang='lat' dir='ltr'><strong>xvr,</strong></span> <span class='ocrx_word' id='word_1_133' title='bbox 1092 1675 1160 1733; x_wconf 85' lang='grc'><strong>19</strong></span> <span class='ocrx_word' id='word_1_134' title='bbox 1186 1687 1234 1730; x_wconf 89' lang='lat' dir='ltr'><strong>et</strong></span> <span class='ocrx_word' id='word_1_135' title='bbox 1260 1677 1415 1746; x_wconf 89' lang='lat' dir='ltr'><strong>seq.).</strong></span> <span class='ocrx_word' id='word_1_136' title='bbox 1457 1676 1599 1746; x_wconf 88' lang='lat' dir='ltr'><strong>Ergo</strong></span> <span class='ocrx_word' id='word_1_137' title='bbox 1655 1675 1800 1731; x_wconf 91' lang='lat' dir='ltr'><strong>illius</strong></span> 
     </span>
    </p>
   </div>
   <div class='ocr_carea' id='block_1_19' title="bbox 183 1764 1798 1840">
    <p class='ocr_par' dir='ltr' id='par_1_19' title="bbox 183 1764 1798 1840">
     <span class='ocr_line' id='line_1_19' title="bbox 183 1764 1798 1840; baseline 0.003 -21"><span class='ocrx_word' id='word_1_138' title='bbox 183 1764 360 1819; x_wconf 90' lang='lat' dir='ltr'><strong>morti</strong></span> <span class='ocrx_word' id='word_1_139' title='bbox 387 1764 668 1820; x_wconf 87' lang='lat' dir='ltr'><strong>reclinatio</strong></span> <span class='ocrx_word' id='word_1_140' title='bbox 694 1782 800 1821; x_wconf 92' lang='lat' dir='ltr'><strong>non</strong></span> <span class='ocrx_word' id='word_1_141' title='bbox 825 1774 962 1834; x_wconf 86' lang='lat' dir='ltr'><strong>erat,</strong></span> <span class='ocrx_word' id='word_1_142' title='bbox 997 1782 1098 1823; x_wconf 90' lang='lat' dir='ltr'><strong>nec</strong></span> <span class='ocrx_word' id='word_1_143' title='bbox 1126 1768 1526 1824; x_wconf 90' lang='lat' dir='ltr'><strong>ﬁrmamentum</strong></span> <span class='ocrx_word' id='word_1_144' title='bbox 1557 1769 1610 1824; x_wconf 92' lang='lat' dir='ltr'><strong>in</strong></span> <span class='ocrx_word' id='word_1_145' title='bbox 1642 1769 1798 1840; x_wconf 86' lang='lat' dir='ltr'><strong>plaga</strong></span> 
     </span>
    </p>
   </div>
   <div class='ocr_carea' id='block_1_20' title="bbox 1908 645 3507 718">
    <p class='ocr_par' dir='ltr' id='par_1_20' title="bbox 1908 645 3507 718">
     <span class='ocr_line' id='line_1_20' title="bbox 1908 645 3507 718; baseline 0.003 -19"><span class='ocrx_word' id='word_1_146' title='bbox 1908 658 2016 716; x_wconf 93' lang='lat' dir='ltr'><strong>quo</strong></span> <span class='ocrx_word' id='word_1_147' title='bbox 2045 659 2105 700; x_wconf 90' lang='lat' dir='ltr'><strong>se</strong></span> <span class='ocrx_word' id='word_1_148' title='bbox 2131 645 2297 700; x_wconf 87' lang='lat' dir='ltr'><strong>David</strong></span> <span class='ocrx_word' id='word_1_149' title='bbox 2320 645 2598 716; x_wconf 87' lang='lat' dir='ltr'><strong>operiebat</strong></span> <span class='ocrx_word' id='word_1_150' title='bbox 2623 646 2676 700; x_wconf 91' lang='lat' dir='ltr'><strong>in</strong></span> <span class='ocrx_word' id='word_1_151' title='bbox 2705 646 2934 718; x_wconf 89' lang='lat' dir='ltr'><strong>jejunio,</strong></span> <span class='ocrx_word' id='word_1_152' title='bbox 2966 662 3037 703; x_wconf 88' lang='lat' dir='ltr'><strong>ne</strong></span> <span class='ocrx_word' id='word_1_153' title='bbox 3062 649 3338 704; x_wconf 91' lang='lat' dir='ltr'><strong>amitteret</strong></span> <span class='ocrx_word' id='word_1_154' title='bbox 3365 648 3507 704; x_wconf 84' lang='lat' dir='ltr'><strong>inte-</strong></span> 
     </span>
    </p>
   </div>
   <div class='ocr_carea' id='block_1_21' title="bbox 1907 737 3498 814">
    <p class='ocr_par' dir='ltr' id='par_1_21' title="bbox 1907 737 3498 814">
     <span class='ocr_line' id='line_1_21' title="bbox 1907 737 3498 814; baseline 0.004 -24"><span class='ocrx_word' id='word_1_155' title='bbox 1907 737 2144 808; x_wconf 84' lang='lat' dir='ltr'><strong>gimenta</strong></span> <span class='ocrx_word' id='word_1_156' title='bbox 2179 737 2414 794; x_wconf 89' lang='lat' dir='ltr'><strong>virtutis.</strong></span> <span class='ocrx_word' id='word_1_157' title='bbox 2446 737 2625 808; x_wconf 89' lang='lat' dir='ltr'><strong>Ipsum</strong></span> <span class='ocrx_word' id='word_1_158' title='bbox 2662 738 2928 810; x_wconf 89' lang='lat' dir='ltr'><strong>jejunium</strong></span> <span class='ocrx_word' id='word_1_159' title='bbox 2961 741 3358 814; x_wconf 86' lang='lat' dir='ltr'><strong>operimentum</strong></span> <span class='ocrx_word' id='word_1_160' title='bbox 3392 751 3498 799; x_wconf 90' lang='lat' dir='ltr'><strong>est.</strong></span> 
     </span>
    </p>
   </div>
   <div class='ocr_carea' id='block_1_22' title="bbox 1908 829 3501 906">
    <p class='ocr_par' dir='ltr' id='par_1_22' title="bbox 1908 829 3501 906">
     <span class='ocr_line' id='line_1_22' title="bbox 1908 829 3501 906; baseline 0.005 -22"><span class='ocrx_word' id='word_1_161' title='bbox 1908 829 2149 900; x_wconf 88' lang='lat' dir='ltr'><strong>Denique</strong></span> <span class='ocrx_word' id='word_1_162' title='bbox 2171 829 2273 886; x_wconf 87' lang='lat' dir='ltr'><strong>nisi</strong></span> <span class='ocrx_word' id='word_1_163' title='bbox 2303 838 2551 886; x_wconf 90' lang='lat' dir='ltr'><strong>sanctum</strong></span> <span class='ocrx_word' id='word_1_164' title='bbox 2572 830 2776 903; x_wconf 71' lang='lat' dir='ltr'><strong>Ioseph</strong></span> <span class='ocrx_word' id='word_1_165' title='bbox 2818 834 3042 889; x_wconf 79' lang='lat' dir='ltr'><strong>texisset</strong></span> <span class='ocrx_word' id='word_1_166' title='bbox 3065 835 3249 906; x_wconf 85' lang='lat' dir='ltr'><strong>jejuna</strong></span> <span class='ocrx_word' id='word_1_167' title='bbox 3286 835 3501 892; x_wconf 86' lang='lat' dir='ltr'><strong>sobrie-</strong></span> 
     </span>
    </p>
   </div>
   <div class='ocr_carea' id='block_1_23' title="bbox 1908 921 3503 998">
    <p class='ocr_par' dir='ltr' id='par_1_23' title="bbox 1908 921 3503 998">
     <span class='ocr_line' id='line_1_23' title="bbox 1908 921 3503 998; baseline 0.006 -22"><span class='ocrx_word' id='word_1_168' title='bbox 1908 931 2010 986; x_wconf 90' lang='lat' dir='ltr'><strong>tas,</strong></span> <span class='ocrx_word' id='word_1_169' title='bbox 2038 921 2298 978; x_wconf 84' lang='lat' dir='ltr'><strong>adulterae</strong></span> <span class='ocrx_word' id='word_1_170' title='bbox 2324 923 2653 992; x_wconf 86' lang='lat' dir='ltr'><strong>protervitas</strong></span> <span class='ocrx_word' id='word_1_171' title='bbox 2680 926 2944 982; x_wconf 82' lang='lat' dir='ltr'><strong>exuisset.</strong></span> <span class='ocrx_word' id='word_1_172' title='bbox 2975 926 3096 995; x_wconf 84' lang='lat' dir='ltr'><strong>Quo</strong></span> <span class='ocrx_word' id='word_1_173' title='bbox 3122 926 3336 998; x_wconf 87' lang='lat' dir='ltr'><strong>jejunio</strong></span> <span class='ocrx_word' id='word_1_174' title='bbox 3370 929 3416 984; x_wconf 88' lang='lat' dir='ltr'><strong>si</strong></span> <span class='ocrx_word' id='word_1_175' title='bbox 3442 943 3503 985; x_wconf 86' lang='lat' dir='ltr'><strong>se</strong></span> 
     </span>
    </p>
   </div>
   <div class='ocr_carea' id='block_1_24' title="bbox 1906 1014 3500 1084">
    <p class='ocr_par' dir='ltr' id='par_1_24' title="bbox 1906 1014 3500 1084">
     <span class='ocr_line' id='line_1_24' title="bbox 1906 1014 3500 1084; baseline 0.007 -17"><span class='ocrx_word' id='word_1_176' title='bbox 1906 1020 2094 1084; x_wconf 90' lang='lat' dir='ltr'><strong>tegere</strong></span> <span class='ocrx_word' id='word_1_177' title='bbox 2120 1014 2388 1071; x_wconf 91' lang='lat' dir='ltr'><strong>voluisset</strong></span> <span class='ocrx_word' id='word_1_178' title='bbox 2430 1014 2626 1082; x_wconf 81' lang='lat' dir='ltr'><strong>Adam,</strong></span> <span class='ocrx_word' id='word_1_179' title='bbox 2657 1017 2834 1074; x_wconf 92' lang='lat' dir='ltr'><strong>nudus</strong></span> <span class='ocrx_word' id='word_1_180' title='bbox 2864 1033 2972 1073; x_wconf 92' lang='lat' dir='ltr'><strong>non</strong></span> <span class='ocrx_word' id='word_1_181' title='bbox 3016 1018 3210 1075; x_wconf 84' lang='lat' dir='ltr'><strong>fuisset</strong></span> <span class='ocrx_word' id='word_1_182' title='bbox 3251 1019 3500 1079; x_wconf 78' lang='lat' dir='ltr'><strong>eﬁ‘ectus.</strong></span> 
     </span>
    </p>
   </div>
   <div class='ocr_carea' id='block_1_25' title="bbox 1907 1104 3503 1179">
    <p class='ocr_par' dir='ltr' id='par_1_25' title="bbox 1907 1104 3503 1179">
     <span class='ocr_line' id='line_1_25' title="bbox 1907 1104 3503 1179; baseline 0.005 -16"><span class='ocrx_word' id='word_1_183' title='bbox 1907 1104 2014 1163; x_wconf 88' lang='lat' dir='ltr'><strong>Sed</strong></span> <span class='ocrx_word' id='word_1_184' title='bbox 2039 1106 2162 1179; x_wconf 84' lang='lat' dir='ltr'><strong>quia</strong></span> <span class='ocrx_word' id='word_1_185' title='bbox 2181 1107 2252 1163; x_wconf 90' lang='lat' dir='ltr'><strong>de</strong></span> <span class='ocrx_word' id='word_1_186' title='bbox 2279 1107 2425 1178; x_wconf 88' lang='lat' dir='ltr'><strong>ligno</strong></span> <span class='ocrx_word' id='word_1_187' title='bbox 2451 1108 2694 1166; x_wconf 76' lang='lat' dir='ltr'><strong>scientia:</strong></span> <span class='ocrx_word' id='word_1_188' title='bbox 2719 1109 2846 1166; x_wconf 92' lang='lat' dir='ltr'><strong>boni</strong></span> <span class='ocrx_word' id='word_1_189' title='bbox 2879 1119 2933 1166; x_wconf 92' lang='lat' dir='ltr'><strong>et</strong></span> <span class='ocrx_word' id='word_1_190' title='bbox 2962 1111 3091 1168; x_wconf 84' lang='lat' dir='ltr'><strong>mali</strong></span> <span class='ocrx_word' id='word_1_191' title='bbox 3112 1123 3302 1169; x_wconf 88' lang='lat' dir='ltr'><strong>contra</strong></span> <span class='ocrx_word' id='word_1_192' title='bbox 3335 1115 3503 1171; x_wconf 81' lang='lat' dir='ltr'><strong>inter-</strong></span> 
     </span>
    </p>
   </div>
   <div class='ocr_carea' id='block_1_26' title="bbox 1905 1198 3506 1279">
    <p class='ocr_par' dir='ltr' id='par_1_26' title="bbox 1905 1198 3506 1279">
     <span class='ocr_line' id='line_1_26' title="bbox 1905 1198 3506 1279; baseline 0.006 -25"><span class='ocrx_word' id='word_1_193' title='bbox 1905 1198 2107 1256; x_wconf 90' lang='lat' dir='ltr'><strong>dictum</strong></span> <span class='ocrx_word' id='word_1_194' title='bbox 2135 1201 2354 1259; x_wconf 66' lang='lat' dir='ltr'><strong>caeleste</strong></span> <span class='ocrx_word' id='word_1_195' title='bbox 2373 1204 2628 1270; x_wconf 81' lang='lat' dir='ltr'><strong>gustavit,</strong></span> <span class='ocrx_word' id='word_1_196' title='bbox 2656 1211 2713 1259; x_wconf 90' lang='lat' dir='ltr'><strong>et</strong></span> <span class='ocrx_word' id='word_1_197' title='bbox 2732 1204 3054 1275; x_wconf 90' lang='lat' dir='ltr'><strong>imperatum</strong></span> <span class='ocrx_word' id='word_1_198' title='bbox 3075 1205 3339 1276; x_wconf 86' lang='lat' dir='ltr'><strong>jejunium</strong></span> <span class='ocrx_word' id='word_1_199' title='bbox 3366 1224 3506 1279; x_wconf 75' lang='lat' dir='ltr'><strong>pra:-</strong></span> 
     </span>
    </p>
   </div>
   <div class='ocr_carea' id='block_1_27' title="bbox 1905 1297 3500 1366">
    <p class='ocr_par' dir='ltr' id='par_1_27' title="bbox 1905 1297 3500 1366">
     <span class='ocr_line' id='line_1_27' title="bbox 1905 1297 3500 1366; baseline 0.006 -16"><span class='ocrx_word' id='word_1_200' title='bbox 1905 1297 2174 1351; x_wconf 88' lang='lat' dir='ltr'><strong>varicatus</strong></span> <span class='ocrx_word' id='word_1_201' title='bbox 2200 1306 2285 1352; x_wconf 90' lang='lat' dir='ltr'><strong>est</strong></span> <span class='ocrx_word' id='word_1_202' title='bbox 2309 1298 2719 1353; x_wconf 74' lang='lat' dir='ltr'><strong>iucontinentia:</strong></span> <span class='ocrx_word' id='word_1_203' title='bbox 2747 1298 2890 1366; x_wconf 89' lang='lat' dir='ltr'><strong>cibo,</strong></span> <span class='ocrx_word' id='word_1_204' title='bbox 2929 1299 3130 1355; x_wconf 90' lang='lat' dir='ltr'><strong>nudum</strong></span> <span class='ocrx_word' id='word_1_205' title='bbox 3157 1316 3215 1356; x_wconf 88' lang='lat' dir='ltr'><strong>se</strong></span> <span class='ocrx_word' id='word_1_206' title='bbox 3253 1318 3376 1359; x_wconf 90' lang='lat' dir='ltr'><strong>csse</strong></span> <span class='ocrx_word' id='word_1_207' title='bbox 3405 1319 3500 1359; x_wconf 89' lang='lat' dir='ltr'><strong>co-</strong></span> 
     </span>
    </p>
   </div>
   <div class='ocr_carea' id='block_1_28' title="bbox 1902 1388 3499 1461">
    <p class='ocr_par' dir='ltr' id='par_1_28' title="bbox 1902 1388 3499 1461">
     <span class='ocr_line' id='line_1_28' title="bbox 1902 1388 3499 1461; baseline 0.003 -17"><span class='ocrx_word' id='word_1_208' title='bbox 1902 1391 2108 1461; x_wconf 84' lang='lat' dir='ltr'><strong>gnovit.</strong></span> <span class='ocrx_word' id='word_1_209' title='bbox 2141 1388 2297 1457; x_wconf 86' lang='lat' dir='ltr'><strong>Quod</strong></span> <span class='ocrx_word' id='word_1_210' title='bbox 2321 1389 2366 1445; x_wconf 92' lang='lat' dir='ltr'><strong>si</strong></span> <span class='ocrx_word' id='word_1_211' title='bbox 2392 1390 2714 1461; x_wconf 87' lang='lat' dir='ltr'><strong>jejunassct,</strong></span> <span class='ocrx_word' id='word_1_212' title='bbox 2734 1401 2790 1447; x_wconf 91' lang='lat' dir='ltr'><strong>et</strong></span> <span class='ocrx_word' id='word_1_213' title='bbox 2810 1391 2936 1448; x_wconf 88' lang='lat' dir='ltr'><strong>ﬁdei</strong></span> <span class='ocrx_word' id='word_1_214' title='bbox 2958 1403 3230 1448; x_wconf 83' lang='lat' dir='ltr'><strong>servasset</strong></span> <span class='ocrx_word' id='word_1_215' title='bbox 3253 1395 3499 1461; x_wconf 83' lang='lat' dir='ltr'><strong>exuvias,</strong></span> 
     </span>
    </p>
   </div>
   <div class='ocr_carea' id='block_1_29' title="bbox 1905 1482 3504 1554">
    <p class='ocr_par' dir='ltr' id='par_1_29' title="bbox 1905 1482 3504 1554">
     <span class='ocr_line' id='line_1_29' title="bbox 1905 1482 3504 1554; baseline 0.003 -17"><span class='ocrx_word' id='word_1_216' title='bbox 1905 1497 2004 1538; x_wconf 88' lang='lat' dir='ltr'><strong>nec</strong></span> <span class='ocrx_word' id='word_1_217' title='bbox 2034 1497 2094 1538; x_wconf 88' lang='lat' dir='ltr'><strong>se</strong></span> <span class='ocrx_word' id='word_1_218' title='bbox 2120 1483 2424 1554; x_wconf 80' lang='lat' dir='ltr'><strong>aspexisset</strong></span> <span class='ocrx_word' id='word_1_219' title='bbox 2451 1484 2733 1539; x_wconf 86' lang='lat' dir='ltr'><strong>intectum.</strong></span> <span class='ocrx_word' id='word_1_220' title='bbox 2766 1482 2882 1541; x_wconf 85' lang='lat' dir='ltr'><strong>Non</strong></span> <span class='ocrx_word' id='word_1_221' title='bbox 2911 1500 3044 1554; x_wconf 87' lang='lat' dir='ltr'><strong>ergo</strong></span> <span class='ocrx_word' id='word_1_222' title='bbox 3075 1500 3173 1539; x_wconf 88' lang='lat' dir='ltr'><strong>nos</strong></span> <span class='ocrx_word' id='word_1_223' title='bbox 3213 1485 3504 1543; x_wconf 84' lang='lat' dir='ltr'><strong>induamus</strong></span> 
     </span>
    </p>
   </div>
   <div class='ocr_carea' id='block_1_30' title="bbox 1905 1575 3498 1651">
    <p class='ocr_par' dir='ltr' id='par_1_30' title="bbox 1905 1575 3498 1651">
     <span class='ocr_line' id='line_1_30' title="bbox 1905 1575 3498 1651; baseline 0.003 -21"><span class='ocrx_word' id='word_1_224' title='bbox 1905 1575 2188 1646; x_wconf 90' lang='lat' dir='ltr'><strong>iniquitate</strong></span> <span class='ocrx_word' id='word_1_225' title='bbox 2227 1585 2281 1632; x_wconf 91' lang='lat' dir='ltr'><strong>et</strong></span> <span class='ocrx_word' id='word_1_226' title='bbox 2316 1576 2612 1647; x_wconf 85' lang='lat' dir='ltr'><strong>impietate,</strong></span> <span class='ocrx_word' id='word_1_227' title='bbox 2642 1593 2710 1632; x_wconf 89' lang='lat' dir='ltr'><strong>ne</strong></span> <span class='ocrx_word' id='word_1_228' title='bbox 2740 1576 2809 1633; x_wconf 86' lang='lat' dir='ltr'><strong>de</strong></span> <span class='ocrx_word' id='word_1_229' title='bbox 2848 1577 3029 1649; x_wconf 91' lang='lat' dir='ltr'><strong>aliquo</strong></span> <span class='ocrx_word' id='word_1_230' title='bbox 3059 1578 3224 1651; x_wconf 73' lang='lat'><strong>666</strong></span> <span class='ocrx_word' id='word_1_231' title='bbox 3253 1588 3498 1635; x_wconf 91' lang='lat' dir='ltr'><strong>nostrum</strong></span> 
     </span>
    </p>
   </div>
   <div class='ocr_carea' id='block_1_31' title="bbox 1903 1666 3498 1743">
    <p class='ocr_par' dir='ltr' id='par_1_31' title="bbox 1903 1666 3498 1743">
     <span class='ocr_line' id='line_1_31' title="bbox 1903 1666 3498 1743; baseline 0.003 -20"><span class='ocrx_word' id='word_1_232' title='bbox 1903 1667 2114 1724; x_wconf 87' lang='lat' dir='ltr'><strong>dicatur</strong></span> <span class='ocrx_word' id='word_1_233' title='bbox 2146 1685 2158 1722; x_wconf 91' lang='lat'>:</span> <span class='ocrx_word' id='word_1_234' title='bbox 2190 1666 2260 1723; x_wconf 87' lang='lat' dir='ltr'><strong>Et</strong></span> <span class='ocrx_word' id='word_1_235' title='bbox 2285 1668 2456 1724; x_wconf 79' lang='lat' dir='ltr'><strong>induit</strong></span> <span class='ocrx_word' id='word_1_236' title='bbox 2483 1684 2538 1723; x_wconf 87' lang='lat' dir='ltr'><strong>se</strong></span> <span class='ocrx_word' id='word_1_237' title='bbox 2556 1669 2967 1724; x_wconf 83' lang='lat' dir='ltr'><strong>maledictionem</strong></span> <span class='ocrx_word' id='word_1_238' title='bbox 2995 1667 3172 1743; x_wconf 84' lang='lat' dir='ltr'><strong>(Psal.</strong></span> <span class='ocrx_word' id='word_1_239' title='bbox 3197 1685 3348 1735; x_wconf 85' lang='lat' dir='ltr'><strong>cvm,</strong></span> <span class='ocrx_word' id='word_1_240' title='bbox 3384 1670 3498 1742; x_wconf 87' lang='grc'><strong>18).</strong></span> 
     </span>
    </p>
   </div>
   <div class='ocr_carea' id='block_1_32' title="bbox 1902 1760 3500 1836">
    <p class='ocr_par' dir='ltr' id='par_1_32' title="bbox 1902 1760 3500 1836">
     <span class='ocr_line' id='line_1_32' title="bbox 1902 1760 3500 1836; baseline 0.004 -22"><span class='ocrx_word' id='word_1_241' title='bbox 1902 1760 2042 1816; x_wconf 84' lang='lat' dir='ltr'><strong>Male</strong></span> <span class='ocrx_word' id='word_1_242' title='bbox 2079 1775 2140 1818; x_wconf 89' lang='lat' dir='ltr'><strong>se</strong></span> <span class='ocrx_word' id='word_1_243' title='bbox 2180 1760 2356 1818; x_wconf 88' lang='lat' dir='ltr'><strong>induit</strong></span> <span class='ocrx_word' id='word_1_244' title='bbox 2387 1773 2442 1818; x_wconf 93' lang='lat' dir='ltr'><strong>et</strong></span> <span class='ocrx_word' id='word_1_245' title='bbox 2467 1761 2673 1829; x_wconf 85' lang='lat' dir='ltr'><strong>Adam,</strong></span> <span class='ocrx_word' id='word_1_246' title='bbox 2703 1764 2794 1834; x_wconf 89' lang='lat' dir='ltr'><strong>qui</strong></span> <span class='ocrx_word' id='word_1_247' title='bbox 2831 1762 2961 1818; x_wconf 90' lang='lat' dir='ltr'><strong>dum</strong></span> <span class='ocrx_word' id='word_1_248' title='bbox 2999 1774 3272 1834; x_wconf 83' lang='lat' dir='ltr'><strong>quaereret</strong></span> <span class='ocrx_word' id='word_1_249' title='bbox 3300 1765 3500 1836; x_wconf 87' lang='lat' dir='ltr'><strong>integi-</strong></span> 
     </span>
    </p>
   </div>
   <div class='ocr_carea' id='block_1_33' title="bbox 181 1853 3425 1938">
    <p class='ocr_par' dir='ltr' id='par_1_33' title="bbox 181 1853 3425 1938">
     <span class='ocr_line' id='line_1_33' title="bbox 181 1853 3425 1938; baseline 0.004 -38"><span class='ocrx_word' id='word_1_250' title='bbox 181 1853 310 1926; x_wconf 80' lang='lat' dir='ltr'><strong>ejus</strong></span> <span class='ocrx_word' id='word_1_251' title='bbox 343 1855 516 1928; x_wconf 76' lang='grc' dir='ltr'><strong>(Ρεαι,</strong></span> <span class='ocrx_word' id='word_1_252' title='bbox 535 1873 701 1925; x_wconf 68' lang='lat' dir='ltr'><strong>um,</strong></span> <span class='ocrx_word' id='word_1_253' title='bbox 731 1859 810 1931; x_wconf 63' lang='grc'><strong>4),</strong></span> <span class='ocrx_word' id='word_1_254' title='bbox 837 1858 983 1916; x_wconf 80' lang='lat' dir='ltr'><strong>Nihil</strong></span> <span class='ocrx_word' id='word_1_255' title='bbox 1004 1859 1150 1916; x_wconf 74' lang='lat' dir='ltr'><strong>enim</strong></span> <span class='ocrx_word' id='word_1_256' title='bbox 1177 1871 1411 1932; x_wconf 70' lang='lat' dir='ltr'><strong>prosum</strong></span> <span class='ocrx_word' id='word_1_257' title='bbox 1437 1861 1652 1934; x_wconf 66' lang='lat' dir='ltr'><strong>ﬂagella</strong></span> <span class='ocrx_word' id='word_1_258' title='bbox 1675 1872 1799 1934; x_wconf 62' lang='lat' dir='ltr'><strong>post</strong></span> <span class='ocrx_word' id='word_1_259' title='bbox 1825 1876 1875 1938; x_wconf 77' lang='grc' dir='ltr'><strong><em>Β</em></strong></span> <span class='ocrx_word' id='word_1_260' title='bbox 1902 1861 2084 1909; x_wconf 89' lang='lat' dir='ltr'><strong>menta</strong></span> <span class='ocrx_word' id='word_1_261' title='bbox 2115 1853 2390 1923; x_wconf 78' lang='lat' dir='ltr'><strong>foliorum,</strong></span> <span class='ocrx_word' id='word_1_262' title='bbox 2417 1854 2816 1911; x_wconf 89' lang='lat' dir='ltr'><strong>maledictionis</strong></span> <span class='ocrx_word' id='word_1_263' title='bbox 2837 1858 3056 1926; x_wconf 83' lang='lat' dir='ltr'><strong>excepit</strong></span> <span class='ocrx_word' id='word_1_264' title='bbox 3077 1859 3425 1914; x_wconf 89' lang='lat' dir='ltr'><strong>sententiam.</strong></span> 
     </span>
    </p>
   </div>
   <div class='ocr_carea' id='block_1_34' title="bbox 182 1944 3500 2024">
    <p class='ocr_par' dir='ltr' id='par_1_34' title="bbox 182 1944 3500 2024">
     <span class='ocr_line' id='line_1_34' title="bbox 182 1944 3500 2024; baseline 0.002 -19"><span class='ocrx_word' id='word_1_265' title='bbox 182 1959 452 2006; x_wconf 89' lang='lat' dir='ltr'><strong>mortem.</strong></span> <span class='ocrx_word' id='word_1_266' title='bbox 1979 1945 2069 2001; x_wconf 91' lang='grc'><strong>11.</strong></span> <span class='ocrx_word' id='word_1_267' title='bbox 2110 1944 2408 2015; x_wconf 88' lang='lat' dir='ltr'><strong>lnduerunt</strong></span> <span class='ocrx_word' id='word_1_268' title='bbox 2445 1962 2505 2003; x_wconf 91' lang='lat' dir='ltr'><strong>se</strong></span> <span class='ocrx_word' id='word_1_269' title='bbox 2544 1947 2926 2004; x_wconf 89' lang='lat' dir='ltr'><strong>maledictione</strong></span> <span class='ocrx_word' id='word_1_270' title='bbox 2949 1949 3120 2005; x_wconf 72' lang='lat' dir='ltr'><strong>Judaei</strong></span> <span class='ocrx_word' id='word_1_271' title='bbox 3143 1991 3158 2016; x_wconf 90' lang='lat'><strong>,</strong></span> <span class='ocrx_word' id='word_1_272' title='bbox 3191 1951 3261 2007; x_wconf 89' lang='lat' dir='ltr'><strong>de</strong></span> <span class='ocrx_word' id='word_1_273' title='bbox 3301 1951 3500 2024; x_wconf 88' lang='lat' dir='ltr'><strong>quibus</strong></span> 
     </span>
    </p>
   </div>
   <div class='ocr_carea' id='block_1_35' title="bbox 261 2039 3499 2122">
    <p class='ocr_par' dir='ltr' id='par_1_35' title="bbox 261 2039 3499 2122">
     <span class='ocr_line' id='line_1_35' title="bbox 261 2039 3499 2122; baseline 0 -21"><span class='ocrx_word' id='word_1_274' title='bbox 261 2043 318 2098; x_wconf 86' lang='lat'><strong>9.</strong></span> <span class='ocrx_word' id='word_1_275' title='bbox 363 2044 428 2098; x_wconf 83' lang='grc' dir='ltr'>Ει</span> <span class='ocrx_word' id='word_1_276' title='bbox 457 2043 580 2117; x_wconf 67' lang='grc' dir='ltr'><strong>ἱᾶβο</strong></span> <span class='ocrx_word' id='word_1_277' title='bbox 604 2045 770 2102; x_wconf 79' lang='lat' dir='ltr'><strong>David</strong></span> <span class='ocrx_word' id='word_1_278' title='bbox 793 2047 922 2103; x_wconf 86' lang='lat' dir='ltr'><strong>dum</strong></span> <span class='ocrx_word' id='word_1_279' title='bbox 951 2056 1099 2104; x_wconf 84' lang='lat' dir='ltr'><strong>esset</strong></span> <span class='ocrx_word' id='word_1_280' title='bbox 1126 2047 1182 2104; x_wconf 86' lang='lat' dir='ltr'><strong>in</strong></span> <span class='ocrx_word' id='word_1_281' title='bbox 1206 2048 1362 2106; x_wconf 84' lang='lat' dir='ltr'><strong>istius</strong></span> <span class='ocrx_word' id='word_1_282' title='bbox 1385 2050 1634 2120; x_wconf 89' lang='lat' dir='ltr'><strong>corporis</strong></span> <span class='ocrx_word' id='word_1_283' title='bbox 1666 2052 1798 2122; x_wconf 71' lang='lat' dir='ltr'><strong>vita,</strong></span> <span class='ocrx_word' id='word_1_284' title='bbox 1904 2039 2170 2110; x_wconf 80' lang='lat' dir='ltr'><strong>scriptum</strong></span> <span class='ocrx_word' id='word_1_285' title='bbox 2195 2047 2281 2097; x_wconf 86' lang='lat' dir='ltr'><strong>est</strong></span> <span class='ocrx_word' id='word_1_286' title='bbox 2308 2057 2323 2096; x_wconf 88' lang='lat'><strong>:</strong></span> <span class='ocrx_word' id='word_1_287' title='bbox 2351 2040 2553 2095; x_wconf 87' lang='lat' dir='ltr'><strong>Prodiit</strong></span> <span class='ocrx_word' id='word_1_288' title='bbox 2573 2043 2724 2111; x_wconf 87' lang='lat' dir='ltr'><strong>quasi</strong></span> <span class='ocrx_word' id='word_1_289' title='bbox 2763 2057 2826 2097; x_wconf 81' lang='lat' dir='ltr'><strong>ea:</strong></span> <span class='ocrx_word' id='word_1_290' title='bbox 2851 2042 3004 2116; x_wconf 80' lang='lat' dir='ltr'><strong>adipe</strong></span> <span class='ocrx_word' id='word_1_291' title='bbox 3029 2043 3276 2114; x_wconf 78' lang='lat' dir='ltr'><strong>iniquitas</strong></span> <span class='ocrx_word' id='word_1_292' title='bbox 3305 2062 3499 2113; x_wconf 88' lang='lat' dir='ltr'><strong>eorum,</strong></span> 
     </span>
    </p>
   </div>
   <div class='ocr_carea' id='block_1_36' title="bbox 182 2131 3496 2216">
    <p class='ocr_par' dir='ltr' id='par_1_36' title="bbox 182 2131 3496 2216">
     <span class='ocr_line' id='line_1_36' title="bbox 182 2131 3496 2216; baseline 0.007 -45"><span class='ocrx_word' id='word_1_293' title='bbox 182 2135 241 2190; x_wconf 71' lang='lat' dir='ltr'><strong>in</strong></span> <span class='ocrx_word' id='word_1_294' title='bbox 274 2135 489 2207; x_wconf 62' lang='lat' dir='ltr'><strong>ﬂagella</strong></span> <span class='ocrx_word' id='word_1_295' title='bbox 519 2153 580 2195; x_wconf 69' lang='lat' dir='ltr'><strong>se</strong></span> <span class='ocrx_word' id='word_1_296' title='bbox 609 2140 974 2212; x_wconf 56' lang='lat' dir='ltr'><strong>pmpambal’</strong></span> <span class='ocrx_word' id='word_1_297' title='bbox 1005 2151 1063 2197; x_wconf 72' lang='grc' dir='ltr'><strong>υι</strong></span> <span class='ocrx_word' id='word_1_298' title='bbox 1087 2157 1210 2198; x_wconf 73' lang='lat' dir='ltr'><strong>eum</strong></span> <span class='ocrx_word' id='word_1_299' title='bbox 1244 2143 1504 2198; x_wconf 67' lang='lat' dir='ltr'><strong>Dominus</strong></span> <span class='ocrx_word' id='word_1_300' title='bbox 1527 2145 1800 2216; x_wconf 61' lang='lat' dir='ltr'><strong>recipere;</strong></span> <span class='ocrx_word' id='word_1_301' title='bbox 1904 2133 2221 2188; x_wconf 88' lang='lat' dir='ltr'><strong>transierunt</strong></span> <span class='ocrx_word' id='word_1_302' title='bbox 2255 2133 2309 2188; x_wconf 87' lang='lat' dir='ltr'><strong>in</strong></span> <span class='ocrx_word' id='word_1_303' title='bbox 2339 2131 2731 2204; x_wconf 73' lang='lat' dir='ltr'><strong>dispositionem</strong></span> <span class='ocrx_word' id='word_1_304' title='bbox 2762 2134 2933 2190; x_wconf 86' lang='lat' dir='ltr'><strong>cordis</strong></span> <span class='ocrx_word' id='word_1_305' title='bbox 2983 2135 3158 2209; x_wconf 84' lang='lat' dir='ltr'><strong>(Psal.</strong></span> <span class='ocrx_word' id='word_1_306' title='bbox 3203 2154 3371 2204; x_wconf 81' lang='lat' dir='ltr'><strong>Lxxtt,</strong></span> <span class='ocrx_word' id='word_1_307' title='bbox 3421 2140 3496 2212; x_wconf 88' lang='lat'><strong>7).</strong></span> 
     </span>
    </p>
   </div>
   <div class='ocr_carea' id='block_1_37' title="bbox 182 2225 1794 2312">
    <p class='ocr_par' dir='ltr' id='par_1_37' title="bbox 182 2229 1794 2312">
     <span class='ocr_line' id='line_1_37' title="bbox 182 2229 1794 2312; baseline 0.007 -28"><span class='ocrx_word' id='word_1_308' title='bbox 182 2229 534 2300; x_wconf 87' lang='lat' dir='ltr'><strong>castigatum.</strong></span> <span class='ocrx_word' id='word_1_309' title='bbox 559 2230 856 2290; x_wconf 86' lang='lat' dir='ltr'><strong>Considera</strong></span> <span class='ocrx_word' id='word_1_310' title='bbox 890 2236 1084 2292; x_wconf 86' lang='lat' dir='ltr'><strong>iterum</strong></span> <span class='ocrx_word' id='word_1_311' title='bbox 1112 2237 1247 2294; x_wconf 91' lang='lat' dir='ltr'><strong>mihi</strong></span> <span class='ocrx_word' id='word_1_312' title='bbox 1278 2247 1526 2294; x_wconf 88' lang='lat' dir='ltr'><strong>sanctum</strong></span> <span class='ocrx_word' id='word_1_313' title='bbox 1557 2238 1684 2306; x_wconf 84' lang='lat' dir='ltr'><strong>Job,</strong></span> <span class='ocrx_word' id='word_1_314' title='bbox 1707 2239 1794 2312; x_wconf 89' lang='lat' dir='ltr'><strong>qui</strong></span> 
     </span>
    </p>
   </div>
   <div class='ocr_carea' id='block_1_38' title="bbox 1907 2225 3503 2312">
    <p class='ocr_par' dir='ltr' id='par_1_38' title="bbox 1907 2225 3503 2301">
     <span class='ocr_line' id='line_1_38' title="bbox 1907 2225 3503 2301; baseline 0.003 -20"><span class='ocrx_word' id='word_1_315' title='bbox 1907 2233 1930 2262; x_wconf 76' lang='grc' dir='ltr'>α</span> <span class='ocrx_word' id='word_1_316' title='bbox 1951 2225 2035 2281; x_wconf 84' lang='lat' dir='ltr'><strong>Ab</strong></span> <span class='ocrx_word' id='word_1_317' title='bbox 2058 2225 2218 2297; x_wconf 90' lang='lat' dir='ltr'><strong>adipe</strong></span> <span class='ocrx_word' id='word_1_318' title='bbox 2239 2227 2454 2298; x_wconf 87' lang='lat' dir='ltr'><strong>adipsal</strong></span> <span class='ocrx_word' id='word_1_319' title='bbox 2479 2227 2624 2284; x_wconf 90' lang='lat' dir='ltr'><strong>enim</strong></span> <span class='ocrx_word' id='word_1_320' title='bbox 2655 2227 2872 2294; x_wconf 92' lang='lat' dir='ltr'><strong>dicitur,</strong></span> <span class='ocrx_word' id='word_1_321' title='bbox 2890 2227 2945 2284; x_wconf 94' lang='lat' dir='ltr'><strong>id</strong></span> <span class='ocrx_word' id='word_1_322' title='bbox 2967 2238 3071 2298; x_wconf 92' lang='lat' dir='ltr'><strong>est,</strong></span> <span class='ocrx_word' id='word_1_323' title='bbox 3096 2231 3318 2301; x_wconf 88' lang='lat' dir='ltr'><strong>pingue.</strong></span> <span class='ocrx_word' id='word_1_324' title='bbox 3347 2233 3503 2290; x_wconf 89' lang='lat' dir='ltr'><strong>Sicut</strong></span> 
     </span>
    </p>
   </div>
   <div class='ocr_carea' id='block_1_39' title="bbox 184 2311 3500 2401">
    <p class='ocr_par' dir='ltr' id='par_1_39' title="bbox 184 2311 3500 2401">
     <span class='ocr_line' id='line_1_39' title="bbox 184 2311 3500 2401; baseline 0.004 -19"><span class='ocrx_word' id='word_1_325' title='bbox 184 2311 443 2396; x_wconf 83' lang='lat' dir='ltr'><strong>perfusus</strong></span> <span class='ocrx_word' id='word_1_326' title='bbox 491 2336 611 2386; x_wconf 90' lang='lat' dir='ltr'><strong>erat</strong></span> <span class='ocrx_word' id='word_1_327' title='bbox 656 2330 961 2401; x_wconf 89' lang='lat' dir='ltr'><strong>ulceribus,</strong></span> <span class='ocrx_word' id='word_1_328' title='bbox 995 2342 1052 2389; x_wconf 90' lang='lat' dir='ltr'><strong>et</strong></span> <span class='ocrx_word' id='word_1_329' title='bbox 1090 2333 1506 2391; x_wconf 87' lang='lat' dir='ltr'><strong>concutiebatur</strong></span> <span class='ocrx_word' id='word_1_330' title='bbox 1541 2311 1798 2392; x_wconf 85' lang='lat' dir='ltr'><strong>omnibus</strong></span> <span class='ocrx_word' id='word_1_331' title='bbox 1901 2318 2047 2375; x_wconf 70' lang='lat' dir='ltr'><strong>enim</strong></span> <span class='ocrx_word' id='word_1_332' title='bbox 2079 2319 2258 2375; x_wconf 69' lang='lat' dir='ltr'><strong>anima</strong></span> <span class='ocrx_word' id='word_1_333' title='bbox 2289 2319 2451 2377; x_wconf 68' lang='lat' dir='ltr'><strong>bonis</strong></span> <span class='ocrx_word' id='word_1_334' title='bbox 2481 2330 2660 2391; x_wconf 59' lang='lat' dir='ltr'><strong>P35”:</strong></span> <span class='ocrx_word' id='word_1_335' title='bbox 2689 2331 2746 2378; x_wconf 73' lang='grc' dir='ltr'><strong>ει</strong></span> <span class='ocrx_word' id='word_1_336' title='bbox 2774 2321 2973 2378; x_wconf 56' lang='lat' dir='ltr'><strong>Tereu“</strong></span> <span class='ocrx_word' id='word_1_337' title='bbox 3005 2322 3315 2392; x_wconf 68' lang='grc' dir='ltr'><strong>νίτιυῑίδυες</strong></span> <span class='ocrx_word' id='word_1_338' title='bbox 3362 2333 3500 2380; x_wconf 70' lang='grc' dir='ltr'><strong>ῐθηι·</strong></span> 
     </span>
    </p>
   </div>
   <div class='ocr_carea' id='block_1_40' title="bbox 183 2412 1794 2499">
    <p class='ocr_par' dir='ltr' id='par_1_40' title="bbox 183 2418 1794 2499">
     <span class='ocr_line' id='line_1_40' title="bbox 183 2418 1794 2499; baseline 0.007 -25"><span class='ocrx_word' id='word_1_339' title='bbox 183 2418 473 2487; x_wconf 89' lang='lat' dir='ltr'><strong>membris,</strong></span> <span class='ocrx_word' id='word_1_340' title='bbox 504 2430 560 2477; x_wconf 89' lang='lat' dir='ltr'><strong>et</strong></span> <span class='ocrx_word' id='word_1_341' title='bbox 585 2422 783 2494; x_wconf 90' lang='lat' dir='ltr'><strong>plenus</strong></span> <span class='ocrx_word' id='word_1_342' title='bbox 829 2433 950 2481; x_wconf 91' lang='lat' dir='ltr'><strong>erat</strong></span> <span class='ocrx_word' id='word_1_343' title='bbox 979 2426 1143 2482; x_wconf 87' lang='lat' dir='ltr'><strong>totius</strong></span> <span class='ocrx_word' id='word_1_344' title='bbox 1187 2429 1438 2499; x_wconf 92' lang='lat' dir='ltr'><strong>corporis</strong></span> <span class='ocrx_word' id='word_1_345' title='bbox 1478 2428 1565 2484; x_wconf 91' lang='lat' dir='ltr'><strong>sui</strong></span> <span class='ocrx_word' id='word_1_346' title='bbox 1593 2428 1794 2486; x_wconf 91' lang='lat' dir='ltr'><strong>dolori-</strong></span> 
     </span>
    </p>
   </div>
   <div class='ocr_carea' id='block_1_41' title="bbox 1907 2412 3503 2499">
    <p class='ocr_par' dir='ltr' id='par_1_41' title="bbox 1907 2412 3503 2488">
     <span class='ocr_line' id='line_1_41' title="bbox 1907 2412 3503 2488; baseline 0.003 -20"><span class='ocrx_word' id='word_1_347' title='bbox 1907 2427 2062 2484; x_wconf 84' lang='lat' dir='ltr'><strong>quam</strong></span> <span class='ocrx_word' id='word_1_348' title='bbox 2101 2412 2261 2484; x_wconf 92' lang='lat' dir='ltr'><strong>adipe</strong></span> <span class='ocrx_word' id='word_1_349' title='bbox 2299 2421 2358 2469; x_wconf 91' lang='lat' dir='ltr'><strong>et</strong></span> <span class='ocrx_word' id='word_1_350' title='bbox 2393 2412 2722 2485; x_wconf 91' lang='lat' dir='ltr'><strong>pinguedine</strong></span> <span class='ocrx_word' id='word_1_351' title='bbox 2758 2415 3022 2486; x_wconf 90' lang='lat' dir='ltr'><strong>repletur,</strong></span> <span class='ocrx_word' id='word_1_352' title='bbox 3049 2427 3107 2471; x_wconf 91' lang='lat' dir='ltr'><strong>ut</strong></span> <span class='ocrx_word' id='word_1_353' title='bbox 3134 2417 3394 2488; x_wconf 87' lang='lat' dir='ltr'><strong>scriptum</strong></span> <span class='ocrx_word' id='word_1_354' title='bbox 3417 2427 3503 2474; x_wconf 92' lang='lat' dir='ltr'><strong>est</strong></span> 
     </span>
    </p>
   </div>
   <div class='ocr_carea' id='block_1_42' title="bbox 183 2506 1794 2589">
    <p class='ocr_par' dir='ltr' id='par_1_42' title="bbox 183 2510 1794 2589">
     <span class='ocr_line' id='line_1_42' title="bbox 183 2510 1794 2589; baseline 0.008 -23"><span class='ocrx_word' id='word_1_355' title='bbox 183 2510 314 2579; x_wconf 87' lang='lat' dir='ltr'><strong>bus,</strong></span> <span class='ocrx_word' id='word_1_356' title='bbox 346 2513 533 2585; x_wconf 85' lang='lat' dir='ltr'><strong>glebas</strong></span> <span class='ocrx_word' id='word_1_357' title='bbox 579 2525 738 2572; x_wconf 84' lang='lat' dir='ltr'><strong>terrae</strong></span> <span class='ocrx_word' id='word_1_358' title='bbox 795 2518 1080 2589; x_wconf 81' lang='lat' dir='ltr'><strong>vulnerum</strong></span> <span class='ocrx_word' id='word_1_359' title='bbox 1134 2535 1356 2578; x_wconf 87' lang='lat' dir='ltr'><strong>suorum</strong></span> <span class='ocrx_word' id='word_1_360' title='bbox 1402 2522 1556 2579; x_wconf 91' lang='lat' dir='ltr'><strong>sanie</strong></span> <span class='ocrx_word' id='word_1_361' title='bbox 1605 2531 1662 2579; x_wconf 88' lang='lat' dir='ltr'><strong>et</strong></span> <span class='ocrx_word' id='word_1_362' title='bbox 1692 2523 1794 2579; x_wconf 79' lang='lat' dir='ltr'><strong>liu-</strong></span> 
     </span>
    </p>
   </div>
   <div class='ocr_carea' id='block_1_43' title="bbox 1907 2506 3504 2589">
    <p class='ocr_par' dir='ltr' id='par_1_43' title="bbox 1907 2506 3504 2584">
     <span class='ocr_line' id='line_1_43' title="bbox 1907 2506 3504 2584; baseline 0.004 -22"><span class='ocrx_word' id='word_1_363' title='bbox 1907 2506 2075 2580; x_wconf 87' lang='lat' dir='ltr'><strong>(Psal.</strong></span> <span class='ocrx_word' id='word_1_364' title='bbox 2102 2523 2236 2574; x_wconf 82' lang='lat' dir='ltr'><strong>tht,</strong></span> <span class='ocrx_word' id='word_1_365' title='bbox 2272 2507 2328 2579; x_wconf 89' lang='lat'><strong>6)</strong></span> <span class='ocrx_word' id='word_1_366' title='bbox 2357 2525 2370 2562; x_wconf 90' lang='lat'><strong>:</strong></span> <span class='ocrx_word' id='word_1_367' title='bbox 2399 2508 2479 2563; x_wconf 90' lang='lat' dir='ltr'><strong>sic</strong></span> <span class='ocrx_word' id='word_1_368' title='bbox 2507 2509 2761 2581; x_wconf 84' lang='lat' dir='ltr'><strong>iniquitas</strong></span> <span class='ocrx_word' id='word_1_369' title='bbox 2787 2525 2908 2580; x_wconf 69' lang='lat' dir='ltr'><strong>qua:</strong></span> <span class='ocrx_word' id='word_1_370' title='bbox 2929 2511 3083 2583; x_wconf 91' lang='lat' dir='ltr'><strong>quasi</strong></span> <span class='ocrx_word' id='word_1_371' title='bbox 3109 2526 3174 2567; x_wconf 86' lang='lat' dir='ltr'><strong>ex</strong></span> <span class='ocrx_word' id='word_1_372' title='bbox 3197 2512 3356 2584; x_wconf 75' lang='lat' dir='ltr'><strong>adipe</strong></span> <span class='ocrx_word' id='word_1_373' title='bbox 3376 2528 3504 2583; x_wconf 87' lang='lat' dir='ltr'><strong>pro-</strong></span> 
     </span>
    </p>
   </div>
   <div class='ocr_carea' id='block_1_44' title="bbox 185 2601 3501 2681">
    <p class='ocr_par' dir='ltr' id='par_1_44' title="bbox 185 2601 3501 2681">
     <span class='ocr_line' id='line_1_44' title="bbox 185 2601 3501 2681; baseline 0.004 -31"><span class='ocrx_word' id='word_1_374' title='bbox 185 2619 345 2661; x_wconf 75' lang='lat' dir='ltr'><strong>more</strong></span> <span class='ocrx_word' id='word_1_375' title='bbox 373 2605 703 2676; x_wconf 64' lang='lat' dir='ltr'><strong>dissolvens,</strong></span> <span class='ocrx_word' id='word_1_376' title='bbox 729 2610 1187 2681; x_wconf 72' lang='lat' dir='ltr'><strong>quemadmodum</strong></span> <span class='ocrx_word' id='word_1_377' title='bbox 1217 2629 1341 2671; x_wconf 76' lang='lat' dir='ltr'><strong>cum</strong></span> <span class='ocrx_word' id='word_1_378' title='bbox 1369 2629 1430 2672; x_wconf 70' lang='lat' dir='ltr'><strong>se</strong></span> <span class='ocrx_word' id='word_1_379' title='bbox 1458 2617 1512 2672; x_wconf 77' lang='lat' dir='ltr'><strong>in</strong></span> <span class='ocrx_word' id='word_1_380' title='bbox 1543 2615 1646 2673; x_wconf 75' lang='lat' dir='ltr'><strong>hoc</strong></span> <span class='ocrx_word' id='word_1_381' title='bbox 1674 2631 1798 2672; x_wconf 71' lang='lat' dir='ltr'><strong>cor.</strong></span> <span class='ocrx_word' id='word_1_382' title='bbox 1897 2603 2063 2670; x_wconf 88' lang='lat' dir='ltr'><strong>cedit,</strong></span> <span class='ocrx_word' id='word_1_383' title='bbox 2099 2616 2208 2658; x_wconf 90' lang='lat' dir='ltr'><strong>non</strong></span> <span class='ocrx_word' id='word_1_384' title='bbox 2249 2601 2426 2658; x_wconf 87' lang='lat' dir='ltr'><strong>tenuis</strong></span> <span class='ocrx_word' id='word_1_385' title='bbox 2473 2612 2531 2659; x_wconf 72' lang='grc' dir='ltr'><strong>ει</strong></span> <span class='ocrx_word' id='word_1_386' title='bbox 2575 2605 2734 2660; x_wconf 82' lang='lat' dir='ltr'><strong>exilis</strong></span> <span class='ocrx_word' id='word_1_387' title='bbox 2780 2606 3138 2676; x_wconf 81' lang='lat' dir='ltr'><strong>significatur,</strong></span> <span class='ocrx_word' id='word_1_388' title='bbox 3193 2607 3287 2663; x_wconf 65' lang='grc' dir='ltr'><strong>θεά</strong></span> <span class='ocrx_word' id='word_1_389' title='bbox 3340 2608 3501 2680; x_wconf 88' lang='lat' dir='ltr'><strong>plena</strong></span> 
     </span>
    </p>
   </div>
   <div class='ocr_carea' id='block_1_45' title="bbox 185 2694 1794 2779">
    <p class='ocr_par' dir='ltr' id='par_1_45' title="bbox 185 2700 1794 2779">
     <span class='ocr_line' id='line_1_45' title="bbox 185 2700 1794 2779; baseline 0.009 -28"><span class='ocrx_word' id='word_1_390' title='bbox 185 2711 324 2768; x_wconf 84' lang='lat' dir='ltr'><strong>pore</strong></span> <span class='ocrx_word' id='word_1_391' title='bbox 353 2700 562 2768; x_wconf 87' lang='lat' dir='ltr'><strong>positus</strong></span> <span class='ocrx_word' id='word_1_392' title='bbox 593 2702 866 2760; x_wconf 87' lang='lat' dir='ltr'><strong>reclinare</strong></span> <span class='ocrx_word' id='word_1_393' title='bbox 910 2719 1018 2760; x_wconf 91' lang='lat' dir='ltr'><strong>non</strong></span> <span class='ocrx_word' id='word_1_394' title='bbox 1067 2716 1273 2776; x_wconf 88' lang='lat' dir='ltr'><strong>posset,</strong></span> <span class='ocrx_word' id='word_1_395' title='bbox 1303 2709 1551 2779; x_wconf 90' lang='lat' dir='ltr'><strong>requiem</strong></span> <span class='ocrx_word' id='word_1_396' title='bbox 1601 2709 1794 2766; x_wconf 87' lang='lat' dir='ltr'><strong>mortis</strong></span> 
     </span>
    </p>
   </div>
   <div class='ocr_carea' id='block_1_46' title="bbox 1907 2694 3502 2779">
    <p class='ocr_par' dir='ltr' id='par_1_46' title="bbox 1907 2694 3502 2771">
     <span class='ocr_line' id='line_1_46' title="bbox 1907 2694 3502 2771; baseline 0.004 -22"><span class='ocrx_word' id='word_1_397' title='bbox 1907 2694 2174 2752; x_wconf 83' lang='lat' dir='ltr'><strong>vitiorum.</strong></span> <span class='ocrx_word' id='word_1_398' title='bbox 2223 2695 2470 2768; x_wconf 85' lang='lat' dir='ltr'><strong>Denique</strong></span> <span class='ocrx_word' id='word_1_399' title='bbox 2494 2699 2601 2752; x_wconf 87' lang='lat' dir='ltr'><strong>non</strong></span> <span class='ocrx_word' id='word_1_400' title='bbox 2626 2696 2852 2754; x_wconf 87' lang='lat' dir='ltr'><strong>fortuito</strong></span> <span class='ocrx_word' id='word_1_401' title='bbox 2878 2699 3111 2770; x_wconf 88' lang='lat' dir='ltr'><strong>quodam</strong></span> <span class='ocrx_word' id='word_1_402' title='bbox 3139 2699 3292 2771; x_wconf 87' lang='lat' dir='ltr'><strong>lapsu</strong></span> <span class='ocrx_word' id='word_1_403' title='bbox 3327 2703 3383 2755; x_wconf 92' lang='lat' dir='ltr'><strong>in</strong></span> <span class='ocrx_word' id='word_1_404' title='bbox 3414 2717 3502 2757; x_wconf 85' lang='lat' dir='ltr'><strong>er-</strong></span> 
     </span>
    </p>
   </div>
   <div class='ocr_carea' id='block_1_47' title="bbox 186 2789 1797 2868">
    <p class='ocr_par' dir='ltr' id='par_1_47' title="bbox 186 2789 1797 2868">
     <span class='ocr_line' id='line_1_47' title="bbox 186 2789 1797 2868; baseline 0.009 -23"><span class='ocrx_word' id='word_1_405' title='bbox 186 2789 501 2860; x_wconf 86' lang='lat' dir='ltr'><strong>invenerit;</strong></span> <span class='ocrx_word' id='word_1_406' title='bbox 533 2795 764 2868; x_wconf 90' lang='lat' dir='ltr'><strong>ideoque</strong></span> <span class='ocrx_word' id='word_1_407' title='bbox 789 2799 1042 2856; x_wconf 86' lang='lat' dir='ltr'><strong>conscius</strong></span> <span class='ocrx_word' id='word_1_408' title='bbox 1069 2800 1154 2856; x_wconf 89' lang='lat' dir='ltr'><strong>sui</strong></span> <span class='ocrx_word' id='word_1_409' title='bbox 1183 2801 1319 2857; x_wconf 81' lang='lat' dir='ltr'><strong>dixit</strong></span> <span class='ocrx_word' id='word_1_410' title='bbox 1343 2819 1358 2857; x_wconf 89' lang='lat'><strong>:</strong></span> <span class='ocrx_word' id='word_1_411' title='bbox 1387 2801 1534 2858; x_wconf 84' lang='lat' dir='ltr'><strong>Mors</strong></span> <span class='ocrx_word' id='word_1_412' title='bbox 1565 2804 1675 2858; x_wconf 84' lang='lat' dir='ltr'><strong>viro</strong></span> <span class='ocrx_word' id='word_1_413' title='bbox 1713 2819 1797 2858; x_wconf 84' lang='lat' dir='ltr'><strong>re-</strong></span> 
     </span>
    </p>
   </div>
   <div class='ocr_carea' id='block_1_48' title="bbox 185 2883 1792 2964">
    <p class='ocr_par' dir='ltr' id='par_1_48' title="bbox 185 2883 1792 2964">
     <span class='ocr_line' id='line_1_48' title="bbox 185 2883 1792 2964; baseline 0.007 -25"><span class='ocrx_word' id='word_1_414' title='bbox 185 2885 334 2956; x_wconf 83' lang='lat' dir='ltr'><strong>quies</strong></span> <span class='ocrx_word' id='word_1_415' title='bbox 359 2883 518 2958; x_wconf 85' lang='lat' dir='ltr'><strong>(Job.</strong></span> <span class='ocrx_word' id='word_1_416' title='bbox 551 2902 639 2952; x_wconf 86' lang='lat' dir='ltr'><strong>ut,</strong></span> <span class='ocrx_word' id='word_1_417' title='bbox 673 2887 788 2962; x_wconf 75' lang='grc'><strong>25).</strong></span> <span class='ocrx_word' id='word_1_418' title='bbox 823 2890 872 2946; x_wconf 91' lang='lat' dir='ltr'><strong>Is</strong></span> <span class='ocrx_word' id='word_1_419' title='bbox 898 2891 1061 2961; x_wconf 85' lang='lat' dir='ltr'><strong>igitur</strong></span> <span class='ocrx_word' id='word_1_420' title='bbox 1081 2893 1133 2948; x_wconf 93' lang='lat' dir='ltr'><strong>in</strong></span> <span class='ocrx_word' id='word_1_421' title='bbox 1167 2893 1319 2964; x_wconf 88' lang='lat' dir='ltr'><strong>plaga</strong></span> <span class='ocrx_word' id='word_1_422' title='bbox 1348 2908 1454 2950; x_wconf 92' lang='lat' dir='ltr'><strong>non</strong></span> <span class='ocrx_word' id='word_1_423' title='bbox 1485 2906 1664 2952; x_wconf 89' lang='lat' dir='ltr'><strong>motus</strong></span> <span class='ocrx_word' id='word_1_424' title='bbox 1685 2904 1792 2963; x_wconf 89' lang='lat' dir='ltr'><strong>est,</strong></span> 
     </span>
    </p>
   </div>
   <div class='ocr_carea' id='block_1_49' title="bbox 188 2980 1796 3058">
    <p class='ocr_par' dir='ltr' id='par_1_49' title="bbox 188 2980 1796 3058">
     <span class='ocr_line' id='line_1_49' title="bbox 188 2980 1796 3058; baseline 0.007 -26"><span class='ocrx_word' id='word_1_425' title='bbox 188 2992 293 3033; x_wconf 92' lang='lat' dir='ltr'><strong>nec</strong></span> <span class='ocrx_word' id='word_1_426' title='bbox 322 2980 531 3035; x_wconf 89' lang='lat' dir='ltr'><strong>nutavit</strong></span> <span class='ocrx_word' id='word_1_427' title='bbox 557 2983 826 3039; x_wconf 88' lang='lat' dir='ltr'><strong>sermonis</strong></span> <span class='ocrx_word' id='word_1_428' title='bbox 873 2983 957 3040; x_wconf 89' lang='lat' dir='ltr'><strong>sui</strong></span> <span class='ocrx_word' id='word_1_429' title='bbox 986 2983 1197 3041; x_wconf 90' lang='lat' dir='ltr'><strong>lubrico</strong></span> <span class='ocrx_word' id='word_1_430' title='bbox 1221 3026 1237 3052; x_wconf 92' lang='lat'><strong>,</strong></span> <span class='ocrx_word' id='word_1_431' title='bbox 1265 2985 1359 3058; x_wconf 89' lang='lat' dir='ltr'><strong>qui</strong></span> <span class='ocrx_word' id='word_1_432' title='bbox 1387 2987 1441 3042; x_wconf 91' lang='lat' dir='ltr'><strong>in</strong></span> <span class='ocrx_word' id='word_1_433' title='bbox 1472 2987 1580 3043; x_wconf 88' lang='lat' dir='ltr'><strong>illis</strong></span> <span class='ocrx_word' id='word_1_434' title='bbox 1617 2987 1796 3043; x_wconf 84' lang='lat' dir='ltr'><strong>omni-</strong></span> 
     </span>
    </p>
   </div>
   <div class='ocr_carea' id='block_1_50' title="bbox 187 3069 1794 3153">
    <p class='ocr_par' dir='ltr' id='par_1_50' title="bbox 187 3069 1794 3153">
     <span class='ocr_line' id='line_1_50' title="bbox 187 3069 1794 3153; baseline 0.008 -28"><span class='ocrx_word' id='word_1_435' title='bbox 187 3069 292 3126; x_wconf 90' lang='lat' dir='ltr'><strong>bus</strong></span> <span class='ocrx_word' id='word_1_436' title='bbox 323 3072 459 3129; x_wconf 87' lang='lat' dir='ltr'><strong>nihil</strong></span> <span class='ocrx_word' id='word_1_437' title='bbox 484 3079 727 3146; x_wconf 88' lang='lat' dir='ltr'><strong>peccavit</strong></span> <span class='ocrx_word' id='word_1_438' title='bbox 742 3076 902 3135; x_wconf 90' lang='lat' dir='ltr'><strong>labiis</strong></span> <span class='ocrx_word' id='word_1_439' title='bbox 929 3080 1062 3147; x_wconf 88' lang='lat' dir='ltr'><strong>suis,</strong></span> <span class='ocrx_word' id='word_1_440' title='bbox 1089 3080 1232 3136; x_wconf 83' lang='lat' dir='ltr'><strong>sicut</strong></span> <span class='ocrx_word' id='word_1_441' title='bbox 1257 3080 1532 3153; x_wconf 90' lang='lat' dir='ltr'><strong>Scriptura</strong></span> <span class='ocrx_word' id='word_1_442' title='bbox 1564 3089 1794 3139; x_wconf 84' lang='lat' dir='ltr'><strong>testatur</strong></span> 
     </span>
    </p>
   </div>
   <div class='ocr_carea' id='block_1_51' title="bbox 189 3160 1794 3248">
    <p class='ocr_par' dir='ltr' id='par_1_51' title="bbox 189 3160 1794 3248">
     <span class='ocr_line' id='line_1_51' title="bbox 189 3160 1794 3248; baseline 0.009 -31"><span class='ocrx_word' id='word_1_443' title='bbox 189 3160 336 3233; x_wconf 77' lang='lat' dir='ltr'><strong>(Iob.</strong></span> <span class='ocrx_word' id='word_1_444' title='bbox 369 3167 549 3239; x_wconf 62' lang='lat'><strong>11,10)</strong></span> <span class='ocrx_word' id='word_1_445' title='bbox 579 3186 592 3223; x_wconf 89' lang='lat'><strong>:</strong></span> <span class='ocrx_word' id='word_1_446' title='bbox 627 3170 720 3226; x_wconf 88' lang='lat' dir='ltr'><strong>sed</strong></span> <span class='ocrx_word' id='word_1_447' title='bbox 772 3171 944 3243; x_wconf 88' lang='lat' dir='ltr'><strong>magis</strong></span> <span class='ocrx_word' id='word_1_448' title='bbox 989 3173 1161 3244; x_wconf 82' lang='lat' dir='ltr'><strong>plagae</strong></span> <span class='ocrx_word' id='word_1_449' title='bbox 1199 3189 1315 3230; x_wconf 87' lang='lat' dir='ltr'><strong>suae</strong></span> <span class='ocrx_word' id='word_1_450' title='bbox 1371 3176 1572 3248; x_wconf 88' lang='lat' dir='ltr'><strong>reperit</strong></span> <span class='ocrx_word' id='word_1_451' title='bbox 1610 3175 1794 3232; x_wconf 82' lang='lat' dir='ltr'><strong>ﬁrma-</strong></span> 
     </span>
    </p>
   </div>
   <div class='ocr_carea' id='block_1_52' title="bbox 190 3266 1863 3366">
    <p class='ocr_par' dir='ltr' id='par_1_52' title="bbox 190 3266 1863 3366">
     <span class='ocr_line' id='line_1_52' title="bbox 190 3266 1863 3366; baseline 0.01 -54"><span class='ocrx_word' id='word_1_452' title='bbox 190 3268 454 3327; x_wconf 91' lang='lat' dir='ltr'><strong>mentum,</strong></span> <span class='ocrx_word' id='word_1_453' title='bbox 487 3277 582 3332; x_wconf 92' lang='lat' dir='ltr'><strong>per</strong></span> <span class='ocrx_word' id='word_1_454' title='bbox 623 3279 782 3335; x_wconf 90' lang='lat' dir='ltr'><strong>quam</strong></span> <span class='ocrx_word' id='word_1_455' title='bbox 822 3266 1176 3322; x_wconf 84' lang='lat' dir='ltr'><strong>conﬁrmatus</strong></span> <span class='ocrx_word' id='word_1_456' title='bbox 1203 3269 1258 3324; x_wconf 90' lang='lat' dir='ltr'><strong>in</strong></span> <span class='ocrx_word' id='word_1_457' title='bbox 1280 3269 1499 3325; x_wconf 88' lang='lat' dir='ltr'><strong>Christo</strong></span> <span class='ocrx_word' id='word_1_458' title='bbox 1520 3277 1624 3326; x_wconf 90' lang='lat' dir='ltr'><strong>est.</strong></span> <span class='ocrx_word' id='word_1_459' title='bbox 1649 3270 1792 3342; x_wconf 87' lang='lat' dir='ltr'><strong>Ergo</strong></span> <span class='ocrx_word' id='word_1_460' title='bbox 1816 3303 1863 3366; x_wconf 63' lang='grc' dir='ltr'>Ο</span> 
     </span>
    </p>
   </div>
   <div class='ocr_carea' id='block_1_53' title="bbox 191 3350 1790 3432">
    <p class='ocr_par' dir='ltr' id='par_1_53' title="bbox 191 3350 1790 3432">
     <span class='ocr_line' id='line_1_53' title="bbox 191 3350 1790 3432; baseline 0.009 -27"><span class='ocrx_word' id='word_1_461' title='bbox 191 3359 246 3406; x_wconf 93' lang='lat' dir='ltr'><strong>et</strong></span> <span class='ocrx_word' id='word_1_462' title='bbox 265 3350 367 3407; x_wconf 84' lang='lat' dir='ltr'><strong>Job</strong></span> <span class='ocrx_word' id='word_1_463' title='bbox 390 3363 444 3409; x_wconf 91' lang='lat' dir='ltr'><strong>et</strong></span> <span class='ocrx_word' id='word_1_464' title='bbox 463 3354 652 3426; x_wconf 90' lang='lat' dir='ltr'><strong>David,</strong></span> <span class='ocrx_word' id='word_1_465' title='bbox 673 3359 797 3430; x_wconf 90' lang='lat' dir='ltr'><strong>quia</strong></span> <span class='ocrx_word' id='word_1_466' title='bbox 815 3357 904 3415; x_wconf 86' lang='lat' dir='ltr'><strong>hic</strong></span> <span class='ocrx_word' id='word_1_467' title='bbox 933 3357 1190 3432; x_wconf 84' lang='lat' dir='ltr'><strong>ﬂagellati</strong></span> <span class='ocrx_word' id='word_1_468' title='bbox 1216 3373 1364 3429; x_wconf 88' lang='lat' dir='ltr'><strong>sunt,</strong></span> <span class='ocrx_word' id='word_1_469' title='bbox 1389 3362 1790 3420; x_wconf 89' lang='lat' dir='ltr'><strong>ﬁrmamentum</strong></span> 
     </span>
    </p>
   </div>
   <div class='ocr_carea' id='block_1_54' title="bbox 193 3440 1790 3528">
    <p class='ocr_par' dir='ltr' id='par_1_54' title="bbox 193 3440 1790 3528">
     <span class='ocr_line' id='line_1_54' title="bbox 193 3440 1790 3528; baseline 0.011 -32"><span class='ocrx_word' id='word_1_470' title='bbox 193 3440 503 3502; x_wconf 89' lang='lat' dir='ltr'><strong>habuerunt</strong></span> <span class='ocrx_word' id='word_1_471' title='bbox 547 3448 599 3503; x_wconf 91' lang='lat' dir='ltr'><strong>in</strong></span> <span class='ocrx_word' id='word_1_472' title='bbox 642 3449 794 3522; x_wconf 88' lang='lat' dir='ltr'><strong>plaga</strong></span> <span class='ocrx_word' id='word_1_473' title='bbox 821 3466 955 3520; x_wconf 89' lang='lat' dir='ltr'><strong>sua;</strong></span> <span class='ocrx_word' id='word_1_474' title='bbox 999 3455 1123 3524; x_wconf 91' lang='lat' dir='ltr'><strong>quia</strong></span> <span class='ocrx_word' id='word_1_475' title='bbox 1165 3451 1399 3526; x_wconf 83' lang='lat' dir='ltr'><strong>ﬁagellat</strong></span> <span class='ocrx_word' id='word_1_476' title='bbox 1426 3465 1579 3528; x_wconf 90' lang='lat' dir='ltr'><strong>pater</strong></span> <span class='ocrx_word' id='word_1_477' title='bbox 1618 3456 1790 3512; x_wconf 91' lang='lat' dir='ltr'><strong>ﬁlium</strong></span> 
     </span>
    </p>
   </div>
   <div class='ocr_carea' id='block_1_55' title="bbox 193 3539 1793 3620">
    <p class='ocr_par' dir='ltr' id='par_1_55' title="bbox 193 3539 1793 3620">
     <span class='ocr_line' id='line_1_55' title="bbox 193 3539 1793 3620; baseline 0.009 -27"><span class='ocrx_word' id='word_1_478' title='bbox 193 3551 349 3608; x_wconf 88' lang='lat' dir='ltr'><strong>quem</strong></span> <span class='ocrx_word' id='word_1_479' title='bbox 393 3539 655 3612; x_wconf 89' lang='lat' dir='ltr'><strong>suscipit:</strong></span> <span class='ocrx_word' id='word_1_480' title='bbox 689 3544 781 3615; x_wconf 92' lang='lat' dir='ltr'><strong>qui</strong></span> <span class='ocrx_word' id='word_1_481' title='bbox 807 3555 988 3602; x_wconf 89' lang='lat' dir='ltr'><strong>autem</strong></span> <span class='ocrx_word' id='word_1_482' title='bbox 1018 3546 1106 3604; x_wconf 90' lang='lat' dir='ltr'><strong>hic</strong></span> <span class='ocrx_word' id='word_1_483' title='bbox 1144 3565 1252 3604; x_wconf 91' lang='lat' dir='ltr'><strong>non</strong></span> <span class='ocrx_word' id='word_1_484' title='bbox 1278 3548 1616 3620; x_wconf 88' lang='lat' dir='ltr'><strong>ﬂagellantur</strong></span> <span class='ocrx_word' id='word_1_485' title='bbox 1647 3593 1662 3618; x_wconf 94' lang='lat'><strong>,</strong></span> <span class='ocrx_word' id='word_1_486' title='bbox 1721 3550 1793 3607; x_wconf 92' lang='lat' dir='ltr'><strong>ibi</strong></span> 
     </span>
    </p>
   </div>
   <div class='ocr_carea' id='block_1_56' title="bbox 199 3631 1792 3712">
    <p class='ocr_par' dir='ltr' id='par_1_56' title="bbox 199 3631 1792 3712">
     <span class='ocr_line' id='line_1_56' title="bbox 199 3631 1792 3712; baseline 0.011 -30"><span class='ocrx_word' id='word_1_487' title='bbox 199 3643 306 3684; x_wconf 91' lang='lat' dir='ltr'><strong>non</strong></span> <span class='ocrx_word' id='word_1_488' title='bbox 351 3631 721 3704; x_wconf 90' lang='lat' dir='ltr'><strong>suscipiuntur</strong></span> <span class='ocrx_word' id='word_1_489' title='bbox 761 3637 958 3706; x_wconf 63' lang='lat' dir='ltr'><strong>ut,ﬁlii.</strong></span> <span class='ocrx_word' id='word_1_490' title='bbox 989 3637 1225 3712; x_wconf 87' lang='lat' dir='ltr'><strong>Ideoque</strong></span> <span class='ocrx_word' id='word_1_491' title='bbox 1254 3641 1309 3695; x_wconf 89' lang='lat' dir='ltr'><strong>in</strong></span> <span class='ocrx_word' id='word_1_492' title='bbox 1343 3641 1606 3698; x_wconf 80' lang='lat' dir='ltr'><strong>laboribus</strong></span> <span class='ocrx_word' id='word_1_493' title='bbox 1627 3643 1792 3698; x_wconf 80' lang='lat' dir='ltr'><strong>Itami-</strong></span> 
     </span>
    </p>
   </div>
   <div class='ocr_carea' id='block_1_57' title="bbox 195 3733 1795 3810">
    <p class='ocr_par' dir='ltr' id='par_1_57' title="bbox 195 3733 1795 3810">
     <span class='ocr_line' id='line_1_57' title="bbox 195 3733 1795 3810; baseline 0.009 -30"><span class='ocrx_word' id='word_1_494' title='bbox 195 3741 318 3781; x_wconf 89' lang='lat' dir='ltr'><strong>num</strong></span> <span class='ocrx_word' id='word_1_495' title='bbox 350 3745 455 3783; x_wconf 86' lang='lat' dir='ltr'><strong>non</strong></span> <span class='ocrx_word' id='word_1_496' title='bbox 486 3740 605 3785; x_wconf 87' lang='lat' dir='ltr'><strong>sunt</strong></span> <span class='ocrx_word' id='word_1_497' title='bbox 628 3773 644 3799; x_wconf 92' lang='lat'><strong>,</strong></span> <span class='ocrx_word' id='word_1_498' title='bbox 677 3741 727 3787; x_wconf 86' lang='lat' dir='ltr'><strong>et</strong></span> <span class='ocrx_word' id='word_1_499' title='bbox 768 3749 886 3789; x_wconf 89' lang='lat' dir='ltr'><strong>cum</strong></span> <span class='ocrx_word' id='word_1_500' title='bbox 931 3733 1226 3791; x_wconf 77' lang='lat' dir='ltr'><strong>hominibus</strong></span> <span class='ocrx_word' id='word_1_501' title='bbox 1257 3753 1359 3792; x_wconf 89' lang='lat' dir='ltr'><strong>non</strong></span> <span class='ocrx_word' id='word_1_502' title='bbox 1396 3739 1795 3810; x_wconf 82' lang='lat' dir='ltr'><strong>ﬂagellabuntur</strong></span> 
     </span>
    </p>
   </div>
   <div class='ocr_carea' id='block_1_58' title="bbox 199 3819 1793 3903">
    <p class='ocr_par' dir='ltr' id='par_1_58' title="bbox 199 3819 1793 3903">
     <span class='ocr_line' id='line_1_58' title="bbox 199 3819 1793 3903; baseline 0.009 -29"><span class='ocrx_word' id='word_1_503' title='bbox 199 3819 381 3890; x_wconf 87' lang='lat' dir='ltr'><strong>(Psat.</strong></span> <span class='ocrx_word' id='word_1_504' title='bbox 423 3839 591 3893; x_wconf 74' lang='lat' dir='ltr'><strong>Lxxn,</strong></span> <span class='ocrx_word' id='word_1_505' title='bbox 639 3825 674 3883; x_wconf 88' lang='lat'><strong>5</strong></span> <span class='ocrx_word' id='word_1_506' title='bbox 700 3835 747 3882; x_wconf 88' lang='lat' dir='ltr'><strong>et</strong></span> <span class='ocrx_word' id='word_1_507' title='bbox 768 3826 876 3898; x_wconf 88' lang='lat'><strong>6);</strong></span> <span class='ocrx_word' id='word_1_508' title='bbox 909 3837 964 3884; x_wconf 93' lang='lat' dir='ltr'><strong>ut</strong></span> <span class='ocrx_word' id='word_1_509' title='bbox 991 3828 1045 3885; x_wconf 92' lang='lat' dir='ltr'><strong>in</strong></span> <span class='ocrx_word' id='word_1_510' title='bbox 1077 3837 1392 3903; x_wconf 88' lang='lat' dir='ltr'><strong>perpetuum</strong></span> <span class='ocrx_word' id='word_1_511' title='bbox 1424 3846 1548 3888; x_wconf 89' lang='lat' dir='ltr'><strong>cum</strong></span> <span class='ocrx_word' id='word_1_512' title='bbox 1578 3831 1793 3888; x_wconf 90' lang='lat' dir='ltr'><strong>diabolo</strong></span> 
     </span>
    </p>
   </div>
   <div class='ocr_carea' id='block_1_59' title="bbox 197 3911 551 3986">
    <p class='ocr_par' dir='ltr' id='par_1_59' title="bbox 197 3911 551 3986">
     <span class='ocr_line' id='line_1_59' title="bbox 197 3911 551 3986; baseline 0.011 -18"><span class='ocrx_word' id='word_1_513' title='bbox 197 3911 551 3986; x_wconf 81' lang='lat' dir='ltr'><strong>ﬂagellentur.</strong></span> 
     </span>
    </p>
   </div>
   <div class='ocr_carea' id='block_1_60' title="bbox 802 4056 1164 4116">
    <p class='ocr_par' dir='ltr' id='par_1_60' title="bbox 802 4056 1164 4116">
     <span class='ocr_line' id='line_1_60' title="bbox 802 4056 1164 4116; baseline 0 -2"><span class='ocrx_word' id='word_1_514' title='bbox 802 4056 1036 4116; x_wconf 88' lang='lat' dir='ltr'><strong>CAPUT</strong></span> <span class='ocrx_word' id='word_1_515' title='bbox 1074 4058 1164 4116; x_wconf 84' lang='lat' dir='ltr'><strong>IV.</strong></span> 
     </span>
    </p>
   </div>
   <div class='ocr_carea' id='block_1_61' title="bbox 199 4163 1793 4248">
    <p class='ocr_par' dir='ltr' id='par_1_61' title="bbox 199 4163 1793 4248">
     <span class='ocr_line' id='line_1_61' title="bbox 199 4163 1793 4248; baseline 0.007 -27"><span class='ocrx_word' id='word_1_516' title='bbox 199 4163 494 4226; x_wconf 83' lang='lat' dir='ltr'><strong>Peccatores</strong></span> <span class='ocrx_word' id='word_1_517' title='bbox 519 4170 785 4245; x_wconf 80' lang='lat' dir='ltr'><strong>iniquitate</strong></span> <span class='ocrx_word' id='word_1_518' title='bbox 816 4176 1028 4248; x_wconf 86' lang='lat' dir='ltr'><strong>propria</strong></span> <span class='ocrx_word' id='word_1_519' title='bbox 1048 4175 1254 4231; x_wconf 81' lang='lat' dir='ltr'><strong>vestiri:</strong></span> <span class='ocrx_word' id='word_1_520' title='bbox 1280 4176 1415 4248; x_wconf 90' lang='lat' dir='ltr'><strong>quod</strong></span> <span class='ocrx_word' id='word_1_521' title='bbox 1440 4177 1793 4233; x_wconf 79' lang='lat' dir='ltr'><strong>vestimentum</strong></span> 
     </span>
    </p>
   </div>
   <div class='ocr_carea' id='block_1_62' title="bbox 266 4263 1796 4339">
    <p class='ocr_par' dir='ltr' id='par_1_62' title="bbox 266 4263 1796 4339">
     <span class='ocr_line' id='line_1_62' title="bbox 266 4263 1796 4339; baseline 0.007 -23"><span class='ocrx_word' id='word_1_522' title='bbox 266 4279 297 4316; x_wconf 80' lang='grc' dir='ltr'><strong>α</strong></span> <span class='ocrx_word' id='word_1_523' title='bbox 323 4263 469 4318; x_wconf 89' lang='lat' dir='ltr'><strong>nobis</strong></span> <span class='ocrx_word' id='word_1_524' title='bbox 494 4266 855 4339; x_wconf 84' lang='lat' dir='ltr'><strong>rejiciendum,</strong></span> <span class='ocrx_word' id='word_1_525' title='bbox 889 4278 944 4323; x_wconf 91' lang='lat' dir='ltr'><strong>ut</strong></span> <span class='ocrx_word' id='word_1_526' title='bbox 973 4269 1276 4325; x_wconf 76' lang='lat' dir='ltr'><strong>vestimento</strong></span> <span class='ocrx_word' id='word_1_527' title='bbox 1325 4270 1572 4325; x_wconf 81' lang='lat' dir='ltr'><strong>virtutum</strong></span> <span class='ocrx_word' id='word_1_528' title='bbox 1605 4271 1796 4326; x_wconf 87' lang='lat' dir='ltr'><strong>indua-</strong></span> 
     </span>
    </p>
   </div>
   <div class='ocr_carea' id='block_1_63' title="bbox 267 4359 1794 4436">
    <p class='ocr_par' dir='ltr' id='par_1_63' title="bbox 267 4359 1794 4436">
     <span class='ocr_line' id='line_1_63' title="bbox 267 4359 1794 4436; baseline 0.007 -28"><span class='ocrx_word' id='word_1_529' title='bbox 267 4372 400 4423; x_wconf 80' lang='lat' dir='ltr'><strong>ntur,</strong></span> <span class='ocrx_word' id='word_1_530' title='bbox 427 4374 489 4413; x_wconf 89' lang='lat' dir='ltr'><strong>ac</strong></span> <span class='ocrx_word' id='word_1_531' title='bbox 517 4359 840 4428; x_wconf 88' lang='lat' dir='ltr'><strong>potissimum</strong></span> <span class='ocrx_word' id='word_1_532' title='bbox 857 4363 1052 4436; x_wconf 86' lang='lat' dir='ltr'><strong>jejunii</strong></span> <span class='ocrx_word' id='word_1_533' title='bbox 1065 4378 1086 4428; x_wconf 86' lang='lat'><strong><em>;</em></strong></span> <span class='ocrx_word' id='word_1_534' title='bbox 1107 4362 1207 4418; x_wconf 84' lang='lat' dir='ltr'><strong>hoc</strong></span> <span class='ocrx_word' id='word_1_535' title='bbox 1221 4379 1277 4419; x_wconf 80' lang='lat' dir='ltr'><strong>se</strong></span> <span class='ocrx_word' id='word_1_536' title='bbox 1291 4364 1484 4419; x_wconf 86' lang='lat' dir='ltr'><strong>utiliter</strong></span> <span class='ocrx_word' id='word_1_537' title='bbox 1503 4362 1794 4434; x_wconf 82' lang='lat' dir='ltr'><strong>Josephum</strong></span> 
     </span>
    </p>
   </div>
   <div class='ocr_carea' id='block_1_64' title="bbox 267 4450 1794 4529">
    <p class='ocr_par' dir='ltr' id='par_1_64' title="bbox 267 4450 1794 4529">
     <span class='ocr_line' id='line_1_64' title="bbox 267 4450 1794 4529; baseline 0.007 -27"><span class='ocrx_word' id='word_1_538' title='bbox 267 4450 512 4519; x_wconf 73' lang='lat' dir='ltr'><strong>induisse,</strong></span> <span class='ocrx_word' id='word_1_539' title='bbox 543 4452 804 4509; x_wconf 81' lang='lat' dir='ltr'><strong>Adamum</strong></span> <span class='ocrx_word' id='word_1_540' title='bbox 830 4456 1032 4511; x_wconf 74' lang='lat' dir='ltr'><strong>exuisse</strong></span> <span class='ocrx_word' id='word_1_541' title='bbox 1071 4472 1189 4510; x_wconf 90' lang='lat' dir='ltr'><strong>cum</strong></span> <span class='ocrx_word' id='word_1_542' title='bbox 1217 4457 1362 4529; x_wconf 76' lang='lat' dir='ltr'><strong>gravi</strong></span> <span class='ocrx_word' id='word_1_543' title='bbox 1392 4457 1622 4525; x_wconf 88' lang='lat' dir='ltr'><strong>damno;</strong></span> <span class='ocrx_word' id='word_1_544' title='bbox 1647 4457 1794 4513; x_wconf 87' lang='lat' dir='ltr'><strong>deni-</strong></span> 
     </span>
    </p>
   </div>
   <div class='ocr_carea' id='block_1_65' title="bbox 266 4541 1789 4622">
    <p class='ocr_par' dir='ltr' id='par_1_65' title="bbox 266 4541 1789 4622">
     <span class='ocr_line' id='line_1_65' title="bbox 266 4541 1789 4622; baseline 0.009 -30"><span class='ocrx_word' id='word_1_545' title='bbox 266 4555 358 4609; x_wconf 85' lang='lat' dir='ltr'><strong>que</strong></span> <span class='ocrx_word' id='word_1_546' title='bbox 385 4541 690 4600; x_wconf 73' lang='lat' dir='ltr'><strong>Judazorum</strong></span> <span class='ocrx_word' id='word_1_547' title='bbox 715 4547 1036 4618; x_wconf 87' lang='lat' dir='ltr'><strong>iniquitatem</strong></span> <span class='ocrx_word' id='word_1_548' title='bbox 1057 4550 1206 4619; x_wconf 90' lang='lat' dir='ltr'><strong>quasi</strong></span> <span class='ocrx_word' id='word_1_549' title='bbox 1244 4566 1310 4605; x_wconf 82' lang='lat' dir='ltr'><strong>ea:</strong></span> <span class='ocrx_word' id='word_1_550' title='bbox 1355 4549 1510 4620; x_wconf 85' lang='lat' dir='ltr'><strong>adipe</strong></span> <span class='ocrx_word' id='word_1_551' title='bbox 1533 4550 1789 4622; x_wconf 82' lang='lat' dir='ltr'><strong>prodeun-</strong></span> 
     </span>
    </p>
   </div>
   <div class='ocr_carea' id='block_1_66' title="bbox 269 4640 1392 4708">
    <p class='ocr_par' dir='ltr' id='par_1_66' title="bbox 269 4640 1392 4708">
     <span class='ocr_line' id='line_1_66' title="bbox 269 4640 1392 4708; baseline 0.012 -21"><span class='ocrx_word' id='word_1_552' title='bbox 269 4644 361 4689; x_wconf 90' lang='lat' dir='ltr'><strong>tem</strong></span> <span class='ocrx_word' id='word_1_553' title='bbox 388 4651 629 4708; x_wconf 76' lang='lat' dir='ltr'><strong>magnam</strong></span> <span class='ocrx_word' id='word_1_554' title='bbox 667 4655 727 4693; x_wconf 92' lang='lat' dir='ltr'><strong>ac</strong></span> <span class='ocrx_word' id='word_1_555' title='bbox 753 4640 1089 4699; x_wconf 87' lang='lat' dir='ltr'><strong>deliberatum</strong></span> <span class='ocrx_word' id='word_1_556' title='bbox 1120 4645 1392 4701; x_wconf 70' lang='lat' dir='ltr'><strong>exstitisse.</strong></span> 
     </span>
    </p>
   </div>
   <div class='ocr_carea' id='block_1_67' title="bbox 269 4746 1784 4828">
    <p class='ocr_par' dir='ltr' id='par_1_67' title="bbox 269 4746 1784 4828">
     <span class='ocr_line' id='line_1_67' title="bbox 269 4746 1784 4828; baseline 0.009 -27"><span class='ocrx_word' id='word_1_557' title='bbox 269 4746 352 4803; x_wconf 87' lang='grc'><strong>10.</strong></span> <span class='ocrx_word' id='word_1_558' title='bbox 393 4746 522 4804; x_wconf 88' lang='lat' dir='ltr'><strong>Ideo</strong></span> <span class='ocrx_word' id='word_1_559' title='bbox 543 4750 781 4819; x_wconf 85' lang='lat' dir='ltr'><strong>obtinuit,</strong></span> <span class='ocrx_word' id='word_1_560' title='bbox 808 4752 1002 4825; x_wconf 87' lang='lat' dir='ltr'><strong>inquit,</strong></span> <span class='ocrx_word' id='word_1_561' title='bbox 1029 4769 1115 4810; x_wconf 90' lang='lat' dir='ltr'><strong>eos</strong></span> <span class='ocrx_word' id='word_1_562' title='bbox 1155 4756 1398 4826; x_wconf 84' lang='lat' dir='ltr'><strong>superbia</strong></span> <span class='ocrx_word' id='word_1_563' title='bbox 1432 4774 1633 4828; x_wconf 86' lang='lat' dir='ltr'><strong>eorum,</strong></span> <span class='ocrx_word' id='word_1_564' title='bbox 1659 4775 1784 4816; x_wconf 86' lang='lat' dir='ltr'><strong>coo-</strong></span> 
     </span>
    </p>
   </div>
   <div class='ocr_carea' id='block_1_68' title="bbox 206 4839 1786 4916">
    <p class='ocr_par' dir='ltr' id='par_1_68' title="bbox 206 4839 1786 4916">
     <span class='ocr_line' id='line_1_68' title="bbox 206 4839 1786 4916; baseline 0.012 -26"><span class='ocrx_word' id='word_1_565' title='bbox 206 4839 322 4910; x_wconf 83' lang='lat' dir='ltr'><strong>perti</strong></span> <span class='ocrx_word' id='word_1_566' title='bbox 352 4850 467 4894; x_wconf 88' lang='lat' dir='ltr'><strong>sunt</strong></span> <span class='ocrx_word' id='word_1_567' title='bbox 495 4842 762 4913; x_wconf 88' lang='lat' dir='ltr'><strong>iniquitate</strong></span> <span class='ocrx_word' id='word_1_568' title='bbox 788 4855 834 4900; x_wconf 86' lang='lat' dir='ltr'><strong>et</strong></span> <span class='ocrx_word' id='word_1_569' title='bbox 851 4846 1113 4916; x_wconf 88' lang='lat' dir='ltr'><strong>impietate</strong></span> <span class='ocrx_word' id='word_1_570' title='bbox 1135 4864 1250 4904; x_wconf 89' lang='lat' dir='ltr'><strong>sua.</strong></span> <span class='ocrx_word' id='word_1_571' title='bbox 1269 4849 1464 4906; x_wconf 74' lang='lat' dir='ltr'><strong>Malum</strong></span> <span class='ocrx_word' id='word_1_572' title='bbox 1489 4853 1786 4908; x_wconf 86' lang='lat' dir='ltr'><strong>vestimen-</strong></span> 
     </span>
    </p>
   </div>
   <div class='ocr_carea' id='block_1_69' title="bbox 208 4931 1782 5011">
    <p class='ocr_par' dir='ltr' id='par_1_69' title="bbox 208 4931 1782 5011">
     <span class='ocr_line' id='line_1_69' title="bbox 208 4931 1782 5011; baseline 0.01 -25"><span class='ocrx_word' id='word_1_573' title='bbox 208 4941 309 4986; x_wconf 89' lang='lat' dir='ltr'><strong>tum</strong></span> <span class='ocrx_word' id='word_1_574' title='bbox 338 4931 613 5002; x_wconf 86' lang='lat' dir='ltr'><strong>iniquitas,</strong></span> <span class='ocrx_word' id='word_1_575' title='bbox 635 4936 778 5007; x_wconf 87' lang='lat' dir='ltr'><strong>quod</strong></span> <span class='ocrx_word' id='word_1_576' title='bbox 808 4937 855 4992; x_wconf 91' lang='lat' dir='ltr'><strong>si</strong></span> <span class='ocrx_word' id='word_1_577' title='bbox 879 4947 1001 5009; x_wconf 88' lang='lat' dir='ltr'><strong>quts</strong></span> <span class='ocrx_word' id='word_1_578' title='bbox 1033 4938 1264 4995; x_wconf 88' lang='lat' dir='ltr'><strong>voluerit</strong></span> <span class='ocrx_word' id='word_1_579' title='bbox 1291 4941 1344 4996; x_wconf 92' lang='lat' dir='ltr'><strong>in</strong></span> <span class='ocrx_word' id='word_1_580' title='bbox 1370 4943 1530 4999; x_wconf 90' lang='lat' dir='ltr'><strong>nobis</strong></span> <span class='ocrx_word' id='word_1_581' title='bbox 1559 4951 1746 5000; x_wconf 88' lang='lat' dir='ltr'><strong>tenere</strong></span> <span class='ocrx_word' id='word_1_582' title='bbox 1766 4986 1782 5011; x_wconf 94' lang='lat'><strong>,</strong></span> 
     </span>
    </p>
   </div>
   <div class='ocr_carea' id='block_1_70' title="bbox 205 5024 1786 5104">
    <p class='ocr_par' dir='ltr' id='par_1_70' title="bbox 205 5024 1786 5104">
     <span class='ocr_line' id='line_1_70' title="bbox 205 5024 1786 5104; baseline 0.009 -24"><span class='ocrx_word' id='word_1_583' title='bbox 205 5024 472 5082; x_wconf 87' lang='lat' dir='ltr'><strong>remittere</strong></span> <span class='ocrx_word' id='word_1_584' title='bbox 501 5042 601 5084; x_wconf 87' lang='lat' dir='ltr'><strong>nos</strong></span> <span class='ocrx_word' id='word_1_585' title='bbox 630 5039 862 5102; x_wconf 87' lang='lat' dir='ltr'><strong>oportet,</strong></span> <span class='ocrx_word' id='word_1_586' title='bbox 890 5047 960 5089; x_wconf 91' lang='lat' dir='ltr'><strong>ne</strong></span> <span class='ocrx_word' id='word_1_587' title='bbox 982 5032 1205 5103; x_wconf 89' lang='lat' dir='ltr'><strong>incipiat</strong></span> <span class='ocrx_word' id='word_1_588' title='bbox 1227 5033 1281 5089; x_wconf 93' lang='lat' dir='ltr'><strong>in</strong></span> <span class='ocrx_word' id='word_1_589' title='bbox 1304 5034 1569 5104; x_wconf 86' lang='lat' dir='ltr'><strong>judicium</strong></span> <span class='ocrx_word' id='word_1_590' title='bbox 1599 5039 1786 5095; x_wconf 89' lang='lat' dir='ltr'><strong>venire</strong></span> 
     </span>
    </p>
   </div>
   <div class='ocr_carea' id='block_1_71' title="bbox 1897 2789 3500 2865">
    <p class='ocr_par' dir='ltr' id='par_1_71' title="bbox 1897 2789 3500 2865">
     <span class='ocr_line' id='line_1_71' title="bbox 1897 2789 3500 2865; baseline 0.004 -22"><span class='ocrx_word' id='word_1_591' title='bbox 1897 2803 2078 2845; x_wconf 90' lang='lat' dir='ltr'><strong>rorem</strong></span> <span class='ocrx_word' id='word_1_592' title='bbox 2154 2789 2448 2846; x_wconf 87' lang='lat' dir='ltr'><strong>incidere:</strong></span> <span class='ocrx_word' id='word_1_593' title='bbox 2489 2789 2595 2847; x_wconf 90' lang='lat' dir='ltr'><strong>sed.</strong></span> <span class='ocrx_word' id='word_1_594' title='bbox 2654 2792 2887 2849; x_wconf 90' lang='lat' dir='ltr'><strong>consilio</strong></span> <span class='ocrx_word' id='word_1_595' title='bbox 2937 2803 2996 2850; x_wconf 91' lang='lat' dir='ltr'><strong>et</strong></span> <span class='ocrx_word' id='word_1_596' title='bbox 3046 2792 3402 2865; x_wconf 88' lang='lat' dir='ltr'><strong>dispositione</strong></span> <span class='ocrx_word' id='word_1_597' title='bbox 3446 2795 3500 2851; x_wconf 88' lang='lat' dir='ltr'><strong>in</strong></span> 
     </span>
    </p>
   </div>
   <div class='ocr_carea' id='block_1_72' title="bbox 1897 2881 2621 2956">
    <p class='ocr_par' dir='ltr' id='par_1_72' title="bbox 1897 2881 2621 2956">
     <span class='ocr_line' id='line_1_72' title="bbox 1897 2881 2621 2956; baseline 0.003 -18"><span class='ocrx_word' id='word_1_598' title='bbox 1897 2881 2240 2956; x_wconf 89' lang='lat' dir='ltr'><strong>sacrilegium</strong></span> <span class='ocrx_word' id='word_1_599' title='bbox 2266 2883 2621 2942; x_wconf 86' lang='lat' dir='ltr'><strong>transierunt.</strong></span> 
     </span>
    </p>
   </div>
   <div class='ocr_carea' id='block_1_73' title="bbox 2522 3027 2860 3085">
    <p class='ocr_par' dir='ltr' id='par_1_73' title="bbox 2522 3027 2860 3085">
     <span class='ocr_line' id='line_1_73' title="bbox 2522 3027 2860 3085; baseline 0.003 -1"><span class='ocrx_word' id='word_1_600' title='bbox 2522 3027 2754 3085; x_wconf 79' lang='lat' dir='ltr'><strong>CAPUT</strong></span> <span class='ocrx_word' id='word_1_601' title='bbox 2795 3027 2860 3085; x_wconf 86' lang='lat' dir='ltr'><strong>V.</strong></span> 
     </span>
    </p>
   </div>
   <div class='ocr_carea' id='block_1_74' title="bbox 1901 3139 3502 3217">
    <p class='ocr_par' dir='ltr' id='par_1_74' title="bbox 1901 3139 3502 3217">
     <span class='ocr_line' id='line_1_74' title="bbox 1901 3139 3502 3217; baseline 0.003 -22"><span class='ocrx_word' id='word_1_602' title='bbox 1901 3139 2003 3209; x_wconf 82' lang='lat' dir='ltr'><strong>Qui</strong></span> <span class='ocrx_word' id='word_1_603' title='bbox 2029 3156 2085 3196; x_wconf 92' lang='lat' dir='ltr'><strong>os</strong></span> <span class='ocrx_word' id='word_1_604' title='bbox 2111 3157 2265 3197; x_wconf 90' lang='lat' dir='ltr'><strong>suum</strong></span> <span class='ocrx_word' id='word_1_605' title='bbox 2288 3142 2344 3197; x_wconf 90' lang='lat' dir='ltr'><strong>in</strong></span> <span class='ocrx_word' id='word_1_606' title='bbox 2374 3141 2556 3198; x_wconf 80' lang='lat' dir='ltr'><strong>caelum</strong></span> <span class='ocrx_word' id='word_1_607' title='bbox 2587 3150 2804 3212; x_wconf 87' lang='lat' dir='ltr'><strong>ponunt,</strong></span> <span class='ocrx_word' id='word_1_608' title='bbox 2822 3155 2910 3196; x_wconf 90' lang='lat' dir='ltr'><strong>eos</strong></span> <span class='ocrx_word' id='word_1_609' title='bbox 2938 3157 3048 3213; x_wconf 67' lang='lat' dir='ltr'><strong>prie</strong></span> <span class='ocrx_word' id='word_1_610' title='bbox 3065 3144 3263 3200; x_wconf 72' lang='lat' dir='ltr'><strong>cazteris</strong></span> <span class='ocrx_word' id='word_1_611' title='bbox 3286 3161 3396 3202; x_wconf 87' lang='lat' dir='ltr'><strong>esse</strong></span> <span class='ocrx_word' id='word_1_612' title='bbox 3413 3146 3502 3217; x_wconf 88' lang='lat' dir='ltr'><strong>qui</strong></span> 
     </span>
    </p>
   </div>
   <div class='ocr_carea' id='block_1_75' title="bbox 1967 3233 3498 3309">
    <p class='ocr_par' dir='ltr' id='par_1_75' title="bbox 1967 3233 3498 3309">
     <span class='ocr_line' id='line_1_75' title="bbox 1967 3233 3498 3309; baseline 0.004 -22"><span class='ocrx_word' id='word_1_613' title='bbox 1967 3234 2144 3289; x_wconf 88' lang='lat' dir='ltr'><strong>omnia</strong></span> <span class='ocrx_word' id='word_1_614' title='bbox 2172 3234 2443 3290; x_wconf 83' lang='lat' dir='ltr'><strong>stellarum</strong></span> <span class='ocrx_word' id='word_1_615' title='bbox 2464 3234 2757 3290; x_wconf 87' lang='lat' dir='ltr'><strong>necessitati</strong></span> <span class='ocrx_word' id='word_1_616' title='bbox 2800 3233 3089 3289; x_wconf 90' lang='lat' dir='ltr'><strong>attribuunt</strong></span> <span class='ocrx_word' id='word_1_617' title='bbox 3118 3252 3138 3290; x_wconf 90' lang='lat'><strong><em>:</em></strong></span> <span class='ocrx_word' id='word_1_618' title='bbox 3165 3236 3292 3309; x_wconf 83' lang='lat' dir='ltr'><strong>ipsis</strong></span> <span class='ocrx_word' id='word_1_619' title='bbox 3327 3248 3498 3293; x_wconf 88' lang='lat' dir='ltr'><strong>tamen</strong></span> 
     </span>
    </p>
   </div>
   <div class='ocr_carea' id='block_1_76' title="bbox 1965 3326 3498 3399">
    <p class='ocr_par' dir='ltr' id='par_1_76' title="bbox 1965 3326 3498 3399">
     <span class='ocr_line' id='line_1_76' title="bbox 1965 3326 3498 3399; baseline 0.003 -19"><span class='ocrx_word' id='word_1_620' title='bbox 1965 3326 2102 3381; x_wconf 85' lang='lat' dir='ltr'><strong>hanc</strong></span> <span class='ocrx_word' id='word_1_621' title='bbox 2145 3344 2178 3381; x_wconf 92' lang='lat' dir='ltr'><strong>a</strong></span> <span class='ocrx_word' id='word_1_622' title='bbox 2207 3326 2321 3382; x_wconf 88' lang='lat' dir='ltr'><strong>Deo</strong></span> <span class='ocrx_word' id='word_1_623' title='bbox 2370 3328 2598 3399; x_wconf 81' lang='lat' dir='ltr'><strong>gratiam</strong></span> <span class='ocrx_word' id='word_1_624' title='bbox 2645 3327 2919 3395; x_wconf 83' lang='lat' dir='ltr'><strong>reservari,</strong></span> <span class='ocrx_word' id='word_1_625' title='bbox 2947 3337 3002 3381; x_wconf 89' lang='lat' dir='ltr'><strong>ut</strong></span> <span class='ocrx_word' id='word_1_626' title='bbox 3030 3339 3352 3384; x_wconf 78' lang='lat' dir='ltr'><strong>revertantur</strong></span> <span class='ocrx_word' id='word_1_627' title='bbox 3377 3346 3498 3385; x_wconf 89' lang='lat' dir='ltr'><strong>cum</strong></span> 
     </span>
    </p>
   </div>
   <div class='ocr_carea' id='block_1_77' title="bbox 1970 3419 3499 3495">
    <p class='ocr_par' dir='ltr' id='par_1_77' title="bbox 1970 3419 3499 3495">
     <span class='ocr_line' id='line_1_77' title="bbox 1970 3419 3499 3495; baseline 0.002 -20"><span class='ocrx_word' id='word_1_628' title='bbox 1970 3419 2162 3486; x_wconf 85' lang='lat' dir='ltr'><strong>Israel;</strong></span> <span class='ocrx_word' id='word_1_629' title='bbox 2184 3425 2337 3495; x_wconf 88' lang='lat' dir='ltr'><strong>cujus</strong></span> <span class='ocrx_word' id='word_1_630' title='bbox 2364 3421 2565 3476; x_wconf 86' lang='lat' dir='ltr'><strong>reditus</strong></span> <span class='ocrx_word' id='word_1_631' title='bbox 2595 3421 2898 3494; x_wconf 76' lang='lat' dir='ltr'><strong>mysterium</strong></span> <span class='ocrx_word' id='word_1_632' title='bbox 2927 3420 3228 3478; x_wconf 84' lang='lat' dir='ltr'><strong>declaratur</strong></span> <span class='ocrx_word' id='word_1_633' title='bbox 3245 3439 3267 3478; x_wconf 90' lang='lat'><strong><em>:</em></strong></span> <span class='ocrx_word' id='word_1_634' title='bbox 3293 3425 3499 3480; x_wconf 88' lang='lat' dir='ltr'><strong>eosdem</strong></span> 
     </span>
    </p>
   </div>
   <div class='ocr_carea' id='block_1_78' title="bbox 1965 3513 3498 3588">
    <p class='ocr_par' dir='ltr' id='par_1_78' title="bbox 1965 3513 3498 3588">
     <span class='ocr_line' id='line_1_78' title="bbox 1965 3513 3498 3588; baseline 0.003 -18"><span class='ocrx_word' id='word_1_635' title='bbox 1965 3525 2022 3571; x_wconf 91' lang='lat' dir='ltr'><strong>ut</strong></span> <span class='ocrx_word' id='word_1_636' title='bbox 2050 3533 2083 3571; x_wconf 89' lang='lat' dir='ltr'><strong>a</strong></span> <span class='ocrx_word' id='word_1_637' title='bbox 2133 3513 2247 3571; x_wconf 87' lang='lat' dir='ltr'><strong>Deo</strong></span> <span class='ocrx_word' id='word_1_638' title='bbox 2277 3526 2464 3588; x_wconf 85' lang='lat' dir='ltr'><strong>negent</strong></span> <span class='ocrx_word' id='word_1_639' title='bbox 2502 3517 2706 3570; x_wconf 86' lang='lat' dir='ltr'><strong>occulta</strong></span> <span class='ocrx_word' id='word_1_640' title='bbox 2733 3515 2978 3588; x_wconf 82' lang='lat' dir='ltr'><strong>cognosci</strong></span> <span class='ocrx_word' id='word_1_641' title='bbox 3005 3557 3019 3581; x_wconf 95' lang='lat'><strong>,</strong></span> <span class='ocrx_word' id='word_1_642' title='bbox 3051 3518 3274 3572; x_wconf 78' lang='lat' dir='ltr'><strong>maxime</strong></span> <span class='ocrx_word' id='word_1_643' title='bbox 3319 3517 3498 3574; x_wconf 86' lang='lat' dir='ltr'><strong>induci</strong></span> 
     </span>
    </p>
   </div>
   <div class='ocr_carea' id='block_1_79' title="bbox 1966 3608 3494 3683">
    <p class='ocr_par' dir='ltr' id='par_1_79' title="bbox 1966 3608 3494 3683">
     <span class='ocr_line' id='line_1_79' title="bbox 1966 3608 3494 3683; baseline 0.001 -16"><span class='ocrx_word' id='word_1_644' title='bbox 1966 3621 2292 3683; x_wconf 84' lang='lat' dir='ltr'><strong>peccatorum</strong></span> <span class='ocrx_word' id='word_1_645' title='bbox 2318 3610 2513 3666; x_wconf 82' lang='lat' dir='ltr'><strong>divitiis</strong></span> <span class='ocrx_word' id='word_1_646' title='bbox 2538 3625 2558 3664; x_wconf 93' lang='lat'><strong><em>:</em></strong></span> <span class='ocrx_word' id='word_1_647' title='bbox 2588 3619 2846 3681; x_wconf 89' lang='lat' dir='ltr'><strong>postremo</strong></span> <span class='ocrx_word' id='word_1_648' title='bbox 2875 3608 3014 3665; x_wconf 87' lang='lat' dir='ltr'><strong>idem</strong></span> <span class='ocrx_word' id='word_1_649' title='bbox 3042 3610 3107 3664; x_wconf 88' lang='lat' dir='ltr'><strong>de</strong></span> <span class='ocrx_word' id='word_1_650' title='bbox 3136 3608 3343 3667; x_wconf 82' lang='lat' dir='ltr'><strong>Christo</strong></span> <span class='ocrx_word' id='word_1_651' title='bbox 3375 3628 3494 3668; x_wconf 83' lang='lat' dir='ltr'><strong>sen-</strong></span> 
     </span>
    </p>
   </div>
   <div class='ocr_carea' id='block_1_80' title="bbox 1966 3703 2770 3763">
    <p class='ocr_par' dir='ltr' id='par_1_80' title="bbox 1966 3703 2770 3763">
     <span class='ocr_line' id='line_1_80' title="bbox 1966 3703 2770 3763; baseline -0.002 -1"><span class='ocrx_word' id='word_1_652' title='bbox 1966 3706 2095 3762; x_wconf 87' lang='lat' dir='ltr'><strong>sisse</strong></span> <span class='ocrx_word' id='word_1_653' title='bbox 2124 3705 2393 3763; x_wconf 88' lang='lat' dir='ltr'><strong>Simonem</strong></span> <span class='ocrx_word' id='word_1_654' title='bbox 2419 3703 2770 3760; x_wconf 76' lang='lat' dir='ltr'><strong>Pharisteum.</strong></span> 
     </span>
    </p>
   </div>
   <div class='ocr_carea' id='block_1_81' title="bbox 1967 3819 3495 3891">
    <p class='ocr_par' dir='ltr' id='par_1_81' title="bbox 1967 3819 3495 3891">
     <span class='ocr_line' id='line_1_81' title="bbox 1967 3819 3495 3891; baseline -0.001 -14"><span class='ocrx_word' id='word_1_655' title='bbox 1967 3821 2056 3877; x_wconf 73' lang='grc'><strong>12.</strong></span> <span class='ocrx_word' id='word_1_656' title='bbox 2103 3821 2400 3877; x_wconf 85' lang='lat' dir='ltr'><strong>Posuerunt</strong></span> <span class='ocrx_word' id='word_1_657' title='bbox 2429 3822 2484 3874; x_wconf 91' lang='lat' dir='ltr'><strong>in</strong></span> <span class='ocrx_word' id='word_1_658' title='bbox 2511 3819 2697 3875; x_wconf 67' lang='lat' dir='ltr'><strong>caelum</strong></span> <span class='ocrx_word' id='word_1_659' title='bbox 2727 3835 2786 3875; x_wconf 93' lang='lat' dir='ltr'><strong>os</strong></span> <span class='ocrx_word' id='word_1_660' title='bbox 2814 3835 3001 3883; x_wconf 89' lang='lat' dir='ltr'><strong>suum;</strong></span> <span class='ocrx_word' id='word_1_661' title='bbox 3031 3828 3080 3874; x_wconf 89' lang='lat' dir='ltr'><strong>et</strong></span> <span class='ocrx_word' id='word_1_662' title='bbox 3115 3819 3294 3891; x_wconf 87' lang='lat' dir='ltr'><strong>lingua</strong></span> <span class='ocrx_word' id='word_1_663' title='bbox 3317 3836 3495 3876; x_wconf 87' lang='lat' dir='ltr'><strong>eorum</strong></span> 
     </span>
    </p>
   </div>
   <div class='ocr_carea' id='block_1_82' title="bbox 1895 3912 3493 3985">
    <p class='ocr_par' dir='ltr' id='par_1_82' title="bbox 1895 3912 3493 3985">
     <span class='ocr_line' id='line_1_82' title="bbox 1895 3912 3493 3985; baseline 0 -16"><span class='ocrx_word' id='word_1_664' title='bbox 1895 3916 2134 3971; x_wconf 80' lang='lat' dir='ltr'><strong>transivit</strong></span> <span class='ocrx_word' id='word_1_665' title='bbox 2172 3931 2332 3985; x_wconf 80' lang='lat' dir='ltr'><strong>super</strong></span> <span class='ocrx_word' id='word_1_666' title='bbox 2384 3925 2575 3970; x_wconf 86' lang='lat' dir='ltr'><strong>terram</strong></span> <span class='ocrx_word' id='word_1_667' title='bbox 2620 3914 2640 3984; x_wconf 90' lang='lat'>(</span> <span class='ocrx_word' id='word_1_668' title='bbox 2664 3913 2789 3968; x_wconf 88' lang='lat' dir='ltr'><strong>Psal</strong></span> <span class='ocrx_word' id='word_1_669' title='bbox 2840 3929 3009 3979; x_wconf 75' lang='lat' dir='ltr'><strong>Lxxn,</strong></span> <span class='ocrx_word' id='word_1_670' title='bbox 3042 3912 3142 3984; x_wconf 89' lang='lat'><strong>9).</strong></span> <span class='ocrx_word' id='word_1_671' title='bbox 3184 3912 3396 3969; x_wconf 86' lang='lat' dir='ltr'><strong>Ponere</strong></span> <span class='ocrx_word' id='word_1_672' title='bbox 3439 3915 3493 3969; x_wconf 89' lang='lat' dir='ltr'><strong>in</strong></span> 
     </span>
    </p>
   </div>
   <div class='ocr_carea' id='block_1_83' title="bbox 1895 4003 3501 4077">
    <p class='ocr_par' dir='ltr' id='par_1_83' title="bbox 1895 4003 3501 4077">
     <span class='ocr_line' id='line_1_83' title="bbox 1895 4003 3501 4077; baseline -0.002 -14"><span class='ocrx_word' id='word_1_673' title='bbox 1895 4007 2092 4064; x_wconf 76' lang='lat' dir='ltr'><strong>coelum</strong></span> <span class='ocrx_word' id='word_1_674' title='bbox 2119 4021 2184 4062; x_wconf 92' lang='lat' dir='ltr'><strong>os</strong></span> <span class='ocrx_word' id='word_1_675' title='bbox 2221 4021 2378 4062; x_wconf 91' lang='lat' dir='ltr'><strong>suum</strong></span> <span class='ocrx_word' id='word_1_676' title='bbox 2406 4005 2536 4077; x_wconf 92' lang='lat' dir='ltr'><strong>quid</strong></span> <span class='ocrx_word' id='word_1_677' title='bbox 2563 4004 2669 4071; x_wconf 92' lang='lat' dir='ltr'><strong>sit,</strong></span> <span class='ocrx_word' id='word_1_678' title='bbox 2696 4004 2857 4060; x_wconf 90' lang='lat' dir='ltr'><strong>docet</strong></span> <span class='ocrx_word' id='word_1_679' title='bbox 2885 4019 2984 4059; x_wconf 92' lang='lat' dir='ltr'><strong>nos</strong></span> <span class='ocrx_word' id='word_1_680' title='bbox 3012 4003 3108 4059; x_wconf 91' lang='lat' dir='ltr'><strong>ille</strong></span> <span class='ocrx_word' id='word_1_681' title='bbox 3136 4020 3204 4059; x_wconf 75' lang='lat' dir='ltr'><strong>ex</strong></span> <span class='ocrx_word' id='word_1_682' title='bbox 3243 4003 3501 4060; x_wconf 76' lang='lat' dir='ltr'><strong>fratribus</strong></span> 
     </span>
    </p>
   </div>
   <div class='ocr_carea' id='block_1_84' title="bbox 1895 4094 3494 4170">
    <p class='ocr_par' dir='ltr' id='par_1_84' title="bbox 1895 4094 3494 4170">
     <span class='ocr_line' id='line_1_84' title="bbox 1895 4094 3494 4170; baseline -0.003 -16"><span class='ocrx_word' id='word_1_683' title='bbox 1895 4099 2298 4158; x_wconf 87' lang='lat' dir='ltr'><strong>adolescentior</strong></span> <span class='ocrx_word' id='word_1_684' title='bbox 2319 4140 2333 4167; x_wconf 93' lang='lat'><strong>,</strong></span> <span class='ocrx_word' id='word_1_685' title='bbox 2362 4098 2452 4170; x_wconf 88' lang='lat' dir='ltr'><strong>qui</strong></span> <span class='ocrx_word' id='word_1_686' title='bbox 2476 4111 2755 4169; x_wconf 89' lang='lat' dir='ltr'><strong>regressus</strong></span> <span class='ocrx_word' id='word_1_687' title='bbox 2770 4097 2836 4152; x_wconf 88' lang='lat' dir='ltr'><strong>ad</strong></span> <span class='ocrx_word' id='word_1_688' title='bbox 2861 4108 3071 4166; x_wconf 89' lang='lat' dir='ltr'><strong>patrem</strong></span> <span class='ocrx_word' id='word_1_689' title='bbox 3101 4096 3238 4152; x_wconf 91' lang='lat' dir='ltr'><strong>dixit</strong></span> <span class='ocrx_word' id='word_1_690' title='bbox 3263 4114 3278 4152; x_wconf 89' lang='lat'><strong>:</strong></span> <span class='ocrx_word' id='word_1_691' title='bbox 3307 4094 3494 4164; x_wconf 88' lang='lat' dir='ltr'><strong>Pater,</strong></span> 
     </span>
    </p>
   </div>
   <div class='ocr_carea' id='block_1_85' title="bbox 1875 4189 3498 4266">
    <p class='ocr_par' dir='ltr' id='par_1_85' title="bbox 1875 4189 3498 4266">
     <span class='ocr_line' id='line_1_85' title="bbox 1875 4189 3498 4266; baseline -0.002 -17"><span class='ocrx_word' id='word_1_692' title='bbox 1875 4195 2101 4266; x_wconf 54' lang='grc' dir='ltr'><strong>,ρεααυί</strong></span> <span class='ocrx_word' id='word_1_693' title='bbox 2130 4195 2184 4249; x_wconf 87' lang='lat' dir='ltr'><strong>in</strong></span> <span class='ocrx_word' id='word_1_694' title='bbox 2214 4193 2398 4248; x_wconf 70' lang='lat' dir='ltr'><strong>cretum</strong></span> <span class='ocrx_word' id='word_1_695' title='bbox 2423 4200 2474 4248; x_wconf 90' lang='lat' dir='ltr'><strong>et</strong></span> <span class='ocrx_word' id='word_1_696' title='bbox 2510 4207 2686 4246; x_wconf 89' lang='lat' dir='ltr'><strong>coram</strong></span> <span class='ocrx_word' id='word_1_697' title='bbox 2727 4200 2777 4246; x_wconf 76' lang='lat' dir='ltr'><strong>te</strong></span> <span class='ocrx_word' id='word_1_698' title='bbox 2814 4189 2976 4261; x_wconf 85' lang='lat' dir='ltr'><strong>(Luc.</strong></span> <span class='ocrx_word' id='word_1_699' title='bbox 3003 4207 3094 4259; x_wconf 81' lang='lat' dir='ltr'><strong>xv,</strong></span> <span class='ocrx_word' id='word_1_700' title='bbox 3123 4190 3248 4261; x_wconf 89' lang='grc'><strong>18).</strong></span> <span class='ocrx_word' id='word_1_701' title='bbox 3281 4189 3498 4246; x_wconf 87' lang='lat' dir='ltr'><strong>POnunt</strong></span> 
     </span>
    </p>
   </div>
   <div class='ocr_carea' id='block_1_86' title="bbox 1895 4284 3500 4357">
    <p class='ocr_par' dir='ltr' id='par_1_86' title="bbox 1895 4284 3500 4357">
     <span class='ocr_line' id='line_1_86' title="bbox 1895 4284 3500 4357; baseline -0.001 -13"><span class='ocrx_word' id='word_1_702' title='bbox 1895 4300 2076 4346; x_wconf 87' lang='lat' dir='ltr'><strong>autem</strong></span> <span class='ocrx_word' id='word_1_703' title='bbox 2108 4289 2163 4344; x_wconf 89' lang='lat' dir='ltr'><strong>in</strong></span> <span class='ocrx_word' id='word_1_704' title='bbox 2193 4288 2388 4344; x_wconf 61' lang='lat' dir='ltr'><strong>coelum</strong></span> <span class='ocrx_word' id='word_1_705' title='bbox 2417 4301 2478 4344; x_wconf 94' lang='lat' dir='ltr'><strong>os</strong></span> <span class='ocrx_word' id='word_1_706' title='bbox 2511 4302 2666 4342; x_wconf 90' lang='lat' dir='ltr'><strong>suum</strong></span> <span class='ocrx_word' id='word_1_707' title='bbox 2689 4284 2718 4325; x_wconf 69' lang='grc' dir='ltr'>δ</span> <span class='ocrx_word' id='word_1_708' title='bbox 2742 4286 2834 4357; x_wconf 89' lang='lat' dir='ltr'><strong>qui</strong></span> <span class='ocrx_word' id='word_1_709' title='bbox 2861 4285 2963 4341; x_wconf 93' lang='lat' dir='ltr'><strong>sibi</strong></span> <span class='ocrx_word' id='word_1_710' title='bbox 2991 4285 3279 4342; x_wconf 90' lang='lat' dir='ltr'><strong>criminum</strong></span> <span class='ocrx_word' id='word_1_711' title='bbox 3311 4296 3500 4344; x_wconf 85' lang='lat' dir='ltr'><strong>aucto-</strong></span> 
     </span>
    </p>
   </div>
   <div class='ocr_carea' id='block_1_87' title="bbox 1894 4377 3492 4451">
    <p class='ocr_par' dir='ltr' id='par_1_87' title="bbox 1894 4377 3492 4451">
     <span class='ocr_line' id='line_1_87' title="bbox 1894 4377 3492 4451; baseline -0.002 -13"><span class='ocrx_word' id='word_1_712' title='bbox 1894 4379 2106 4448; x_wconf 88' lang='lat' dir='ltr'><strong>ritates,</strong></span> <span class='ocrx_word' id='word_1_713' title='bbox 2126 4379 2424 4437; x_wconf 86' lang='lat' dir='ltr'><strong>nativitatis</strong></span> <span class='ocrx_word' id='word_1_714' title='bbox 2452 4389 2644 4451; x_wconf 89' lang='lat' dir='ltr'><strong>putant</strong></span> <span class='ocrx_word' id='word_1_715' title='bbox 2665 4377 2898 4450; x_wconf 81' lang='lat' dir='ltr'><strong>quadam</strong></span> <span class='ocrx_word' id='word_1_716' title='bbox 2920 4379 3250 4435; x_wconf 89' lang='lat' dir='ltr'><strong>necessitate</strong></span> <span class='ocrx_word' id='word_1_717' title='bbox 3270 4379 3492 4436; x_wconf 87' lang='lat' dir='ltr'><strong>deferri.</strong></span> 
     </span>
    </p>
   </div>
   <div class='ocr_carea' id='block_1_88' title="bbox 1897 4472 3494 4546">
    <p class='ocr_par' dir='ltr' id='par_1_88' title="bbox 1897 4472 3494 4546">
     <span class='ocr_line' id='line_1_88' title="bbox 1897 4472 3494 4546; baseline 0.001 -16"><span class='ocrx_word' id='word_1_718' title='bbox 1897 4473 1960 4530; x_wconf 90' lang='lat' dir='ltr'><strong>lli</strong></span> <span class='ocrx_word' id='word_1_719' title='bbox 1987 4489 2089 4530; x_wconf 89' lang='lat' dir='ltr'><strong>nec</strong></span> <span class='ocrx_word' id='word_1_720' title='bbox 2109 4473 2254 4531; x_wconf 72' lang='lat' dir='ltr'><strong>cmlo</strong></span> <span class='ocrx_word' id='word_1_721' title='bbox 2280 4489 2380 4531; x_wconf 91' lang='lat' dir='ltr'><strong>nec</strong></span> <span class='ocrx_word' id='word_1_722' title='bbox 2407 4472 2570 4529; x_wconf 89' lang='lat' dir='ltr'><strong>terris</strong></span> <span class='ocrx_word' id='word_1_723' title='bbox 2603 4487 2826 4544; x_wconf 88' lang='lat' dir='ltr'><strong>parcere</strong></span> <span class='ocrx_word' id='word_1_724' title='bbox 2847 4473 3048 4540; x_wconf 87' lang='lat' dir='ltr'><strong>solent,</strong></span> <span class='ocrx_word' id='word_1_725' title='bbox 3076 4481 3136 4529; x_wconf 90' lang='lat' dir='ltr'><strong>ut</strong></span> <span class='ocrx_word' id='word_1_726' title='bbox 3164 4489 3325 4530; x_wconf 90' lang='lat' dir='ltr'><strong>cursu</strong></span> <span class='ocrx_word' id='word_1_727' title='bbox 3355 4490 3494 4546; x_wconf 84' lang='lat' dir='ltr'><strong>quo-</strong></span> 
     </span>
    </p>
   </div>
   <div class='ocr_carea' id='block_1_89' title="bbox 1894 4565 3490 4639">
    <p class='ocr_par' dir='ltr' id='par_1_89' title="bbox 1894 4565 3490 4639">
     <span class='ocr_line' id='line_1_89' title="bbox 1894 4565 3490 4639; baseline 0 -15"><span class='ocrx_word' id='word_1_728' title='bbox 1894 4568 2016 4625; x_wconf 82' lang='lat' dir='ltr'><strong>dam</strong></span> <span class='ocrx_word' id='word_1_729' title='bbox 2047 4568 2329 4626; x_wconf 88' lang='lat' dir='ltr'><strong>stellarum</strong></span> <span class='ocrx_word' id='word_1_730' title='bbox 2359 4568 2694 4624; x_wconf 90' lang='lat' dir='ltr'><strong>arbitrentur</strong></span> <span class='ocrx_word' id='word_1_731' title='bbox 2722 4567 2887 4622; x_wconf 89' lang='lat' dir='ltr'><strong>vitam</strong></span> <span class='ocrx_word' id='word_1_732' title='bbox 2915 4565 3150 4623; x_wconf 88' lang='lat' dir='ltr'><strong>hominis</strong></span> <span class='ocrx_word' id='word_1_733' title='bbox 3178 4569 3490 4639; x_wconf 85' lang='lat' dir='ltr'><strong>gubernari.</strong></span> 
     </span>
    </p>
   </div>
   <div class='ocr_carea' id='block_1_90' title="bbox 1813 4658 3487 4759">
    <p class='ocr_par' dir='ltr' id='par_1_90' title="bbox 1813 4658 3487 4759">
     <span class='ocr_line' id='line_1_90' title="bbox 1813 4658 3487 4759; baseline -0.001 -41"><span class='ocrx_word' id='word_1_734' title='bbox 1813 4697 1871 4759; x_wconf 76' lang='lat' dir='ltr'><strong><em>D</em></strong></span> <span class='ocrx_word' id='word_1_735' title='bbox 1894 4662 2040 4718; x_wconf 88' lang='lat' dir='ltr'><strong>Nihil</strong></span> <span class='ocrx_word' id='word_1_736' title='bbox 2071 4660 2598 4734; x_wconf 65' lang='lat' dir='ltr'><strong>providentizn,nihil</strong></span> <span class='ocrx_word' id='word_1_737' title='bbox 2631 4658 2788 4716; x_wconf 88' lang='lat' dir='ltr'><strong>bonis</strong></span> <span class='ocrx_word' id='word_1_738' title='bbox 2815 4659 3059 4716; x_wconf 90' lang='lat' dir='ltr'><strong>moribus</strong></span> <span class='ocrx_word' id='word_1_739' title='bbox 3080 4659 3487 4732; x_wconf 86' lang='lat' dir='ltr'><strong>derelinquunt.</strong></span> 
     </span>
    </p>
   </div>
   <div class='ocr_carea' id='block_1_91' title="bbox 1895 4754 3492 4829">
    <p class='ocr_par' dir='ltr' id='par_1_91' title="bbox 1895 4754 3492 4829">
     <span class='ocr_line' id='line_1_91' title="bbox 1895 4754 3492 4829; baseline -0.001 -16"><span class='ocrx_word' id='word_1_740' title='bbox 1895 4760 2072 4829; x_wconf 88' lang='lat' dir='ltr'><strong>Atque</strong></span> <span class='ocrx_word' id='word_1_741' title='bbox 2094 4759 2298 4813; x_wconf 90' lang='lat' dir='ltr'><strong>utinam</strong></span> <span class='ocrx_word' id='word_1_742' title='bbox 2330 4765 2385 4812; x_wconf 92' lang='lat' dir='ltr'><strong>et</strong></span> <span class='ocrx_word' id='word_1_743' title='bbox 2417 4755 2530 4823; x_wconf 87' lang='lat' dir='ltr'><strong>isti,</strong></span> <span class='ocrx_word' id='word_1_744' title='bbox 2557 4755 2698 4812; x_wconf 91' lang='lat' dir='ltr'><strong>sicut</strong></span> <span class='ocrx_word' id='word_1_745' title='bbox 2731 4754 2822 4812; x_wconf 93' lang='lat' dir='ltr'><strong>ille</strong></span> <span class='ocrx_word' id='word_1_746' title='bbox 2852 4771 2993 4812; x_wconf 88' lang='lat' dir='ltr'><strong>unus</strong></span> <span class='ocrx_word' id='word_1_747' title='bbox 3018 4755 3085 4811; x_wconf 90' lang='lat' dir='ltr'><strong>de</strong></span> <span class='ocrx_word' id='word_1_748' title='bbox 3123 4756 3333 4812; x_wconf 91' lang='lat' dir='ltr'><strong>duobus</strong></span> <span class='ocrx_word' id='word_1_749' title='bbox 3359 4758 3492 4813; x_wconf 92' lang='lat' dir='ltr'><strong>ado-</strong></span> 
     </span>
    </p>
   </div>
   <div class='ocr_carea' id='block_1_92' title="bbox 1894 4849 3491 4918">
    <p class='ocr_par' dir='ltr' id='par_1_92' title="bbox 1894 4849 3491 4918">
     <span class='ocr_line' id='line_1_92' title="bbox 1894 4849 3491 4918; baseline 0.001 -12"><span class='ocrx_word' id='word_1_750' title='bbox 1894 4850 2250 4918; x_wconf 91' lang='lat' dir='ltr'><strong>lescentibus,</strong></span> <span class='ocrx_word' id='word_1_751' title='bbox 2279 4849 2630 4906; x_wconf 87' lang='lat' dir='ltr'><strong>revertissent</strong></span> <span class='ocrx_word' id='word_1_752' title='bbox 2660 4869 2673 4905; x_wconf 87' lang='lat'><strong>:</strong></span> <span class='ocrx_word' id='word_1_753' title='bbox 2701 4850 2876 4907; x_wconf 92' lang='lat' dir='ltr'><strong>bonus</strong></span> <span class='ocrx_word' id='word_1_754' title='bbox 2907 4849 3164 4905; x_wconf 90' lang='lat' dir='ltr'><strong>Dominus</strong></span> <span class='ocrx_word' id='word_1_755' title='bbox 3190 4850 3491 4907; x_wconf 90' lang='lat' dir='ltr'><strong>remedium</strong></span> 
     </span>
    </p>
   </div>
   <div class='ocr_carea' id='block_1_93' title="bbox 1897 4942 3488 5017">
    <p class='ocr_par' dir='ltr' id='par_1_93' title="bbox 1897 4942 3488 5017">
     <span class='ocr_line' id='line_1_93' title="bbox 1897 4942 3488 5017; baseline 0.001 -18"><span class='ocrx_word' id='word_1_756' title='bbox 1897 4959 2005 5000; x_wconf 88' lang='lat' dir='ltr'><strong>non</strong></span> <span class='ocrx_word' id='word_1_757' title='bbox 2033 4953 2307 5017; x_wconf 60' lang='lat' dir='ltr'><strong>negasset,</strong></span> <span class='ocrx_word' id='word_1_758' title='bbox 2339 4956 2360 4983; x_wconf 76' lang='grc' dir='ltr'><strong>ο</strong></span> <span class='ocrx_word' id='word_1_759' title='bbox 2385 4953 2440 5000; x_wconf 88' lang='lat' dir='ltr'><strong>et</strong></span> <span class='ocrx_word' id='word_1_760' title='bbox 2466 4955 2646 5001; x_wconf 89' lang='lat' dir='ltr'><strong>tamen</strong></span> <span class='ocrx_word' id='word_1_761' title='bbox 2671 4944 2886 5001; x_wconf 90' lang='lat' dir='ltr'><strong>etiamsi</strong></span> <span class='ocrx_word' id='word_1_762' title='bbox 2916 4942 3022 5014; x_wconf 89' lang='lat' dir='ltr'><strong>ipsi</strong></span> <span class='ocrx_word' id='word_1_763' title='bbox 3062 4943 3236 4998; x_wconf 92' lang='lat' dir='ltr'><strong>nolint</strong></span> <span class='ocrx_word' id='word_1_764' title='bbox 3266 4945 3448 5000; x_wconf 90' lang='lat' dir='ltr'><strong>sanari</strong></span> <span class='ocrx_word' id='word_1_765' title='bbox 3473 4989 3488 5013; x_wconf 92' lang='lat'><strong>,</strong></span> 
     </span>
    </p>
   </div>
   <div class='ocr_carea' id='block_1_94' title="bbox 1895 5038 3493 5110">
    <p class='ocr_par' dir='ltr' id='par_1_94' title="bbox 1895 5038 3493 5110">
     <span class='ocr_line' id='line_1_94' title="bbox 1895 5038 3493 5110; baseline -0.001 -14"><span class='ocrx_word' id='word_1_766' title='bbox 1895 5049 2140 5096; x_wconf 86' lang='lat' dir='ltr'><strong>reservat</strong></span> <span class='ocrx_word' id='word_1_767' title='bbox 2185 5040 2443 5096; x_wconf 85' lang='lat' dir='ltr'><strong>Dominus</strong></span> <span class='ocrx_word' id='word_1_768' title='bbox 2495 5039 2854 5108; x_wconf 84' lang='lat' dir='ltr'><strong>regressionis</strong></span> <span class='ocrx_word' id='word_1_769' title='bbox 2881 5038 3142 5108; x_wconf 89' lang='lat' dir='ltr'><strong>gratiam;</strong></span> <span class='ocrx_word' id='word_1_770' title='bbox 3202 5047 3261 5093; x_wconf 92' lang='lat' dir='ltr'><strong>ut</strong></span> <span class='ocrx_word' id='word_1_771' title='bbox 3306 5041 3397 5110; x_wconf 92' lang='lat' dir='ltr'><strong>qui</strong></span> <span class='ocrx_word' id='word_1_772' title='bbox 3440 5041 3493 5096; x_wconf 90' lang='lat' dir='ltr'><strong>in</strong></span> 
     </span>
    </p>
   </div>
   <div class='ocr_carea' id='block_1_95' title="bbox 207 5120 3496 5238">
    <p class='ocr_par' dir='ltr' id='par_1_95' title="bbox 207 5120 3496 5238">
     <span class='ocr_line' id='line_1_95' title="bbox 207 5120 3496 5238; baseline 0.005 -64"><span class='ocrx_word' id='word_1_773' title='bbox 207 5120 507 5188; x_wconf 86' lang='lat' dir='ltr'><strong>nobiscum;</strong></span> <span class='ocrx_word' id='word_1_774' title='bbox 542 5129 596 5177; x_wconf 90' lang='lat' dir='ltr'><strong>et</strong></span> <span class='ocrx_word' id='word_1_775' title='bbox 625 5124 669 5179; x_wconf 92' lang='lat' dir='ltr'><strong>si</strong></span> <span class='ocrx_word' id='word_1_776' title='bbox 697 5125 817 5195; x_wconf 88' lang='lat' dir='ltr'><strong>quis</strong></span> <span class='ocrx_word' id='word_1_777' title='bbox 849 5126 1085 5184; x_wconf 90' lang='lat' dir='ltr'><strong>tunicam</strong></span> <span class='ocrx_word' id='word_1_778' title='bbox 1117 5135 1356 5184; x_wconf 90' lang='lat' dir='ltr'><strong>nostram</strong></span> <span class='ocrx_word' id='word_1_779' title='bbox 1384 5145 1544 5200; x_wconf 91' lang='lat' dir='ltr'><strong>quam</strong></span> <span class='ocrx_word' id='word_1_780' title='bbox 1571 5133 1786 5204; x_wconf 84' lang='lat' dir='ltr'><strong>accepi-</strong></span> <span class='ocrx_word' id='word_1_781' title='bbox 1895 5132 2061 5192; x_wconf 85' lang='lat' dir='ltr'><strong>Israel</strong></span> <span class='ocrx_word' id='word_1_782' title='bbox 2095 5135 2308 5208; x_wconf 85' lang='lat' dir='ltr'><strong>expulsi</strong></span> <span class='ocrx_word' id='word_1_783' title='bbox 2327 5143 2454 5191; x_wconf 90' lang='lat' dir='ltr'><strong>sunt</strong></span> <span class='ocrx_word' id='word_1_784' title='bbox 2482 5150 2578 5206; x_wconf 88' lang='lat' dir='ltr'><strong>per</strong></span> <span class='ocrx_word' id='word_1_785' title='bbox 2601 5135 2781 5192; x_wconf 89' lang='lat' dir='ltr'><strong>cordis</strong></span> <span class='ocrx_word' id='word_1_786' title='bbox 2807 5132 3013 5204; x_wconf 89' lang='lat' dir='ltr'><strong>proprii</strong></span> <span class='ocrx_word' id='word_1_787' title='bbox 3043 5131 3366 5204; x_wconf 86' lang='lat' dir='ltr'><strong>caecitatem,</strong></span> <span class='ocrx_word' id='word_1_788' title='bbox 3399 5151 3496 5238; x_wconf 40' lang='lat' dir='ltr'><strong>peor</strong></span> 
     </span>
    </p>
   </div>
   <div class='ocr_carea' id='block_1_96' title="bbox 271 5257 1780 5329">
    <p class='ocr_par' dir='ltr' id='par_1_96' title="bbox 271 5257 1780 5329">
     <span class='ocr_line' id='line_1_96' title="bbox 271 5257 1780 5329; baseline 0.009 -15"><span class='ocrx_word' id='word_1_789' title='bbox 271 5266 296 5294; x_wconf 74' lang='grc' dir='ltr'><strong>ιι</strong></span> <span class='ocrx_word' id='word_1_790' title='bbox 333 5257 426 5315; x_wconf 90' lang='lat' dir='ltr'><strong>Sic</strong></span> <span class='ocrx_word' id='word_1_791' title='bbox 452 5275 581 5318; x_wconf 88' lang='lat' dir='ltr'><strong>mss.</strong></span> <span class='ocrx_word' id='word_1_792' title='bbox 611 5261 848 5329; x_wconf 84' lang='lat' dir='ltr'><strong>Thuan.,</strong></span> <span class='ocrx_word' id='word_1_793' title='bbox 879 5263 1050 5319; x_wconf 87' lang='lat' dir='ltr'><strong>Laud.</strong></span> <span class='ocrx_word' id='word_1_794' title='bbox 1077 5273 1133 5320; x_wconf 91' lang='lat' dir='ltr'><strong>et</strong></span> <span class='ocrx_word' id='word_1_795' title='bbox 1161 5265 1313 5321; x_wconf 88' lang='lat' dir='ltr'><strong>Colb.</strong></span> <span class='ocrx_word' id='word_1_796' title='bbox 1338 5264 1445 5322; x_wconf 80' lang='lat' dir='ltr'><strong>Alii</strong></span> <span class='ocrx_word' id='word_1_797' title='bbox 1468 5278 1651 5325; x_wconf 89' lang='lat' dir='ltr'><strong>autem</strong></span> <span class='ocrx_word' id='word_1_798' title='bbox 1673 5268 1780 5326; x_wconf 88' lang='lat' dir='ltr'><strong>duo</strong></span> 
     </span>
    </p>
   </div>
   <div class='ocr_carea' id='block_1_97' title="bbox 208 5327 1780 5405">
    <p class='ocr_par' dir='ltr' id='par_1_97' title="bbox 208 5327 1780 5405">
     <span class='ocr_line' id='line_1_97' title="bbox 208 5327 1780 5405; baseline 0.009 -21"><span class='ocrx_word' id='word_1_799' title='bbox 208 5327 314 5386; x_wconf 90' lang='lat' dir='ltr'><strong>loco</strong></span> <span class='ocrx_word' id='word_1_800' title='bbox 351 5333 503 5387; x_wconf 89' lang='lat' dir='ltr'><strong>vocis</strong></span> <span class='ocrx_word' id='word_1_801' title='bbox 525 5374 540 5399; x_wconf 92' lang='lat'><strong>,</strong></span> <span class='ocrx_word' id='word_1_802' title='bbox 573 5335 777 5405; x_wconf 86' lang='lat' dir='ltr'><strong>adipsat</strong></span> <span class='ocrx_word' id='word_1_803' title='bbox 807 5327 842 5401; x_wconf 16' lang='lat' dir='ltr'><strong>,i</strong></span> <span class='ocrx_word' id='word_1_804' title='bbox 870 5337 1115 5392; x_wconf 89' lang='lat' dir='ltr'><strong>lacunam</strong></span> <span class='ocrx_word' id='word_1_805' title='bbox 1171 5337 1392 5395; x_wconf 88' lang='lat' dir='ltr'><strong>habent.</strong></span> <span class='ocrx_word' id='word_1_806' title='bbox 1439 5338 1584 5394; x_wconf 89' lang='lat' dir='ltr'><strong>Edit.</strong></span> <span class='ocrx_word' id='word_1_807' title='bbox 1653 5357 1780 5398; x_wconf 90' lang='lat' dir='ltr'><strong>vero</strong></span> 
     </span>
    </p>
   </div>
   <div class='ocr_carea' id='block_1_98' title="bbox 210 5405 1778 5484">
    <p class='ocr_par' dir='ltr' id='par_1_98' title="bbox 210 5405 1778 5484">
     <span class='ocr_line' id='line_1_98' title="bbox 210 5405 1778 5484; baseline 0.008 -29"><span class='ocrx_word' id='word_1_808' title='bbox 210 5405 583 5484; x_wconf 66' lang='lat' dir='ltr'><strong>tantummodo</strong></span> <span class='ocrx_word' id='word_1_809' title='bbox 615 5405 942 5476; x_wconf 70' lang='lat' dir='ltr'><strong>praeferunt,</strong></span> <span class='ocrx_word' id='word_1_810' title='bbox 975 5411 1134 5484; x_wconf 80' lang='lat' dir='ltr'><strong>adeps</strong></span> <span class='ocrx_word' id='word_1_811' title='bbox 1181 5409 1373 5484; x_wconf 81' lang='lat' dir='ltr'><strong>dicitur</strong></span> <span class='ocrx_word' id='word_1_812' title='bbox 1402 5413 1611 5484; x_wconf 86' lang='lat' dir='ltr'><strong>pingue.</strong></span> <span class='ocrx_word' id='word_1_813' title='bbox 1650 5413 1778 5468; x_wconf 85' lang='lat' dir='ltr'><strong>Cla-</strong></span> 
     </span>
    </p>
   </div>
   <div class='ocr_carea' id='block_1_99' title="bbox 208 5478 1780 5549">
    <p class='ocr_par' dir='ltr' id='par_1_99' title="bbox 208 5478 1780 5549">
     <span class='ocr_line' id='line_1_99' title="bbox 208 5478 1780 5549; baseline 0.008 -21"><span class='ocrx_word' id='word_1_814' title='bbox 208 5487 330 5549; x_wconf 2' lang='lat' dir='ltr'><strong>rum,</strong></span> <span class='ocrx_word' id='word_1_815' title='bbox 356 5485 466 5549; x_wconf 19' lang='lat' dir='ltr'><strong>est“</strong></span> <span class='ocrx_word' id='word_1_816' title='bbox 497 5478 768 5533; x_wconf 84' lang='lat' dir='ltr'><strong>inductam</strong></span> <span class='ocrx_word' id='word_1_817' title='bbox 821 5493 942 5534; x_wconf 75' lang='lat' dir='ltr'><strong>esse</strong></span> <span class='ocrx_word' id='word_1_818' title='bbox 996 5478 1135 5536; x_wconf 85' lang='lat' dir='ltr'><strong>hanc</strong></span> <span class='ocrx_word' id='word_1_819' title='bbox 1162 5478 1552 5549; x_wconf 81' lang='lat' dir='ltr'><strong>diversitatem,</strong></span> <span class='ocrx_word' id='word_1_820' title='bbox 1585 5493 1642 5539; x_wconf 93' lang='lat' dir='ltr'><strong>ut</strong></span> <span class='ocrx_word' id='word_1_821' title='bbox 1676 5499 1780 5540; x_wconf 83' lang='lat' dir='ltr'><strong>vox</strong></span> 
     </span>
    </p>
   </div>
   <div class='ocr_carea' id='block_1_100' title="bbox 209 5547 1782 5624">
    <p class='ocr_par' dir='ltr' id='par_1_100' title="bbox 209 5547 1782 5624">
     <span class='ocr_line' id='line_1_100' title="bbox 209 5547 1782 5624; baseline 0.007 -24"><span class='ocrx_word' id='word_1_822' title='bbox 209 5559 302 5624; x_wconf 76' lang='lat' dir='ltr'><strong>non</strong></span> <span class='ocrx_word' id='word_1_823' title='bbox 324 5547 595 5604; x_wconf 86' lang='lat' dir='ltr'><strong>intellecta</strong></span> <span class='ocrx_word' id='word_1_824' title='bbox 621 5550 947 5617; x_wconf 87' lang='lat' dir='ltr'><strong>evitaretur;</strong></span> <span class='ocrx_word' id='word_1_825' title='bbox 971 5552 1068 5607; x_wconf 88' lang='lat' dir='ltr'><strong>sed</strong></span> <span class='ocrx_word' id='word_1_826' title='bbox 1091 5567 1190 5607; x_wconf 89' lang='lat' dir='ltr'><strong>nos</strong></span> <span class='ocrx_word' id='word_1_827' title='bbox 1212 5556 1482 5624; x_wconf 89' lang='lat' dir='ltr'><strong>potiorum</strong></span> <span class='ocrx_word' id='word_1_828' title='bbox 1512 5547 1644 5611; x_wconf 84' lang='lat' dir='ltr'><strong>mss.</strong></span> <span class='ocrx_word' id='word_1_829' title='bbox 1673 5557 1782 5613; x_wconf 83' lang='lat' dir='ltr'><strong>lec-</strong></span> 
     </span>
    </p>
   </div>
   <div class='ocr_carea' id='block_1_101' title="bbox 207 5617 1779 5699">
    <p class='ocr_par' dir='ltr' id='par_1_101' title="bbox 207 5617 1779 5699">
     <span class='ocr_line' id='line_1_101' title="bbox 207 5617 1779 5699; baseline 0.006 -27"><span class='ocrx_word' id='word_1_830' title='bbox 207 5617 402 5699; x_wconf 76' lang='lat' dir='ltr'><strong>tionem</strong></span> <span class='ocrx_word' id='word_1_831' title='bbox 421 5624 1163 5699; x_wconf 70' lang='lat' dir='ltr'><strong>repraesentamns,_maxime_</strong></span> <span class='ocrx_word' id='word_1_832' title='bbox 1205 5617 1326 5682; x_wconf 71' lang='lat' dir='ltr'><strong>cum</strong></span> <span class='ocrx_word' id='word_1_833' title='bbox 1357 5627 1471 5683; x_wconf 87' lang='lat' dir='ltr'><strong>ﬁeri</strong></span> <span class='ocrx_word' id='word_1_834' title='bbox 1517 5629 1779 5699; x_wconf 89' lang='lat' dir='ltr'><strong>potuerit,</strong></span> 
     </span>
    </p>
   </div>
   <div class='ocr_carea' id='block_1_102' title="bbox 212 5689 1783 5771">
    <p class='ocr_par' dir='ltr' id='par_1_102' title="bbox 212 5689 1783 5771">
     <span class='ocr_line' id='line_1_102' title="bbox 212 5689 1783 5771; baseline 0.005 -26"><span class='ocrx_word' id='word_1_835' title='bbox 212 5689 443 5771; x_wconf 27' lang='lat' dir='ltr'><strong>illidictio</strong></span> <span class='ocrx_word' id='word_1_836' title='bbox 458 5689 696 5771; x_wconf 63' lang='lat' dir='ltr'><strong>adipsal,</strong></span> <span class='ocrx_word' id='word_1_837' title='bbox 714 5704 875 5750; x_wconf 54' lang='lat' dir='ltr'><strong>astate</strong></span> <span class='ocrx_word' id='word_1_838' title='bbox 895 5695 1168 5752; x_wconf 86' lang='lat' dir='ltr'><strong>Ambrosii</strong></span> <span class='ocrx_word' id='word_1_839' title='bbox 1188 5713 1220 5753; x_wconf 90' lang='lat' dir='ltr'><strong>a</strong></span> <span class='ocrx_word' id='word_1_840' title='bbox 1250 5699 1449 5771; x_wconf 88' lang='lat' dir='ltr'><strong>populo</strong></span> <span class='ocrx_word' id='word_1_841' title='bbox 1476 5689 1572 5770; x_wconf 74' lang='lat' dir='ltr'><strong>per</strong></span> <span class='ocrx_word' id='word_1_842' title='bbox 1595 5689 1783 5756; x_wconf 44' lang='lat' dir='ltr'><strong>corrui</strong></span> 
     </span>
    </p>
   </div>
   <div class='ocr_carea' id='block_1_103' title="bbox 212 5761 908 5836">
    <p class='ocr_par' dir='ltr' id='par_1_103' title="bbox 212 5761 908 5836">
     <span class='ocr_line' id='line_1_103' title="bbox 212 5761 908 5836; baseline 0.023 -32"><span class='ocrx_word' id='word_1_843' title='bbox 212 5761 908 5836; x_wconf 52' lang='lat' dir='ltr'><strong>ptiongnglrequentaretur.</strong></span> 
     </span>
    </p>
   </div>
   <div class='ocr_carea' id='block_1_104' title="bbox 273 5824 1782 5915">
    <p class='ocr_par' dir='ltr' id='par_1_104' title="bbox 273 5824 1782 5915">
     <span class='ocr_line' id='line_1_104' title="bbox 273 5824 1782 5915; baseline 0.013 -35"><span class='ocrx_word' id='word_1_844' title='bbox 273 5828 300 5868; x_wconf 74' lang='grc' dir='ltr'>δ</span> <span class='ocrx_word' id='word_1_845' title='bbox 337 5824 480 5882; x_wconf 84' lang='lat' dir='ltr'><strong>Edit.</strong></span> <span class='ocrx_word' id='word_1_846' title='bbox 504 5824 659 5902; x_wconf 62' lang='grc' dir='ltr'><strong>Εἶρα..</strong></span> <span class='ocrx_word' id='word_1_847' title='bbox 691 5841 780 5909; x_wconf 86' lang='lat' dir='ltr'><strong>qui</strong></span> <span class='ocrx_word' id='word_1_848' title='bbox 809 5839 908 5894; x_wconf 86' lang='lat' dir='ltr'><strong>sibi</strong></span> <span class='ocrx_word' id='word_1_849' title='bbox 931 5839 1208 5896; x_wconf 87' lang='lat' dir='ltr'><strong>criminum</strong></span> <span class='ocrx_word' id='word_1_850' title='bbox 1235 5851 1499 5915; x_wconf 86' lang='lat' dir='ltr'><strong>auctores,</strong></span> <span class='ocrx_word' id='word_1_851' title='bbox 1539 5843 1782 5900; x_wconf 75' lang='lat' dir='ltr'><strong>nativita-</strong></span> 
     </span>
    </p>
   </div>
   <div class='ocr_carea' id='block_1_105' title="bbox 659 5920 1169 5998">
    <p class='ocr_par' dir='ltr' id='par_1_105' title="bbox 659 5920 1169 5998">
     <span class='ocr_line' id='line_1_105' title="bbox 659 5920 1169 5998; baseline 0.012 -14"><span class='ocrx_word' id='word_1_852' title='bbox 659 5920 933 5990; x_wconf 70' lang='lat' dir='ltr'><strong>PATnos..</strong></span> <span class='ocrx_word' id='word_1_853' title='bbox 992 5933 1169 5998; x_wconf 83' lang='lat' dir='ltr'><strong>XIV.</strong></span> 
     </span>
    </p>
   </div>
   <div class='ocr_carea' id='block_1_106' title="bbox 1886 5271 3331 5356">
    <p class='ocr_par' dir='ltr' id='par_1_106' title="bbox 1886 5271 3331 5356">
     <span class='ocr_line' id='line_1_106' title="bbox 1886 5271 3331 5356; baseline -0.001 -27"><span class='ocrx_word' id='word_1_854' title='bbox 1886 5284 2000 5356; x_wconf 83' lang='lat' dir='ltr'><strong>t_es_;</strong></span> <span class='ocrx_word' id='word_1_855' title='bbox 2031 5275 2156 5356; x_wconf 77' lang='lat' dir='ltr'><strong>Cill.</strong></span> <span class='ocrx_word' id='word_1_856' title='bbox 2181 5275 2366 5356; x_wconf 47' lang='grc' dir='ltr'><strong>(ξε-(1υο</strong></span> <span class='ocrx_word' id='word_1_857' title='bbox 2396 5291 2554 5356; x_wconf 50' lang='grc' dir='ltr'><strong>τινες..</strong></span> <span class='ocrx_word' id='word_1_858' title='bbox 2591 5314 2603 5330; x_wconf 95' lang='grc'><strong>.</strong></span> <span class='ocrx_word' id='word_1_859' title='bbox 2644 5316 2656 5330; x_wconf 93' lang='grc'><strong>.</strong></span> <span class='ocrx_word' id='word_1_860' title='bbox 2693 5316 2708 5330; x_wconf 96' lang='grc'><strong>.</strong></span> <span class='ocrx_word' id='word_1_861' title='bbox 2737 5271 3279 5356; x_wconf 50' lang='grc' dir='ltr'><strong>υαηὶιαιᾳείβριηη.</strong></span> <span class='ocrx_word' id='word_1_862' title='bbox 3309 5312 3331 5356; x_wconf 41' lang='lat'><strong>..</strong></span> 
     </span>
    </p>
   </div>
   <div class='ocr_carea' id='block_1_107' title="bbox 1888 5345 3498 5416">
    <p class='ocr_par' dir='ltr' id='par_1_107' title="bbox 1888 5345 3498 5416">
     <span class='ocr_line' id='line_1_107' title="bbox 1888 5345 3498 5416; baseline 0.002 -15"><span class='ocrx_word' id='word_1_863' title='bbox 1888 5347 2186 5403; x_wconf 83' lang='lat' dir='ltr'><strong>tivitatibus.</strong></span> <span class='ocrx_word' id='word_1_864' title='bbox 2219 5348 2320 5404; x_wconf 81' lang='lat' dir='ltr'><strong>Ms.</strong></span> <span class='ocrx_word' id='word_1_865' title='bbox 2354 5362 2483 5404; x_wconf 88' lang='lat' dir='ltr'><strong>vero</strong></span> <span class='ocrx_word' id='word_1_866' title='bbox 2510 5347 2659 5412; x_wconf 83' lang='lat' dir='ltr'><strong>Vat.,</strong></span> <span class='ocrx_word' id='word_1_867' title='bbox 2693 5387 2706 5401; x_wconf 95' lang='lat'><strong>.</strong></span> <span class='ocrx_word' id='word_1_868' title='bbox 2740 5385 2754 5400; x_wconf 93' lang='lat'><strong>.</strong></span> <span class='ocrx_word' id='word_1_869' title='bbox 2791 5385 2806 5400; x_wconf 96' lang='lat'><strong>.</strong></span> <span class='ocrx_word' id='word_1_870' title='bbox 2835 5345 3142 5398; x_wconf 88' lang='lat' dir='ltr'><strong>auctoritate</strong></span> <span class='ocrx_word' id='word_1_871' title='bbox 3170 5345 3498 5416; x_wconf 80' lang='lat' dir='ltr'><strong>nativitates;</strong></span> 
     </span>
    </p>
   </div>
   <div class='ocr_carea' id='block_1_108' title="bbox 1889 5416 3492 5492">
    <p class='ocr_par' dir='ltr' id='par_1_108' title="bbox 1889 5416 3492 5492">
     <span class='ocr_line' id='line_1_108' title="bbox 1889 5416 3492 5492; baseline 0.001 -19"><span class='ocrx_word' id='word_1_872' title='bbox 1889 5419 1980 5492; x_wconf 82' lang='lat' dir='ltr'><strong>alii</strong></span> <span class='ocrx_word' id='word_1_873' title='bbox 2009 5420 2264 5492; x_wconf 87' lang='lat' dir='ltr'><strong>denique,</strong></span> <span class='ocrx_word' id='word_1_874' title='bbox 2295 5457 2308 5473; x_wconf 94' lang='lat'><strong>.</strong></span> <span class='ocrx_word' id='word_1_875' title='bbox 2339 5461 2352 5476; x_wconf 95' lang='lat'><strong>.</strong></span> <span class='ocrx_word' id='word_1_876' title='bbox 2385 5459 2400 5474; x_wconf 94' lang='lat'><strong>.</strong></span> <span class='ocrx_word' id='word_1_877' title='bbox 2430 5459 2445 5474; x_wconf 93' lang='lat'><strong>.</strong></span> <span class='ocrx_word' id='word_1_878' title='bbox 2470 5419 2824 5492; x_wconf 80' lang='lat' dir='ltr'><strong>auctoritates,</strong></span> <span class='ocrx_word' id='word_1_879' title='bbox 2857 5416 3158 5492; x_wconf 79' lang='lat' dir='ltr'><strong>nativitatis,</strong></span> <span class='ocrx_word' id='word_1_880' title='bbox 3191 5424 3297 5470; x_wconf 90' lang='lat' dir='ltr'><strong>etc.</strong></span> <span class='ocrx_word' id='word_1_881' title='bbox 3326 5417 3492 5488; x_wconf 89' lang='lat' dir='ltr'><strong>Cujus</strong></span> 
     </span>
    </p>
   </div>
   <div class='ocr_carea' id='block_1_109' title="bbox 1890 5487 3552 5548">
    <p class='ocr_par' dir='ltr' id='par_1_109' title="bbox 1890 5487 3552 5548">
     <span class='ocr_line' id='line_1_109' title="bbox 1890 5487 3552 5548; baseline 0.002 -4"><span class='ocrx_word' id='word_1_882' title='bbox 1890 5487 2360 5547; x_wconf 56' lang='lat' dir='ltr'><strong>lectionis&#39;sensus</strong></span> <span class='ocrx_word' id='word_1_883' title='bbox 2395 5488 2637 5548; x_wconf 90' lang='lat' dir='ltr'><strong>omnium</strong></span> <span class='ocrx_word' id='word_1_884' title='bbox 2670 5489 2883 5544; x_wconf 90' lang='lat' dir='ltr'><strong>videtur</strong></span> <span class='ocrx_word' id='word_1_885' title='bbox 2925 5487 3159 5542; x_wconf 86' lang='lat' dir='ltr'><strong>maxime</strong></span> <span class='ocrx_word' id='word_1_886' title='bbox 3203 5487 3491 5548; x_wconf 89' lang='lat' dir='ltr'><strong>naturalis.</strong></span> <span class='ocrx_word' id='word_1_887' title='bbox 3549 5496 3552 5497; x_wconf 65' lang='grc'><strong><em>⁷</em></strong></span> 
     </span>
    </p>
   </div>
   <div class='ocr_carea' id='block_1_110' title="bbox 3309 5294 3497 5332">
    <p class='ocr_par' dir='ltr' id='par_1_110' title="bbox 3309 5294 3497 5332">
     <span class='ocr_line' id='line_1_110' title="bbox 3309 5294 3497 5332; baseline 0.021 -4"><span class='ocrx_word' id='word_1_888' title='bbox 3309 5312 3324 5328; x_wconf 80' lang='grc' dir='ltr'><strong>ο</strong></span> <span class='ocrx_word' id='word_1_889' title='bbox 3360 5294 3497 5332; x_wconf 83' lang='grc' dir='ltr'><strong>.ηα-</strong></span> 
     </span>
    </p>
   </div>
   <div class='ocr_carea' id='block_1_111' title="bbox 1963 5557 3491 5630">
    <p class='ocr_par' dir='ltr' id='par_1_111' title="bbox 1963 5557 3491 5630">
     <span class='ocr_line' id='line_1_111' title="bbox 1963 5557 3491 5630; baseline -0.001 -12"><span class='ocrx_word' id='word_1_890' title='bbox 1963 5572 1986 5601; x_wconf 75' lang='grc' dir='ltr'><em>ε</em></span> <span class='ocrx_word' id='word_1_891' title='bbox 2017 5563 2162 5620; x_wconf 87' lang='lat' dir='ltr'><strong>Edit.</strong></span> <span class='ocrx_word' id='word_1_892' title='bbox 2193 5566 2437 5630; x_wconf 73' lang='lat' dir='ltr'><strong>liom.,et</strong></span> <span class='ocrx_word' id='word_1_893' title='bbox 2466 5573 2636 5616; x_wconf 88' lang='lat' dir='ltr'><strong>tamen</strong></span> <span class='ocrx_word' id='word_1_894' title='bbox 2661 5561 2820 5614; x_wconf 90' lang='lat' dir='ltr'><strong>etiam</strong></span> <span class='ocrx_word' id='word_1_895' title='bbox 2837 5559 2990 5628; x_wconf 87' lang='lat' dir='ltr'><strong>ipsis,</strong></span> <span class='ocrx_word' id='word_1_896' title='bbox 3019 5559 3064 5612; x_wconf 86' lang='lat' dir='ltr'><strong>si</strong></span> <span class='ocrx_word' id='word_1_897' title='bbox 3092 5557 3271 5630; x_wconf 63' lang='lat' dir='ltr'><strong>uolunt</strong></span> <span class='ocrx_word' id='word_1_898' title='bbox 3289 5565 3491 5620; x_wconf 82' lang='lat' dir='ltr'><strong>sanari.</strong></span> 
     </span>
    </p>
   </div>
   <div class='ocr_carea' id='block_1_112' title="bbox 1885 5627 3488 5700">
    <p class='ocr_par' dir='ltr' id='par_1_112' title="bbox 1885 5627 3488 5700">
     <span class='ocr_line' id='line_1_112' title="bbox 1885 5627 3488 5700; baseline -0.002 -11"><span class='ocrx_word' id='word_1_899' title='bbox 1885 5641 1991 5689; x_wconf 88' lang='lat' dir='ltr'><strong>etc.</strong></span> <span class='ocrx_word' id='word_1_900' title='bbox 2022 5633 2166 5690; x_wconf 89' lang='lat' dir='ltr'><strong>Edit.</strong></span> <span class='ocrx_word' id='word_1_901' title='bbox 2199 5627 2512 5700; x_wconf 50' lang='lat' dir='ltr'><strong>Am.,&#39;Era.</strong></span> <span class='ocrx_word' id='word_1_902' title='bbox 2536 5646 2599 5687; x_wconf 93' lang='lat' dir='ltr'><strong>ac</strong></span> <span class='ocrx_word' id='word_1_903' title='bbox 2621 5631 2750 5688; x_wconf 89' lang='lat' dir='ltr'><strong>Gill.</strong></span> <span class='ocrx_word' id='word_1_904' title='bbox 2773 5627 2899 5686; x_wconf 90' lang='lat' dir='ltr'><strong>cum</strong></span> <span class='ocrx_word' id='word_1_905' title='bbox 2926 5644 3056 5684; x_wconf 88' lang='lat' dir='ltr'><strong>mss.</strong></span> <span class='ocrx_word' id='word_1_906' title='bbox 3091 5627 3213 5682; x_wconf 80' lang='lat' dir='ltr'><strong>Vat.</strong></span> <span class='ocrx_word' id='word_1_907' title='bbox 3255 5639 3311 5685; x_wconf 92' lang='lat' dir='ltr'><strong>et</strong></span> <span class='ocrx_word' id='word_1_908' title='bbox 3341 5632 3488 5692; x_wconf 85' lang='lat' dir='ltr'><strong>Gall.</strong></span> 
     </span>
    </p>
   </div>
   <div class='ocr_carea' id='block_1_113' title="bbox 1888 5700 3490 5776">
    <p class='ocr_par' dir='ltr' id='par_1_113' title="bbox 1888 5700 3490 5776">
     <span class='ocr_line' id='line_1_113' title="bbox 1888 5700 3490 5776; baseline -0.006 -16"><span class='ocrx_word' id='word_1_909' title='bbox 1888 5707 2216 5776; x_wconf 72' lang='lat' dir='ltr'><strong>prteferunt:</strong></span> <span class='ocrx_word' id='word_1_910' title='bbox 2248 5703 2317 5759; x_wconf 89' lang='lat' dir='ltr'><strong>Et</strong></span> <span class='ocrx_word' id='word_1_911' title='bbox 2341 5715 2508 5758; x_wconf 89' lang='lat' dir='ltr'><strong>tamen</strong></span> <span class='ocrx_word' id='word_1_912' title='bbox 2554 5705 2705 5758; x_wconf 85' lang='lat' dir='ltr'><strong>etiam</strong></span> <span class='ocrx_word' id='word_1_913' title='bbox 2734 5704 2833 5771; x_wconf 90' lang='lat' dir='ltr'><strong>ipsi</strong></span> <span class='ocrx_word' id='word_1_914' title='bbox 2864 5702 2926 5776; x_wconf 89' lang='lat' dir='ltr'><strong>si_</strong></span> <span class='ocrx_word' id='word_1_915' title='bbox 2949 5700 3128 5754; x_wconf 85' lang='lat' dir='ltr'><strong>nolunt</strong></span> <span class='ocrx_word' id='word_1_916' title='bbox 3155 5704 3329 5776; x_wconf 85' lang='lat' dir='ltr'><strong>sanari</strong></span> <span class='ocrx_word' id='word_1_917' title='bbox 3347 5721 3367 5770; x_wconf 84' lang='lat'><strong>,-</strong></span> <span class='ocrx_word' id='word_1_918' title='bbox 3389 5722 3490 5762; x_wconf 77' lang='grc' dir='ltr'><strong>εχ-</strong></span> 
     </span>
    </p>
   </div>
   <div class='ocr_carea' id='block_1_114' title="bbox 1885 5772 3485 5846">
    <p class='ocr_par' dir='ltr' id='par_1_114' title="bbox 1885 5772 3485 5846">
     <span class='ocr_line' id='line_1_114' title="bbox 1885 5772 3485 5846; baseline 0.003 -15"><span class='ocrx_word' id='word_1_919' title='bbox 1885 5772 2045 5844; x_wconf 73' lang='lat' dir='ltr'><strong>cepto</strong></span> <span class='ocrx_word' id='word_1_920' title='bbox 2076 5778 2289 5832; x_wconf 86' lang='lat' dir='ltr'><strong>Thuan.</strong></span> <span class='ocrx_word' id='word_1_921' title='bbox 2320 5777 2410 5846; x_wconf 88' lang='lat' dir='ltr'><strong>qui</strong></span> <span class='ocrx_word' id='word_1_922' title='bbox 2432 5786 2490 5830; x_wconf 92' lang='lat' dir='ltr'><strong>ut</strong></span> <span class='ocrx_word' id='word_1_923' title='bbox 2518 5776 2858 5846; x_wconf 82' lang='lat' dir='ltr'><strong>antiquitate.</strong></span> <span class='ocrx_word' id='word_1_924' title='bbox 2913 5772 2987 5827; x_wconf 83' lang='lat' dir='ltr'><strong>ila</strong></span> <span class='ocrx_word' id='word_1_925' title='bbox 3011 5779 3067 5828; x_wconf 86' lang='lat' dir='ltr'><strong>et</strong></span> <span class='ocrx_word' id='word_1_926' title='bbox 3096 5775 3485 5842; x_wconf 81' lang='lat' dir='ltr'><strong>perspicuitate</strong></span> 
     </span>
    </p>
   </div>
   <div class='ocr_carea' id='block_1_115' title="bbox 1865 5846 2810 5918">
    <p class='ocr_par' dir='ltr' id='par_1_115' title="bbox 1865 5846 2810 5918">
     <span class='ocr_line' id='line_1_115' title="bbox 1865 5846 2810 5918; baseline -0.002 -16"><span class='ocrx_word' id='word_1_927' title='bbox 1865 5849 2104 5906; x_wconf 84' lang='lat' dir='ltr'><strong>—videtur</strong></span> <span class='ocrx_word' id='word_1_928' title='bbox 2137 5851 2238 5904; x_wconf 87' lang='lat' dir='ltr'><strong>hoc</strong></span> <span class='ocrx_word' id='word_1_929' title='bbox 2268 5847 2388 5904; x_wconf 92' lang='lat' dir='ltr'><strong>loco</strong></span> <span class='ocrx_word' id='word_1_930' title='bbox 2419 5846 2810 5918; x_wconf 65' lang='lat' dir='ltr'><strong>praeferendus.</strong></span> 
     </span>
    </p>
   </div>
  </div>
