4042 6378
225 381 330 441 845

1058 386 1148 441 DE
1190 380 1838 442 lNTERPELLATIONE
1872 377 1992 440 JOB
2031 383 2128 441 ET
2167 385 2378 443 DAVID
2419 384 2543 442 LIB.
2587 383 2678 441 iV.

3421 381 3525 441 8&6

225 507 329 566 est,
363 499 686 572 cognitionis
718 497 1065 571 prolundutn,
1092 510 1117 540 η
1149 509 1203 558 et
1232 518 1339 558 non
1371 501 1615 559 laborem
1646 501 1697 558 111
1731 503 1814 558 111-
1845 504 1898 563 Α
1925 517 2031 557 non
2060 503 2352 559 diuturna?
2384 505 2700 573 Transpone
2731 502 3040 574 vestigium,
3068 510 3124 558 et
3151 501 3340 557 umbra
3380 519 3523 572 prae.

219 591 387 646 certis
412 602 466 646 et
491 595 642 646 vanis
669 593 1044 664 opinionibus;
1075 595 1314 649 narratio
1340 595 1482 648 enim
1516 595 1643 650 fatui
1677 595 1815 650 sicut

219 685 433 740 sarcina
477 685 528 740 in
581 687 684 740 via.
738 685 861 742 ideo
904 687 1272 758 ingrediamnr
1303 690 1520 761 adytum
1553 689 1816 760 cognitio-

220 790 350 831 num
380 793 677 842 sacrarum,
708 790 868 849 alque
914 773 1171 836 interiora
1206 782 1500 850 penetralia
1531 783 1776 838 veritatis
1798 827 1812 852 ,

219 879 278 922 ut
308 887 412 926 non
443 871 511 927 sit
545 872 594 926 in
625 873 780 927 nobis
811 873 991 938 labor;
1022 873 1282 943 sapientia
1303 876 1445 930 enim
1472 892 1570 932 nos
1599 891 1627 930 a
1653 889 1813 930 sensu

218 961 421 1019 laboris
474 965 712 1019 abducit.
771 965 1012 1036 Denique
1055 981 1160 1022 non
1212 976 1293 1021 est
1340 967 1494 1023 labor
1524 970 1573 1022 in
1625 964 1813 1023 Jacob.

218 1053 394 1110 Causa
454 1066 635 1112 autem
685 1056 885 1111 laboris
917 1057 1215 1128 ignorantia
1269 1071 1381 1120 est:
1427 1062 1679 1130 quoniam
1727 1060 1814 1132 qui

218 1149 391 1202 nescit
438 1147 597 1218 justis
644 1149 879 1217 reposita
912 1163 1037 1206 esse
1067 1151 1320 1220 prtemia,
1352 1168 1460 1206 non
1515 1153 1756 1208 reficitur
1787 1167 1816 1206 a

223 1241 517 1307 laboribus,
550 1242 645 1297 sed
680 1242 849 1314 magis
896 1243 1275 1314 intprudentize
1323 1262 1434 1300 sum
1466 1247 1650 1302 labore
1691 1262 1816 1302 cur-

216 1345 376 1390 vatur
401 1346 454 1392 et
507 1337 790 1410 frangitur.
826 1338 1197 1409 lngrediamur
1245 1341 1405 1411 igitur
1449 1343 1814 1398 sanctuariuzu

220 1429 337 1496 Dei,
370 1432 458 1486 ubi
490 1440 616 1487 sunt
662 1432 954 1488 Cherubim
988 1476 1001 1499 ,
1051 1434 1101 1488 iu
1135 1435 1332 1505 quibus
1363 1445 1444 1490 est
1477 1436 1817 1490 recordantia

217 1535 391 1580 sacrae
420 1525 744 1595 cognitionis
782 1538 833 1580 et
863 1528 975 1582 veri
1008 1527 1153 1583 illius
1180 1537 1341 1598 atque
1363 1531 1552 1584 a‘tcrni
1577 1530 1814 1584 luminis.

291 1617 381 1672 2i).
428 1618 480 1673 In
514 1619 609 1674 illo
636 1618 963 1674 candelabro
993 1620 1166 1690 imago
1193 1620 1524 1690 resplendet,
1558 1638 1663 1693 quo
1693 1638 1816 1692 pos-

218 1716 389 1770 simus
445 1713 747 1785 intelligere
800 1715 849 1768 in
886 1717 1200 1770 novissimo.
1233 1716 1462 1770 Sanctus
1507 1717 1706 1771 etenim
1763 1717 1815 1770 in

224 1811 413 1864 ultimo
444 1809 744 1880 cognoscit,
780 1818 833 1864 et
877 1808 1169 1878 perfectam
1205 1809 1523 1880 S.ipi0nli'lm
1558 1825 1814 1879 processu

1925 597 2088 651 leriit.
2125 600 2228 651 Aut
2267 600 2310 652 si
2344 597 2432 653 hic
2478 598 2682 668 aliquid
2724 609 2922 660 movet,
2968 598 3034 652 ad
3071 612 3132 652 ea
3171 615 3292 669 qua:
3339 597 3518 653 futura

1920 699 2070 752 sunt.
2103 693 2290 748 attolle
2320 694 2521 747 mentis
2551 693 2854 761 vestigium,
2898 703 2950 748 et
2983 693 3224 748 invenies
3270 694 3380 750 illic
3415 696 3517 749 im-

1921 787 2068 856 pium
2120 804 2227 842 non
2271 788 2529 854 futurum,
2561 804 2719 856 quem
2769 789 2854 842 hic
2897 803 3020 843 esse
3059 788 3364 853 credebas;
3409 805 3516 844 non

1920 883 2064 936 enim
2121 891 2225 947 est,
2280 883 2367 951 qui
2437 882 2569 937 nihil
2631 892 2734 944 est.
2791 882 3032 953 Denique
3101 884 3362 938 Dominus
3420 897 3516 938 eos

1921 977 2173 1044 Cognovit
2201 977 2292 1046 qtti
2339 985 2464 1031 sunt
2497 977 2664 1046 ipsius
2691 995 2702 1031 :
2728 976 2820 1048 qui
2861 986 3041 1032 autem
3073 994 3178 1032 non
3229 990 3378 1041 sunt,
3422 994 3518 1034 eos

1923 1085 2029 1125 non
2069 1072 2347 1141 agnoscit;
2400 1072 2526 1142 quia
2576 1071 2678 1141 ipsi
2709 1071 2946 1142 eutnqui
2994 1081 3098 1138 est,
3145 1088 3251 1130 non
3281 1088 3518 1144 agnove-

1923 1174 2068 1220 runt.

2515 1256 2743 1313 CAPUT
2785 1257 2919 1312 Vili.

1924 1346 2122 1418 Impias
2161 1349 2214 1402 in
2253 1349 2460 1403 interitu
2491 1367 2583 1404 suo
2630 1367 2744 1403 cum
2791 1351 2992 1406 somnio
3038 1352 3162 1407 bene
3202 1353 3517 1423 contparori,

1992 1441 2131 1512 quod
2157 1458 2338 1509 nempe
2355 1444 2540 1497 animus
2566 1443 2773 1498 illorum
2801 1444 3038 1498 euntibus
3067 1444 3213 1499 bonis
3245 1461 3418 1500 vacua:
3441 1462 3520 1500 re-

1996 1537 2264 1607 periantur
2283 1546 2357 1590 :et
2378 1537 2671 1590 earumdem
2699 1538 3244 1608 tenebroswimagiues
3274 1555 3300 1592 ε
3329 1539 3522 1594 lumine

1995 1633 2212 1687 caalestis
2243 1631 2568 1686 Hierusalem
2595 1632 2884 1688 deleantur.

1993 1724 2083 1778 35.
2121 1724 2194 1777 De
2224 1725 2355 1791 ipsis
2385 1741 2513 1789 ergo
2535 1735 2587 1778 et
2613 1724 2698 1779 hic
2725 1724 2858 1779 dicit
2885 1743 2898 1780 :
2927 1724 3236 1794 Defecerunt
3269 1733 3315 1779 et
3356 1726 3522 1792 perie-

1922 1826 2044 1871 runt
2069 1828 2277 1886 propter
2305 1819 2622 1887 iniquitatem
2667 1835 2834 1883 suam,
2866 1822 3003 1874 velut
3040 1821 3296 1874 somnium
3337 1837 3520 1873 exsur-

215 1908 393 1959 zetatis
426 1905 746 1974 adipiscitur
768 1905 953 1960 dicens
986 1925 998 1960 :
1035 1904 1232 1960 Notum
1265 1909 1347 1978 [ac
1388 1908 1534 1973 mihi,
1568 1906 1810 1974 Domine,
1847 1904 1894 1964 B
1920 1911 2085 1981 gentis
2114 1910 2282 1980 (Paul.
2317 1927 2480 1974 unt,
2511 1913 2576 1966 19
2619 1920 2664 1965 et
2691 1912 2808 1979 ill),
2843 1912 2892 1965 id
2924 1921 3025 1975 est,
3063 1915 3136 1966 ita
3167 1912 3428 1967 deficiunt
3469 1921 3526 1966 ct

216 1998 370 2067 ﬁnem
398 2013 588 2065 meum,
627 2009 672 2052 et
705 2016 971 2053 numerum
1004 1999 1204 2053 dierum
1236 2015 1462 2053 meorum
1491 2001 1603 2068 quis
1635 2009 1727 2064 est,
1760 2009 1818 2054 ut

217 2091 381 2144 sciam
432 2091 558 2161 quid
609 2091 740 2146 desit
787 2091 916 2144 mihi
963 2089 1155 2161 (Paul.
1201 2106 1424 2153 xxxvut,
1455 2088 1531 2162 5).
1568 2091 1700 2158 Quis
1734 2102 1818 2145 est

216 2186 360 2248 finis.
417 2189 517 2243 nisi
571 2187 701 2253 ille,
764 2204 881 2241 cum
932 2185 1161 2241 traditur
1211 2202 1434 2252 regnum
1486 2185 1598 2240 Deo
1648 2185 1813 2249 Patri,

214 2281 432 2351 quando
481 2281 792 2336 revelantur
843 2283 1050 2336 occulta
1103 2280 1420 2350 sapientia)?
1470 2279 1624 2335 Hunc
1655 2280 1814 2336 linem

215 2376 387 2428 nostri
427 2377 744 2430 certaminis
783 2376 1092 2443 requirebat
1121 2374 1414 2446 Propheta,
1461 2376 1688 2446 cupiens
1724 2392 1816 2430 co-

215 2485 486 2540 gnosrere
516 2471 642 2541 quid
686 2485 797 2523 suae
829 2469 1044 2526 deesset
1094 2466 1440 2538 perfectioui;
1499 2468 1620 2523 linis
1668 2470 1812 2525 enim

217 2561 517 2629 iii-«ciplina:
549 2574 747 2617 nostrm
774 2573 827 2617 et
865 2564 1164 2616 studiorum
1199 2562 1460 2632 perfectio
1488 2572 1592 2617 cst.

285 2657 377 2710 2t.
424 2655 548 2711 Hch
578 2672 708 2726 ergo
755 2657 924 2723 prima
956 2671 1098 2710 verm.
1131 2657 1271 2710 ratio
1302 2655 1657 2725 cognitionis;
1689 2655 1810 2725 quia

215 2747 437 2804 fortuito
465 2750 712 2804 accidant
734 2767 853 2818 qua:
892 2749 943 2804 in
978 2750 1176 2804 smculo
1207 2759 1335 2806 sunt
1367 2770 1376 2804 :
1414 2750 1648 2806 secunda
1683 2751 1809 2816 illa;

215 2842 340 2910 quia
369 2850 579 2911 propter
608 2857 785 2896 eorum
819 2842 1257 2912 tergiversationes
1282 2843 1498 2913 pomiin
1534 2844 1603 2897 eis
1635 2842 1808 2913 (I'sal.

216 2951 390 2998 Lxxu,
418 2937 506 3005 i8)
553 2950 839 2990 successus
872 2935 1106 3005 ιιι-(11111118
1133 2936 1469 2990 εῑιξουίίιτὶυηι
1499 2934 1814 2989 connuodo—

216 3045 334 3082 rtnn
362 3071 376 3096 ,
429 3039 481 3084 et
534 3028 919 3084 abundantiam
975 3028 1316 3094 divitiarum;
1354 3045 1422 3082 tte
1454 3037 1814 3083 causarentur

221 3132 443 3194 propter
479 3123 714 3192 inepiam
763 3140 821 3176 se
867 3131 922 3176 et
957 3122 1308 3177 acerbitatem
1343 3122 1567 3192 alicujus
1608 3121 1813 3175 doloris

214 3225 267 3270 ct
291 3216 467 3269 luctus
498 3215 678 3270 minus
708 3215 870 3270 fuisse
908 3215 1134 3269 devotos
1168 3258 1181 3282 ,
1225 3223 1384 3285 atque
1414 3215 1466 3269 in
1496 3216 1707 3284 Culpam
1737 3215 1814 3268 la-

1923 2013 2260 2059 evanoscunt
2315 2004 2504 2070 impii,
2565 2005 2702 2059 sicut
2759 2004 3032 2059 somnium
3098 2003 3438 2072 exstirgentis
3495 2019 3525 2058 α

1922 2113 2116 2152 somno
2148 2097 2377 2162 primum
2406 2113 2420 2157 ;
2446 2099 2570 2168 quia
2596 2099 2646 2152 111
2676 2099 2914 2155 tenebris
2945 2107 3089 2163 sunt,
3120 2109 3169 2152 et
3199 2099 3250 2151 in
3287 2097 3527 2153 tenebris

1922 2190 2356 2255 ambulaverunt,
2393 2206 2492 2244 nec
2524 2191 2965 2260 reseditaliquod
3005 2206 3194 2245 eorum
3227 2191 3351 2245 boni
3389 2205 3520 2260 ope-

1923 2282 2000 2336 ris
2028 2282 2346 2351 Vestigium,
2391 2283 2486 2337 sed
2517 2284 2724 2337 similes
2764 2300 2952 2338 eorum
3005 2282 3094 2352 qui
3138 2284 3406 2338 Somnium
3450 2282 3527 2338 vi-

1921 2374 2053 2430 dent
2087 2393 2097 2427 :
2131 2376 2221 2445 qni
2263 2387 2442 2429 autem
2497 2376 2753 2439 somniat,
2803 2377 2858 2430 in
2910 2389 3073 2432 nocte
3119 2376 3382 2439 somniat;
3415 2391 3523 2430 uox

1921 2479 2098 2524 autem
2127 2470 2178 2522 in
2214 2470 2472 2524 tenebris.
2509 2468 2630 2523 Filii
2660 2469 3004 2526 tenebrarum
3031 2477 3161 2528 sunt
3189 2469 3380 2539 privati
3410 2468 3527 2523 sole

1916 2561 2162 2631 justitire,
2205 2571 2259 2615 et
2303 2561 2595 2631 splendore
2638 2561 2872 2625 virtutis,
2907 2561 3249 2618 dormientes
3285 2575 3526 2629 semper,

1921 2665 1973 2712 et
2004 2672 2108 2709 non
2140 2655 2445 2722 vigilantes,
2491 2655 2560 2709 de
2599 2655 2794 2722 quibus
2821 2655 2964 2712 bene
2997 2655 3196 2710 dicitur
3231 2672 3244 2707 :
3277 2653 3523 2708 Dormis-

1919 2759 2040 2803 runt
2071 2764 2305 2802 somnum
2349 2763 2520 2810 suum,
2555 2756 2600 2800 et
2643 2746 2775 2800 nihil
2816 2747 3115 2802 invenerunt
3149 2746 3323 2818 (Psal.
3354 2760 3524 2809 LXXV,

1919 2843 2001 2912 6).
2036 2842 2247 2896 Etenim
2278 2857 2402 2894 eum
2429 2841 2626 2894 animm
2657 2856 2843 2894 eortun
2890 2855 2919 2894 θ
2956 2855 3186 2905 corpore
3233 2846 3521 2906 Srpat'atm,

1923 2945 2195 3006 tamquam
2224 2936 2444 2989 resoluti
2477 2952 2502 2986 a
2533 2935 2784 3003 corporis
2823 2949 3017 2990 somno
3046 2933 3180 2987 nihil
3214 2931 3518 2996 invenient,

1922 3030 2057 3085 nihil
2118 3030 2413 3094 tenebunt;
2463 3038 2515 3081 et
2557 3027 2699 3098 quod
2747 3043 2806 3082 se
2853 3036 3041 3081 tenere
3095 3024 3524 3086 arbitrabantur,

1925 3128 2207 3184 amittunt;
2239 3123 2493 3191 quoniam
2528 3121 2726 3176 stultus
2771 3129 2826 3175 et
2857 3120 3122 3186 insipiens
3171 3133 3292 3172 cum
3322 3116 3527 3172 divitiis

1919 3217 2340 3281 esundaverint,
2365 3217 2678 3285 relinquent
2703 3214 2895 3268 alienis
2920 3214 3137 3269 divitias
3161 3228 3308 3278 suas,
3343 3226 3520 3280 neque

217 3310 426 3363 trocinii
458 3319 511 3362 et
540 3309 860 3376 direptionis
900 3311 1135 3365 studium
1188 3311 1510 3365 necessitate
1558 3311 1814 3380 egestatis
1843 3301 1888 3365 C
1921 3313 2081 3368 simul
2133 3311 2200 3367 ad
2240 3311 2449 3368 interna
2497 3307 2790 3366 descendet
2839 3322 2963 3364 cum
3007 3305 3087 3364 eis
3117 3303 3289 3375 gloria
3331 3303 3526 3360 domus

213 3401 381 3475 669
409 3404 690 3473 impulsos.
744 3404 858 3459 Non
911 3407 1053 3459 enim
1107 3404 1170 3459 ad
1205 3405 1643 3476 tranquillitatem
1687 3407 1812 3459 vita!

214 3513 545 3569 nsoratuque
598 3497 798 3552 lartitite
841 3499 1044 3554 divitiis
1075 3499 1294 3568 opimati
1320 3543 1332 3564 ,
1370 3509 1462 3553 aut
1516 3497 1814 3554 honoribus

211 3589 407 3644 eicvati
438 3598 563 3644 sunt
593 3607 606 3644 :
637 3589 730 3644 sed
758 3598 817 3644 ut
847 3591 1066 3660 querela
1095 3591 1499 3657 excluderetur,
1525 3605 1815 3647 coacerva-

214 3691 365 3737 rctltr
393 3697 657 3735 «ξι-1111111³.

281 3776 373 3830 22.
409 3775 742 3842 ῐὶθ11ρ111111111·
783 3777 963 3846 itaque
993 3776 1122 3832 dum
1174 3777 1456 3831 elevantur
1504 3777 1816 3849 huiusmodi

215 3869 316 3922 viri
351 3866 560 3939 (Ibid)
594 3867 708 3922 Non
743 3869 889 3923 enim
915 3870 1108 3938 gratia,
1135 3869 1228 3925 sed
1263 3871 1414 3924 ruina
1445 3880 1566 3934 est;
1602 3871 1693 3947 ubi.
1716 3885 1815 3925 nec

214 3961 451 4017 diuturni
483 3977 610 4015 usus
639 3962 877 4016 muneris
911 3971 1245 4026 reservatur,
1275 3973 1328 4017 et
1365 3963 1622 4020 adimitur
1652 3979 1816 4018 excu-

215 4055 354 4111 satio
392 4053 763 4123 delinquendi.
799 4053 950 4121 Quod
983 4055 1128 4108 enim
1153 4056 1417 4123 gravioris
1446 4055 1656 4123 pondus
1686 4073 1816 4124 quc-

218 4149 368 4215 reim,
415 4165 574 4220 quain
607 4146 738 4204 ilittd
777 4146 1017 4201 divinum
1059 4147 1201 4217 quod
1247 4147 1415 4203 babes
1469 4147 1521 4202 in
1577 4147 1816 4202 lilicbam

218 4243 492 4312 prophetas
524 4241 663 4295 libro
699 4258 711 4294 :
752 4239 950 4310 Popule
991 4256 1159 4306 meus,
1191 4240 1314 4310 quid
1343 4240 1440 4312 feci
1474 4240 1584 4306 tibi,
1629 4251 1717 4294 aut
1763 4241 1815 4293 in

215 4351 314 4404 quo
362 4335 658 4388 contristavi
709 4343 788 4398 te,
844 4345 932 4385 aut
977 4333 1102 4398 quid
1153 4333 1395 4387 tito/estus
1443 4334 1520 4404 fni
1561 4333 1686 4400 tibi;
1734 4349 1814 4385 re-

217 4426 413 4492 sponde
443 4426 611 4478 nti/ti?
650 4423 837 4477 Nonne
873 4426 1023 4478 eduxi
1059 4435 1105 4478 te
1133 4425 1194 4477 (le
1224 4436 1358 4478 terra
1392 4424 1632 4496 {Egi/pii,
1669 4437 1714 4478 et
1753 4427 1816 4481 de

218 4518 368 4571 domo
408 4519 666 4572 servitutis
709 4518 918 4571 liberavi
967 4527 1013 4572 te
1050 4517 1237 4580 (ΜὶεΙι.
1275 4535 1347 4578 Vl,
1391 4519 1423 4573 ὃ
1458 4530 1503 4572 cl
1535 4518 1634 4588 4)?
1673 4519 1813 4575 Ecce

216 4613 488 4679 qumnodo
519 4609 848 4678 dejiciuntur
875 4609 1023 4679 impii
1057 4609 1186 4664 dum
1229 4611 1556 4675 allevantur,
1590 4612 1810 4682 querela

1920 3421 2132 3461 eorum.

1991 3495 2082 3555 ⁸24.
2125 3498 2415 3568 Sequentia
2448 3511 2663 3566 quoque
2689 3495 3066 3550 demonstrant
3097 3492 3370 3564 quomodo
3421 3492 3526 3548 im-

1923 3576 2040 3662 pius
2084 3609 2191 3647 non
2225 3592 2549 3655 inveniatur,
2595 3590 2688 3643 sed
2737 3589 2991 3644 intereat.
3043 3585 3310 3653 Quoniam
3348 3587 3524 3656 imago

1921 3689 2039 3758 ejus
2063 3688 2115 3744 in
2145 3687 2362 3742 civitate
2393 3683 2608 3740 Domini
2630 3684 2715 3736 illa
2745 3683 3028 3749 superiore
3055 3680 3389 3738 Hierusalem
3416 3696 3525 3735 non

1923 3780 2217 3836 invenitur.
2247 3776 2508 3832 Dominus
2528 3775 2674 3830 enim
2717 3773 2887 3843 pinxit
2928 3788 3028 3828 nos
3057 3773 3124 3830 ad
3153 3773 3439 3841 imaginem
3470 3779 3527 3828 et

1919 3871 2328 3926 similitudinem
2375 3885 2552 3933 suam,
2603 3867 2744 3921 sicut
2792 3866 2907 3934 ipse
2935 3865 3095 3920 docet
3121 3865 3309 3918 dicens
3341 3881 3353 3917 :
3386 3862 3526 3918 Ecce

1920 3981 2035 4032 ego,
2089 3963 2435 4020 Hierusalem.
2468 3961 2613 4029 pinxi
2662 3976 2834 4012 mitras
2878 3969 2993 4011 tuos
3024 3955 3195 4027 (Esai.
3223 3973 3370 4022 xux,
3407 3956 3520 4027 16).

1918 4055 2086 4128 67o
2119 4056 2174 4110 Si
2206 4055 2342 4110 bene
2369 4055 2662 4122 egerimus,
2701 4059 2878 4106 manet
2918 4050 2971 4103 in
3015 4049 3172 4103 nobis
3214 4049 3314 4103 ista
3342 4049 3523 4120 imago

1919 4147 2160 4206 celestis
2201 4164 2213 4199 ι
2255 4146 2298 4200 si
2354 4145 2496 4202 male
2543 4143 2663 4213 quis
2705 4142 2837 4211 agit,
2886 4140 3097 4200 deletur
3152 4141 3202 4196 in
3261 4140 3355 4196 illo
3403 4140 3524 4200 lucc

1920 4241 2099 4308 imago
2129 4238 2299 4307 (illius
2332 4236 2515 4305 utique
2543 4237 2631 4302 qui
2657 4231 2937 4288 descendit
2965 4231 3032 4288 de
3063 4232 3250 4301 cmlo),
3283 4243 3336 4286 et
3364 4245 3443 4289 est
3467 4236 3522 4290 in

1920 4348 1986 4387 eo
2032 4332 2209 4400 imago
2257 4329 2480 4382 terreni.
2528 4325 2685 4382 Unde
2735 4333 2788 4379 et
2836 4324 3127 4394 Apostolus
3170 4325 3339 4378 dicit:
3374 4325 3522 4382 Sicut

1919 4425 2236 4498 portavimus
2259 4422 2530 4492 imaginem
2562 4419 2703 4474 illius
2732 4418 2940 4480 terreni,
2971 4427 3234 4489 portemus
3258 4428 3303 4470 et
3332 4418 3517 4490 imagi-

1919 4537 2034 4576 nem
2085 4521 2237 4592 hujus
2287 4515 2502 4570 rmlestis
2550 4514 2593 4585 (l
2621 4512 2739 4567 Cor.
2775 4527 2872 4580 xv,
2915 4510 3031 4581 49).
3073 4513 3339 4567 Bonorum
3389 4529 3524 4583 ergo

1920 4613 2183 4683 imagines
2210 4616 2581 4680 perseverant,
2607 4618 2655 4660 et
2689 4607 2740 4659 in
2772 4604 2860 4659 illa
2893 4603 2984 4659 Dei
3026 4604 3247 4659 civitate
3277 4606 3522 4676 resplen-

217 4718 405 4757 corum
434 4704 758 4767 «excluditur,
793 4720 945 4773 pmna
971 4706 1280 4759 acerbatur.
1313 4703 1639 4760 leestibus
1666 4707 1807 4760 enim
1841 4697 1894 4758 Ι)
1920 4705 2069 4766 deut.
2105 4703 2159 4760 Si
2202 4704 2324 4773 quis
2356 4709 2536 4754 autem
2579 4696 2645 4752 ad
2686 4698 2937 4767 graviora
2967 4709 3183 4764 peccata
3214 4696 3522 4761 deﬂexerit,

217 4795 497 4850 beneiiciis
528 4798 734 4850 invitati
762 4797 1016 4852 deserere
1041 4812 1144 4851 non
1174 4797 1480 4852 debuerupt
1501 4800 1624 4853 vilic
1655 4814 1810 4854 sucu-

219 4891 391 4944 ritatis
419 4898 474 4944 et
495 4891 867 4960 prosperitatis
898 4891 1162 4956 datorem,
1196 4893 1278 4946 cui
1310 4893 1476 4961 magis
1507 4891 1808 4947 debuerant

219 4984 616 5050 obtemperare.
646 4983 752 5038 Sed
778 4984 912 5037 sicut
938 4982 1144 5054 jnSIitia
1174 4984 1262 5037 Dei
1297 4997 1512 5053 magna,
1545 4983 1615 5036 ita
1642 4983 1804 5036 etiam

218 5090 404 5131 severa
445 5078 701 5131 vindicta.
753 5076 982 5145 QUando
1021 5079 1164 5131 enim
1203 5076 1400 5146 impius
1452 5091 1808 5146 perseverare

218 5171 520 5233 consuevit,
564 5169 630 5224 de
691 5185 797 5236 quo
841 5180 894 5223 et
949 5171 1076 5224 alibi
1126 5167 1295 5225 hahcs
1340 5170 1645 5237 scriptum:
1689 5169 1807 5223 Vidi

217 5259 428 5329 impium
457 5264 896 5323 supereztaltatum
936 5272 980 5316 et
1023 5262 1274 5316 eleuatum
1309 5277 1463 5331 super
1494 5260 1672 5316 cedros
1718 5259 1808 5314 Li-

217 5354 334 5408 bani
348 5371 368 5420 ;
400 5365 444 5407 et
475 5357 708 5418 transivi,
736 5365 780 5407 et
809 5371 922 5408 ecce
949 5370 1047 5408 non
1093 5365 1203 5410 erat
1234 5372 1251 5408 :
1278 5365 1324 5408 et
1351 5355 1561 5420 qtuesivi
1590 5371 1724 5418 eum,
1770 5365 1815 5408 et

215 5461 316 5500 non
355 5458 430 5501 est
475 5451 708 5503 inventus
740 5449 882 5501 locus
909 5449 1015 5518 ejus
1053 5446 1225 5511 (Psal.
1257 5449 1448 5513 'xxxw,
1488 5447 1559 5503 55
1603 5457 1649 5502 et
1677 5447 1815 5515 56)?

215 5539 556 5595 Incredibilis
585 5542 840 5595 celeritas
866 5540 1241 5595 exstinctioni.
1271 5543 1410 5609 ejus.
1449 5540 1608 5595 Vides
1632 5538 1812 5596 subito

216 5631 438 5702 impium
468 5634 519 5686 in
549 5633 649 5686 hic
680 5633 881 5686 sa-cnio
908 5643 1181 5702 potentem
1201 5653 1213 5689 :
1233 5634 1358 5688 dum
1391 5646 1442 5686 tu
1471 5633 1692 5699 transis,
1721 5632 1812 5686 ille

215 5719 325 5788 jam
355 5740 466 5778 non
496 5735 596 5779 est.
627 5724 837 5792 Quanta
865 5733 949 5778 est
975 5726 1116 5779 enim
1147 5726 1333 5780 umbra
1369 5728 1418 5780 in
1455 5735 1593 5781 terra
1615 5743 1628 5779 :
1648 5739 1806 5796 quam

1920 4815 2019 4854 nec
2043 4798 2213 4868 egerit
2247 4795 2642 4865 paenitentiam,
2679 4793 2857 4862 imago
2886 4791 3006 4862 ejus
3031 4790 3283 4845 aboletur
3311 4791 3392 4844 vel
3423 4789 3519 4845 de-

1913 4893 2128 4964 jicitur;
2160 4890 2295 4942 sicut
2321 4886 2492 4944 Adam
2525 4887 2591 4940 de
2620 4884 2873 4957 paradiso
2900 4883 3106 4952 ejectus
3137 4892 3217 4938 est
3252 4889 3308 4936 et
3329 4882 3518 4936 exclu-

1916 5001 2030 5040 sus.
2080 4983 2412 5051 Quicumque
2457 4989 2634 5034 autem
2665 4979 2752 5048 pie
2795 4977 3130 5044 honesteque
3175 4989 3234 5028 se
3261 4975 3514 5044 gesserit,

1920 5078 2088 5131 intrat
2120 5078 2172 5128 in
2196 5073 2470 5127 civitatem
2508 5071 2623 5132 Dei,
2657 5081 2708 5124 et
2738 5068 2899 5121 infert
2931 5067 3220 5135 imaginem
3249 5051 3425 5132 suain,
3459 5079 3518 5123 ut

1916 5171 1968 5226 in
1993 5171 2082 5224 illa
2111 5168 2202 5222 Dei
2229 5168 2427 5237 fulgeat
2449 5166 2685 5220 civitate.
2707 5161 2946 5224 Domine,
2974 5160 3026 5212 in
3053 5159 3256 5213 civitate
3279 5169 3366 5211 tua
3389 5161 3518 5214 ima-

1909 5266 2088 5336 ginem
2124 5262 2352 5331 ipsorum
2382 5259 2449 5311 ad
2491 5257 2710 5310 nihilum
2753 5254 2954 5324 rediges
2991 5249 3160 5318 (Psal.
3193 5268 3358 5318 Lxxn,
3390 5253 3512 5326 ‘20);

1919 5357 2045 5428 quia
2071 5356 2156 5409 isti
2192 5357 2240 5407 in
2272 5353 2474 5407 lumine
2502 5349 2706 5418 fulgere
2735 5363 2838 5400 non
2867 5355 3111 5413 possunt,
3145 5347 3234 5416 qui
3264 5348 3518 5403 tenebro-

1918 5452 1993 5506 sis
2043 5465 2100 5504 se
2145 5448 2402 5517 Operibns
2450 5445 2757 5498 induerunt.
2814 5439 3132 5509 Ettcmplutn
3177 5455 3520 5499 accersamus

1918 5545 1985 5600 dc
2017 5543 2235 5599 srccuio.
2269 5539 2401 5594 Vide
2440 5532 2888 5607 quemadmodum
2921 5533 2971 5586 in
3013 5533 3318 5588 civitatibus
3345 5535 3518 5591 bono-

1916 5653 2033 5690 runt
2079 5634 2376 5705 principum
2404 5629 2662 5698 imagines
2689 5635 3058 5695 perseverent,
3081 5624 3362 5681 deleantur
3381 5628 3523 5683 imae

1913 5724 2067 5798 giues
2095 5735 2464 5795 tyrannorum.

293 5843 317 5869 ³
349 5833 422 5889 Ita
471 5838 874 5907 uisa._Tiittatt._,
907 5839 1076 5905 Vict.,
1122 5839 1300 5907 Colla,
1352 5840 1520 5897 Torn.
1579 5842 1642 5895 At
1677 5839 1806 5896 edit.
1850 5841 1977 5897 Era.
2013 5858 2073 5898 ac
2103 5839 2256 5904 Gill.,
2291 5846 2465 5892 etnon
2500 5833 2646 5892 labor
2673 5843 2749 5887 est
2772 5834 2823 5886 in
2861 5832 3085 5887 incertis.
3117 5831 3299 5903 Rom,
3333 5845 3379 5891 ct
3419 5854 3526 5894 non

226 5907 368 5960 labor
395 5906 479 5973 qui
503 5914 574 5959 est
599 5905 652 5957 in
674 5905 902 5977 incertis,
930 5922 1035 5967 etc.
