4042 6378
616 313 748 374 ειν·
985 323 1072 398 δι’

1241 437 1470 498 CAPUT
1499 439 1589 498 IX.

620 544 936 619 Prophetam
967 551 1256 620 cognitione
1291 553 1481 610 divinte
1509 557 1846 628 providentia:
1891 571 2176 616 recreatum
2202 578 2220 618 :

691 640 864 710 ipsum
893 651 940 694 et
969 657 1086 695 cum
1130 660 1188 697 eo
1218 661 1394 701 omnes
1439 649 1670 705 homines
1713 656 2099 721 comparatione
2123 673 2221 711 coe-

690 735 893 789 lestinm
919 737 1110 791 civium
1123 742 1378 811 jumentis
1401 743 1540 797 haud
1571 762 1677 800 esse
1704 746 1964 804 absimiles
1980 766 1999 815 ;
2019 753 2218 805 eosdem

689 837 857 883 tamen
891 828 988 884 Dei
1016 834 1186 902 gratia
1213 836 1282 889 ad
1321 835 1602 893 humanam
1637 844 1869 896 revocari
1897 844 2217 916 dignitatem.

579 940 585 947 '
686 940 780 998 25.
817 943 941 998 llzec
985 961 1117 1017 ergo
1175 949 1551 1018 considerans,
1597 955 1888 1026 animoque
1930 956 2217 1014 intendens

615 1045 832 1092 sanctus
863 1038 1135 1110 Propheta
1165 1043 1470 1100 delectatus
1495 1056 1596 1114 est,
1632 1050 1722 1118 qui
1756 1048 1930 1105 fuerat
1957 1061 2081 1107 ante
2111 1060 2217 1109 tur-

613 1127 789 1184 batus.
822 1129 974 1187 Unde
1004 1132 1079 1188 ait
1112 1134 1226 1203 ipse
1255 1154 1267 1188 :
1303 1136 1439 1203 Quia
1463 1139 1767 1194 delectatum
1795 1151 1870 1196 est
1899 1159 1988 1196 cor
2022 1160 2211 1212 meum,

609 1229 658 1274 et
686 1222 901 1276 resoluti
925 1236 1044 1279 sunt
1075 1243 1225 1282 renes
1258 1231 1378 1282 mei.
1408 1228 1477 1284 Et
1505 1247 1596 1304 ego
1626 1233 1696 1286 ad
1723 1234 1948 1288 nihilum
1972 1237 2214 1293 redactus

607 1330 739 1374 sum.
776 1327 820 1369 et
839 1317 1030 1372 nescivi
1060 1335 1078 1372 :
1103 1329 1151 1374 et
1177 1321 1310 1374 velut
1327 1322 1622 1389 jumentum
1651 1325 1817 1394 factus
1837 1344 1948 1381 sum
1973 1329 2114 1397 apud
2143 1340 2211 1396 te,

607 1418 651 1463 et
685 1425 780 1480 ego
809 1428 1010 1480 semper
1056 1423 1223 1466 tecum
1253 1413 1443 1486 (Ibid,
1477 1416 1540 1471 21
1587 1427 1636 1472 et
1671 1421 1822 1489 seq.).
1849 1418 1980 1475 Cum
2011 1437 2212 1491 cogno-

607 1503 831 1570 vissent,
859 1505 1053 1575 inquit,
1084 1507 1208 1576 quia
1240 1507 1383 1563 Deus
1411 1507 1642 1564 hmnana
1682 1521 1837 1566 curat
1883 1525 1937 1568 et
1968 1515 2208 1584 respicit,

607 1600 969 1666 requieverunt
998 1615 1147 1654 renes
1196 1603 1318 1666 mei,
1351 1601 1455 1658 hoc
1500 1616 1604 1670 εει,
1653 1620 1716 1661 es
1749 1607 1983 1660 maxima
2014 1606 2210 1677 fatiga-

607 1689 755 1746 tione
798 1692 1001 1746 veteris
1049 1692 1428 1763 imprudentia:
1460 1696 1700 1766 requievi
1738 1713 1834 1768 per
1880 1700 2210 1770 agnitionem

604 1782 732 1838 boni
779 1784 1020 1841 caelestis
1057 1796 1110 1841 et
1157 1787 1368 1858 gratiae.
1411 1787 1552 1843 Sunt
1599 1791 1742 1845 enim
1780 1791 1998 1861 quidam
2046 1808 2206 1850 renes

603 1876 819 1941 animae,
861 1879 950 1949 qui
982 1889 1250 1936 vexantur
1289 1880 1342 1935 in
1389 1881 1546 1938 nobis
1579 1900 1675 1954 per
1704 1886 2023 1956 ignorantiae
2054 1888 2206 1943 labo-

603 1986 718 2026 rem
764 1989 778 2028 :
832 1971 887 2028 hi
937 1975 1284 2030 resolvuntur
1340 1975 1406 2030 ad
1461 1978 1912 2044 requiescendum
1969 1981 2210 2038 cmlestis

601 2065 878 2135 agnitione
908 2067 1192 2134 doctrina},
1234 2077 1290 2124 et
1315 2070 1471 2139 quasi
1505 2071 1732 2141 pulchro
1759 2072 1990 2142 quodam
2034 2072 2209 2130 fulcro

600 2159 902 2215 ccelestium
937 2169 1332 2232 praeceptorum
1367 2164 1583 2219 subnixi
1613 2164 1886 2220 leventur.
1916 2165 2088 2234 Tunc,
2119 2166 2207 2222 in-

595 2253 736 2324 quit,
766 2253 1030 2320 intellexi,
1061 2257 1186 2327 quia
1210 2273 1350 2313 vane
1380 2258 1675 2330 latigabar;
1706 2258 1962 2331 quoniam
1986 2259 2039 2316 id
2060 2261 2206 2332 quod

599 2360 785 2400 verum
815 2357 901 2402 est
927 2348 1259 2404 nesciebam.

664 2439 759 2496 26.
795 2439 862 2494 Et
894 2442 1034 2496 velut
1053 2445 1353 2515 jumentum
1395 2449 1568 2516 factus
1606 2463 1722 2501 sunt
1745 2463 1764 2502 :
1793 2447 2018 2518 pulchre
2046 2449 2204 2504 addi-

596 2533 695 2600 dit,
741 2535 884 2605 apud
929 2546 1009 2604 te;
1053 2540 1464 2606 comparatione
1505 2541 1648 2596 enim
1687 2542 1989 2598 caelestium
2041 2543 2205 2600 homo

594 2626 724 2697 quid
753 2636 838 2682 est
865 2629 968 2682 nisi
993 2629 1301 2699 iumentum
1329 2633 1736 2690 irrationabile?
1773 2635 1906 2691 Nam
1937 2647 1990 2691 et
2027 2638 2204 2694 stellas

595 2735 718 2775 cum
751 2720 860 2774 sint
888 2721 1102 2790 lucida},
1137 2735 1437 2780 vanescunt
1473 2727 1605 2781 solis
1647 2738 1863 2784 exortu.
1892 2730 1955 2785 Et
1987 2731 2203 2803 Moyses

594 2814 669 2867 ait
696 2832 708 2868 :
745 2812 870 2869 Non
901 2832 1018 2870 sum
1047 2816 1266 2872 idoneus
1293 2820 1357 2873 ab
1388 2820 1622 2875 hesterno
1649 2821 1752 2888 die,
1780 2839 1845 2877 ea:
1880 2840 1981 2893 quo
2007 2826 2203 2897 cwpisti

595 2903 738 2977 logui
763 2923 881 2961 cum
920 2925 1065 2962 servo
1101 2919 1188 2964 tuo
1213 2927 1232 2964 :
1264 2920 1311 2966 et
1339 2912 1498 2980 tenui,
1529 2912 1724 2983 inquit,
1758 2930 1878 2970 voce
1907 2925 1954 2970 et
1981 2918 2202 2971 tardilo-

590 3018 722 3068 quus
751 3019 867 3057 sum
897 3002 1095 3075 (Exod.
1140 3003 1235 3076 tv).
1267 3006 1342 3062 Ita
1373 3023 1503 3079 ergo
1552 3018 1608 3065 et
1656 3010 1839 3074 homo,
1888 3026 1993 3068 non
2022 3011 2197 3067 dicam

589 3093 816 3164 Christi,
849 3097 944 3153 sed
975 3100 1294 3170 angelorum
1320 3104 1728 3170 comparatione
1751 3115 1958 3161 mutum
1983 3108 2199 3162 videtur

590 3208 711 3250 esse
737 3195 1062 3264 jmnentum.
1097 3198 1203 3254 Sed
1228 3207 1406 3254 tamen
1431 3216 1590 3255 nemo
1619 3201 1910 3271 desperet;
1941 3203 2066 3273 quia
2092 3203 2195 3260 ho-

594 3289 773 3345 mines
795 3301 848 3345 et
871 3291 1116 3361 jumeuta
1139 3291 1322 3348 salvos
1355 3294 1482 3348 facit
1509 3295 1670 3350 Deus.
1697 3297 1760 3350 Et
1787 3295 1910 3352 ideo
1940 3299 2061 3366 quia
2087 3314 2193 3354 non

589 3395 658 3434 ex
689 3397 796 3448 me,
841 3382 938 3436 sed
967 3397 1034 3438 ex
1068 3392 1118 3438 te
1159 3384 1340 3451 didici,
1377 3386 1473 3440 tibi
1512 3387 1807 3443 adhaerebo
1855 3405 2104 3462 semper;
2139 3403 2197 3449 ut

591 3472 838 3528 desinam
883 3489 1008 3530 esse
1038 3476 1366 3545 jumentum,
1408 3490 1463 3535 et
1509 3481 1660 3537 dicas
1703 3482 1872 3552 mihi:
1903 3484 1983 3539 Tu
2026 3497 2196 3543 autem

593 3566 679 3621 hic
719 3577 800 3621 sta
826 3585 1025 3623 mecum
1058 3570 1239 3641 (Deut.
1271 3588 1324 3640 ν,
1353 3574 1465 3645 51).
1511 3573 1884 3632 Circuml‘usus
1923 3581 2066 3636 enim
2097 3582 2195 3639 Dei

592 3659 768 3730 gratia
791 3659 955 3716 homo
986 3663 1172 3732 incipit
1209 3678 1351 3731 esse,
1379 3667 1468 3735 qui
1498 3682 1591 3736 per
1615 3668 2032 3738 imprudentiam
2057 3689 2196 3744 pras-

594 3751 854 3808 tendebat
903 3754 1378 3813 insensibilitatem
1412 3767 1467 3814 et
1504 3761 1846 3820 inscientiam
1886 3766 2191 3824 bestialem.

590 3843 762 3899 Homo
785 3846 930 3901 enim
957 3862 1023 3902 eo
1045 3849 1326 3918 probatur,
1354 3850 1401 3906 si
1431 3866 1605 3922 capax
1629 3852 1702 3909 sit
1725 3857 1958 3913 rationis
1981 3869 2038 3914 et
2055 3875 2195 3931 gra-

591 3937 702 3994 tia}.
741 3939 927 4010 Itaque
967 3957 996 3994 a
1042 3943 1208 3997 mutis
1251 3944 1576 4002 animalibus
1627 3961 1936 4022 separatum
1976 3969 2036 4010 se
2073 3970 2196 4012 esse

591 4032 810 4103 gaudet,
839 4043 895 4090 et
925 4035 978 4091 in
1007 4035 1284 4092 hominum
1308 4038 1576 4096 adscitum
1606 4057 1727 4098 esse
1751 4047 2052 4115 consortia,
2075 4064 2195 4119 quas

587 4125 735 4182 Deus
765 4127 948 4183 visitat
973 4136 1028 4184 et
1043 4137 1244 4187 tuetur.
1268 4133 1407 4202 Quid
1435 4136 1578 4190 enim
1609 4147 1694 4193 est
1720 4137 1908 4208 homo,
1942 4141 2046 4197 nisi
2069 4143 2194 4213 quia

593 4233 802 4274 memor
831 4231 918 4277 est
961 4223 1078 4292 ejus
1106 4224 1388 4293 Dominus,
1435 4239 1529 4284 aut
1567 4231 1693 4302 quia
1741 4247 1772 4287 a
1808 4233 2036 4292 Domino
2066 4236 2194 4292 visi-

595 4309 776 4366 tatur?

1123 4406 1285 4480 στι
1313 4406 1542 4466 CAPUT
1581 4409 1652 4468 χ.

597 4515 658 4570 Si
685 4511 828 4571 Deus
868 4517 1013 4572 nobis
1058 4519 1124 4572 ad
1151 4520 1417 4576 dexteram
1454 4539 1556 4578 non
1599 4525 1776 4596 fuerit,
1824 4545 1940 4584 eum
1968 4531 2133 4587 locum
2161 4551 2194 4589 a

668 4608 874 4664 diabolo
901 4623 1206 4683 occupatum
1233 4615 1320 4682 iri,
1343 4617 1494 4670 sicuti
1525 4620 1694 4687 primo
1713 4623 1917 4690 parenti
1937 4626 2190 4697 contigit:
2220 4645 2271 4707 ι)

667 4717 785 4756 cum
811 4702 972 4775 hujus
997 4704 1129 4759 vices
1167 4717 1337 4778 ageret
1367 4706 1600 4765 Christus
1641 4727 1755 4766 eum
1799 4713 1897 4768 sibi
1921 4716 1990 4771 ad
2018 4719 2196 4775 dexte-

664 4810 780 4849 ram
805 4794 1090 4852 dwmonem
1119 4799 1391 4866 statuisse,
1424 4818 1524 4872 quo
1553 4805 1722 4872 ipsum
1767 4809 2045 4878 gloriosius
2073 4829 2194 4882 pro-

665 4896 915 4944 sterneret
938 4900 1227 4962 :postremo
1252 4895 1504 4948 maximas
1531 4897 1778 4954 utilitates
1799 4902 1868 4956 ad
1891 4918 1978 4957 eos
2003 4904 2191 4974 redire,

666 4981 847 5054 quibus
873 4983 941 5038 ad
968 4985 1231 5040 dexteram
1263 4990 1456 5043 steterit
1483 4989 1740 5049 Christus.

665 5094 756 5151 27.
791 5095 1121 5168 Unde-quasi
1150 5101 1399 5158 visitatus
1429 5103 1497 5158 ab
1520 5119 1585 5160 eo
1612 5106 1745 5163 dicit
1775 5129 1790 5162 ;
1821 5109 2051 5168 Tenuisti
2077 5131 2192 5169 ma-

593 5207 718 5245 num
736 5190 998 5245 dexteram
1024 5208 1209 5259 meam,
1241 5203 1288 5249 et
1310 5195 1363 5249 in
1392 5197 1652 5252 voluntate
1680 5210 1770 5255 tua
1795 5203 2057 5260 deduxisti
2090 5225 2190 5277 me,

594 5291 642 5336 et
664 5297 781 5336 cum
802 5281 971 5355 gloria
996 5284 1318 5354 assumpsisti
1348 5302 1427 5339 me
1449 5285 1622 5357 (Psal.
1646 5307 1810 5358 Lxxn,
1841 5294 1955 5367 24).
1987 5297 2079 5355 Sic
2101 5314 2194 5356 ac-

595 5377 865 5446 cepimus,
897 5385 954 5432 et
997 5377 1294 5433 secundum
1322 5378 1572 5436 Graecum
1615 5384 1694 5439 sic
1732 5392 2006 5445 convenit.
2047 5393 2194 5448 Dixit

595 5472 742 5527 enim
776 5469 996 5526 Graccus
1025 5487 1037 5522 :
1070 5470 1385 5548 Ἐκρατῆσας
1409 5483 1504 5537 τῆς
1523 5481 1724 5555 χειρὸς,
1770 5481 1820 5536 id
1852 5492 1957 5552 est,
1986 5490 2196 5546 tenuisti

595 5580 809 5619 manum
829 5607 843 5632 ,
877 5573 967 5627 τῆς
992 5564 1159 5631 δεξιᾶς
1186 5589 1312 5640 μου,
1355 5569 1621 5626 dexteram
1663 5590 1850 5629 meam.
1881 5577 2025 5634 Bene
2056 5581 2194 5637 diri-

597 5657 764 5728 gitur,
794 5657 946 5727 cujus
975 5659 1253 5714 dexteram
1294 5660 1435 5716 Deus
1474 5678 1636 5719 manu
1667 5683 1760 5722 sua
1793 5676 1962 5726 tenet.
2010 5666 2198 5730 Potest

599 5747 786 5805 dicere
836 5767 848 5803 :
899 5748 1152 5806 Dominus
1197 5769 1230 5806 a
1288 5752 1485 5809 dextris
1541 5759 1706 5824 meis,
1764 5773 1827 5815 ne
1878 5778 2196 5822 commovear

591 5837 770 5910 (Psal.
801 5855 890 5906 xv,
918 5840 999 5912 8).
1027 5842 1198 5908 Adam
1228 5844 1273 5898 si
1317 5859 1346 5899 a
1387 5844 1594 5906 dextris
1623 5851 1737 5908 suis
1780 5851 2066 5914 Dominum
2095 5859 2192 5917 ha-

1994 327 2236 389 SANC'I'I
2273 332 2599 394 AMBROSII

3784 349 3858 407 848

2246 455 2295 516 ,Α
2325 452 2456 509 bere
2480 453 2762 522 voluisset,
2807 470 2912 512 non
2941 466 3090 514 esset
3136 471 3166 511 a
3193 466 3458 532 serpente
3497 459 3755 531 deceptus.
3782 463 3854 522 Sed

2321 543 2447 615 quia
2483 546 2686 601 oblitus
2725 557 2810 604 est
2856 549 3168 604 mandatum
3213 549 3308 607 Dei
3339 561 3398 606 et
3429 553 3744 610 voluntatem
3781 571 3857 612 ser-

2322 641 2500 710 pentis
2531 642 2798 712 implevit,
2848 659 3067 699 manum
3098 645 3217 715 ejus
3256 645 3518 701 diabolus
3551 649 3729 714 tenuit,
3754 661 3795 705 et
3814 651 3856 706 ad

2323 733 2522 804 lignum
2566 737 2966 800 scientiazboui
2993 749 3049 793 et
3076 739 3206 794 mali
3230 740 3462 796 extendi
3504 741 3650 806 fecit,
3677 752 3728 796 ut
3746 746 3860 800 inter-

2320 829 2462 884 dicta
2492 831 2829 902 decerperet.
2861 834 3273 906 Prmjudicatum
3313 847 3400 892 est
3431 838 3488 892 in
3534 837 3625 891 illo
3648 840 3857 906 carnibus,

2320 933 2376 978 et
2419 927 2584 996 coepit
2623 928 2896 985 universis
2945 929 3290 986 adversarius
3330 931 3398 987 ad
3453 932 3701 988 dextram
3743 943 3858 990 stare.

2321 1015 2474 1072 Unde
2521 1029 2574 1072 et
2615 1019 2703 1074 illa
2755 1021 2807 1075 in
2837 1020 3033 1077 Judam
3079 1022 3353 1079 maledicti
3383 1023 3568 1080 forma
3613 1026 3859 1094 processit:

2320 1107 2388 1163 Et
2419 1111 2658 1167 diabolus
2684 1123 2780 1167 stet
2808 1132 2840 1168 a
2862 1115 3057 1169 dextris
3079 1120 3190 1189 ejus
3213 1115 3388 1189 (Psal.
3415 1129 3583 1186 cvm,
3613 1118 3684 1187 6).
3705 1118 3753 1174 Si
3774 1120 3860 1174 illud

2319 1203 2667 1260 maledictum
2697 1222 2883 1278 grave,
2919 1210 3152 1264 maxima
3199 1221 3282 1265 est
3319 1211 3423 1265 ista
3473 1210 3777 1278 benedictio,
3795 1229 3862 1283 qua

2319 1298 2712 1355 maledictionis
2751 1301 2902 1358 dum
2931 1303 3144 1359 vincula
3174 1306 3458 1362 laxantur.
3501 1305 3632 1362 Ideo
3663 1306 3862 1362 Dominus

2316 1391 2476 1448 Jesus
2503 1393 2568 1447 ad
2597 1393 2876 1450 dexteram
2901 1397 3004 1452 sibi
3028 1397 3306 1453 diabolum
3331 1400 3553 1463 statuit,
3585 1399 3716 1455 sicut
3739 1401 3781 1454 in
3803 1400 3864 1455 Za-

2317 1485 2519 1540 charia:
2563 1487 2702 1542 libro
2732 1488 2962 1559 legimus
3009 1488 3194 1561 (Zaclt.
3243 1507 3323 1557 ιιι,
3362 1492 3460 1561 1);
3507 1492 3734 1547 hominis
3763 1494 3862 1548 enim

2316 1595 2534 1636 causam
2579 1582 2872 1653 locumque
2919 1595 3252 1654 susceperat.
3305 1585 3384 1640 Ibi
3436 1602 3575 1657 ergo
3625 1587 3775 1654 stetit,
3805 1587 3862 1642 ubi

2315 1671 2446 1727 Adzn
2474 1673 2655 1728 stabat
2685 1673 2996 1730 btereditas.
3027 1675 3194 1744 Quasi
3224 1677 3399 1732 bonus
3427 1681 3643 1735 athleta
3679 1683 3864 1752 pennisit

2316 1778 2441 1818 eum
2473 1763 2542 1819 ad
2567 1764 2848 1821 dexteram
2893 1766 2995 1822 sibi
3041 1779 3209 1835 stare,
3244 1780 3301 1824 ut
3345 1786 3476 1826 eum
3510 1783 3788 1828 retrorsum
3809 1788 3864 1829 re-

2236 1861 2284 1921 B
2313 1857 2539 1924 pelleret
2569 1858 2760 1913 dicens
2794 1876 2808 1914 :
2852 1858 2997 1914 Vade
3024 1871 3196 1926 retro,
3221 1872 3408 1917 satana
3441 1861 3670 1933 (Matth.
3695 1880 3759 1928 tv,
3785 1864 3847 1933 l0)

2314 1950 2501 2021 Itaque
2547 1952 2898 2008 adversarius
2939 1953 3064 2009 loco
3092 1954 3338 2025 deiectus
3378 1959 3618 2015 recessit
3647 1959 3766 2014 :Iibi
3803 1973 3866 2013 aa-

2314 2054 2421 2101 tem
2454 2061 2524 2100 ne
2551 2045 2800 2101 diabolus
2842 2063 2873 2101 a
2901 2046 3110 2103 dextris
3155 2058 3346 2114 staret,
3372 2051 3446 2105 ait
3477 2069 3492 2104 :
3529 2049 3675 2115 Veni,
3713 2067 3863 2122 sequere

2311 2157 2392 2194 me
2419 2140 2635 2213 (Matth.
2681 2157 2797 2206 xix,
2819 2141 2938 2213 ει).
2973 2142 3287 2200 Prmvidens
3316 2144 3486 2215 igitur
3515 2145 3683 2200 David
3711 2145 3864 2200 adsen-

2313 2246 2423 2290 tum
2456 2236 2692 2300 Domini,
2720 2237 2809 2306 qui
2843 2252 2942 2292 nos
2969 2253 3000 2292 a
3033 2247 3300 2308 potestate
3325 2239 3635 2296 adversarii
3663 2240 3863 2296 libentu-

2309 2342 2404 2384 rus
2427 2327 2711 2384 descendit
2734 2345 2764 2384 e
2791 2331 2953 2395 caelo,
2979 2333 3050 2386 ait
3075 2347 3088 2385 :
3114 2330 3368 2386 Dominus
3390 2350 3425 2387 a
3451 2333 3655 2388 dextris
3675 2343 3739 2388 est
3756 2332 3861 2397 mihi,

2309 2442 2373 2481 ne
2399 2442 2741 2482 commovear.
2767 2427 2867 2482 Cui
2895 2438 3078 2483 autem
3108 2444 3136 2482 a
3155 2428 3365 2484 dextris
3385 2439 3512 2486 erat
3533 2429 3764 2486 diabolus
3783 2443 3862 2483 mo-

2308 2518 2557 2573 vebatur.
2585 2517 2774 2574 Merito
2798 2535 2930 2590 ergo
2957 2530 3012 2576 et
3036 2521 3126 2577 hic
3145 2522 3221 2576 ait
3251 2539 3263 2576 :
3295 2521 3542 2578 Tenuisii
3562 2540 3756 2578 manuni
3774 2522 3864 2575 ἀει·
3956 2517 3957 2590 ᾗ

2309 2619 2469 2666 teram
2497 2628 2682 2676 meam,
2718 2611 2770 2666 id
2799 2621 2905 2677 est,
2940 2623 2996 2667 ut
3020 2614 3131 2682 jam
3163 2630 3390 2683 peccare
3431 2631 3545 2673 non
3586 2617 3860 2685 possim;ut

2305 2703 2398 2758 ille
2429 2703 2634 2758 lubrico
2673 2713 2798 2758 ante
2825 2705 3240 2762 ﬂuctuabundus
3280 2708 3538 2781 vestigio,
3580 2710 3679 2764 lida
3708 2707 3858 2779 possim

2303 2797 2536 2851 statione
2577 2797 2898 2854 consistere.
2929 2799 3101 2868 Quam
3135 2799 3273 2856 bene
3299 2802 3404 2858 hoc
3440 2803 3718 2874 apostolus
3741 2801 3855 2866 dixit,

2304 2889 2519 2960 quando
2563 2906 2686 2947 eum
2721 2893 2990 2948 turbatum
3033 2895 3292 2951 Dominus
3313 2897 3475 2965 vidit,
3522 2909 3581 2956 et
3618 2896 3859 2956 extendens

2303 2983 2584 3040 dexteram
2626 3002 2777 3041 suam
2810 2987 3050 3044 titubare
3095 3006 3200 3044 non
3236 3006 3428 3060 passus
3481 3005 3592 3061 est,
3631 3003 3771 3064 atque
3797 2992 3854 3044 in-

2306 3076 2515 3145 trepido
2551 3077 2789 3134 ﬁrmavit
2820 3081 3032 3137 incessu
3081 3081 3300 3152 (Matth.
3346 3100 3465 3150 xiv,
3500 3086 3576 3143 50
3600 3096 3647 3140 et
3674 3087 3772 3157 5t).
3801 3082 3857 3138 Li-

2304 3169 2526 3225 beratus
2556 3171 2736 3242 itaque
2768 3174 2962 3229 Petrus
2996 3175 3124 3246 quid
3155 3178 3305 3232 aliud
3328 3187 3412 3234 est
3440 3179 3657 3236 loeutus
3679 3179 3765 3235 nisi
3787 3178 3854 3232 bos

2226 3249 2271 3313 C
2305 3263 2653 3334 propheticos
2681 3281 2870 3322 versus
2892 3285 2906 3323 :
2931 3266 3170 3324 Tenuisti
3190 3287 3402 3325 manum
3427 3273 3692 3329 dexteram
3715 3287 3851 3335 uuam,

2301 3365 2350 3411 et
2381 3357 2433 3410 in
2478 3357 2742 3412 voluntate
2771 3369 2859 3413 tua
2905 3361 3170 3416 deduxisti
3208 3379 3306 3430 me,
3358 3374 3405 3420 et
3455 3383 3579 3421 cum
3615 3367 3765 3439 gloria
3797 3379 3853 3417 as-

2299 3452 2566 3522 sumpsisti
2615 3470 2712 3508 me.
2751 3453 2882 3523 Qua:
2923 3469 3005 3511 est
3035 3457 3258 3513 dextera
3305 3460 3407 3515 nisi
3455 3471 3678 3518 actuosa
3706 3459 3851 3516 anima

2305 3545 2511 3601 virtus?
2560 3547 2690 3616 Qum
2735 3549 2781 3604 si
2836 3552 3046 3606 Domini
3101 3553 3378 3610 voluntate
3429 3556 3713 3628 dirigatur,
3757 3551 3850 3610 nihil

2303 3637 2448 3692 aliud
2501 3639 2796 3707 desiderat,
2849 3643 2923 3698 nil
2971 3645 3227 3717 requirit,
3280 3648 3459 3705 nullas
3510 3649 3696 3707 mundi
3737 3646 3850 3717 hujus

2303 3747 2457 3804 opes,
2489 3735 2632 3790 nulla
2659 3737 2971 3808 adjumenta
2999 3739 3265 3811 deposcit.

2925 3870 3156 3931 CAPUT
3195 3875 3288 3932 XI.

2297 3974 2551 4033 Davidem
2590 3981 2910 4053 possessione
2945 3983 3040 4038 Dei
3079 3995 3390 4042 contentuut
3403 3989 3544 4046 nihil
3571 4001 3746 4062 praeter
3768 3999 3847 4040 eum

2369 4086 2649 4145 exaptare;
2699 4077 2878 4133 debere
2918 4080 3056 4134 enim
3097 4090 3302 4138 terrena
3339 4084 3505 4141 deleri
3532 4087 3778 4150 oblivione,
3813 4088 3848 4132 ιιι

2371 4167 2643 4222 succedant
2669 4170 2913 4239 caelestia,
2939 4181 3095 4242 atque
3123 4176 3278 4229 etiam
3313 4177 3383 4231 ad
3412 4176 3594 4236 Deum
3619 4179 3700 4245 qui
3727 4172 3846 4230 nemi-

2368 4277 2482 4314 nem
2501 4263 2720 4333 repellit,
2749 4266 3045 4336 accedatur,
3073 4284 3106 4322 a
3129 4286 3232 4340 quo
3253 4274 3426 4341 pravis
3454 4282 3657 4330 tentant
3681 4268 3850 4328 actioni-

2367 4354 2461 4410 bus
2491 4357 2795 4414 recedimus.

2366 4466 2457 4524 28.
2493 4467 2618 4524 Ideo
2645 4469 2779 4525 dicit
2801 4482 3020 4530 sanctus
3050 4475 3217 4532 David
3249 4495 3263 4532 :
3295 4479 3436 4548 Quid
3476 4483 3615 4538 enim
3648 4479 3763 4536 mihi
3787 4491 3845 4532 reo

2297 4570 2399 4615 stat
2420 4562 2475 4616 in
2500 4565 2651 4629 caelo,
2665 4576 2711 4618 et
2729 4576 2826 4622 ate
2844 4568 2970 4639 quid
2995 4568 3134 4624 volui
3153 4587 3311 4642 super
3332 4583 3522 4629 terram
3541 4575 3705 4649 (Psal.
3722 4584 3844 4630 mu.

2295 4652 2427 4728 25)?
2457 4654 2515 4710 Id
2541 4657 2705 4731 6'72
2733 4668 2839 4724 est,
2887 4661 2966 4715 Tu
2994 4663 3174 4731 portio
3219 4679 3338 4720 mea
3377 4681 3458 4731 es,
3491 4668 3726 4724 abundas
3750 4659 3844 4719 mihi

2299 4748 2365 4803 ad
2395 4749 2600 4815 omnia,
2630 4750 2764 4806 nihil
2789 4753 3017 4822 quaesivi
3059 4754 3226 4821 aliud,
3261 4757 3364 4812 nisi
3399 4768 3455 4815 ut
3491 4769 3545 4816 te
3571 4769 3756 4833 partem
3779 4754 3845 4809 ha-

2297 4843 2501 4909 berem,
2543 4843 2679 4898 nulli
2709 4860 2795 4901 me
2825 4847 3061 4913 caelesti,
3085 4857 3144 4902 ut
3167 4851 3404 4921 gentiles
3434 4853 3653 4919 iaciunt,
3681 4843 3845 4906 subdidi

2297 4946 2585 5001 creaturae,
2614 4937 2792 4992 nullas
2815 4939 3001 4994 saeculi
3029 4941 3188 5010 hujus
3208 4941 3447 5008 divitias,
3480 4955 3535 5001 et
3563 4946 3842 5014 voluptatum

2296 5028 2582 5084 illecebras
2619 5031 2929 5101 concupivi.
2965 5031 3173 5089 Nullius
3201 5049 3358 5105 egeo,
3386 5037 3480 5105 qui
3507 5053 3539 5094 a
3572 5050 3622 5096 te
3648 5045 3844 5102 assump-

2301 5131 2388 5178 tus
2417 5139 2539 5179 sum
2573 5141 2586 5176 :
2619 5138 2719 5179 nec
2757 5138 3007 5196 superest
3038 5128 3092 5182 in
3132 5128 3446 5186 ctelestibus
3473 5134 3614 5201 quod
3660 5127 3841 5198 amplius

2301 5229 2561 5286 qumram.
2592 5215 2738 5272 Nihil
2778 5219 3004 5286 habens,
3027 5222 3208 5277 omnia
3236 5221 3441 5293 habeo;
3471 5228 3595 5297 quia
3619 5223 3839 5282 Christum

2303 5306 2500 5374 habeo,
2531 5310 2616 5365 cui
2643 5309 2806 5367 Pater
2834 5313 3133 5370 altissimus
3159 5331 3261 5374 non
3283 5320 3546 5388 pepercit;
3571 5320 3654 5376 sed
3676 5331 3754 5388 pro
3774 5325 3840 5365 ηο-

2302 5399 2378 5454 bis
2423 5400 2659 5457 omnibus
2704 5404 2919 5459 tradidit
2961 5407 3109 5462 illum
3134 5423 3153 5462 :
3181 5411 3441 5478 quomodo
3488 5429 3608 5487 ergo
3648 5415 3839 5465 nonem

2303 5493 2395 5549 illo
2427 5497 2601 5550 antiiia
2637 5498 2785 5552 nobis
2829 5499 3041 5555 donavit
3063 5499 3242 5574 (Rom.
3270 5519 3385 5572 vni,
3417 5506 3548 5578 52);
3578 5506 3707 5564 sicut
3726 5502 3837 5569 Apo-

2305 5587 2478 5665 stolus
2504 5588 2680 5644 dixit?
2710 5590 2901 5648 Omnia
2931 5593 3075 5649 enim
3103 5595 3156 5650 in
3185 5593 3426 5665 Christo,
3459 5615 3556 5670 per
3583 5612 3722 5672 quem
3744 5595 3838 5664 Iom-

2306 5680 2416 5747 nia,
2447 5689 2503 5736 et
2533 5682 2584 5736 in
2630 5699 2740 5754 quo
2779 5695 3038 5742 constant
3071 5690 3273 5744 omnia.
3317 5689 3511 5747 Omnia
3551 5707 3668 5766 ergo
3691 5690 3734 5744 in
3768 5681 3832 5731 illo

2302 5772 2530 5842 habens,
2563 5777 2726 5834 aliam
2753 5795 2859 5835 non
2882 5797 3069 5852 quazro
3098 5785 3427 5854 mercedem,
3458 5788 3584 5857 quia
3611 5787 3706 5848 ipse
3727 5784 3832 5829 me"

2300 5882 2392 5924 ces
2439 5876 2524 5926 est
2552 5870 2952 5931 universorum.
3003 5875 3240 5948 Ideoque
3269 5877 3511 5949 perfecto
3538 5860 3827 5930 dixit:'l‘oll€
