4042 6378
195 347 321 408 849

1139 355 1483 415 APOLOGIA
1525 355 1920 415 ΡΒΟΡΗΕΤιΕ
1949 359 2194 428 ,ΒΑΥΙΙὶ
2238 357 2637 417 ΑΒΜΟΝῙΤΙΟ.

3438 363 3546 422 850

194 479 456 526 crucem
492 480 659 539 tuam,
695 481 752 529 et
790 486 1019 545 sequere
1067 487 1152 528 me
1187 472 1380 542 (Marc.
1424 489 1539 542 vnt,
1572 473 1688 546 54).
1736 475 1834 544 Qui
1864 488 1918 547 Α
1945 475 2192 546 repulsor
2220 475 2764 548 apprOpinquantium
2810 487 2926 545 est;
2959 478 3212 534 omnibus
3240 480 3384 536 enim
3428 479 3546 536 vult

199 557 380 640 illum
443 565 716 636 sequitur,
760 582 866 621 non
917 567 1140 636 praemio
1188 565 1409 624 ducitur
1452 569 1518 623 ad
1549 567 1840 640 perfectio-

199 668 350 710 nem
393 675 409 712 :
450 658 546 714 sed
595 659 922 730 perfectione
970 670 1379 716 consummatur
1420 661 1486 716 ad
1531 663 1834 731 prwmium.

203 745 550 808 lmitatores
572 755 717 808 enim
744 751 942 809 Christi
968 769 1074 810 non
1100 763 1322 826 propter
1347 771 1500 827 spem
1534 757 1660 813 boni
1689 768 1835 825 sunt,

204 843 320 900 sed
360 860 470 916 pro
498 861 684 903 amore
712 848 946 903 virtutis.
993 848 1243 904 Christus
1287 850 1432 906 enim
1467 866 1563 921 per
1594 862 1838 908 naturam

205 935 440 1007 bonus,
473 955 576 995 non
611 950 834 1012 propter
859 943 1065 1010 praemii
1092 944 1462 1014 cupiditatem.
1491 944 1620 1001 ideo
1650 962 1841 1017 passus

209 1040 330 1098 est,
359 1036 495 1104 quia
528 1033 844 1092 benefacere
881 1051 1002 1090 eum
1029 1035 1337 1101 delectavit,
1365 1055 1470 1094 non
1507 1041 1633 1109 quia
1671 1042 1844 1096 incre-

209 1136 487 1180 mentum
517 1127 707 1198 glorice
734 1142 801 1182 ex
849 1141 944 1183 sua
987 1131 1240 1200 passione
1272 1131 1567 1201 quaerebat.
1599 1130 1727 1187 ldco
1753 1135 1840 1203 qui

209 1216 387 1274 illum
445 1220 645 1276 imitari
685 1223 856 1293 cupit,
900 1238 1008 1279 non
1055 1225 1199 1294 quod
1246 1226 1369 1293 sibi,
1403 1227 1498 1282 sed
1535 1227 1677 1298 quod
1724 1229 1844 1284 aliis

209 1312 438 1382 prosit,
487 1325 764 1385 operatur.
811 1317 962 1372 Unde
1011 1333 1118 1374 non
1170 1320 1438 1376 immerito
1484 1321 1671 1378 deﬁcit
1717 1323 1842 1391 sibi,

209 1403 350 1460 aliis
402 1417 586 1462 autem
622 1409 832 1465 virtutis
870 1409 1208 1467 incremento
1237 1414 1484 1470 valescit.

211 1527 217 1558 :
295 1499 404 1556 29.
453 1501 520 1557 Et
563 1504 956 1560 convenienter
993 1505 1166 1560 dicit:
1197 1505 1398 1578 Defecit
1447 1525 1534 1564 car
1580 1525 1748 1564 meum
1799 1522 1877 1591 et_

211 1606 356 1645 caro
402 1609 541 1660 mea,
575 1592 718 1649 Deus
755 1596 924 1651 cordis
967 1599 1065 1652 mei
1092 1596 1270 1666 (Psal.
1305 1614 1476 1669 usu,
1505 1600 1618 1673 26).
1661 1602 1848 1674 Neque

213 1684 386 1739 enim
417 1695 650 1757 possunt
677 1699 932 1758 perpetua
960 1690 1274 1758 succedere,
1309 1694 1408 1747 nisi
1451 1703 1664 1749 terrena
1694 1696 1846 1752 dele-

212 1777 444 1832 cerint.
478 1778 670 1835 Deﬁcit
697 1796 825 1850 ergo
853 1795 1000 1847 caro,
1039 1783 1258 1853 quando
1305 1787 1702 1844 mortiﬁcantnr
1727 1805 1849 1860 quae

1943 568 2135 624 salutis
2177 586 2338 627 causa
2369 587 2510 637 csse,
2556 585 2662 626 non
2702 572 2916 627 mortis.
2971 572 3218 643 Denique
3269 572 3543 629 neminem

1943 662 2184 733 repellit,
2221 665 2319 719 nisi
2351 664 2442 734 qui
2471 678 2532 720 se
2578 663 2646 719 ab
2673 664 2791 736 ejus
2835 675 3128 736 conspectu
3160 666 3432 736 putaverit
3458 680 3546 722 se-

1943 757 2356 827 questrandum.

2016 849 2105 904 50.
2141 849 2400 917 Quoniam
2431 867 2565 916 ecce,
2594 851 2787 922 inquit,
2830 853 2919 924 qui
2944 853 3187 924 elangant
3213 869 3270 909 se
3300 869 3332 906 a
3357 862 3426 921 te,
3455 869 3548 925 pe-

1943 944 2115 999 ribunt
2147 942 2336 1017 (Ibid.,
2361 944 2479 1017 ‘27).
2510 944 2892 1018 Unusquisque
2935 949 3079 1002 enim
3116 948 3384 1018 operibus
3430 948 3548 1002 suis

1947 1036 2133 1107 pietati
2164 1045 2269 1090 tua:
2297 1052 2418 1092 sese
2455 1047 2546 1092 aut
2567 1037 2747 1110 jungit
2793 1048 2887 1094 aut
2930 1048 3166 1111 separat.
3201 1040 3358 1110 Fugit
3397 1039 3545 1095 enim

1946 1131 2112 1189 Deum
2144 1137 2235 1206 qui
2267 1147 2528 1208 operatur
2556 1153 2641 1204 ea,
2678 1153 2904 1208 quorum
2946 1139 3311 1210 cognitionem
3341 1145 3550 1194 metuat

1947 1231 2316 1301 deprehendi;
2351 1230 2493 1284 sicut
2542 1229 2636 1283 ille
2680 1231 2769 1297 qui
2803 1237 2973 1284 tectus
3022 1230 3318 1300 parietibus
3359 1239 3412 1283 et
3441 1228 3553 1282 cir-

1948 1324 2224 1380 cumfusus
2253 1323 2490 1378 tenebris
2517 1337 2544 1376 a
2581 1321 2808 1377 Domino
2831 1321 2941 1376 Deo
2982 1336 3103 1377 sese
3131 1321 3411 1376 existimat
3440 1334 3549 1376 non

1948 1420 2120 1475 videri
2153 1437 2165 1472 :
2197 1419 2410 1472 videtur
2435 1429 2639 1483 autem,
2664 1431 2786 1471 cum
2803 1415 3002 1470 dicitur
3026 1433 3037 1467 :
3066 1415 3352 1470 Perdidisti
3373 1431 3552 1469 omnes

1949 1513 2038 1583 qui
2065 1511 2389 1578 fornicamur
2412 1513 2501 1564 abs
2526 1519 2572 1564 te
2604 1507 2818 1581 (lbid.).
2853 1507 3005 1563 Sicut
3026 1509 3169 1562 enim
3202 1507 3401 1562 mulier
3427 1521 3554 1578 qua:

1952 1603 2272 1669 fornicatur,
2303 1618 2407 1658 non
2437 1601 2678 1657 adhaeret
2709 1602 2845 1668 viro,
2870 1616 2970 1656 nec
2997 1616 3100 1655 una
3132 1616 3260 1657 caro
3287 1617 3409 1656 cum
3437 1604 3556 1657 viro

1951 1714 2075 1763 suo,
2122 1714 2221 1754 nec
2251 1712 2388 1753 unus
2433 1697 2656 1768 spiritus
2686 1705 2803 1762 est;
2838 1695 2932 1750 sed
2981 1694 3175 1750 dividit
3223 1710 3344 1752 sese
3377 1711 3440 1751 ac
3469 1711 3557 1751 se-

1955 1800 2108 1861 parat
2139 1789 2455 1845 l'ornicando
2485 1808 2498 1842 :
2530 1791 2597 1844 ita
2627 1804 2983 1860 quaecumque
3010 1789 3187 1843 anima
3237 1803 3343 1843 non
3372 1788 3558 1843 adlue-

216 1879 368 1924 sunt
409 1874 675 1928 carnalia.
730 1861 994 1930 Deﬁciunt
1031 1886 1087 1932 et
1122 1878 1198 1933 illi
1230 1881 1323 1949 qui
1375 1881 1846 1940 mortiﬁcationem
1881 1890 1928 1950 Β
1955 1893 2037 1940 ret
2065 1884 2197 1948 Deo,
2231 1884 2323 1937 sed
2358 1883 2507 1936 vanis
2536 1882 2804 1936 idolorum
2844 1879 3080 1935 cultibus
3113 1880 3419 1936 inserviens
3447 1879 3560 1935 for-

214 1962 370 2018 Jesu
404 1963 607 2022 Christi
639 1966 692 2021 in
725 1982 821 2022 sua
851 1983 1014 2024 carne
1057 1971 1481 2039 circumferunt;
1529 1991 1676 2031 mors
1702 1978 1844 2032 enim

213 2054 444 2114 Christi
473 2060 524 2113 in
554 2059 659 2114 illis
687 2069 964 2130 aperatur,
1002 2073 1054 2118 ut
1092 2066 1272 2120 omnis
1315 2083 1560 2122 errorum
1589 2071 1849 2126 moriatur

216 2149 526 2206 illecebra.
561 2151 716 2209 Unde
755 2155 1030 2226 colligitur
1061 2158 1182 2227 quia
1209 2171 1264 2215 et
1305 2175 1400 2215 cor
1443 2159 1678 2218 hominis
1707 2164 1846 2219 deﬁ-

219 2245 331 2311 cit,
391 2245 615 2316 quando
667 2248 1062 2304 mortilicantur
1103 2253 1462 2322 cogitationes
1509 2255 1682 2318 malae,
1727 2271 1848 2327 quae

219 2336 298 2392 de
357 2338 532 2393 corde
582 2339 914 2408 procedunt;
961 2352 1019 2396 ut
1067 2350 1282 2399 terrena
1325 2347 1503 2401 omnia
1553 2348 1850 2403 abscondat

219 2429 465 2495 oblivio,
491 2440 544 2485 et
571 2431 663 2486 ﬁat
693 2432 833 2488 Deus
862 2434 1044 2489 cordis
1083 2451 1293 2506 eorum,
1325 2439 1416 2509 qui
1463 2439 1607 2495 beati
1647 2441 1849 2496 mundo

220 2524 413 2580 corde
463 2524 635 2580 Deum
681 2525 867 2583 videre
914 2539 1256 2596 mereantur;
1313 2543 1370 2586 ut
1414 2533 1850 2604 apprOpinquent

222 2619 358 2686 tibi,
391 2626 450 2674 et
479 2635 585 2674 non
608 2634 668 2674 se
693 2633 999 2691 segregent.
1030 2623 1175 2679 Deus
1196 2625 1340 2680 enim
1362 2628 1714 2697 appropians,
1742 2642 1849 2683 non

1955 1978 2185 2041 nicatnr,
2218 1975 2414 2030 dividit
2452 1990 2511 2028 se
2540 1981 2566 2010 η
2588 1973 2853 2043 sacrilegii
2882 1972 3178 2036 scmvitate,
3222 1980 3278 2026 et
3308 1972 3470 2042 longe
3502 1972 3564 2026 ﬁt

1953 2085 1982 2124 a
2019 2069 2264 2134 Domino,
2294 2082 2414 2137 quae
2444 2081 2610 2135 prope
2640 2080 2761 2120 esse
2787 2063 3027 2119 deberet.
3069 2062 3220 2119 Perit
3244 2074 3427 2120 autem
3456 2064 3546 2135 qui

1953 2169 2236 2232 separatur
2264 2178 2290 2211 a
2323 2159 2571 2214 Domino.

2025 2253 2114 2308 '51.
2169 2251 2320 2308 Unde
2369 2252 2598 2306 Sanetus
2651 2251 2739 2321 qui
2795 2249 2887 2305 Dei
2915 2249 3176 2319 judicium
3238 2247 3560 2305 reformidat

1959 2344 2151 2419 (Ibid,
2177 2345 2292 2415 9.8),
2321 2359 2537 2414 semper
2575 2345 2856 2398 adluerere
2889 2345 2998 2396 vult
3030 2341 3271 2410 Christo,
3303 2350 3358 2398 et
3409 2343 3460 2398 in
3496 2357 3567 2399 eo

1956 2455 2108 2511 spem
2135 2455 2286 2495 suam
2313 2454 2533 2509 ponere,
2564 2447 2624 2494 ut
2657 2439 2839 2493 laudet
2867 2437 3179 2504 Dominum,
3220 2438 3306 2492 cui
3335 2445 3420 2493 est
3465 2437 3564 2492 ho-

1959 2551 2082 2602 nor,
2110 2536 2305 2608 gloria,
2336 2533 2666 2605 perpetuitas
2696 2548 2726 2586 a
2774 2531 3010 2596 saeculis,
3055 2539 3113 2586 et
3155 2546 3298 2588 nunc
3340 2540 3393 2588 et
3419 2545 3565 2588 sent—

1959 2644 2078 2700 per,
2107 2639 2162 2685 et
2189 2629 2369 2686 omnia
2402 2625 2601 2682 saecula
2627 2623 2978 2680 saeculorum.
3009 2621 3205 2678 Amen.

311 2756 559 2815 ﬂOmnes
588 2757 748 2828 edit.,
780 2761 1042 2833 sacrilegii
1083 2762 1391 2819 obscenitate
1408 2782 1428 2832 ;
1458 2780 1651 2823 omnes
1689 2768 2110 2841 mss.,sacrilcgii
2135 2768 2381 2823 stevitate.

1665 2913 1880 2922 —-..———.

317 2906 396 2913 ...-
431 2906 486 2912 .-μσ
547 2910 560 2913 τ.
575 2910 577 2912 .
592 2907 1321 2918 -.ν--Ψ-ῇ--π-ἡ
1341 2916 1344 2917 ,
1361 2914 1446 2918 _..._
1473 2913 1641 2920 —.____
1665 2913 3032 2925 —...——._———_———.———~——————-—o—————~—

472 3066 595 3150 IN
669 3069 1376 3157 APOLOGIAM
1450 3074 2116 3160 PROPHETAE‘.
2187 3071 2560 3156 DAVID
2635 3064 3340 3154 ADMONITIO.

319 3314 582 3372 Nonnulli
612 3317 764 3389 (Cap.
792 3336 832 3386 ι,
860 3318 1004 3376 num.
1027 3321 1078 3396 l)
1108 3340 1222 3378 cum
1252 3325 1519 3380 historiam
1550 3324 1722 3380 David
1747 3325 2056 3397 perlegenda
2089 3333 2286 3380 tantum
2316 3323 2616 3394 prophetam
2645 3336 2706 3375 ac
2732 3334 2902 3392 regem
2932 3327 3040 3371 tam
3069 3321 3300 3370 sanctum
3321 3312 3377 3364 in
3407 3311 3570 3380 genti-

234 3425 372 3463 num
415 3409 604 3476 scelus,
637 3409 880 3467 adulterii
906 3414 1098 3469 scilicet
1124 3427 1273 3488 atque
1311 3417 1606 3484 homicidii,
1631 3419 1874 3472 incidisse
1903 3418 2276 3489 cognovissent,
2309 3414 2640 3484 offensionem
2667 3412 2806 3466 haud
2833 3411 3138 3466 mediocrem
3166 3405 3305 3480 pani
3336 3405 3565 3504 [πενξτηξο

239 3501 577 3572 Quapmpter
607 3502 761 3575 hujus
792 3504 866 3558 rei
893 3505 1098 3576 vulgato
1131 3509 1427 3563 ramuscula
1453 3519 1659 3564 sanctus
1683 3508 2005 3572 Ambrosius,
2034 3509 2103 3561 ad
2144 3506 2390 3561 utilitates
2420 3507 2596 3578 papuli
2629 3505 2710 3560 sui
2733 3518 3010 3573 numquam
3040 3517 3142 3554 non
3171 3499 3414 3558 intentus,
3449 3494 3570 3548 huic

235 3593 383 3646 malo
408 3593 604 3664 putavit
632 3605 832 3648 mature
856 3597 1250 3654 occurrendum.
1292 3599 1472 3671 Itaque
1491 3617 1692 3655 sacrum
1721 3609 2012 3672 suggestum
2038 3597 2402 3660 conscendens,
2436 3597 2785 3668 defensionem
2805 3595 3034 3666 ejusdem
3048 3591 3311 3663 praphette
3339 3603 3398 3640 ac
3426 3586 3566 3657 regis

238 3699 522 3753 aggressus
549 3692 644 3739 est.
679 3682 862 3756 Neque
890 3696 1058 3743 tamen
1088 3690 1255 3760 ipsum
1279 3691 1352 3746 ita
1386 3693 1607 3762 suscepit
1643 3691 2034 3762 defendendum,
2067 3701 2176 3744 uta
2197 3691 2408 3744 crimine
2437 3690 2715 3742 immunem
2752 3695 3016 3741 assereret.
3052 3681 3271 3737 Fatetur
3313 3679 3566 3748 siquidem

242 3775 404 3848 (Cap.
437 3779 456 3831 l
489 3788 535 3831 et
557 3776 686 3848 seq.)
709 3777 856 3832 illum
885 3779 1083 3834 duobus
1115 3785 1429 3855 gravissimis
1458 3785 1677 3852 peccatis
1705 3785 2017 3838 maculatum
2041 3784 2198 3852 fuisse
2228 3799 2245 3837 :
2275 3793 2326 3836 at
2352 3799 2464 3836 vero
2501 3782 2762 3836 contendit
2786 3779 3016 3833 eumdem
3051 3777 3335 3831 accelerata
3361 3775 3570 3842 confes-

238 3866 392 3920 sione
415 3866 563 3938 (Cap.
586 3867 668 3938 2),
699 3868 905 3940 prolixa
944 3874 1238 3940 paenitentia
1260 3874 1412 3943 (Cap.
1442 3877 1522 3943 4),
1548 3885 1592 3929 et
1620 3876 1877 3943 indefesso
1903 3875 2152 3929 bonorum
2181 3891 2393 3944 operum
2426 3873 2598 3927 studio
2626 3872 2774 3944 (l..'ap.
2807 3872 2903 3925 ὕει
2925 3869 3055 3941 seq.)
3082 3868 3369 3938 expiatum,
3393 3865 3570 3935 utjam

240 3959 601 4029 peccatoribus
629 3974 741 4012 eum
762 3975 1002 4014 accusare
1016 3978 1166 4032 quem
1185 3957 1396 4032 ipsemet
1422 3963 1558 4018 Deus
1584 3965 1867 4018 absolverat
1894 3963 2044 4037 (Cap.
2076 3964 2111 4018 4
2139 3974 2189 4019 et
2215 3964 2382 4030 alibi),
2415 3964 2620 4017 minime
2645 3965 2816 4016 liceret
2841 3977 2858 4015 :
2884 3971 3124 4014 caeterum
3152 3956 3554 4026 haudquaquam

239 4046 521 4102 insolitum
551 4048 731 4112 videri,
749 4049 887 4118 quod
919 4053 1212 4106 tentationis
1235 4064 1281 4108 et
1300 4056 1726 4126 concupiscentia
1757 4057 1801 4108 vi
1822 4055 2146 4110 succubuerit
2177 4055 2326 4108 homo
2353 4055 2556 4127 fragilis
2583 4052 2736 4126 (Cap.
2770 4056 2792 4107 1
2823 4062 2868 4107 et
2891 4051 3059 4120 alibi),
3079 4052 3167 4104 sed
3194 4049 3328 4103 illud
3345 4063 3561 4118 prorsus

244 4140 482 4195 Omnium
528 4141 871 4195 admiratione
891 4142 1124 4212 dignum,
1149 4145 1284 4214 quod
1307 4161 1396 4199 rex
1423 4147 1802 4214 potentissimus
1825 4146 1909 4216 qui
1939 4145 2106 4216 legum
2129 4145 2389 4199 severitate
2411 4137 2510 4199 nan
2537 4143 2822 4208 tenebatur,
2848 4143 3016 4197 statim
3039 4153 3188 4212 atque
3213 4140 3276 4193 de
3299 4137 3572 4192 commisso

249 4219 464 4301 peccato
505 4233 604 4304 fuit
643 4232 943 4288 admonitus
965 4277 977 4298 ,
1013 4236 1218 4305 culpam
1248 4239 1530 4305 agnoverit,
1563 4253 1772 4306 eamque
1810 4237 2010 4290 sincero
2037 4253 2098 4289 ac
2126 4233 2405 4288 vehementi
2427 4235 2607 4290 dolore
2636 4235 2893 4289 deleverit.
2934 4232 3090 4286 Addit
3127 4231 3206 4285 his
3232 4237 3573 4284 memoratum

249 4325 461 4395 lapsum
509 4342 620 4378 ram
662 4328 723 4380 ob
751 4343 856 4381 rem
882 4328 1054 4381 divino
1087 4331 1393 4397 permissum
1434 4329 1671 4398 consilio,
1700 4339 1755 4382 ut
1783 4329 1914 4383 idem
1946 4328 2036 4384 ille
2059 4329 2127 4382 ad
2159 4329 2468 4397 posteritatis
2499 4329 2788 4398 exemplum
2819 4327 3115 4381 humiliatus
3151 4332 3469 4380 exerceretur
3511 4336 3573 4374 ac

249 4422 557 4490 probaretur
597 4419 748 4493 (Cap.
775 4421 809 4475 2
841 4431 885 4475 ct
913 4423 970 4492 5)
997 4436 1016 4485 ;
1046 4439 1202 4488 neque
1232 4439 1333 4474 non
1362 4423 1414 4475 in
1448 4424 1543 4475 hoc
1569 4423 1682 4489 ipso
1705 4423 1933 4494 mysterii
1960 4423 2181 4494 ligurum
2205 4422 2455 4475 exstitisse
2487 4418 2638 4493 (Cap.
2671 4420 2750 4490 5),
2780 4435 2892 4490 qua:
2922 4418 3238 4512 atrocitatem
3284 4429 3434 4470 noxa:
3464 4412 3567 4512 mi.-

251 4522 450 4566 nueret.
497 4511 767 4567 Postrema
809 4531 910 4568 non
955 4515 1132 4582 paucis
1178 4515 1443 4582 pra’claris
1469 4530 1531 4566 ac
1562 4514 1752 4568 sanctis
1782 4513 2065 4567 actionibus
2098 4509 2248 4583 (Cap.
2286 4511 2319 4567 6
2348 4521 2394 4565 et
2435 4513 2567 4580 seq.)
2623 4510 2804 4582 quibus
2834 4508 3095 4580 Propheta
3121 4506 3361 4561 delictum
3391 4506 3573 4558 texerit

253 4622 443 4672 suum,
473 4607 826 4672 dimmteratis,
856 4608 1090 4678 afﬁrmat
1119 4623 1232 4661 eum
1259 4606 1364 4660 alio
1397 4616 1616 4678 patrono
1643 4605 1784 4660 haud
1823 4604 2086 4676 indigere;
2121 4602 2530 4675 quandoquidem
2561 4602 2611 4655 in
2663 4601 2863 4672 psalmo
2903 4617 2933 4655 L
2955 4643 2968 4667 ,
3006 4615 3102 4666 quo
3133 4607 3180 4651 et
3205 4605 3372 4650 actam
3401 4591 3491 4646 abs
3521 4607 3578 4645 se

257 4701 606 4772 paenitentiam
631 4711 674 4752 et
704 4701 1033 4768 impetratam
1065 4699 1261 4752 veniant
1293 4708 1506 4753 testatus
1535 4708 1605 4752 est
1629 4698 1758 4770 (Cap
1787 4699 1818 4753 8
1841 4707 1888 4752 et
1917 4697 2074 4768 seq.),
2107 4714 2251 4750 suam
2279 4697 2390 4765 ipse
2415 4696 2617 4765 reliquit
2647 4695 2959 4767 apologiam.
2992 4691 3102 4746 Hoc
3125 4693 3198 4744 vir
3216 4697 3425 4744 sanctus
3448 4699 3575 4787 pro-

257 4791 342 4845 bat
375 4793 509 4846 brevi
538 4794 762 4862 quidem.
796 4803 847 4848 at
870 4793 1090 4864 eleganti
1119 4794 1345 4847 omnium
1371 4783 1605 4866 ejusdem
1638 4792 1824 4862 psalmi
1852 4807 2087 4846 versuum
2120 4790 2464 4853 enarratione,
2493 4788 2547 4842 in
2585 4805 2684 4858 qua
2710 4789 2841 4843 sicut
2869 4797 2914 4841 et
2942 4788 2991 4838 in
3030 4795 3132 4840 toto
3154 4797 3303 4854 apere
3335 4783 3581 4848 mysticus

259 4883 512 4952 quasdam
541 4885 905 4954 exiiositiones,
940 4885 1330 4949 observationes,
1363 4885 1847 4956 adhortationesque
1869 4884 2090 4938 morales
2109 4882 2177 4936 ad
2204 4882 2387 4955 populi
2411 4882 2552 4952 apud
2575 4898 2722 4952 quem
2749 4880 2901 4935 verba
2935 4878 3173 4950 faciebat,
3204 4870 3575 4928 institutionem

265 4974 482 5043 spargit.
2664 5063 2671 5066 Δ
2864 5061 2874 5066 _
3351 5054 3363 5066 .

337 5063 464 5135 Ipsa
486 5065 640 5136 hujus
665 5065 835 5131 operis
861 5065 1222 5119 constitutione
1247 5064 1373 5118 satis
1401 5064 1662 5134 intelligas
1687 5064 1738 5116 in
1773 5064 1995 5118 editione
2029 5063 2259 5118 Romana
2285 5079 2469 5134 parum
2494 5063 2722 5118 consulte
2742 5061 2874 5116 illud
2904 5066 3080 5113 contra
3106 5061 3576 5120 manuscriptorum

265 5159 494 5210 omnium
513 5199 528 5221 ,
575 5171 636 5210 ac
681 5157 1006 5224 superiorum
1049 5155 1330 5210 editionum
1368 5155 1746 5219 auctoritatem,
1776 5154 1828 5207 in
1869 5155 2001 5208 duos
2028 5164 2276 5209 tractatus
2295 5171 2406 5210 esse
2437 5154 2674 5214 divisum,
2706 5166 2924 5224 quorum
2953 5149 3082 5203 alter
3107 5148 3340 5218 priscum
3371 5141 3576 5197 titulum

263 5250 543 5321 Apologia:
577 5247 740 5302 David
775 5248 1008 5312 retinuit,
1042 5249 1172 5301 alter
1200 5255 1410 5317 accepta
1438 5261 1567 5300 nova
1596 5247 1930 5318 inscriptione
1956 5245 2024 5298 ad
2051 5248 2407 5300 enarrationes
2436 5246 2489 5299 in
2511 5245 2735 5318 psalmos
2762 5241 3068 5295 amandatus
3097 5246 3187 5290 est.
3216 5234 3354 5288 Huic
3379 5249 3579 5303 quoque

264 5344 505 5398 divisioni
538 5343 834 5414 refragatur
866 5340 1037 5394 beatus
1071 5341 1426 5411 Augustinus;
1455 5341 1498 5394 is
1534 5341 1666 5394 enim
1695 5338 1833 5412 (Lib.
1869 5355 1943 5408 ιν,
1988 5351 2124 5395 cont.
2168 5341 2297 5396 duas
2324 5343 2476 5410 epist.
2511 5338 2887 5430 Pelag.,icap._
2909 5335 2994 5430 ll.
3029 5343 3074 5430 et
3103 5331 3190 5385 lib.
3225 5346 3262 5384 ιι
3298 5325 3575 5430 cont-Jul.

266 5432 478 5505 Pelag.,
512 5450 628 5502 cap.
657 5431 713 5503 7)
746 5431 1087 5484 testimonium
1119 5447 1182 5485 ea:
1209 5431 1532 5484 enarratione
1563 5431 1750 5500 psalmi
1789 5447 1820 5485 ι.
1851 5432 2063 5502 petitum
2084 5434 2348 5504 proferens
2373 5430 2508 5486 illud
2538 5446 2638 5483 non
2668 5428 2771 5482 alio
2806 5425 2898 5480 sub
2925 5425 3074 5478 titulo
3103 5438 3258 5493 quam
3310 5419 3581 5490 Apologia

266 5523 438 5580 David
464 5523 663 5578 laudat.
699 5520 823 5574 Non
863 5529 1101 5587 putamus
1127 5521 1278 5574 etiam
1308 5522 1597 5590 quempiam
1627 5521 1864 5588 inveniri,
1891 5524 1974 5578 cui
1999 5534 2088 5578 aut
2117 5524 2340 5579 inductae
2369 5521 2430 5575 ab
2463 5522 2693 5591 ejusdem
2717 5517 2958 5573 editionis
2980 5515 3311 5588 ἐπιμεληταῖς
3331 5513 3384 5566 in
3407 5519 3584 5565 aucto-

264 5620 339 5672 ris
369 5629 562 5675 textum
592 5614 976 5670 immutationes
1009 5612 1375 5686 approbantur,
1410 5623 1498 5668 aut
1526 5614 1791 5668 verborum
1819 5615 1998 5686 quibus
2025 5615 2181 5686 hujus
2213 5613 2604 5698 lucubrationis,
2630 5627 2781 5680 quam
2812 5610 3016 5662 omnino
3044 5621 3199 5660 artant
3227 5619 3334 5658 esse
3353 5610 3580 5698 (oportet,

269 5718 440 5778 partes
467 5710 599 5762 inter
623 5722 680 5760 se
711 5703 1057 5769 nectebantur,
1091 5707 1228 5772 facta
1258 5704 1506 5759 detractio
1543 5723 1645 5759 non
1678 5707 1966 5776 displiceat.
2004 5708 2256 5772 Quocirca
2286 5723 2312 5760 e
2336 5695 2638 5772 scriptorum
2678 5701 2912 5756 codicum
2941 5715 3000 5753 ac
3035 5707 3260 5752 veterum
3296 5695 3582 5751 editionum

271 5799 374 5869 ﬁde
402 5802 577 5861 omnia
603 5797 944 5860 restituimus,
977 5804 1032 5850 ut
1057 5797 1165 5849 suis
1191 5796 1320 5849 locis
1344 5796 1730 5851 submonuimus
1759 5797 1824 5851 ad
1849 5800 2039 5852 calcem
2071 5799 2397 5868 paginarum.
3014 5877 3015 5880 η
3147 5877 3156 5880 Δ
3245 5865 3247 5870 λ
3361 5873 3410 5880 _'
3540 5823 3564 5862 ιε

348 5885 648 5945 simbr'os‘iu.i
677 5889 944 5944 ronrianes
961 5887 1143 5957 quibus
1167 5886 1248 5939 hic
1271 5896 1522 5942 tractatus
1547 5890 1888 5958 componitur,
1907 5904 2048 5942 morr
2070 5902 2163 5940 suo
2190 5888 2240 5941 in
2275 5884 2502 5939 Ecclesia
2533 5881 2882 5953 pronuntiarit
2916 5877 3027 5950 post
3053 5877 3324 5933 recitatum
3355 5873 3564 5944 Eranqe
