4042 6378
179 338 303 394 853

1333 332 1676 392 ΑΡοιοωΑ
1717 332 2110 393 PROPHE'I'E
2147 333 2240 390 DA
2250 333 2383 391 VlD.

3401 334 3503 390 854

185 456 474 514 mandatis
515 455 681 528 regiis
711 455 1012 526 composita
1041 465 1125 511 est
1150 467 1315 510 secus
1343 453 1510 509 necis.
1541 452 1674 510 Nam
1700 453 1804 508 etsi
1829 458 1878 516 Α
1905 464 2191 524 peccaturo
2219 469 2378 510 suum
2408 452 2773 509 conﬁtendum
2796 466 2908 507 non
2935 458 3112 523 putet.
3155 448 3253 507 Ille
3279 464 3373 506 rex
3405 450 3508 510 (De

179 549 338 606 nihil
367 549 436 606 ad
467 549 915 622 impedimentum
945 547 1278 619 cupiditatis.
1307 547 1596 618 plurimum
1625 555 1804 602 tamen

185 643 266 698 ad
317 644 700 703 verecundiam
734 643 982 700 adulterii
1013 643 1234 699 obstare
1278 641 1390 698 vita
1417 640 1536 711 ejus
1569 641 1807 698 restitns-

185 738 384 796 batur.

271 831 332 885 5.
365 829 546 901 Itaque
574 841 681 886 uta
715 831 1052 901 planioribus
1073 830 1439 891 esordiamur,
1470 846 1630 901 quem
1663 831 1807 889 Deus

185 927 542 999 justiticavit.
565 943 633 982 ne
656 937 712 983 tu
725 927 1010 996 dijudices.
1029 925 1136 981 Pro
1157 927 1369 981 minimo
1383 926 1505 980 mihi
1521 936 1614 991 est,
1634 926 1808 996 inquit

194 1021 433 1086 Paulus,
455 1031 554 1075 uta
580 1021 721 1075 vobis
743 1021 1025 1086 diiudicer,
1049 1031 1137 1072 aut
1167 1019 1230 1072 ab
1255 1018 1420 1090 676
1438 1018 1660 1072 humano
1683 1017 1766 1072 die
1789 1035 1808 1073 :

189 1114 294 1169 sed
319 1130 484 1181 neque
528 1129 607 1168 me
629 1115 799 1182 ipsum
825 1114 1057 1183 dijudico
1095 1111 1136 1183 (Ι
1169 1111 1290 1167 Cor.
1323 1128 1393 1175 tv,
1426 1112 1505 1182 3).
1545 1112 1611 1166 Et
1634 1111 1810 1166 adhuc

192 1215 322 1264 erat
362 1207 414 1262 in
455 1220 687 1276 corpore
723 1209 894 1271 situs,
945 1207 1125 1262 adhuc
1166 1205 1450 1264 tentatioui
1491 1205 1760 1260 obnoxius
1794 1220 1807 1257 :

190 1300 296 1355 sed
328 1299 451 1355 ideo
477 1314 538 1355 se
573 1316 681 1354 non
719 1300 1074 1369 dijudicahat,
1104 1301 1228 1368 quia
1253 1301 1510 1369 spiritalis
1534 1317 1562 1350 a
1595 1302 1812 1354 nemine

192 1392 572 1462 dijudicatur,
612 1393 716 1449 nisi
753 1411 780 1448 a
815 1395 934 1450 solo
965 1396 1093 1450 Deo.
1127 1395 1369 1465 Denique
1400 1394 1677 1449 subdidit:
1711 1394 1813 1460 Qui

195 1487 279 1558 dij
286 1491 466 1544 ndicat
482 1507 560 1544 me
582 1489 833 1547 Dominus
852 1503 950 1545 est.
969 1489 1155 1562 Itaque
1172 1493 1328 1546 nolite
1343 1501 1462 1544 ante
1478 1500 1674 1559 tempus
1691 1489 1813 1558 quid

187 1581 445 1654 judicare
473 1580 667 1654 (Ibid.,
693 1584 727 1638 4
751 1594 798 1638 et
823 1585 903 1654 5).
929 1583 1034 1640 Sed
1066 1584 1229 1638 David
1257 1583 1363 1653 jatu
1387 1596 1602 1651 tempus
1631 1581 1815 1650 imple-

200 1675 306 1742 vit,
343 1684 396 1731 et
425 1678 652 1746 gratiam
686 1679 919 1744 meruit,
959 1687 1016 1733 et
1040 1679 1366 1746 justiticatus
1397 1691 1422 1728 a
1453 1677 1673 1731 Christo
1693 1685 1811 1741 est;

199 1767 648 1836 quandoquidem
693 1769 857 1824 David
911 1785 972 1825 se
1018 1770 1124 1825 dici
1173 1769 1343 1824 lilium
1389 1770 1502 1840 ipse
1550 1768 1815 1823 Dominus

1911 545 2102 601 Ponit.
2133 548 2255 604 dist.
2289 551 2352 612 '5,
2404 563 2520 619 cap.
2556 544 2658 602 lue
2685 545 2800 620 res.)
2853 555 3035 602 tantus
3079 561 3146 600 se
3193 557 3389 614 potens
3437 559 3506 599 ue

1909 642 2106 710 exiguo
2153 643 2372 711 quidem
2423 651 2700 698 momento
2748 656 2972 698 manere
3013 655 3182 712 penes
3223 653 3285 694 se
3328 637 3509 692 delicti

1909 750 2105 806 passus
2126 744 2212 789 est
2231 735 2621 790 conscientiam
2643 752 2658 801 ;
2693 735 2788 789 sed
2819 745 3147 804 prtematura
3164 731 3508 788 confessione

1910 838 2073 900 atque
2102 829 2369 885 immenso
2397 829 2607 891 dolore,
2643 829 2874 884 reddidit
2908 839 3185 900 peccatum
3215 843 3374 883 suum
3405 827 3507 880 Do-

1911 928 2083 980 mino.
2134 923 2304 990 Q-tetu
2354 923 2484 978 mihi
2535 939 2677 978 nunc
2710 923 2864 978 l‘at-ile
2893 924 3137 992 reperias
3177 921 3506 976 honoratum

1911 1033 1974 1073 ac
2003 1017 2248 1082 divitem,
2279 1015 2371 1085 qui
2402 1016 2447 1070 si
2477 1028 2733 1086 arguatur
2759 1015 2991 1085 alicujus
3018 1016 3190 1082 culpte
3219 1027 3368 1078 reus,
3397 1027 3503 1066 non

1913 1115 2139 1168 moleste
2182 1112 2358 1166 ferat?
2422 1111 2494 1167 At
2545 1112 2634 1165 ille
2688 1111 2838 1181 regio
2885 1113 3066 1166 clarus
3109 1107 3373 1178 imperio,
3431 1114 3511 1160 tot

1911 1204 2110 1260 divinis
2157 1205 2418 1276 probatus
2459 1203 2734 1271 oraculis,
2786 1219 2906 1258 cum
2958 1221 2986 1257 a
3032 1203 3239 1269 privato
3286 1197 3511 1254 homine

1912 1301 2299 1366 corriperetur,
2322 1297 2464 1366 quod
2497 1297 2734 1366 graviter
2761 1296 3102 1364 deliquisset,
3125 1309 3233 1348 non
3265 1289 3512 1359 indigna-

1915 1400 2002 1445 tus
2031 1390 2335 1456 infremuit,
2369 1389 2463 1444 sed
2494 1388 2780 1444 confessus
2809 1387 3067 1457 ingemuit
3097 1386 3270 1453 culpa:
3298 1382 3508 1437 dolore.

1919 1485 2160 1555 Denique
2184 1486 2464 1540 Dominum
2494 1485 2653 1538 dolor
2683 1482 2856 1538 intimi
2887 1481 3058 1536 movit
3086 1477 3509 1547 aliectus(lbid.,

1919 1580 1947 1654 ᾗ
1984 1580 2211 1644 Denique
2241 1579 2575 1646 Dominum),
2615 1589 2674 1633 ut
2702 1579 2912 1632 Nathan
2945 1576 3148 1630 diceret
3184 1592 3197 1627 :
3243 1573 3525 1641 thnianr

1919 1675 2168 1740 paenituit
2209 1681 2299 1739 te,
2342 1683 2396 1726 et
2427 1672 2686 1726 Dominus
2730 1670 3005 1724 transtulit
3046 1677 3325 1736 peccatum
3358 1673 3510 1719 tuum

1920 1765 1987 1836 (ll
2021 1766 2146 1836 Reg.
2175 1779 2268 1830 xu,
2304 1762 2410 1834 15).
2447 1764 2726 1818 Maturitas
2755 1762 2936 1832 itaque
2961 1761 3159 1825 venite,
3187 1757 3510 1828 profundam

193 1862 615 1930 gratulabatur,
666 1873 720 1918 et
760 1864 849 1934 qui
879 1877 1003 1919 eum
1047 1863 1120 1918 ita
1151 1863 1584 1929 conﬁtebantur,
1617 1862 1814 1917 illumi-
1844 1851 1892 1912 B
1917 1861 2065 1930 regis
2094 1859 2258 1914 fuisse
2291 1857 2661 1927 penitentiam
2693 1855 3012 1922 declaravit,
3045 1868 3165 1923 quae
3195 1851 3330 1906 tanti
3361 1864 3512 1905 erro-

198 1952 495 2010 nabautur.
539 1954 649 2010 Cur
699 1954 972 2010 hominem
1022 1955 1115 2010 Dei
1142 1969 1172 2009 a
1207 1957 1429 2024 prtemio
1465 1955 1518 2010 in
1544 1955 1810 2025 judicium

201 2047 410 2100 vocas?
443 2045 714 2102 .ludicavit
749 2047 860 2116 jam
905 2047 972 2103 de
1015 2062 1082 2102 eo
1110 2048 1400 2113 Dominus,
1437 2048 1506 2103 de
1543 2064 1651 2119 quo
1677 2049 1814 2104 dixit

201 2137 271 2192 ad
297 2136 644 2194 Salotuouem
671 2156 684 2192 :
719 2139 780 2196 Si
805 2141 1145 2195 ambulaverit
1172 2141 1225 2194 in
1254 2151 1529 2213 conspectu
1558 2159 1688 2210 meo,
1711 2143 1812 2196 sic-

201 2239 260 2284 ut
306 2230 590 2286 ambulavit
629 2231 798 2288 David
840 2244 987 2304 pater
1025 2245 1142 2288 tuus
1177 2236 1231 2288 in
1267 2237 1534 2291 sanctitate
1561 2235 1733 2290 cordis
1765 2245 1814 2291 et

191 2325 441 2397 justitia,
469 2327 539 2381 ad
579 2329 677 2381 hoc
704 2337 757 2383 ut
784 2331 975 2398 faceret
1000 2330 1282 2382 secundum
1323 2331 1498 2384 omnia
1519 2344 1638 2400 qua!
1669 2347 1815 2386 man-

203 2418 327 2470 davi
376 2417 418 2471 ei
469 2418 562 2489 (III
601 2417 733 2491 Reg.
781 2436 856 2486 tx,
887 2419 969 2492 4).
1011 2421 1108 2476 llic
1131 2437 1261 2492 ergo
1287 2421 1492 2490 judicio
1521 2423 1718 2493 dignus
1743 2440 1811 2479 an

205 2512 432 2580 praemio
463 2521 578 2580 est,
611 2516 701 2581 qui
735 2513 861 2569 fecit
891 2514 1189 2570 secundum
1221 2516 1401 2570 omnia
1431 2517 1686 2571 mandata
1709 2532 1816 2575 ('0:-

206 2603 364 2660 lt-Stia
385 2647 402 2672 ,
434 2607 717 2662 ambulans
755 2609 805 2662 in
834 2609 1120 2664 sanctitate
1148 2619 1202 2664 et
1226 2610 1437 2680 jUSlltll
1461 2613 1682 2667 cordis?
1711 2612 1809 2670 Ubi

205 2704 438 2760 aliorum
464 2706 589 2761 vitia
619 2715 673 2762 et
705 2717 922 2776 peccata
947 2707 1272 2763 delitescunt
1293 2749 1306 2771 ,
1341 2707 1413 2762 ibi
1449 2709 1613 2763 David
1645 2712 1813 2766 virtu-

209 2798 280 2853 tis
308 2807 364 2854 et
395 2799 582 2868 gloria:
621 2815 733 2856 sua:
777 2799 1018 2856 divinum
1053 2802 1258 2872 accepit
1295 2803 1689 2858 testimonium.
1745 2805 1811 2860 Et

209 2889 278 2944 de
309 2890 427 2960 ejus
469 2902 693 2962 peccato
735 2891 1068 2962 disputamus
1095 2893 1276 2954 otiosi.
1307 2910 1403 2962 pro
1431 2895 1586 2965 cujus
1619 2897 1811 2951 merito

207 2993 268 3039 et
302 2987 471 3056 gratia
516 2986 747 3042 aliorum
786 3001 1004 3057 peccata
1051 2989 1289 3042 revelata
1327 2999 1470 3043 sunt.
1521 2988 1654 3043 Nam
1683 3003 1810 3044 cum

211 3079 529 3135 oli'mulisset
558 3080 841 3145 Salomon,
873 3081 1016 3152 quod
1063 3097 1168 3136 non
1210 3083 1539 3137 custodisset
1563 3083 1811 3137 mandata

215 3175 450 3240 Domini,
484 3185 542 3232 et
587 3191 810 3246 regnum
853 3177 971 3246 ejus
998 3176 1359 3245 diSposuisSet
1400 3177 1538 3230 Deus
1567 3176 1814 3232 scindere

215 3270 268 3323 in
298 3268 557 3355 plurimas
588 3283 792 3340 partes,
827 3271 898 3325 ait
927 3271 991 3324 ad
1025 3287 1146 3325 eum
1182 3292 1194 3323 :
1240 3269 1598 3326 Verumtamen
1626 3273 1679 3324 in
1705 3272 1815 3324 die-
1841 3248 1888 3311 (ἶ

217 3361 310 3419 bus
355 3367 456 3419 tuis
497 3382 598 3419 non
644 3366 834 3437 faciam
873 3366 967 3418 hoc
991 3371 1201 3437 promer
1233 3363 1400 3418 Dauid
1426 3375 1620 3436 patrem
1648 3377 1810 3418 tuum.

218 3462 298 3518 De
341 3480 493 3517 manu
521 3460 622 3530 ﬁlii
644 3460 717 3514 tui
751 3459 998 3529 accipiam
1027 3457 1179 3511 illud.
1223 3455 1580 3512 Verumtamen
1610 3474 1710 3510 non
1735 3469 1816 3510 to-

220 3565 325 3609 tum
348 3569 565 3625 regnum
600 3553 877 3622 accipiam,
907 3562 1164 3618 sceptrum
1189 3567 1346 3604 unum
1378 3549 1513 3603 dabo
1541 3550 1587 3602 ei
1614 3561 1819 3621 propter

222 3645 391 3702 David
428 3661 629 3702 servum
672 3659 842 3697 meum
883 3641 978 3715 (Ill
1009 3643 1137 3714 Reg.
1178 3657 1260 3707 XI,
1297 3643 1364 3696 η
1395 3653 1442 3697 et
1471 3640 1583 3713 l5).
1617 3641 1822 3697 Justiti-

222 3751 378 3798 caute
426 3742 588 3811 igitur
625 3739 876 3800 Domino,
925 3739 1046 3807 quis
1086 3747 1166 3792 est
1197 3736 1289 3805 qui
1324 3747 1530 3790 tantum
1559 3736 1821 3806 dijudicet

223 3835 431 3891 virum?
465 3831 618 3899 Quod
647 3831 807 3898 Dens,
840 3832 1034 3901 inquit,
1068 3829 1353 3895 mandauit,
1387 3839 1441 3883 tu
1465 3845 1735 3884 contmune
1759 3844 1822 3882 ne

228 3929 416 3983 dixeris
446 3928 586 3996 (Aet.
613 3942 669 3988 ι,
701 3925 813 3996 l5).

295 4023 349 4078 4.
395 4023 556 4078 Salvo
603 4029 779 4074 tamen
821 4015 1026 4087 judicio
1075 4015 1314 4080 caelesti,
1357 4029 1465 4084 quo
1501 4013 1662 4068 etiam
1709 4013 1824 4082 ipse

231 4126 433 4172 tantum
479 4111 806 4169 ltonorilices
840 4109 1181 4180 protihetam,
1213 4109 1268 4162 in
1295 4108 1418 4177 ejus
1444 4117 1594 4161 artus
1622 4121 1827 4161 mores-

232 4225 331 4280 que
361 4208 660 4279 ingredere.
679 4206 794 4259 Non
822 4204 1033 4258 miraris
1063 4201 1357 4267 hominem,
1375 4212 1426 4255 et
1441 4200 1604 4271 371
1623 4198 1828 4268 angelis

232 4300 618 4372 adaequandum
660 4299 897 4368 judiras,
936 4297 1221 4367 plurimum
1263 4296 1386 4349 vitae
1426 4312 1567 4360 sum,
1609 4295 1772 4346 immo
1799 4307 1828 4347 a

235 4396 456 4466 pueritia
484 4394 536 4449 itt
563 4391 782 4454 divitiis,
817 4390 1135 4455 hauet-ibus,
1166 4387 1408 4458 imperiis
1431 4386 1827 4450 derunt-autem,

241 4489 291 4544 in
322 4489 502 4544 multis
526 4486 913 4542 tentatiouihus
937 4485 1193 4556 positum,
1218 4484 1389 4538 semel
1420 4490 1624 4537 tantum
1653 4471 1718 4536 lot
1739 4498 1829 4536 unt

240 4582 404 4638 errori
437 4581 688 4643 dedisse,
716 4588 772 4634 et
797 4581 846 4632 ei
882 4578 1055 4637 errori
1085 4592 1193 4646 quo
1223 4576 1384 4631 etiam
1409 4585 1436 4610 ει
1462 4574 1638 4648 angeli
1666 4575 1833 4630 caelo-

1920 1956 1994 2010 ris
2023 1953 2284 2008 oﬂ‘eusam
2319 1951 2637 2006 traduxerit.

1991 2049 2042 2104 6.
2088 2048 2188 2102 Alii
2229 2047 2473 2100 homines
2503 2059 2626 2098 cum
2653 2058 2682 2097 a
2714 2039 3088 2096 sacerdotibus
3115 2036 3511 2108 corripiuntur,

1921 2151 2197 2214 peccatum
2230 2154 2385 2193 suum
2428 2139 2708 2208 ingravaul
2730 2177 2744 2201 ,
2794 2135 2921 2189 dum
2953 2148 3148 2202 negare
3173 2129 3396 2200 cupiunt
3425 2137 3519 2181 aut

1917 2237 2210 2294 defendere
2237 2252 2251 2300 ;
2288 2235 2470 2304 ibique
2498 2247 2685 2286 eorum
2725 2231 2908 2300 lapsus
2935 2237 3021 2282 est
3049 2225 3239 2295 major,
3273 2222 3363 2277 ubi
3393 2235 3517 2289 spc-

1920 2339 2070 2388 ratur
2120 2327 2384 2383 correctio
2414 2367 2426 2378 .
2494 2322 2679 2378 Sancti
2735 2330 2915 2374 autem
2971 2316 3183 2372 Domini
3229 2312 3433 2388 (Ibid,
3485 2310 3513 2381 ς

1921 2418 2128 2492 Sancti)
2158 2420 2246 2490 qui
2275 2427 2659 2472 consummare
2691 2414 2834 2483 pium
2863 2418 3141 2465 certamen
3171 2407 3430 2475 gestiunt,
3463 2413 3518 2456 et

1915 2529 2134 2572 currere
2165 2525 2382 2567 cursum
2409 2509 2598 2564 salutis
2617 2548 2630 2571 ,
2660 2505 2835 2561 sicubi
2865 2503 3003 2558 forte
3030 2507 3087 2556 ut
3118 2497 3364 2553 homines
3389 2510 3515 2550 cor-

1920 2611 2128 2666 ruerint
2159 2613 2366 2661 natura}
2395 2603 2567 2673 magis
2595 2599 2881 2671 fragilitate
2910 2609 3068 2666 quam
3099 2590 3356 2664 peccandi
3388 2589 3516 2642 lilii-

1919 2706 2087 2766 diue,
2138 2702 2380 2755 acriores
2429 2697 2494 2751 ad
2541 2693 2868 2749 currendum
2910 2696 3242 2758 resurgunt,
3296 2682 3523 2755 pudoris

1920 2797 2141 2853 stimulo
2171 2793 2375 2862 majora
2404 2800 2725 2861 reparantes
2751 2784 3047 2842 certamina
3072 2799 3087 2849 ;
3119 2794 3177 2835 ut
3203 2793 3311 2835 non
3341 2778 3517 2832 solum

1921 2892 2125 2946 nullum
2174 2889 2424 2941 attulisse
2476 2885 2772 2937 sistimetur
2817 2881 3000 2946 lapsus
3046 2877 3516 2946 impedimentum,

1918 2983 2014 3038 sed
2059 2983 2220 3036 etiam
2262 2978 2566 3034 velocitatis
2617 2973 2887 3030 incentiva
2927 2971 3252 3026 cumulasse.
3299 2967 3440 3035 Ergo
3470 2964 3519 3018 si

1919 3075 2254 3132 corretttiutn
2301 3085 2409 3125 non
2459 3069 2682 3123 solvitur
2733 3081 2954 3130 cursus,
3005 3079 3128 3118 cum
3168 3060 3311 3114 forte
3347 3057 3515 3124 aliqui

1919 3167 2236 3228 ceciderint.
2271 3179 2376 3218 non
2411 3163 2730 3216 luctantium
2763 3157 3076 3222 contentio,
3111 3154 3205 3209 sed
3252 3150 3521 3208 inoll‘ensa

1921 3267 2141 3314 uutnent
2181 3257 2475 3311 certamina
2504 3269 2518 3318 ;
2573 3254 2703 3322 quin
2735 3252 2896 3306 etiam
2930 3247 3172 3318 plerique
3201 3253 3323 3315 post
3353 3255 3518 3295 unum

1919 3362 2014 3408 aut
2037 3352 2266 3406 alterum
2303 3349 2534 3417 lapsum,
2560 3345 2728 3413 gratia
2765 3342 2973 3411 majore
3001 3345 3243 3396 vicerunt
3273 3356 3285 3391 :
3313 3347 3516 3412 quanto

1923 3444 2094 3513 magis
2140 3457 2365 3513 agoueut
2420 3436 2635 3509 pietatis
2685 3435 2912 3506 ingressi
2965 3449 3070 3487 non
3115 3430 3314 3487 debent
3355 3428 3518 3482 unius

1921 3535 2281 3608 prolapsionis
2311 3531 2613 3586 ol’l‘eusioiie
2659 3528 2904 3590 censeri,
2951 3541 3074 3580 cum
3103 3525 3299 3581 beatus
3327 3523 3400 3578 sit
3427 3521 3522 3592 qui

1923 3646 1983 3686 se
2035 3626 2272 3698 pomerit
2321 3639 2575 3693 teparare
2627 3629 2748 3692 post
2796 3620 3049 3689 lapsum;
3099 3617 3352 3687 quoniam
3401 3622 3530 3682 post

1926 3731 2154 3778 mortem
2187 3734 2402 3790 quoque
2433 3730 2716 3785 resurgere
2747 3728 2942 3768 munus
2972 3712 3256 3767 beatorum
3290 3715 3393 3763 est.

1999 3818 2052 3870 7.
2119 3815 2268 3869 Alias
2318 3827 2532 3882 quoque
2585 3812 2845 3880 prodesse
2901 3815 3180 3876 peccatum
3233 3813 3524 3869 possumus

1927 3905 2434 3978 comprehendere,
2512 3912 2567 3960 et
2628 3900 2964 3972 providentia
3039 3895 3248 3952 Domini
3315 3893 3525 3948 sanetis

1929 4003 2240 4073 ohrepsisse
2288 3999 2506 4054 delicta.
2576 3994 2847 4065 Propositi
2892 3992 3034 4048 enim
3086 3992 3152 4044 ad
3206 3987 3524 4043 imitandum

1932 4097 2089 4153 nobis
2118 4103 2245 4150 sunt
2273 4111 2286 4159 ;
2333 4100 2389 4148 et
2428 4091 2552 4146 ideo
2583 4101 2826 4144 curatum
2860 4094 2943 4141 est
2973 4095 3028 4140 ut
3060 4093 3114 4140 et
3150 4084 3250 4154 ipsi
3279 4083 3524 4152 aliquau-

1931 4191 2000 4246 do
2045 4189 2374 4244 laberentur.
2437 4185 2571 4240 Nam
2602 4182 2651 4238 si
2679 4179 2997 4236 iuoll'eusutu
3032 4193 3062 4231 a
3092 4176 3238 4231 vitiis
3271 4175 3410 4228 inter
3446 4180 3530 4226 tot

1934 4285 2138 4341 lubrica
2171 4282 2332 4351 hujus
2357 4280 2540 4336 saeculi
2570 4278 2896 4334 curriculum
2926 4273 3296 4345 peregissent,
3339 4267 3526 4323 dedis-

1935 4388 2056 4434 sent
2108 4377 2266 4432 ηυιήε
2293 4376 2636 4430 occasionem
2682 4369 3072 4428 inﬁrmioribus
3102 4356 3533 4421 :estimaudi'cu-

1931 4474 2146 4546 jnsdam
2192 4471 2490 4542 superioris
2527 4485 2622 4524 eos
2671 4478 2882 4522 naturae
2906 4479 2969 4517 ac
2995 4460 3193 4516 divina:
3223 4456 3429 4521 fuisse;
3476 4462 3536 4507 ut

1936 4571 2192 4625 délictum
2226 4567 2504 4636 recipere,
2539 4573 2592 4618 et
2617 4563 2792 4632 culpae
2819 4559 3156 4616 consortium
3192 4556 3393 4609 habere
3422 4563 3531 4606 non

240 4692 386 4744 rum,
421 4689 474 4730 ut
514 4677 790 4745 Scriptura
819 4684 1204 4728 commemorat
1238 4663 1392 4742 (Cen.
1422 4685 1496 4733 Vl,
1523 4669 1606 4740 ‘2),
1635 4645 1708 4723 ide
1737 4685 1831 4725 sua
1860 4653 1910 4712 ἲ)
1939 4672 2182 4737 possent.
2227 4662 2360 4729 Qua:
2398 4658 2582 4728 Opinio
2621 4658 2832 4725 utique,
2886 4663 2942 4708 ut
2969 4657 3222 4705 exsortes
3254 4659 3352 4699 nos
3380 4641 3538 4696 illius

242 4772 432 4824 vit-tute
477 4778 533 4822 et
549 4768 724 4837 gratia
767 4765 962 4836 dejceti
999 4777 1143 4820 sunt.
1177 4763 1202 4801 ι)
1229 4764 1367 4818 Sane
1396 4773 1452 4817 et
1475 4763 1612 4817 alter
1641 4763 1834 4834 legitur

245 4877 392 4918 error
411 4861 602 4932 ipsius,
631 4859 772 4930 quod
797 4857 1067 4913 numerari
1090 4856 1277 4910 fecerit
1303 4856 1583 4925 pupulum.

867 4997 1095 5054 CAPUT
1135 4991 1199 5051 ll.

247 5119 508 5174 Laudatur
553 5115 722 5170 David
759 5115 824 5169 ab
865 5114 1154 5169 humilitate
1197 5110 1585 5182 confessionis;
1630 5128 1692 5166 ac
1737 5124 1837 5167 tres

313 5227 502 5279 caustz,
525 5227 618 5264 cur
639 5210 831 5264 sanctis
862 5219 1126 5281 peccatum
1152 5209 1394 5276 obrepere
1421 5204 1546 5259 utile
1576 5205 1661 5268 sit,
1688 5205 1839 5274 idque

318 5309 458 5361 Deus
488 5303 769 5371 permittat,
797 5302 1110 5369 afferuntur.

317 5425 369 5479 ὅ.
417 5421 799 5493 Unusquisque
822 5429 1064 5473 nostrum
1101 5432 1195 5486 per
1224 5415 1464 5485 singulas
1487 5411 1650 5468 horas
1680 5427 1841 5482 quam

253 5517 408 5572 multa
459 5513 760 5584 delinquit,
815 5520 871 5566 et
917 5520 1097 5564 tamen
1149 5507 1525 5578 unusquisque
1576 5504 1642 5560 de
1684 5504 1842 5573 plebe

256 5659 551 5729 signiﬁcare
570 5670 632 5710 ac
658 5654 829 5707 lumen
850 5665 1158 5729 utetmt,_quo
1180 5643 1338 5703 modo
1364 5662 1548 5729 Vocem
1571 5644 1665 5700 Uri
1694 5635 1851 5716 vulgo

258 5717 701 5800 itﬁet'pretatttttr,
729 5739 850 5778 cum
883 5739 986 5776 Vox
1023 5717 1179 5775 Urius
1207 5733 1509 5791 expOuatur
1531 5717 1724 5784 lumen,
1754 5729 1848 5773 seu

262 5798 421 5874 ignis:
430 5798 657 5874 Domini.

328 5881 352 5911 ⁸
407 5872 482 5926 De
511 5872 603 5944 illo
630 5867 954 5942 Angelorum
1000 5866 1150 5938 lapsu
1191 5880 1219 5918 a
1251 5864 1410 5926 nobis
1444 5863 1495 5916 iu
1529 5861 1621 5924 lib.
1649 5860 1718 5916 de
1743 5861 1858 5918 Noe

1938 4759 2292 4819 substantiae,
2355 4755 2421 4809 ab
2473 4751 2794 4819 itnpossihili
2862 4747 3166 4802 imitatione
3231 4744 3537 4794 revocaret.

1943 4853 2192 4906 l’rmterit
2241 4849 2404 4917 igitur
2447 4844 2719 4914 paulisper
2748 4841 2874 4895 illos
2897 4839 3067 4911 6⁸18
3095 4834 3186 4890 Dei
3215 4831 3390 4914 gratia
3411 4827 3432 4892 ‘t
3479 4836 3544 4881 ut

1946 4947 2098 5002 nobis
2127 4943 2195 4998 ad
2238 4943 2594 4997 imitationem
2640 4937 2747 4992 vita
2785 4950 2971 4991 eorum
3019 4936 3169 4984 lieret
3211 4923 3540 4992 disciplina;

1943 5048 1999 5095 et
2027 5040 2163 5093 sicut
2194 5033 2518 5090 innocentia:
2544 5074 2558 5098 ,
2607 5033 2674 5085 ita
2705 5040 2758 5085 et
2789 5023 3122 5098 paenitentiae
3169 5016 3542 5088 magisterium

1945 5132 2011 5186 de
2061 5146 2250 5185 eorum
2302 5128 2510 5182 actibus
2563 5137 2922 5178 sumeremus.
2983 5119 3124 5186 Ergo
3173 5113 3300 5168 dunt
3355 5109 3539 5176 lapsus

1945 5239 2133 5281 eorum
2163 5223 2283 5292 lego
2305 5263 2319 5288 ,
2349 5231 2636 5275 consortes
2663 5217 2825 5270 etiam
2853 5212 2976 5266 illos
3010 5203 3346 5263 inﬁrmitatis
3373 5215 3540 5270 agno-

1944 5332 2070 5372 sco:
2094 5317 2221 5371 dum
2252 5315 2414 5370 credo
2441 5319 2747 5374 consortes,
2775 5303 3066 5359 imitandos
3096 5313 3220 5356 esse
3243 5307 3536 5366 przcsumo.

2019 5413 2072 5468 8.
2115 5412 2384 5467 Admonet
2430 5410 2595 5463 etiam
2650 5401 2920 5473 apostolus
2967 5397 3167 5453 Paulus
3196 5391 3263 5462 (ll
3290 5389 3410 5445 Cor.
3441 5401 3547 5452 xu,

1948 5506 2004 5575 7)
2037 5504 2384 5576 prostiexisse
2412 5489 2701 5555 Dominum
2738 5496 2903 5550 Deum
2937 5499 3206 5554 nostrum,
3240 5501 3309 5541 ne
3335 5483 3422 5538 vel
3452 5492 3545 5535 re-

1959 5656 2012 5701 et
2043 5648 2178 5700 Area
2206 5645 2270 5699 ad
2304 5643 2507 5698 calcem
2536 5640 2640 5693 col.
2666 5639 2762 5693 251
2798 5636 3000 5689 dictum
3031 5628 3314 5703 reperies._
3426 5694 3438 5703 _
3501 5693 3521 5703 η

2029 5694 2419 5769 edit.
2447 5713 2548 5766 ista
2588 5711 2921 5780 jugulaverat
2963 5721 2986 5780 :_
3021 5694 3235 5780 sanest
3261 5694 3553 5780 alter_legi-

1960 5802 2043 5843 tur
2087 5768 2255 5843 error
2289 5768 2454 5854 ipsius
2480 5825 2493 5843 ,
2542 5768 2680 5849 quod
2727 5778 2987 5835 numerari
3031 5773 3212 5854 fecerit
3253 5768 3550 5854 populatur;

1965 5841 2214 5933 dilatio:
2241 5841 2588 5917 ex'omnibu's
2629 5868 2762 5912 mss.
2799 5860 2853 5910 et
2879 5856 2994 5906 aut.
3023 5841 3156 5905 edit.
3191 5841 3554 5902 resutuituus.
