4042 6378
549 317 656 371 855

1893 314 2138 372 SANCTI
2178 315 2500 373 AMBROSII

3773 315 3864 371 856

548 435 886 492 velationum
917 433 1252 492 sublimitate
1275 474 1291 499 ,
1337 433 1423 490 vel
1450 433 1692 490 secundo
1717 445 1943 504 operum
1973 432 2152 488 eonti-
2183 437 2228 499 Α
2256 433 2494 488 alienum
2521 475 2536 498 ,
2589 432 2713 489 ideo
2737 433 2888 490 solus
2933 434 3030 490 fuit
3059 433 3190 490 sine
3215 428 3510 489 consortio
3534 429 3859 490 delictorum.

555 537 761 585 nuante
791 543 1080 599 processu,
1115 528 1382 583 humanus
1412 528 1576 583 etiam
1609 527 1660 582 in
1689 526 1894 584 sanctis
1925 525 2156 582 extolle-

552 633 707 682 retur
766 623 1035 690 allectus,
1101 636 1202 678 nec
1273 622 1377 678 sibi
1439 623 1802 694 deputarent,
1852 620 2154 691 virtutique

556 717 913 772 attribuerent
941 731 1052 771 suae
1079 757 1093 782 ,
1145 714 1291 788 quod
1318 715 1498 771 divina
1531 715 1632 771 sibi
1669 715 1990 786 operatione
2019 711 2160 768 foret

556 812 832 868 collatum.
890 810 1034 881 Ergo
1064 825 1134 865 ne
1165 810 1218 864 in
1253 817 1459 863 tantum
1494 807 1867 879 praejudicium
1910 813 2155 870 ruerent,

554 915 716 977 atque
747 906 800 960 in
829 903 1076 976 perﬁdiae
1103 902 1314 959 foveam
1343 901 1688 967 deciderent,
1721 914 1914 971 passus
1939 906 2022 954 est
2050 897 2158 952 Do-

555 1000 737 1054 minus
767 998 875 1053 illis
901 998 1207 1054 subintrare
1231 996 1446 1067 culpam
1473 1011 1488 1062 ;
1519 1005 1576 1050 ut
1603 1005 1658 1052 et
1685 995 1785 1064 ipsi
1813 993 2161 1049 adverterent

501 1087 506 1090 ’
553 1091 754 1148 divinis
783 1106 844 1146 se
871 1091 1088 1146 auxiliis
1116 1090 1399 1162 indigere,
1449 1089 1754 1156 ducemque
1797 1087 1990 1142 salutis
2039 1101 2152 1141 suae

556 1184 910 1255 quaerendum
943 1200 1064 1247 esse
1097 1191 1516 1256 cognoscerent.
1580 1183 1822 1254 Denique
1850 1181 2050 1236 Paulus
2080 1180 2161 1236 in-

556 1276 870 1332 ﬁrmitatem
917 1277 1020 1332 sibi
1071 1277 1342 1347 profuisse
1372 1281 1636 1341 testatur,
1681 1274 1898 1330 dicente
1933 1273 2161 1329 Domino

556 1371 768 1441 roganti
802 1371 925 1438 sibi,
963 1381 1019 1425 ut
1046 1386 1076 1424 a
1103 1385 1164 1426 se
1189 1370 1443 1424 stimulus
1471 1367 1652 1423 carnis
1680 1382 1793 1423 sua:
1821 1365 2157 1422 discederet:

557 1468 758 1538 Sufﬁcit
787 1467 876 1522 tibi
906 1468 1076 1540 gratia
1102 1482 1215 1522 inea
1239 1482 1258 1520 :
1285 1481 1405 1518 nam
1433 1463 1595 1517 virtus
1624 1464 1678 1516 in
1705 1462 2009 1532 infirmitate
2035 1477 2164 1515 con-

521 1609 530 1618 .
559 1574 850 1618 summatur
874 1560 1063 1634 (Ibid.,
1093 1560 1172 1632 9).
1221 1559 1522 1628 Meritoque
1547 1557 1812 1629 gloriatur
1842 1557 1893 1610 in
1928 1553 2160 1610 inﬁrmi-

563 1657 808 1722 tatibus;
863 1655 1070 1711 sciebat
1099 1655 1244 1709 enim
1274 1653 1493 1708 virtutis
1538 1651 1870 1708 abundantia
1898 1649 2162 1721 plurimos

558 1751 726 1806 etiam
753 1758 972 1804 sanctos
998 1750 1116 1804 sine
1143 1747 1388 1803 remedio
1416 1746 1713 1802 corruisse.
1755 1744 1972 1813 Quanto
1999 1741 2163 1814 igitur

2332 528 2419 583 ll.
2463 527 2545 583 Ad
2586 541 2878 596 summam,
2926 528 3200 600 Apostolo
3225 541 3456 600 quoque
3497 525 3752 594 docente,
3784 543 3862 583 co-

2259 625 2552 696 gnovimus
2596 623 2650 678 in
2696 624 2862 696 ﬁgura
2891 631 3042 696 gesta
3069 637 3199 679 esse
3236 622 3554 693 complura,
3587 636 3710 693 qua
3742 629 3862 678 tern-

2258 718 2484 790 poribus
2511 727 2663 790 gesta
2691 717 3063 790 superioribus
3091 727 3244 772 sunt.
3292 713 3435 771 Nam
3477 729 3605 770 cum
3656 714 3863 771 dixisset

2259 813 2314 870 in
2341 812 2564 869 deserto
2595 821 2778 884 patres
2801 827 2831 867 a
2861 811 3214 884 serpentibus
3236 810 3560 866 vulneratos
3586 823 3701 864 non
3726 809 3865 866 aliter

2260 910 2507 980 potuisse
2536 909 2736 974 sanari,
2767 908 2872 964 nisi
2902 908 3117 980 Moyses
3146 914 3469 976 serpentem
3502 905 3866 975 suSpendisset

2261 1021 2461 1061 mreum
2484 1048 2499 1073 ,
2531 1020 2639 1076 quo
2667 1006 2818 1069 viso,
2850 1005 3078 1060 letbales
3103 1004 3181 1060 illi
3213 1018 3433 1060 morsus
3467 1002 3865 1074 infusiunesqne

2262 1097 2456 1154 veneni
2490 1099 2665 1152 noxire
2691 1097 3054 1162 curabuntur,
3083 1096 3360 1166 subjecit:
3419 1094 3555 1150 Hm:
3603 1104 3781 1150 autem
3824 1097 3866 1150 is

2261 1192 2433 1264 ﬁgura
2475 1190 2616 1257 facta
2649 1199 2770 1244 sunt
2815 1189 2920 1244 illis
2946 1187 2989 1262 (Ι
3018 1188 3142 1244 Cor.
3165 1204 3234 1256 ι,
3271 1190 3327 1259 6)
3362 1187 3429 1243 ad
3471 1197 3731 1243 nostram
3759 1203 3863 1243 core

2261 1287 2580 1341 rectionem.
2637 1284 2693 1339 In
2735 1283 2903 1354 figura
2934 1299 3109 1340 aereus
3146 1298 3378 1354 serpens
3416 1292 3708 1353 tamquam
3753 1298 3864 1338 con-

2264 1376 2402 1432 ﬁxus
2430 1377 2577 1432 cruci
2603 1393 2618 1443 ;
2653 1377 2782 1448 quia
2813 1393 2970 1434 verus
3000 1377 3408 1449 cruciﬁgcndus
3435 1378 3641 1450 generi
3677 1393 3862 1433 annnn.

2265 1470 2502 1524 tiabatur
2558 1470 2836 1538 humano,
2904 1470 2994 1542 qui
3064 1471 3336 1541 serpentis
3387 1470 3604 1526 diaboli
3672 1486 3862 1526 venena

2266 1572 2541 1629 vacuaret,
2565 1563 2618 1618 in
2651 1563 2822 1636 ﬁgura
2851 1563 3189 1629 maledictus,
3225 1567 3277 1620 in
3313 1567 3553 1622 veritate
3577 1576 3766 1621 autem
3791 1569 3863 1637 qui

2266 1656 2433 1711 totius
2478 1657 2666 1713 mundi
2718 1657 3008 1714 maledicta
3045 1659 3275 1714 deleret.
3334 1659 3478 1714 Alibi
3524 1675 3779 1731 quoque,
3825 1661 3864 1715 id

2265 1757 2374 1814 est,
2407 1749 2472 1804 ad
2497 1749 2716 1805 Galatas
2741 1748 2850 1804 ait:
2889 1749 3024 1817 Quia
3049 1751 3175 1805 duos
3207 1751 3345 1820 ﬁlios
3376 1751 3563 1805 habuit
3593 1752 3862 1812 Abraham.

559 1839 902 1896 commodius
935 1841 1025 1896 uni
1054 1848 1151 1896 aut
1180 1838 1390 1895 duabus
1417 1835 1936 1908 reprehensionibus
1979 1834 2157 1888 locum
2190 1837 2238 1899 Β
2266 1859 2428 1896 unum
2457 1842 2520 1896 de
2543 1843 2758 1908 ancilla,
2780 1852 2829 1897 et
2857 1859 3017 1896 unum
3047 1844 3110 1898 de
3139 1844 3298 1898 libera
3325 1843 3529 1915 (Galat.
3555 1859 3635 1907 tv,
3668 1845 3783 1915 2'2).
3812 1845 3863 1900 Et

559 1932 822 1999 dedisse,
875 1949 1037 2006 quam
1095 1934 1327 1989 traxisse
1378 1931 1432 1987 in
1483 1940 1810 2002 perpetuum
1860 1927 2160 1984 divinitatis

557 2025 822 2084 olfensam
845 2027 870 2082 ?

1181 2140 1409 2200 CAPUT
1455 2140 1544 2196 111.

559 2279 813 2334 Davidem
841 2296 900 2336 eo
928 2279 1196 2335 tentationi
1223 2279 1512 2347 expositum
1539 2278 1702 2348 fuisse
1726 2319 1740 2344 ,
1771 2279 1911 2346 quod
1934 2279 2160 2334 athletas

632 2389 755 2428 suos
786 2373 944 2426 uariis
969 2369 1337 2428 certaminibus
1366 2371 1626 2438 exerceri,
1681 2381 1729 2426 et
1754 2372 1902 2426 nobis
1927 2372 2164 2440 exemplo

635 2485 744 2523 esse
780 2466 921 2521 Deus
973 2467 1135 2521 uelit:
1184 2475 1434 2534 praeterea
1484 2464 1716 2534 ejusdem
1755 2463 2068 2518 adulterium
2107 2465 2162 2518 in

631 2560 858 2629 figuram
899 2560 1098 2628 factum
1122 2598 1138 2623 ,
1183 2555 1425 2611 adductis
1462 2555 1619 2610 variis
1649 2555 1947 2627 allegoriis,
1990 2554 2165 2610 decla-

631 2661 804 2706 ratur.

635 2765 692 2821 9.
721 2763 863 2832 Quid
893 2765 1058 2822 etiam
1090 2763 1181 2820 illa
1208 2763 1458 2834 adjiciam
1488 2780 1610 2836 quae
1636 2779 1705 2821 ex
1735 2765 1852 2836 ipso
1882 2780 1980 2820 usu
2008 2779 2166 2820 mun-

565 2859 620 2916 di
649 2857 925 2929 conjicere
957 2873 1247 2928 possumus
1273 2900 1287 2922 ,
1339 2859 1462 2930 quia
1493 2859 1781 2930 plerosque
1810 2873 1936 2916 cum
1967 2859 2165 2929 proba.

569 2951 806 3007 verimus
846 2951 900 3005 in
932 2951 1114 3021 aliquo
1141 2948 1326 3006 ofﬁcio
1350 2992 1365 3017 ,
1411 2951 1630 3006 eosdem
1671 2951 1827 3021 quasi
1869 2950 2164 3007 industrios

567 3052 734 3114 atque
779 3043 1041 3116 impigros
1088 3045 1140 3100 in
1179 3043 1290 3099 alio
1333 3059 1561 3100 munere
1598 3045 1847 3100 volumus
1883 3045 2166 3116 experiri?

566 3140 738 3209 Quam
770 3140 925 3194 multi
969 3139 1190 3194 athleta:
1217 3154 1339 3194 cum
1375 3139 1482 3194 isto
1506 3140 1746 3196 certandi
1775 3156 1978 3212 genere
2022 3155 2164 3210 prae-

2265 1935 2537 1992 subdidit:
2571 1934 2678 1991 Sed
2705 1937 2748 1990 is
2777 1935 2982 2005 quidem
3004 1936 3092 2004 qui
3121 1935 3184 1989 de
3205 1937 3422 2003 ancilla,
3452 1937 3749 1991 secundum
3773 1954 3865 1991 crr-

2265 2045 2380 2084 uem
2410 2039 2561 2084 natus
2590 2039 2663 2083 est
2695 2046 2713 2083 :
2760 2030 2845 2100 qui
2877 2040 3047 2084 autem
3074 2029 3138 2084 de
3164 2029 3354 2093 libera,
3399 2047 3496 2102 per
3521 2033 3865 2098 repromissio-

2265 2137 2379 2176 uem
2402 2137 2422 2187 ;
2450 2136 2566 2192 quae
2592 2129 2710 2175 sunt
2743 2137 2832 2191 per
2861 2120 3164 2195 allegoriam
3191 2123 3331 2176 dicta
3357 2121 3555 2193 (Ibid.,
3582 2122 3710 2194 25).
3746 2124 3862 2192 Quid

2265 2216 2337 2272 sit
2367 2231 2463 2287 per
2494 2216 2842 2287 allegoriam,
2885 2216 2936 2271 in
2971 2217 3327 2287 sequentibus
3355 2218 3621 2286 exposuit
3653 2219 3857 2274 eviden-

2267 2323 2368 2380 ter,
2399 2313 2590 2370 dicens
2615 2313 2752 2369 duas
2781 2313 2900 2370 illas
2934 2315 3332 2386 generationes,
3363 2329 3533 2368 unam
3563 2314 3638 2369 de
3663 2316 3861 2379 ancilla,

2266 2409 2493 2465 alteram
2543 2408 2610 2464 de
2660 2409 2830 2465 libera
2859 2451 2874 2477 ,
2926 2408 3036 2464 duo
3085 2424 3208 2465 esse
3246 2408 3607 2464 Testamenta
3651 2428 3666 2463 :
3717 2426 3859 2464 unum

2264 2503 2481 2576 quidem
2509 2518 2538 2557 a
2563 2511 2751 2559 monte
2773 2503 2903 2559 Sina
2937 2503 2990 2558 in
3018 2503 3338 2558 servitutem
3364 2517 3670 2572 generans,
3698 2503 3748 2556 in
3773 2516 3860 2572 quo

2265 2607 2450 2654 monte
2489 2595 2688 2668 Legem
2723 2595 2938 2668 Moyses
2987 2597 3191 2668 accepit
3241 2610 3270 2649 a
3319 2595 3597 2650 Domino:
3644 2595 3857 2650 alterum

2263 2699 2446 2746 autem
2477 2689 2545 2743 ab
2573 2687 2913 2744 Hierusalem
2942 2703 3062 2757 quae
3098 2697 3181 2743 est
3219 2686 3387 2742 libera
3412 2729 3428 2753 ,
3475 2702 3603 2758 qua:
3647 2687 3702 2741 in
3731 2685 3858 2742 Isaac

2265 2782 2405 2838 ﬁlios
2427 2824 2442 2848 ,
2473 2781 2576 2836 hoc
2605 2789 2719 2847 est,
2753 2781 2807 2836 in
2839 2781 3092 2836 libertate
3118 2781 3337 2852 gratiae,
3372 2794 3482 2836 non
3516 2780 3723 2836 littere
3750 2795 3854 2836 ser-

2264 2879 2434 2935 vitute
2461 2877 2763 2949 generavit.
2806 2877 2993 2934 Servis
3022 2877 3168 2932 enim
3210 2891 3369 2946 paena
3399 2875 3762 2942 decernitur,
3808 2875 3856 2928 li-

2265 2971 2411 3028 beris
2441 2971 2719 3029 confertur
2741 2971 2937 3043 gratia.
2978 2969 3171 3026 Nonne
3199 2969 3252 3025 in
3281 2979 3409 3041 typo
3437 2969 3681 3040 gemina:
3709 2968 3855 3037 plebis

2264 3063 2432 3121 Jacoh
2460 3065 2598 3120 duas
2625 3065 2837 3135 accepit
2864 3075 3096 3126 uxores,
3135 3076 3205 3116 ex
3232 3062 3430 3131 quibus
3461 3059 3743 3116 diversam
3778 3075 3850 3115 so.

2267 3158 2446 3213 bolem
2495 3157 2852 3228 procreavit?
2905 3154 3017 3211 Cur
3062 3153 3370 3228 patriarcha
3417 3153 3597 3210 ludas
3642 3153 3851 3227 propria

567 3234 860 3302 valuerint,
891 3233 957 3289 ad
985 3232 1129 3290 aliud
1155 3249 1328 3305 genus
1355 3243 1623 3290 vocantur
1646 3235 1997 3290 certaminis!
2025 3233 2164 3300 Quid
2193 3229 2239 3293 C
2275 3264 2445 3304 ηυτιιε
2475 3257 2598 3318 post
2628 3249 2720 3305 ﬁlii
2761 3249 2841 3304 sui
2873 3257 3103 3303 mortem
3147 3246 3342 3318 legitur
3367 3249 3653 3318 expetisse
3677 3263 3851 3304 concu-

562 3327 610 3383 si
640 3338 693 3382 et
722 3337 772 3383 te
802 3327 1066 3382 Dominus
1095 3327 1234 3382 Deus
1280 3335 1409 3382 tuus
1453 3343 1576 3383 cum
1615 3327 1833 3398 aliquod
1884 3327 2160 3397 specimen

567 3420 785 3474 virtutis
827 3419 1046 3475 dederis
1094 3427 1196 3474 tuae
1222 3462 1236 3485 ,
1291 3419 1347 3474 in
1389 3420 1496 3474 alio
1524 3420 1783 3474 virtutum
1819 3434 2020 3490 genere
2050 3419 2163 3474 vult

566 3513 842 3584 probare?
881 3512 984 3568 .lob
1010 3523 1255 3568 sanctum
1285 3522 1593 3568 currentem
1625 3511 1887 3568 inoffense
1913 3555 1928 3578 ,
1968 3513 2162 3568 tentari

569 3615 750 3662 tamen
790 3605 1023 3661 filiorum
1063 3606 1280 3661 interitu
1302 3645 1317 3670 ,
1349 3616 1404 3660 et
1427 3589 1671 3676 corporis
1701 3605 1864 3660 totius
1892 3605 2163 3660 ulceribus

571 3711 763 3768 passus
789 3706 908 3754 est:
932 3707 990 3754 ut
1018 3699 1070 3753 in
1099 3697 1201 3752 hoc
1225 3712 1438 3768 quoque
1464 3701 1584 3766 ejus
1603 3697 1855 3754 virtutem
1884 3699 2162 3768 probaret,

569 3792 615 3846 si
647 3806 748 3846 nec
780 3790 991 3862 injuriis
1018 3833 1032 3856 ,
1085 3805 1185 3846 nec
1230 3791 1619 3847 acerbitatibus
1655 3801 1875 3847 coactus
1919 3791 2165 3847 devotio-

568 3900 692 3940 nem
723 3885 807 3941 sui
838 3886 1111 3941 minueret
1139 3884 1383 3941 affectus.
1430 3884 1568 3940 Num
1618 3886 1786 3956 liquet
1820 3885 1962 3956 quod
1998 3886 2162 3941 etiam

565 3987 813 4032 sanctum
843 3977 1008 4033 David
1038 3975 1145 4032 ﬁde
1171 3976 1440 4044 nobilem,
1471 3978 1980 4047 prmstantissimum
2010 3993 2160 4033 man-

564 4071 855 4127 suetudine
875 4112 888 4136 ,
921 4086 1083 4125 manu
1113 4071 1308 4126 fortem
1337 4071 1573 4144 probare
1598 4072 1862 4135 voluerit,
1900 4072 2162 4142 quemad-

569 4163 786 4219 modum
813 4163 1004 4218 vitium
1036 4172 1271 4234 tegeret,
1325 4164 1536 4235 lapsum
1579 4165 1929 4230 emendaret;
1971 4176 2030 4220 ut
2063 4179 2162 4220 nos

567 4256 794 4312 doceret
821 4255 1276 4327 quemadmodum
1318 4255 1611 4312 admissum
1653 4258 1923 4327 possimus
1947 4256 2162 4329 operire

567 4359 845 4419 peccatum
869 4351 892 4404 ?

643 4441 730 4496 10.
760 4441 870 4496 Nisi
899 4441 1039 4498 forte
1062 4441 1185 4497 vilis
1209 4456 1373 4497 causa
1401 4443 1559 4497 alicui
1589 4442 1824 4509 videtur,
1853 4454 1910 4498 ut
1940 4452 2163 4514 propter

570 4543 811 4588 nostram
843 4533 1236 4589 correctionem
1271 4540 1451 4588 tantus
1478 4541 1690 4588 erraret
1720 4534 2005 4604 propheta,
2036 4547 2158 4588 eum

2269 3340 2440 3396 bitum
2473 3338 2626 3412 (Gen.
2655 3355 2880 3407 xxxvm,
2914 3339 3030 3409 16),
3062 3354 3172 3411 quo
3200 3340 3544 3410 geminorum
3578 3353 3765 3411 partus
3786 3351 3853 3396 est

2267 3431 2448 3486 editus
2472 3474 2487 3499 ,
2545 3431 2649 3486 nisi
2686 3440 2743 3486 ut
2782 3432 2952 3504 ﬁgura
2985 3440 3220 3502 utroque
3245 3431 3375 3487 Jcsu
3404 3430 3628 3487 Domini
3669 3447 3850 3503 praece-

2268 3523 2424 3580 deret
2453 3524 2850 3580 Testamento:
2893 3541 3122 3596 quorum
3160 3525 3389 3580 alterum
3435 3525 3490 3580 in
3517 3535 3652 3598 typo
3679 3527 3849 3583 futura

2270 3616 2461 3671 mortis
2490 3618 2608 3685 ejus
2635 3625 2720 3672 est
2743 3617 3043 3679 conditum,
3073 3617 3302 3672 alterum
3333 3618 3385 3671 in
3415 3617 3699 3687 Evangelii
3726 3618 3848 3674 veri-

2271 3716 2379 3763 late
2401 3748 2417 3775 ,
2446 3707 2586 3762 duos
2615 3707 2844 3779 populos
2871 3723 2992 3764 esse
3020 3709 3360 3779 generandos
3379 3751 3394 3776 ,
3425 3725 3662 3780 quorum
3692 3719 3848 3781 poste-

2268 3801 2382 3856 rior
2415 3802 2467 3856 in
2499 3802 2680 3859 crucis
2717 3802 2872 3873 signo
2908 3817 3094 3873 sepem
3131 3817 3347 3858 omnem
3396 3817 3462 3859 ac
3510 3804 3844 3858 munitionem

2268 3895 2453 3966 pepuli
2486 3895 2786 3967 superioris
2813 3895 3118 3951 incideret?
3176 3895 3275 3954 llic
3304 3906 3386 3952 est
3427 3897 3666 3968 populus
3708 3912 3844 3952 manu

2269 3990 2453 4061 prior,
2507 3999 2631 4046 ortu
2673 3990 2961 4061 posterior.
3003 3989 3100 4046 Vel
3129 3990 3253 4061 quia
3286 3990 3402 4060 ipse
3427 3989 3691 4046 Dominus
3711 3992 3844 4047 Jesus

2269 4092 2428 4139 natus
2468 4098 2536 4140 ex
2559 4083 2726 4139 Tribu
2751 4083 2887 4139 Juda
2919 4098 3080 4154 opera
3111 4097 3206 4138 sua
3237 4091 3362 4139 ante
3389 4083 3676 4155 praemisit,
3708 4099 3842 4155 quam

2269 4176 2428 4233 nobis
2460 4193 2528 4233 ex
2561 4176 2780 4247 Virgine
2810 4186 3146 4232 nasceretur.

2341 4269 2433 4325 12.
2477 4269 2618 4338 Quid
2647 4269 2715 4325 de
2741 4269 2941 4340 Joseph
2972 4271 3187 4340 loquar,
3228 4271 3318 4341 qui
3351 4284 3379 4323 a
3414 4270 3679 4355 fratribus
3702 4285 3843 4342 appe-

2269 4363 2424 4430 titus,
2457 4371 2651 4417 exutus
2679 4364 2854 4433 patrio
2875 4364 3222 4428 vestimento,
3255 4363 3309 4419 in
3342 4363 3520 4420 lacum
3549 4367 3772 4434 missus,
3798 4367 3839 4419 in

2267 4453 2582 4509 servitutem
2610 4454 2880 4522 venditus,
2913 4455 3135 4511 evidens
3159 4455 3840 4514 Dontiniczelncarnationis

2273 4549 2542 4619 expre>sit
2570 4547 2826 4604 indicium
2848 4549 2872 4603 ἲ
2896 4565 2962 4606 eo
2986 4549 3127 4621 quod
3159 4551 3251 4606 ille
3274 4550 3507 4607 dilectus
3532 4553 3700 4626 mo
3717 4553 3838 4608 Patri

569 4638 793 4700 propter
821 4629 1061 4684 omnium
1098 4629 1532 4700 Γθάθπιρίίοηθῐη
1574 4628 1917 4685 inﬁrmum“
1947 4639 2162 4685 "05"“
2188 4637 2243 4698 D
2266 4655 2387 4696 cum
2417 4650 2561 4696 esset
2591 4641 2642 4695 in
2668 4641 2767 4696 Dei
2809 4640 3017 4709 forma,
3067 4658 3173 4697 non
3220 4643 3464 4714 rapinam
3510 4646 3838 4701 arbitraretur

564 4721 817 4777 Christus
846 4721 1147 4792 susceperit
1170 4764 1186 4790 ,
1232 4723 1322 4794 qui
1356 4731 1634 4793 peccatum
1673 4739 1769 4793 pro
1797 4722 1955 4778 nobis
1986 4723 2160 4778 factus

566 4810 684 4882 est',
727 4830 852 4871 cum
905 4825 1185 4886 peccatum
1223 4831 1335 4872 non
1370 4817 1705 4887 cognoverit.
1765 4817 1832 4873 Et
1882 4817 2156 4888 indignum

567 4911 913 4977 restituatur,
973 4913 1414 4969 nec-verisimile
1461 4912 1739 4980 creditur,
1790 4914 1932 4986 quod
1989 4914 2156 4970 David

565 5010 789 5072 propter
815 5003 1146 5074 posteritatis
1185 4996 1484 5075 profectum
1533 5006 1587 5060 in
1627 5006 1787 5064 unius
1832 5007 2016 5079 lapsus
2056 5021 2154 5078 op-

563 5095 843 5164 probrium
871 5097 1157 5165 inciderit;
1189 5111 1311 5153 cum
1340 5098 1455 5168 ipse
1480 5098 1742 5155 Dominus
1770 5099 1839 5155 sit
1869 5113 1969 5171 pro
2003 5099 2159 5155 nobis

570 5185 742 5244 factus
772 5191 1155 5261 opprobrium,
1207 5193 1349 5248 sicut
1392 5192 1508 5263 ipse
1543 5194 1654 5248 ait:
1698 5192 1811 5264 Ego
1841 5204 2012 5248 autem
2045 5211 2154 5249 sum

561 5283 766 5348 vermis,
798 5290 844 5336 et
870 5299 972 5337 non
1001 5287 1174 5349 homo,
1203 5284 1534 5354 opprobrium
1559 5283 1844 5351 hominum,
1871 5293 1918 5339 et
1939 5286 2156 5359 abjectio

569 5373 732 5442 plebis
764 5372 940 5446 (Psal,
973 5390 1090 5443 ut,
1124 5373 1200 5446 7).
1247 5376 1313 5430 Et
1341 5375 1468 5430 alibi
1495 5394 1507 5430 :
1553 5375 1620 5429 Et
1653 5377 1929 5447 opprobria
1963 5395 2150 5451 expro-

563 5465 821 5520 brantium
847 5466 936 5520 tibi
961 5467 1251 5546 ceciderunt
1276 5468 1442 5541 679
1465 5484 1620 5538 super
1647 5485 1728 5523 me
1751 5468 1924 5542 (Psal.
1959 5487 2151 5537 vam,

563 5557 674 5629 10).
723 5561 860 5630 Ergo
886 5561 1079 5616 futura:
1120 5561 1543 5631 dispensationis
1585 5563 1902 5634 mySIerium
1946 5565 1998 5618 in
2036 5566 2150 5620 suis

560 5661 685 5704 ante
712 5652 988 5719 praemisit.
1059 5654 1127 5708 Et
1166 5643 1366 5710 servuli
1410 5654 1625 5724 quidem
1667 5655 1993 5712 conditionis
2033 5674 2148 5714 suae

557 5750 779 5809 peccata
808 5755 1118 5812 portarunt,
1156 5747 1279 5804 ideo
1309 5763 1416 5808 non
1445 5749 1925 5821 potueruntgetiam
1955 5761 2010 5814 et
2041 5751 2144 5821 ipsi

547 5825 796 5888 exsortes
823 5848 944 5892 esse
974 5835 1184 5906 peccati
1209 5855 1221 5892 :
1246 5837 1507 5896 Dominus
1532 5847 1712 5897 autem
1737 5853 1876 5897 onus
1904 5845 2146 5914 suscepit.

2267 4746 2390 4787 esse
2419 4747 2477 4786 se
2503 4734 2764 4803 aequalem
2786 4733 2921 4801 Deo,
2944 4735 3036 4807 sed
3068 4736 3183 4804 ipse
3207 4749 3268 4790 se
3296 4736 3604 4794 esinanirct
3629 4757 3642 4794 :
3677 4748 3731 4794 ut
3750 4742 3837 4795 for-

2267 4839 2408 4879 mam
2441 4824 2582 4880 servi
2609 4819 2886 4897 accipiens
2911 4827 3142 4893 veniret,
3166 4836 3220 4884 et
3245 4843 3305 4884 se
3336 4843 3507 4901 usque
3533 4829 3601 4886 ad
3633 4840 3834 4887 mortem

2262 4918 2440 4972 crucis
2466 4917 2775 4974 humiliaret
2800 4938 2810 4972 :
2844 4919 2997 4989 cujus
3026 4921 3269 4990 pretioet
3294 4931 3512 4992 emptus
3539 4932 3594 4978 et
3611 4923 3831 4979 venditus

2265 5024 2294 5062 a
2325 5007 2440 5064 suis
2487 5009 2748 5066 fratribus
2774 5027 2945 5082 genus
2977 5012 3206 5068 redemit
3242 5015 3560 5072 humanum.
3620 5016 3674 5070 In
3701 5017 3831 5089 cujus

2266 5110 2396 5174 typo
2425 5102 2594 5159 David
2645 5105 2824 5160 minor
2859 5105 3064 5162 electus
3102 5122 3167 5162 ex
3217 5107 3511 5177 fratribus,
3563 5120 3748 5166 unctus
3784 5109 3827 5164 iu

2264 5211 2512 5267 regnum,
2547 5197 2696 5252 solus
2723 5199 2848 5254 belli
2879 5201 3057 5270 gravis
3089 5202 3350 5270 periculo,
3381 5202 3639 5274 singulari
3669 5215 3822 5260 certa-

2221 5370 2228 5374 .
2264 5291 2410 5345 mine
2435 5293 2754 5346 universum
2785 5294 3040 5363 populum
3089 5295 3370 5362 liberavit,
3419 5296 3757 5366 triumphavit
3781 5297 3824 5351 in

2264 5384 2454 5441 decem
2482 5385 2720 5442 millibus
2748 5403 2761 5449 ;
2797 5385 2872 5441 ita
2903 5395 2959 5442 ut
2991 5387 3183 5456 puellae
3212 5403 3333 5444 cum
3367 5389 3634 5462 tympanis
3661 5389 3825 5460 psalle-

2264 5486 2421 5534 rent:
2456 5478 2590 5534 Saul
2629 5479 2964 5552 triumphauit
3005 5482 3060 5534 in
3086 5481 3348 5546 millibus,
3397 5479 3571 5536 David
3599 5483 3650 5536 in
3679 5483 3821 5535 decent

2258 5571 2490 5625 millibus
2518 5571 2559 5643 (I
2593 5570 2723 5643 Reg.
2755 5587 2908 5637 xvm,
2941 5572 3017 5644 7).
3061 5572 3192 5641 Qua:
3224 5573 3393 5644 ﬁgura
3426 5575 3477 5629 in
3510 5573 3616 5629 illis
3652 5575 3820 5643 juven-

2257 5663 2434 5728 culis,
2494 5665 2597 5719 nisi
2647 5665 2950 5721 animarum
2992 5683 3113 5738 qure
3158 5667 3540 5740 triumphalem
3584 5658 3812 5738 psalmum

2255 5757 2548 5810 concinunt
2575 5754 2836 5822 Chrisno?
2875 5757 3070 5814 Genuit
3117 5776 3182 5822 ex
3227 5775 3287 5816 se
3329 5745 3519 5825 ﬁlios,,
3551 5775 3703 5814 unum
3729 5759 3811 5816 ςίιι-

2247 5858 2475 5915 cestum,
2507 5849 2669 5904 alitnn
2703 5852 3066 5921 parricidam;
3106 5867 3172 5910 eo
3201 5845 3348 5922 quod
3375 5849 3608 5908 idcestus
3632 5860 3681 5907 et
3706 5864 3806 5921 par-
