4042 6378
123 324 246 386 857

1315 327 1654 388 ΑιδοιοαιΑ
1699 326 2095 388 ΡΒΟΡΗΕΤᾹΞ
2133 322 2367 388 ῐιΑνιι).

3377 325 3485 384 858

121 443 407 503 ricidalis
467 449 708 522 populus
757 448 972 506 affixam
1027 448 1270 521 patibulo
1317 449 1497 504 crucis
1560 459 1779 502 carnem
1808 448 1859 510 Α
1888 446 2067 502 solent
2096 462 2269 519 reges.
2313 446 2614 504 Confessus
2653 454 2737 502 est
2764 445 3012 517 culpam,
3054 443 3370 501 obsecravit
3403 447 3488 500 ln-

125 542 366 612 proprii
401 544 722 600 violaturus
751 554 898 601 esset
939 545 1199 600 auctoris.
1245 541 1486 613 Denique
1522 540 1577 595 in
1622 538 1787 594 tertio

129 635 380 704 psalmo
415 639 734 697 Abessalon
767 639 1358 710 titulus'praamittitur,
1389 645 1444 693 et
1470 635 1650 708 passio
1681 635 1787 690 Do-

131 728 287 783 mini
322 734 728 804 prophetatur.

221 824 326 881 15.
356 826 520 894 Quid
551 827 620 884 de
642 827 934 884 Salomone
964 837 1156 884 sancto
1183 827 1394 898 loquar,
1424 826 1580 897 cujus
1611 835 1790 896 poste-

135 917 307 974 riora
343 935 487 976 cum
533 923 680 994 gravi
708 937 896 978 errore
926 937 1034 977 nou
1063 931 1317 986 careant,
1371 923 1560 991 vulgus
1609 930 1789 975 tamen

137 1009 472 1070 Judaicum
519 1016 695 1085 ipsum
725 1016 998 1072 existimat
1028 1016 1247 1071 venisse
1277 1016 1378 1087 pro
1406 1012 1672 1073 Christo?
1719 1012 1791 1067 Et

139 1120 329 1176 quam
365 1109 588 1165 multos
617 1109 801 1180 gravis
821 1109 1022 1165 erroris
1050 1108 1256 1166 offensa
1285 1107 1598 1165 revocavit?
1624 1106 1793 1177 Major

143 1198 363 1272 itaque
394 1204 570 1274 culpa
600 1204 720 1274 plus
748 1203 982 1276 profuit,
1011 1219 1079 1260 ne
1105 1219 1268 1276 supra
1299 1203 1575 1259 hominem
1604 1200 1793 1258 crede-

139 1303 340 1361 retur,
370 1304 401 1332 ιι
436 1298 538 1367 qui
570 1297 701 1353 vitio
727 1312 832 1353 non
859 1298 1128 1353 caruisset
1155 1297 1409 1352 humano.
1438 1295 1594 1363 ,Fuit
1629 1295 1794 1367 igitur

141 1384 208 1441 in
243 1399 322 1441 eo
355 1387 650 1447 invidiosa
697 1390 996 1461 sapientia,
1046 1398 1102 1447 et
1139 1389 1297 1461 culpa
1344 1389 1620 1456 suasoria,
1673 1403 1793 1459 qua:

146 1477 468 1536 hominem
503 1483 906 1554 comprobaret.

235 1573 336 1628 14.
384 1573 546 1643 Quid
592 1577 752 1648 igitur
778 1576 961 1631 obstat
985 1576 1274 1646 quominus
1300 1576 1462 1631 etiam
1494 1574 1796 1631 Bethsabce

150 1674 371 1721 sancto
409 1667 586 1722 Datid
638 1669 693 1723 in
739 1668 903 1740 figura
946 1669 1146 1724 sociata
1193 1667 1360 1725 fuisse
1399 1668 1688 1733 credatur;
1739 1677 1797 1723 ut

150 1757 599 1828 significaretur
625 1761 975 1832 congregatio
1006 1761 1317 1826 nationum,
1367 1777 1486 1832 quae
1532 1775 1636 1816 nou
1679 1769 1796 1816 erat

151 1850 410 1907 Christo
463 1853 714 1925 legitimo
757 1855 992 1924 quodam
1044 1853 1168 1909 fidei
1213 1853 1460 1924 capulata
1502 1854 1796 1919 connubio,
1829 1857 1876 1918 Β

150 1945 318 2015 quod
349 1944 382 1983 ι)
418 1946 838 2001 transversariis
878 1946 1203 2016 quibusdam
1248 1946 1388 2001 foret
1417 1946 1702 2003 vestibulis
1739 1947 1793 2000 in

153 2037 293 2107 ejus
335 2038 584 2108 gratiam
633 2049 832 2110 prteter
855 2039 1014 2110 Legis
1054 2039 1366 2110 ingressura
1395 2041 1792 2110 prtescriptum,

155 2129 217 2183 in
247 2145 368 2200 qua
402 2130 554 2185 nuda
585 2132 784 2186 mentis
811 2132 1097 2186 sinceritas
1119 2174 1132 2196 ,
1165 2141 1220 2187 et
1249 2139 1438 2202 aperta
1475 2131 1796 2202 simplicitas

158 2220 389 2278 lavacri
436 2223 777 2292 justilicante
824 2225 1120 2296 mysterio,
1181 2225 1292 2279 veri
1338 2224 1504 2279 David
1553 2234 1608 2279 et
1653 2224 1798 2295 regis

158 2315 372 2370 aeterni
420 2325 668 2372 mentem
697 2316 1041 2384 traduceret,
1093 2318 1384 2374 lacesseret
1423 2318 1798 2376 charitatem?

159 2409 380 2467 Merito
433 2412 589 2468 venit
634 2413 923 2480 occultus,
995 2423 1048 2468 et
1100 2414 1189 2484 qui
1241 2412 1450 2468 falleret
1498 2415 1794 2483 principem

163 2504 427 2572 mundi,
479 2513 758 2576 tamquam
794 2505 977 2562 Uriam
1021 2506 1169 2561 illum
1211 2505 1301 2576 qui
1351 2506 1797 2576 interpretatione

162 2597 385 2653 dicitur
418 2597 605 2654 lumen
636 2613 840 2664 meum,
869 2597 1340 2669 transﬁgurantem
1373 2614 1433 2653 se
1462 2599 1514 2652 in
1546 2601 1795 2671 angelum

166 2691 341 2747 lucis.
392 2690 600 2758 Venit,
652 2692 908 2763 inquam,
960 2694 1012 2746 in
1054 2691 1195 2746 hunc
1221 2690 1517 2756 mundum,
1567 2694 1800 2748 etvenit

167 2785 468 2852 occultus,
496 2794 770 2856 tamquam
798 2785 1011 2841 adulter
1038 2785 1276 2853 intravit,
1303 2791 1362 2840 ut
1381 2784 1472 2854 jus
1503 2785 1795 2857 legitimum

169 2878 524 2935 vindicaret.

827 2994 1056 3054 CAPUT
1098 2996 1185 3053 IV.

171 3133 417 3190 Davidis
464 3137 764 3207 paenitentia
803 3137 963 3210 paulo
1000 3137 1166 3208 fusius
1211 3137 1596 3205 commendata,
1638 3141 1801 3194 nemi-

1888 538 2264 609 dulgentiam,
2329 540 2477 596 humi
2528 549 2732 596 stratus
2786 538 3096 610 deploravit
3145 551 3481 605 aerumnam,

1883 631 2174 702 jejunavit,
2215 633 2423 700 oravit,
2467 633 2828 690 confessionis
2865 647 2978 687 sua:
3019 630 3388 687 testimonium
3429 627 3483 684 in

1891 736 2147 797 perpetua
2209 728 2408 782 saecula
2451 728 2671 800 vulgato
2711 727 2900 783 dolore
2942 727 3262 782 transmisit.
3326 721 3485 794 Quod

1891 823 2224 878 erubescunt
2251 820 2429 879 facere
2460 823 2674 893 privati,
2706 838 2802 880 rex
2828 837 2936 878 non
2960 821 3180 878 erubuit
3214 818 3484 876 confiteri.

1892 919 1992 987 Qui
2023 925 2272 972 tenentur
2295 917 2525 988 legibus,
2551 917 2752 973 audent
2776 932 2933 973 suum
2955 930 3154 988 negare
3183 922 3486 986 peccatum,

1891 1012 2257 1080 dedignantur
2281 1025 2472 1083 rogare
2499 1012 2913 1082 indulgentiam,
2945 1027 3106 1084 quam
3149 1011 3366 1082 petebat
3397 1009 3490 1080 qui

1894 1105 2058 1160 nullis
2101 1105 2314 1176 legibus
2354 1103 2638 1160 tenebatur
2684 1104 2952 1161 humanis.
3017 1104 3172 1172 Quod
3218 1103 3486 1174 peccavit,

1893 1196 2220 1254 COnditionis
2239 1207 2322 1253 est
2351 1196 2453 1269 (De
2469 1195 2754 1252 Paemdist.
2785 1198 2840 1263 5,
2868 1214 2983 1268 cap.
3014 1195 3114 1252 Ille
3136 1213 3247 1263 rex,
3278 1196 3307 1268 ς
3338 1196 3489 1262 Quod

1895 1293 2184 1364 peccavit):
2233 1293 2375 1364 quod
2422 1293 2779 1363 supplicavit,
2829 1295 3208 1349 correctionis.
3283 1293 3492 1364 Lapsus

1895 1387 2198 1441 communis
2221 1427 2235 1452 ,
2277 1387 2370 1440 sed
2403 1385 2656 1455 specialis
2689 1386 2981 1441 confessio.
3041 1385 3267 1456 Culpam
3311 1386 3494 1456 itaque

1897 1478 2171 1547 incidisse,
2216 1489 2420 1535 naturae
2446 1487 2529 1535 est
2559 1496 2572 1532 :
2603 1475 2629 1514 ἀ
2662 1478 2910 1544 diluisse,
2940 1479 3179 1543 virtutis,
3223 1477 3352 1547 Quis
3378 1478 3490 1552 glo-

1895 1574 2083 1640 riatur,
2123 1573 2318 1640 inquit,
2351 1583 2552 1627 castum
2587 1588 2642 1628 se
2684 1573 2872 1628 habere
2918 1588 3006 1626 cor
3037 1570 3221 1644 (Prov.
3259 1587 3352 1638 xx,
3389 1570 3495 1642 9)?

1896 1668 2009 1725 Nec
2037 1669 2194 1724 unius
2221 1668 2327 1724 diei
2367 1667 2543 1723 infans
2584 1667 2816 1722 mundus
2860 1681 2982 1724 esse
3004 1666 3300 1738 Scriptura:
3344 1665 3497 1721 testi—

1899 1765 2084 1818 monio
2121 1760 2427 1816 declaratur
2451 1759 2594 1831 (Job.
2623 1776 2742 1826 xrv,
2769 1758 2851 1831 5).

1976 1855 2065 1911 l6.
2111 1855 2187 1910 Da
2216 1854 2345 1910 mihi
2375 1854 2606 1927 aliquem
2638 1855 2756 1908 sine
2783 1853 3130 1923 prolapsione
3152 1849 3361 1906 delicti.
3391 1849 3501 1906 Va-

1901 1951 2195 2008 lidissimus
2215 1951 2456 2006 omnium
2477 1950 2704 2004 Samson
2728 1948 2924 2018 legitur
2943 1945 3144 2021 (Judic.
3167 1961 3253 2002 xw
3271 1954 3318 2000 et
3336 1943 3496 2017 seq.),

1900 2046 1989 2114 qui
2019 2045 2228 2100 leonem
2255 2045 2414 2098 etiam
2445 2047 2555 2097 suis
2579 2042 2825 2097 manibus
2852 2039 3244 2110 strangulavit;
3272 2036 3368 2094 sed
3392 2036 3502 2094 uti-

1901 2155 2026 2194 nam
2056 2155 2298 2196 amorem
2334 2155 2489 2195 suum
2538 2137 2804 2192 suffocare
2851 2136 3133 2207 potuisset.
3178 2133 3383 2188 Messes
3411 2133 3498 2186 in-

1899 2233 2082 2289 cendit
2123 2234 2573 2307 Allopliylorum,
2625 2242 2677 2289 et
2725 2235 2842 2302 ipse
2885 2230 3126 2286 mulieris
3167 2229 3325 2284 unius
3367 2227 3502 2282 arsit

1900 2327 2158 2396 igniculo.
2226 2326 2420 2395 Jephte
2477 2327 2647 2381 victor
2703 2323 2771 2378 ab
2823 2323 2979 2378 hoste
3038 2321 3348 2377 remeavit:
3403 2317 3500 2373 sed

1902 2422 2097 2477 vexilla
2144 2421 2384 2476 referens
2418 2419 2794 2490 triumphalia.
2829 2433 2927 2473 suo
2975 2416 3150 2472 victus
3197 2423 3283 2472 est
3322 2427 3504 2468 sacra-

1899 2524 2116 2576 mento,
2150 2523 2210 2568 ut
2244 2514 2495 2583 pietatem
2530 2510 2870 2567 occurrentis
2918 2508 3040 2564 filia:
3071 2505 3360 2578 parricidio
3408 2518 3500 2559 re-

1901 2605 2289 2662 munerandam
2331 2615 2560 2674 putaret.
2610 2604 2850 2658 Primum
2899 2601 3138 2657 omnium
3187 2597 3313 2670 quid
3363 2609 3502 2667 opus

1902 2699 2002 2754 fuit
2031 2709 2138 2753 tam
2167 2698 2323 2754 facile
2348 2701 2531 2768 jurare
2551 2740 2564 2762 ,
2601 2707 2656 2754 et
2697 2697 2900 2752 incerta
2935 2709 3131 2751 vovere
3170 2709 3267 2764 pro
3295 2690 3460 2746 certis
3481 2729 3497 2758 ,

1901 2806 2130 2862 quorum
2173 2792 2408 2847 nesciret
2453 2791 2743 2846 eventum?
2785 2789 2989 2844 Deinde
3033 2786 3101 2842 ad
3145 2785 3272 2856 quid
3315 2797 3498 2839 sacra-

1903 2894 2083 2941 menta
2129 2886 2301 2941 tristia
2328 2885 2560 2940 Domino
2601 2885 2711 2939 Deo
2743 2883 2946 2947 reddit;
2976 2891 3031 2937 ut
3056 2879 3296 2937 cruentis
3325 2879 3504 2935 solvat

1903 2991 1996 3032 sua
2029 2986 2153 3032 vota
2188 2976 2504 3033 funeribus?

1979 3073 2066 3127 17.
2116 3071 2228 3128 Nec
2274 3072 2342 3126 de
2388 3069 2764 3127 sacerdotibus
2809 3068 3076 3125 silendum
3126 3066 3382 3132 arbitror,
3434 3080 3503 3122 ne

1907 3173 2092 3220 nostra
2122 3164 2310 3220 videar
2336 3162 2686 3218 dissimulare
2726 3161 2942 3216 delicta.
2979 3163 3156 3216 Aaron
3190 3161 3304 3229 ipse
3349 3171 3500 3212 sum-

254 3245 380 3282 nem
413 3245 446 3282 ιι
475 3229 628 3300 lapsu
671 3231 950 3284 immunem
983 3231 1202 3284 inveniri
1239 3231 1684 3287 sanctissimorum
1720 3233 1798 3288 υἱ·
1828 3260 1874 3324 C
1905 3273 2024 3314 mus
2051 3257 2309 3314 sacerdos
2340 3259 2472 3326 (quo
2497 3257 2633 3311 duce
2660 3256 2862 3325 parum.
2886 3269 2947 3308 ac
2987 3255 3172 3325 Moyse
3197 3293 3212 3317 ’
3258 3249 3499 3305 Rubrum

253 3337 448 3376 rerum
478 3321 775 3377 inductione
793 3323 978 3394 palam
1005 3324 1150 3393 facit.

260 3436 356 3490 45.
392 3436 752 3494 Distinximus
782 3449 803 3475 ο
837 3437 1194 3510 allegationcs
1226 3438 1458 3506 validas,
1482 3448 1541 3494 ut
1571 3440 1800 3496 arbitra-

179 3544 313 3584 mur
333 3573 348 3596 ,
393 3540 452 3584 et
482 3529 536 3584 in
564 3528 728 3602 figura
761 3529 930 3586 fuisse
959 3539 1161 3586 textura
1196 3531 1357 3602 hujus
1382 3532 1628 3588 iliSlOl'ltB
1650 3548 1803 3589 com-

183 3623 594 3696 probavimus:
639 3639 784 3679 nunc
828 3626 1109 3696 superiora
1151 3611 1501 3695 repetamus,
1542 3627 1707 3700 εει
1745 3636 1802 3684 et

185 3724 479 3787 tamquam
523 3725 744 3772 exutum
789 3718 1120 3788 spiritalibus
1168 3719 1498 3775 indumentis
1543 3721 1798 3793 introspi-

183 3812 408 3868 ciamus
434 3827 701 3868 errorem.
731 3812 985 3869 Peccavit
1019 3814 1202 3880 David,
1232 3815 1374 3884 quod
1400 3814 1578 3870 solent
1605 3830 1796 3886 reges:

185 3906 288 3962 sed
335 3906 715 3976 paenitentiam
749 3907 938 3977 gessit,
974 3907 1142 3974 flevit,
1188 3907 1470 3978 ingemuit,
1515 3909 1657 3979 quod
1691 3925 1797 3966 non

269 4099 295 4127 τι
342 4088 492 4144 Edit.
524 4088 648 4143 Era.
680 4102 742 4142 ac
768 4087 952 4154 Rom.,
983 4088 1070 4155 qui
1091 4088 1212 4142 uitio
1255 4087 1502 4141 caruisset
1541 4085 1801 4155 humano;

191 4162 322 4217 Am.
354 4175 489 4216 vero
524 4168 578 4215 et
600 4158 726 4216 Gill.
751 4174 874 4213 cum
910 4174 1066 4224 mss.,
1101 4199 1114 4212 .
1154 4201 1166 4212 .
1205 4197 1217 4210 .
1250 4173 1350 4211 non
1379 4159 1624 4212 caruisset
1652 4199 1663 4212 .
1694 4199 1708 4214 .
1739 4199 1751 4215 .
1782 4201 1796 4214 .

192 4229 523 4288 Commode.
595 4231 688 4285 Hic
720 4233 862 4284 enim
902 4230 1228 4300 subintelligi
1259 4228 1472 4283 videtur
1496 4271 1510 4295 ,
1562 4239 1619 4284 ut
1658 4241 1797 4301 pote,

192 4305 284 4359 vel
331 4303 517 4360 simile
557 4302 854 4372 quidpiam.
912 4303 1111 4357 lterum
1165 4301 1410 4372 sequenti
1451 4315 1614 4372 sensu
1664 4303 1794 4356 edit.

196 4376 359 4444 Era.,
405 4373 534 4431 Gill.
558 4371 613 4430 et
642 4373 822 4438 Rom,
866 4374 1034 4443 culpa:
1054 4374 1328 4439 suasoria;
1371 4371 1560 4426 melius
1589 4376 1712 4429 Ant.
1743 4384 1799 4429 et

197 4464 333 4503 tuss.
366 4449 524 4516 culpa
549 4446 822 4501 suasoria:
848 4447 1044 4516 quippe
1067 4461 1186 4516 qua:
1216 4445 1387 4498 suasit
1427 4459 1519 4498 seu
1554 4445 1801 4514 probavit

195 4519 554 4574 Salomonetn
585 4534 745 4589 supra
789 4518 1075 4571 humanam
1105 4516 1616 4589 conditioncmknon
1653 4532 1793 4572 esse.

201 4591 319 4646 lloc
361 4601 542 4646 autem
580 4585 699 4645 loco
740 4589 954 4644 videtur
1000 4588 1318 4643 Ambrosius
1358 4587 1427 4641 de
1471 4585 1799 4656 Salomonis,

201 4677 368 4732 quem
405 4672 648 4717 sanctum
675 4662 949 4731 appellare
981 4675 1089 4715 non
1121 4661 1365 4732 dubitat,
1404 4659 1721 4728 pmnitcutia
1751 4671 1806 4715 ct

204 4731 384 4812 salute
425 4748 764 4812 nequaquam
803 4731 1326 4812 ambigere._l\l_equc
1349 4746 1480 4812 vero
1508 4731 1648 4812 inca
1681 4747 1806 4812 sen-

208 4787 377 4859 tentia
405 4787 556 4858 sohis
593 4787 718 4867 est;
763 4819 878 4856 eam
920 4787 1062 4857 enim
1099 4787 1394 4856 defendunt
1420 4801 1657 4871 Cyrillus
1683 4803 1803 4857 Hie-
1831 4787 1885 4848 Ι)

208 4890 322 4929 ros.
352 4875 511 4928 ()th.
539 4888 617 4938 ιι,
661 4886 713 4928 et
753 4874 1114 4943 Hieronymus
1161 4875 1214 4943 in
1261 4886 1383 4940 cap.
1429 4889 1557 4927 xun
1599 4874 1797 4928 Ezech.

209 4945 357 5001 idem
387 4944 608 4999 Hieron.
633 4945 757 5000 alibi
780 4947 940 4999 etiam
963 4942 1129 4998 refert
1151 4942 1462 4997 Judacorum
1491 4946 1799 5012 opinionem

209 5018 280 5072 de
310 5017 623 5087 poenitentia
639 5015 964 5087 Salomonis,
984 5030 1142 5087 quem
1166 5030 1227 5087 ea
1250 5015 1316 5087 de
1337 5017 1801 5087 c_ausa_seripsisse

214 5085 384 5143 libros
419 5086 834 5142 Proverbiorum
864 5095 1027 5156 atque
1068 5085 1408 5140 Ecclesiastis
1444 5085 1793 5141 arbitrantur.

213 5161 317 5216 Alii
346 5159 533 5214 Patres
564 5159 733 5212 multo
761 5159 946 5228 majori
977 5171 1205 5212 numero
1231 5156 1379 5210 illum
1403 5157 1518 5228 sine
1543 5156 1651 5211 ulla
1685 5172 1800 5226 pa:-

215 5232 439 5286 nitentia
477 5231 822 5296 defunctum,
848 5227 1022 5299 atque
1053 5228 1193 5299 adeo
1218 5237 1440 5282 aeterna:
1464 5227 1796 5284 damnationi

216 5303 490 5358 addictum
523 5317 643 5356 esse
680 5298 1008 5356 existimant.
1070 5299 1128 5354 In
1180 5298 1263 5354 his
1309 5301 1587 5354 munerari
1625 5308 1802 5368 potest

220 5371 444 5429 Tertull.
479 5374 572 5427 lib.
599 5389 635 5427 ll
668 5383 816 5428 cont.
847 5372 1009 5426 Marc.
1044 5382 1098 5426 et
1137 5371 1321 5434 alibi;
1364 5370 1524 5426 Basil.
1549 5373 1708 5441 epist.
1733 5371 1798 5427 ad

217 5442 457 5509 Chilon.;
490 5442 748 5516 Cyprian.
779 5445 870 5498 lib.
896 5459 936 5509 ι,
961 5443 1120 5513 epist.
1149 5443 1202 5516 5,
1234 5453 1396 5516 atque
1427 5442 1538 5506 alii,
1563 5457 1700 5516 quos
1722 5443 1804 5498 in-

223 5526 303 5570 ter
340 5514 834 5583 przrtcrinittendus
875 5531 980 5570 non
1021 5524 1104 5571 est
1141 5514 1507 5585 Augustinus,
1549 5515 1639 5584 qui
1681 5515 1800 5570 licet

221 5601 287 5640 ex
330 5588 588 5641 industria
618 5588 908 5656 praeclaros
945 5587 1143 5643 veteris
1168 5585 1503 5641 Tesmmenti
1528 5589 1673 5640 viros
1702 5586 1801 5642 de-

222 5658 402 5711 fendat
426 5700 440 5724 ,
487 5659 555 5714 de
591 5659 884 5714 Salomone
919 5669 1096 5714 tamen
1134 5660 1203 5713 ita
1240 5659 1588 5728 pronuntiat:
1641 5656 1806 5712 Vehe-

222 5735 410 5802 menter
438 5745 552 5783 eum
584 5731 755 5802 arguit
792 5741 968 5785 sancta
996 5730 1270 5799 Scriptura
1298 5741 1448 5800 atque
1475 5729 1799 5802 condemnat,

222 5799 445 5870 nihilque
471 5803 534 5854 de
561 5799 852 5876 paenitentia
880 5805 993 5876 ejus
1023 5803 1099 5868 vel
1120 5799 1576 5876 indulgentiaﬂ‘ei,
1596 5802 1804 5876 cumino

224 5865 601 5930 mmmam
669 5865 922 5944 Denique
955 5865 1060 5929 non
1101 5865 1391 5930 defuerunt
1428 5873 1518 5940 qui
1569 5865 1799 5929 mediam

1909 3352 2076 3425 pedes
2108 3367 2256 3407 mare
2287 3351 2538 3406 transivit
2567 3350 2794 3420 populus
2825 3347 3196 3415 Hebraeorum)
3226 3353 3442 3415 rogatus
3469 3357 3500 3399 a

1907 3446 2065 3517 plebe
2096 3454 2152 3500 ut
2173 3445 2303 3500 deos
2333 3444 2436 3500 sibi
2463 3441 2666 3498 faceret
2695 3456 2830 3511 quos
2851 3440 3161 3500 adorarent,
3188 3452 3376 3491 aurum
3409 3448 3506 3505 po-

1905 3541 2102 3612 poscit,
2133 3540 2185 3595 in
2218 3540 2396 3608 ignem
2426 3538 2593 3598 misit.
2626 3546 2682 3593 et
2709 3544 2868 3606 caput
2898 3535 3047 3589 vituli
3083 3533 3366 3603 figuratum
3397 3539 3499 3596 est,

1905 3638 1991 3690 cui
2040 3644 2163 3690 sunt
2206 3634 2386 3690 oblata
2431 3631 2722 3688 sacrificia.
2770 3631 2888 3699 Quo
2919 3630 3119 3684 indicio
3164 3627 3358 3682 claruit
3387 3625 3502 3679 auri

1905 3729 2252 3800 cupiditatem
2287 3729 2570 3784 materiam
2597 3743 2718 3782 esse
2748 3725 3018 3796 perfidiae,
3049 3731 3104 3778 et
3129 3720 3368 3776 avaritiae
3390 3726 3504 3772 stu-

1906 3821 1996 3878 dio
2025 3824 2304 3894 sacrilegia
2335 3824 2512 3879 solere
2557 3820 2828 3892 generari.
2859 3817 3057 3872 lterum
3085 3823 3269 3870 tantus
3316 3825 3503 3866 sacer-

1906 3916 2005 3972 dos
2031 3917 2208 3973 locum
2245 3917 2432 3972 incidit
2462 3914 2778 3973 offensionis
2805 3928 2928 3968 cum
2975 3926 3162 3966 sorore
3191 3924 3286 3964 sua
3318 3905 3506 3962 Maria.

1911 4094 2195 4162 quamdam
2223 4097 2363 4151 viam
2396 4106 2644 4163 putarent
2668 4095 2981 4158 iucundam,
3027 4092 3377 4160 dicereutque
3419 4097 3502 4163 ta-

1911 4161 2068 4238 metsi
2100 4177 2319 4236 peccato
2345 4161 2462 4238 ejus
2504 4167 2635 4221 nihil
2669 4167 2870 4222 certius
2912 4165 3003 4238 sit,
3048 4163 3176 4238 nihil
3210 4161 3505 4238 autemin-

1908 4232 2113 4291 Curtius
2139 4238 2255 4307 ejus
2279 4232 2589 4308 paenitentia
2617 4255 2631 4304 ;
2678 4247 2854 4292 tamen
2886 4236 3007 4308 quia
3034 4234 3099 4288 dc
3136 4234 3301 4308 ipsius
3327 4232 3503 4308 salute

1912 4309 2042 4362 nihil
2073 4303 2350 4379 Scriptura
2383 4311 2599 4365 definiat
2623 4352 2637 4376 ,
2683 4325 2783 4363 nec
2813 4303 3099 4363 nos'etiatn
3127 4303 3191 4361 de
3231 4305 3317 4360 illa
3346 4303 3502 4375 quid-

1906 4395 2065 4450 quam
2093 4382 2317 4436 definire
2343 4382 2563 4439 debere.

1979 4472 2005 4511 ι’
2036 4474 2162 4529 Mss.
2191 4475 2376 4538 Dion.,
2393 4475 2572 4540 Colb.,
2598 4474 2758 4541 Maz.,
2780 4474 3091 4528 adversariis
3113 4515 3125 4532 .
3149 4471 3238 4526 alii
3264 4480 3320 4526 et
3343 4469 3502 4535 edit.,

1912 4549 2317 4602 transversariis.
2377 4547 2576 4603 lterum
2620 4562 2750 4602 mss.
2794 4547 2952 4601 Rom.
2991 4554 3046 4600 et
3083 4543 3274 4608 C0lb.,
3317 4553 3504 4611 praeter

1912 4615 2063 4688 Legis
2119 4619 2228 4673 'ura
2271 4621 2615 4692 pt'wscripta;
2656 4618 2843 4688 Benig.
2892 4617 3071 4672 Albin.
3118 4627 3170 4670 et
3209 4614 3342 4671 edit.
3374 4615 3498 4667 Αιιι.

1912 4698 2073 4744 atque
2098 4639 2251 4744 ἐιίι..
2299 4702 2483 4744 orteter
2527 4690 2678 4744 Leais
2711 4693 2828 4744 iura
2859 4692 3215 4744 nrwserintum
3239 4703 3257 4744 :
3283 4683 3497 4739 'l‘huan.

1911 4683 2073 4758 atque
2098 4683 2280 4755 Era,
2297 4683 2496 4758 prteter'
2527 4690 2678 4760 Legis
2699 4683 2828 4762 jura
2859 4692 3215 4758 praescriptum
3238 4683 3497 4762 ;_Thttan.

1912 4756 2168 4834 et_Dion.,
2201 4756 2386 4834 printer
2416 4763 2549 4834 leges
2578 4756 2872 4834 ingressuri:
2905 4761 3222 4834 pr'tescripto.
3258 4756 3500 4834 Denique

1913 4832 2002 4886 alii
2030 4847 2151 4886 cum
2181 4825 2309 4887 edit.
2339 4825 2484 4888 Gill."
2506 4843 2560 4888 et
2598 4825 2756 4887 Rom.
2790 4843 2846 4886 ut
2887 4825 2983 4885 nos
3013 4825 3280 4900 superius.
3331 4825 3501 4900 Porro

1913 4903 2228 4972 mysterium
2261 4905 2310 4957 in
2338 4903 2441 4958 hoc
2468 4905 2734 4959 adulterio
2761 4904 3034 4959 exstitisse
3064 4897 3497 4972 agnoscit_etiam

1911 4966 2290 5029 in'Comment.
2323 4977 2372 5029 in
2398 4975 2527 5031 Luc.
2557 4992 2675 5046 cap.
2697 4992 2752 5030 ιιι
2777 4975 2916 5030 idem
2949 4966 3497 5046 Antbtj'osius._Utrutn

1907 5055 2090 5117 autem
2141 5048 2384 5117 mysterii
2435 5038 2644 5102 ratione
2690 5057 2968 5117 peccatum
3015 5042 3127 5117 tolli
3166 5038 3496 5117 gretlendum

1906 5116 2015 5181 sit;
2062 5116 2185 5171 vide
2200 5111 2335 5187 'qua:
2361 5119 2426 5171 ad
2450 5135 2570 5188 cap.
2602 5136 2656 5174 ιιι
2692 5111 2821 5174 Ἰὶὺιί
2849 5119 2916 5171 de
2943 5112 3146 5184 Joscph
3166 5111 3494 5174 Patriarch.,

1906 5202 2055 5242 nttm.
2087 5188 2174 5254 15,
2211 5191 2608 5245 annotavitnus.

1982 5292 2003 5318 θ
2053 5281 2220 5349 Edit.,
2265 5283 2586 5355 allegorias;
2633 5299 2788 5344 mss.,
2831 5280 3182 5355 allegationes.
3232 5275 3354 5355 _Non
3395 5271 3494 5355 du-

1907 5349 2099 5428 bium,
2146 5355 2272 5422 quin
2321 5349 2584 5428 iu'telligat
2618 5349 2952 5428 allegoricos
2981 5349 3500 5428 superiorisneapitis

1909 5419 2205 5490 historias;
2259 5435 2314 5480 at
2352 5419 3077 5497 forte'suspicétnraliquis
3119 5437 3226 5497 pro,
3255 5419 3499 5497 distinxi-

1909 5510 2043 5560 mus,
2090 5497 2372 5569 lgegendutn
2400 5498 2778 5561 distrinximus,
2825 5496 2874 5569 id
2909 5504 3016 5569 est,
3055 5493 3284 5569 strictim
3321 5493 3498 5569 attigi:

1907 5581 2051 5632 mus,
2081 5559 2460 5623 deviibavitnns.
2504 5559 2774 5623 Altamen
2801 5568 3124 5622 distinximus
3147 5563 3218 5616 ita
3238 5559 3500 5629 explicari

1907 5645 2108 5710 potest,
2146 5655 2211 5694 ac
2235 5641 2279 5694 si
2308 5640 2600 5710 legeretur,
2640 5654 2747 5694 non
2775 5639 3015 5704 confuse,
3051 5635 3144 5692 sed
3177 5649 3276 5690 suo
3302 5644 3494 5702 quam-

1904 5711 2010 5781 que
2051 5711 2242 5766 ordiue
2277 5711 2578 5767 retulimus.

1938 5801 2004 5858 ιιι
2048 5804 2210 5861 Edit;
2244 5815 2352 5862 vet.
2405 5821 2527 5861 tum
2585 5806 2770 5872 paucis
2817 5819 2972 5867 mss.,
3025 5801 3220 5860 delesse
3263 5777 3508 5858 virtutis}

1910 5874 2069 5932 Rom.
2094 5893 2217 5932 cum
2247 5878 2488 5950 reliquis,
2517 5878 2734 5935 diluisse
2761 5876 2986 5933 uirtutis.
