4042 6378
577 301 686 362 859

1911 298 2158 358 SANC'I'I
2197 299 2520 360 AIMOSH

3805 304 3892 360 δίει

581 419 718 478 Nam
745 420 878 478 dum
901 420 1054 478 lratri
1095 431 1320 492 uterque
1347 421 1614 478 obtrectat
1643 421 1786 494 quod
1817 421 2178 492 alienigenam
2209 421 2262 488 Α
2357 421 2446 478 22.
2489 421 2834 480 lnilrmltates
2871 423 3036 494 igitur
3097 429 3320 478 nostra:
3367 419 3676 492 fragilitatis
3715 425 3770 476 ia
3811 439 3888 480 sua

585 514 886 586 accepith
911 529 1155 579 uxorein,
1185 513 1327 570 illico
1353 514 1520 570 Maria
1547 523 1572 552 ⁸
1598 515 1850 586 contagio
1887 513 2178 572 maculosa

587 606 768 664 carnis
787 605 1044 662 etiloruit.

661 699 745 754 l8.
787 698 905 768 Quo
935 699 1038 756 loci
1083 699 1352 756 evidentis
1383 701 1480 756 fuit
1513 699 1680 768 ﬁgura
1723 701 1968 774 mysterii
1991 741 2006 766 ,
2033 699 2178 770 quod

515 821 518 826 -
585 791 938 848 sacerdotalis
987 792 1080 848 ille
1141 793 1372 864 populus
1423 803 1630 862 patrum
1685 793 1924 848 fraterno
1981 793 2180 863 populo

585 885 976 956 posterioribus
1009 891 1342 954 temporibus
1381 887 1701 955 deregaret,
1735 885 2084 956 Alibiopissa:
2119 887 2178 940 il-

583 977 689 1034 lius
717 979 966 1032 nesciens
991 989 1410 1034 sacramentum.
1441 979 1574 1034 Nam
1607 980 1652 1035 si
1673 983 2036 1050 cognovisset.
2071 997 2178 1038 non

581 1072 1056 1142 reprehendisset,
1097 1074 1238 1144 quod
1269 1089 1390 1130 cum
1429 1075 1593 1128 veteri
1625 1075 1886 1145 mysterio
1919 1076 2176 1130 conveni-

581 1177 685 1222 ret.
719 1165 902 1236 itaque
927 1183 1050 1222 cum
1083 1166 1301 1222 Judu‘us
1330 1185 1452 1222 eum
1489 1170 1578 1237 qui
1613 1183 1676 1224 ex
1709 1166 1970 1222 Gentibus
1999 1168 2180 1224 credi-

579 1258 692 1324 dit,
739 1259 868 1314 dicit
912 1274 1036 1314 esse
1061 1258 1087 1298 δ
1115 1275 1492 1326 communem,
1525 1270 1580 1314 et
1619 1259 1730 1314 vult
1763 1277 1792 1314 a
1821 1261 1962 1330 Lege
2001 1276 2180 1316 secer-

577 1367 752 1416 nere,
803 1353 1006 1422 lepram
1064 1352 1266 1420 habet,
1311 1369 1474 1423 quam
1521 1369 1626 1408 non
1677 1355 1873 1424 ιιυιιιτὶι
1915 1353 2178 1420 evellere,

579 1445 682 1498 nisi
716 1443 974 1512 spiritalis
1013 1445 1066 1500 ei
1113 1444 1244 1516 legis
1285 1445 1492 1516 agnitio
1523 1444 1588 1500 ad
1622 1446 1830 1502 veniam
1874 1445 2032 1500 fuerit
2059 1443 2176 1500 suf-

579 1542 804 1610 iugata.

653 1636 743 1692 l9.
791 1635 932 1706 Ergo
973 1645 1030 1692 et
1073 1636 1238 1690 David
1291 1637 1384 1706 qni
1429 1637 1594 1692 sciret
1635 1635 1912 1692 hominem
1955 1651 2016 1692 se
2057 1649 2179 1692 esse

583 1739 768 1784 natum
797 1730 991 1798 lapsui,
1023 1731 1230 1784 veniam
1261 1730 1548 1802 postulavit
1577 1745 1591 1784 ι
1627 1729 1836 1786 Domini
1861 1737 2041 1784 autem
2069 1745 2176 1784 non

579 1819 892 1890 desperavit
921 1822 1368 1878 miscricordiam.

1113 1957 1280 2030 ωε
1317 1955 1546 2014 CAPUT
1583 1955 1648 2012 v.

577 2053 850 2125 .Porabola
879 2089 1028 2142 qnam
1061 2063 1248 2126 Dnvidi
1275 2073 1542 2144 proposuit
1589 2069 1805 2125 Not/tan
1829 2113 1842 2134 ,
1875 2071 2183 2144 exponitur;

658 2177 702 2220 ct
728 2165 1323 2244 Christo,_suscepta:que
1351 2165 1412 2220 ob
1453 2183 1511 2220 eo
1543 2165 1688 2220 carni
1717 2167 1955 2220 humana:
1982 2181 2184 2220 accom-

657 2261 914 2316 tundatur.

575 2431 580 2434 _
653 2377 744 2432 '20.
786 2377 898 2432 Nec
943 2377 1200 2448 parabola
1235 2377 1446 2432 videtur
1487 2393 1516 2432 a
1561 2377 1824 2450 mysterio
1851 2377 2180 2446 discrepare.

579 2471 716 2540 Quis
739 2473 886 2528 enim
911 2473 1062 2526 dives
1084 2512 1098 2538 ,
1133 2471 1234 2526 nisi
1269 2471 1530 2526 Dominus
1563 2480 1748 2525 noster
1775 2469 1963 2532 Jesus,
1994 2467 2086 2536 qui
2117 2467 2185 2526 de

583 2578 648 2618 se
677 2563 775 2630 ait,
807 2571 867 2616 ut
893 2561 1054 2618 hodie
1079 2563 1276 2618 lectum
1307 2571 1422 2630 est,
1467 2563 1608 2633 quod
1645 2561 1798 2616 homo
1827 2560 2039 2630 quidam
2067 2577 2186 2614 cum

588 2655 728 2710 dives
769 2666 925 2720 esset,
955 2655 1082 2710 abiit
1111 2657 1164 2710 in
1194 2655 1450 2728 regionem
1477 2655 1806 2728 longinquam
1831 2654 2062 2722 accipere
2101 2669 2184 2707 re-

588 2767 746 2822 gnum
797 2759 842 2804 et
887 2745 1082 2804 reverti
1115 2747 1266 2816 (Luc.
1295 2765 1414 2816 xu,
1451 2749 1562 2819 l3).
1613 2749 1678 2804 Et
1711 2763 1835 2804 vere
1879 2747 2028 2802 dives
2069 2755 2187 2802 erat

587 2842 886 2914 tnajestatis
926 2857 1038 2898 suae
1077 2842 1271 2914 opibus
1291 2883 1306 2906 ,
1338 2853 1392 2898 et
1421 2843 1718 2898 divinitatis
1751 2842 1983 2914 propriae
2015 2837 2186 2912 pleni-

589 2939 794 3002 tudine,
827 2939 912 2992 cui
938 2937 1129 3010 Angeli
1149 2947 1204 2992 et
1231 2936 1580 3008 Archangeli,
1609 2935 1844 2992 Virtutes
1865 2946 1918 2992 et
1941 2934 2187 2990 Potesta-

589 3043 674 3088 tcs
701 3042 755 3088 et
781 3031 1116 3101 Principatus
1135 3072 1150 3098 ,
1185 3030 1389 3086 Throni
1419 3039 1474 3086 et
1503 3030 1938 3096 Dominationes,
1978 3027 2188 3084 Cheru-

587 3127 698 3182 bim
759 3136 812 3182 et
871 3126 1154 3196 Seraphin:
1207 3125 1478 3180 indefesso
1535 3124 1797 3194 obsequio
1851 3123 2182 3178 serviebant.

2281 531 2448 574 carne
2499 517 2750 588 lioSpitali
2785 519 3018 590 quodam
3067 517 3326 588 suscepit
3369 516 3606 582 aﬂ'ectu,
3651 517 3804 586 cuius
3831 519 3890 574 le-

2283 611 2472 668 vanda:
2495 627 2654 668 causa
2683 613 2766 668 vel
2795 613 2974 682 potius
2999 611 3324 670 reﬁcienda
3347 651 3364 678 ,
3397 625 3628 666 carne-ii
3657 627 3808 666 sum
3825 627 3892 666 sa-

2285 704 2442 758 lutari
2491 705 2564 760 illi
2607 705 2802 762 obtulit
2845 705 3120 776 passioni,
3177 715 3236 760 ut
3285 713 3342 758 et
3385 705 3578 760 cibum
3615 705 3772 760 nobis
3795 707 3890 762 sit:

2285 797 2552 866 pra-heret
2599 811 2836 852 a-ternie.
2897 798 2966 854 Et
3015 799 3160 854 bene
3191 813 3396 869 agnam
3441 797 3582 854 dixit
3637 799 3888 868 Scriptura

2283 887 2498 962 (lbid.).
2533 890 2656 959 quia
2687 899 2804 944 erat
2835 889 3068 960 Virginis
3097 903 3310 960 partus.
3343 889 3504 946 Betae
3525 890 3728 959 dignus
3749 903 3894 948 metu

2284 985 2664 1052 pronuntiatur
2707 985 2866 1038 dives
2915 985 3014 1038 iste
3057 983 3272 1052 judicio
3311 983 3688 1050 preti-bellua;
3717 984 3894 1048 uitiari

2283 1075 2516 1142 Caiphas
2549 1075 2888 1146 proiiltetavit
2921 1077 3114 1132 dicens
3147 1096 3159 1132 :
3195 1075 3435 1146 Expedit
3467 1093 3640 1128 unus
3661 1077 3892 1132 homines

2283 1169 2413 1220 mori
2441 1185 2538 1238 pro
2563 1169 2756 1239 populo
2777 1167 2958 1238 (Joan.
2987 1185 3062 1232 st,
3239 1169 3412 1224 Solus
3433 1179 3632 1224 autem
3659 1168 3892 1224 Dominis

2281 1261 2444 1318 lenus
2473 1261 2568 1316 tali
2601 1264 2794 1332 dignus
2821 1263 3028 1318 electos
3053 1275 3136 1318 est
3169 1274 3380 1326 morte,
3407 1276 3522 1330 qua
3557 1263 3784 1316 tolleret
3803 1277 3894 1330 pec-

2281 1365 2460 1408 Catum
2492 1355 2698 1408 mundi.
2733 1355 2960 1409 Pulchre
2981 1369 3200 1426 quoque
3227 1354 3448 1408 addidit
3479 1372 3496 1408 ε
3531 1354 3748 1426 Agnus
3775 1359 3892 1408 mti-

2283 1455 2388 1500 turt
2418 1446 2482 1516 (ll
2519 1447 2642 1518 Reg.
2679 1463 2788 1514 xu,
2824 1451 2908 1518 6);
2941 1449 3060 1518 quia
3089 1464 3310 1504 carnem
3345 1451 3644 1518 propriam
3693 1451 3894 1504 resuta-i-

2283 1541 2456 1606 tavit,
2501 1557 2721 1598 carnem
2771 1543 2918 1598 illam
2963 1545 3244 1612 virginalis
3275 1543 3636 1614 integritatis
3665 1545 3890 1600 reddi-dit.

2281 1633 2392 1690 Nec
2419 1636 2546 1688 illttd
2575 1637 2808 1692 otiOsum
2837 1637 2981 1706 quod
3011 1639 3088 1692 ait
3115 1657 3130 1692 :
3163 1637 3231 1692 In
3257 1640 3638 1708 quadruplum
3665 1640 3890 1694 restituet.

2281 1727 2684 1798 Quadruplatur
2705 1730 2852 1784 enim
2877 1731 3210 1786 resurrectio
3237 1743 3630 1790 tuortuorum.
3653 1733 3794 1786 sicut
3817 1730 3892 1784 de-

2211 1824 2256 1884 B
2285 1829 2372 1874 cet
2401 1821 2694 1890 Apostolus
2725 1821 2910 1876 dicens
2937 1841 2952 1878 :
2985 1823 3286 1878 Seminatur
3313 1825 3368 1876 in
3397 1825 3774 1892 corruptione.
3801 1841 3892 1878 suo

2283 1913 2357 1982 git
2395 1913 2446 1966 in
2487 1913 2903 1982 incorruptione;
2933 1917 3216 1970 seminatur
3259 1917 3314 1970 in
3345 1916 3726 1988 ignobilitate,
3757 1917 3890 1985 surgit

2283 2005 2338 2058 in
2375 2005 2576 2075 gloria;
2605 2008 2888 2062 seminatur
2925 2011 2980 2062 in
3009 2009 3346 2078 inﬁrmitte,
3375 2011 3556 2081 surgit
3597 2011 3657 2062 iis
3703 2011 3892 2066 uirtute:

2283 2101 2566 2152 seminatur
2605 2115 2792 2171 corpus
2837 2101 3098 2168 animale,
3171 2104 3338 2172 surgit
3401 2119 3612 2171 corpus
3687 2102 3892 2172 spiritali

2285 2191 2328 2260 (ι
2347 2189 2482 2260 (Ior._
2503 2207 2594 2258 xv,
2617 2191 2688 2246 4:).
2719 2203 2765 2246 et
2793 2193 2946 2266 seq.).
2973 2193 3240 2250 Restituet
3271 2196 3512 2266 planein
3543 2196 3888 2266 quadruplum

2283 2299 2476 2356 agnam
2505 2287 2666 2342 etiam
2699 2287 2792 2342 illo
2819 2289 2980 2344 modo
2999 2305 3107 2360 quo
3135 2299 3322 2359 potest
3337 2291 3452 2359 jam
3477 2291 3662 2346 homo
3691 2291 3888 2344 dicere:

2285 2377 2348 2434 Si
2377 2381 2461 2432 cui
2481 2381 2677 2444 aliquid
2697 2380 2900 2448 abstuli,
2926 2383 3086 2436 reddo
3105 2385 3462 2453 quadruplum
3489 2383 3664 2456 (Luc.
3699 2401 3806 2448 lix,
3827 2384 3888 2448 8).

2283 2472 2448 2544 ω
2493 2470 2896 2530 Convenienter
2931 2477 3094 2532 etiam
3139 2476 3270 2530 illud
3317 2477 3524 2546 adjecit
3571 2495 3587 2531 :
3643 2478 3782 2542 Quia
3811 2494 3888 2530 ili!

2287 2569 2516 2637 pepercit
2571 2568 2652 2640 (ll
2699 2568 2826 2640 Reg.
2873 2585 2974 2636 sn,
3023 2571 3112 2638 6);
3163 2586 3266 2624 non
3315 2573 3464 2626 enim
3509 2572 3768 2642 pepercit
3809 2571 3886 2624 sibi

2285 2663 2553 2724 Christus.
2581 2675 2630 2718 ut
2657 2665 2911 2720 erunibus
2937 2666 3272 2720 subveniret.

2361 2757 2448 2812 25.
2493 2755 2730 2828 Ideoque
2753 2758 2956 2814 dictum
2997 2768 3084 2814 est
3107 2775 3134 2812 a
3163 2759 3398 2814 Domino
3427 2757 3566 2814 .lesu
3597 2758 3820 2814 Christo
3835 2757 3884 2812 ad

2289 2865 2505 2906 servum
2539 2867 2693 2904 suum
2719 2851 2884 2905 David
2903 2895 2916 2914 ,
2944 2861 3002 2904 ut
3025 2853 3340 2924 mysterium
3371 2852 3738 2908 declararet:
3771 2851 3886 2918 Que-

2289 2944 2430 2996 niom
2463 2955 2512 2996 tu
2544 2941 2640 2996 hoc
2667 2943 2832 3013 fecisti
2861 2945 2910 2998 in
2943 2947 3166 3010 occulto,
3199 2955 3248 2998 et
3275 2963 3368 3016 ego
3407 2946 3614 3016 faciam
3659 2945 3758 2998 hoc
3793 2961 3882 2997 rer-

2289 3039 2408 3090 bum
2429 3053 2602 3088 coram
2628 3038 2767 3090 omni
2795 3037 2992 3098 Israel,
3029 3047 3074 3091 et
3109 3038 3162 3091 in
3217 3048 3494 3108 conspectu
3553 3039 3686 3092 solis
3751 3036 3880 3108 hujus

2285 3127 2358 3200 (Il
2388 3127 2516 3199 Reg.
2537 3128 2748 3190 1:11,”).
2779 3128 2844 3184 Et
2875 3131 3048 3198 primo
3073 3129 3289 3200 quidem
3313 3133 3572 3186 nesciens
3593 3143 3880 3184 suci-anicii-

585 3219 696 3276 Sed
741 3229 918 3274 tamen
945 3235 1070 3276 cum
1109 3219 1262 3274 dives
1287 3228 1460 3286 esset,
1503 3218 1720 3290 reliquit
1757 3216 2046 3288 nonaginta
2089 3233 2186 3268 ιω·
2209 3213 2256 3278 C
2293 3231 2421 3288 tum,
2453 3231 2757 3276 commotus
2785 3233 2868 3278 est
2896 3223 3064 3278 David
3101 3225 3500 3293 indignatione,
3537 3225 3639 3278 sed
3675 3242 3780 3277 non
3807 3239 3878 3277 er-

587 3329 708 3368 vem
741 3313 794 3368 in
819 3315 1094 3368 montibus
1117 3327 1278 3378 oves,
1311 3322 1360 3367 et
1388 3327 1548 3368 unam
1577 3327 1734 3368 ovem
1765 3327 1886 3382 quae
1915 3312 2056 3365 lassa
2079 3307 2186 3364 're-

587 3416 897 3471 manserat,
927 3405 1226 3476 requisivit.
1273 3404 1424 3460 Πέλλα
1469 3404 1718 3474 princeps
1761 3403 1914 3458 istius
1961 3401 2184 3468 mundi,

589 3500 1050 3568 contemplatione
1081 3499 1226 3552 illius
1259 3499 1442 3552 divitis
1467 3512 1673 3566 egenus
1701 3511 1752 3554 et
1781 3513 2006 3568 panper,
2031 3494 2186 3566 quasi

589 3591 751 3646 ﬁliam
802 3591 1072 3646 alimentis
1119 3589 1349 3662 propriis
1411 3589 1704 3650 nutriebat.
1767 3587 1957 3642 Merito
2007 3588 2188 3656 itaque

590 3683 887 3750 defecerat,
915 3685 998 3740 cui
1025 3683 1322 3738 substantia
1350 3693 1466 3738 erat
1487 3682 1640 3738 cibus
1661 3681 1864 3738 saeculi.
1893 3680 2188 3736 Erraverat

591 3777 708 3830 lure
735 3777 852 3832 ovis
883 3777 934 3832 in
959 3775 1158 3840 Adam,
1191 3773 1398 3832 insidiis
1423 3774 1707 3830 sollicitata
1737 3774 2030 3842 serpentis.

657 3870 750 3925 2i.
795 3871 860 3926 Et
884 3884 994 3926 non
1025 3870 1162 3924 mala
1195 3869 1343 3936 ovis,
1387 3885 1508 3940 quae
1538 3877 1656 3924 erat
1687 3867 1845 3924 Verbi
1873 3868 2061 3938 plena,
2099 3877 2186 3922 ut-

587 3976 710 4034 pOte
745 3974 768 4003 ο
799 3964 1138 4019 rationabilis
1167 3963 1518 4018 hebdomadis
1547 3959 1676 4028 lilia,
1706 3973 1760 4017 et
1791 3961 1962 4016 sancti
1991 3977 2185 4016 lllUllUS

585 4060 861 4125 auctoris;
897 4069 1074 4116 tamen
1109 4075 1212 4114 non
1247 4058 1495 4128 pretiosis
1525 4057 1832 4129 aliquibus,
1865 4057 1958 4112 sed
1991 4057 2185 4112 vilibus
2233 4123 2236 4126 Α

587 4152 836 4222 pauperis
861 4152 954 4206 diu
995 4151 1188 4220 opibus
1233 4150 1496 4204 alebatur.
1529 4151 1766 4220 Denique
1791 4149 1854 4204 de
1881 4165 2014 4222 pane
2037 4153 2182 4222 ejus,

587 4243 782 4314 inquit,
807 4243 1169 4304 manducabat,
1202 4243 1332 4296 etde
1355 4243 1516 4296 calice
1540 4245 1651 4315 ejus
1677 4241 1892 4300 bibebat.
1921 4251 1966 4293 et
1993 4242 2045 4294 in
2067 4241 2184 4295 sinu

586 4339 697 4408 ejus
729 4335 1009 4388 dormiebat
1039 4333 1100 4406 (ll
1133 4333 1260 4403 Reg.
1287 4349 1382 4400 xu,
1407 4333 1485 4402 '5).
1519 4333 1636 4387 Non
1661 4333 1800 4388 bona
1825 4347 1943 4387 esca
1970 4331 2186 4388 Aﬁthio-

587 4443 738 4500 pum,
769 4427 958 4482 noxius-
985 4428 1124 4482 calix
1155 4441 1355 4482 aureus
1385 4426 1694 4496 Babylonis,
1729 4425 1816 4495 qui
1843 4437 2030 4496 gentes
2073 4427 2185 4480 ine-

586 4520 768 4576 briat:
802 4537 908 4576 non
953 4521 1097 4575 utilis
1131 4535 1354 4576 somnus
1383 4531 1466 4573 est
1489 4518 1906 4584 dormientibus,
1939 4520 2080 4574 malo
2106 4523 2186 4574 vi-

583 4614 770 4686 gilare.
802 4613 1045 4686 Denique
1074 4613 1268 4667 turbati
1296 4619 1421 4666 sunt
1444 4625 1634 4667 omnes
1658 4613 1972 4680 insipientes
1993 4613 2179 4680 corde,

585 4709 998 4765 obdormierunt
1043 4721 1292 4762 somnum
1342 4721 1533 4773 suum,
1580 4715 1636 4762 et
1676 4703 1808 4762 nihil
1837 4708 2182 4770 invenerunt.

587 4804 817 4874 Hospitii
848 4805 1009 4875 igitur
1033 4802 1238 4873 gratia,
1267 4801 1391 4871 quia
1435 4811 1749 4871 susceperat
1795 4801 2094 4871 hospitem,
2127 4815 2183 4858 ut

583 4897 631 4952 ei
659 4897 844 4967 epulas
885 4897 1210 4961 exhiberet,
1257 4895 1404 4948 illam
1435 4895 1687 4963 pauperis
1735 4909 1892 4949 ovem
1937 4895 2181 4950 abstulit.

583 4987 660 5044 De
685 4989 800 5046 suis
828 4991 972 5044 enim
1011 4990 1096 5045 vel
1125 4985 1378 5060 gregibus
1410 4987 1493 5042 vel
1533 4989 1793 5042 armentis
1817 4987 1862 5042 si
1893 4987 2037 5058 quod
2067 4989 2186 5042 ani-

583 5083 688 5140 mal
737 5085 1074 5152 immolaret,
1107 5083 1268 5138 nobis
1313 5081 1570 5152 prodesse
1619 5097 1726 5137 non
1767 5091 2014 5153 poterat,
2047 5099 2184 5154 quos

583 5175 686 5230 nisi
711 5176 1062 5239 iuunolasset,
1102 5189 1206 5230 non
1234 5173 1579 5230 redemisset.

657 5375 681 5404 τι
709 5363 764 5420 Id
795 5373 900 5432 est,
935 5367 1106 5435 lepra.

603 5458 610 5469 ι
652 5435 681 5476 lt
714 5429 1065 5503 Communem,
1110 5437 1212 5492 hoc
1257 5437 1376 5492 loco
1407 5443 1770 5506 interpretare
1813 5437 2082 5504 impurum
2130 5444 2186 5490 et

585 5510 881 5634 gglltllul'tll,’
921 5515 977 5563 ut
1016 5526 1078 5564 ea
1113 5525 1213 5564 vox
1249 5507 1484 5564 sumitur
1525 5505 1754 5561 Acutum
1799 5521 1918 5576 cap.
1951 5521 2005 5572 κ,
2039 5521 2184 5562 vers.

685 5589 737 5634 et
777 5595 842 5632 ai
887 5583 922 5634 i.

685 5589 737 5634 et
777 5583 922 5634 alibi.

641 5643 686 5689 ὐ
723 5651 1070 5707 Rationabilis
1099 5651 1452 5714 hebdomadis,
1483 5647 1536 5705 id
1566 5661 1649 5705 est
1673 5650 1939 5720 spiritalis
1957 5661 2018 5702 ac
2045 5663 2188 5720 mys-

589 5720 731 5786 ticae,
760 5729 896 5788 sive,
947 5736 1000 5776 nl
1060 5737 1276 5778 Sillll‘llh
1331 5725 1528 5778 Iloctor
1575 5719 1887 5786 frequenter
1934 5719 2188 5786 loquitur,

597 5792 938 5862 intelligtbilis
967 5793 1336 5862 hebdomadis,
1371 5795 1570 5849 veteris
1595 5795 1802 5848 scilicet
1833 5791 2189 5847 ’I‘estamenti.

602 5862 732 5918 Nam
783 5878 880 5934 per
931 5867 1330 5924 hebdomadam
1371 5866 1652 5936 antiquum
1697 5863 1872 5922 {mdes
1923 5862 2194 5938 designari

2293 3316 2429 3368 ravit
2473 3314 2686 3368 affectu.
2737 3315 2926 3368 Postea
2960 3331 3090 3370 vero
3131 3317 3220 3370 ubi
3267 3316 3530 3383 cognovit
3581 3319 3876 3388 mysterium

2293 3424 2568 3476 magnum,
2601 3425 2848 3478 magnum
2877 3409 3020 3464 enim
3045 3419 3446 3464 sacramentum
3473 3409 3690 3466 Christi
3719 3421 3770 3464 ct
3795 3410 3874 3464 Er-

2291 3503 2500 3570 clesiaz,
2537 3501 2723 3556 videns
2753 3503 3130 3558 remissionem
3157 3505 3390 3558 [lituram
3433 3504 3690 3558 oninium
3721 3517 3876 3572 pecca-

2291 3605 2468 3648 torum
2487 3635 2502 3660 ,
2543 3593 2848 3662 prurvidens
2875 3593 3140 3663 fulgorem
3169 3596 3358 3664 gratim
3387 3611 3484 3663 per
3509 3595 3788 3650 lavacrum
3811 3612 3877 3648 re-

2289 3687 2672 3755 generationis,
2705 3698 2758 3740 ct
2791 3685 3116 3742 inlusionem
3147 3685 3382 3757 Spiritus
3405 3688 3610 3752 sancti,
3645 3689 3716 3742 ait
3749 3701 3874 3742 sece-

2289 3793 2382 3832 ras
2429 3778 2600 3834 veniae
2633 3795 2646 3831 :
2683 3779 2901 3834 Peccavi
2951 3778 3203 3846 Domino;
3253 3789 3310 3835 ut
3337 3789 3392 3834 et
3433 3781 3558 3851 ipse
3607 3781 3662 3836 in
3711 3795 3872 3836 eorm

2289 3873 2502 3928 veniret
2537 3877 2908 3938 consortium,
2937 3873 3134 3944 quibus
3159 3873 3333 3944 culpa:
3363 3875 3622 3930 remissio
3651 3877 3873 3945 proveni-

2293 3975 2392 4018 ret.
2419 3963 2675 4019 Advertis
2701 3965 3153 4034 quemadmodum
3187 3975 3464 4034 peccatum
3501 3969 3775 4037 proprium
3797 3967 3872 4020 deo

2287 4057 2614 4128 ploraverit?
2637 4057 2767 4126 Quis
2795 4058 2958 4130 igitur
2981 4059 3210 4114 miretur
3235 4059 3284 4112 ei
3315 4073 3438 4114 esse
3465 4059 3786 4115 dimissum?

2909 4189 3138 4249 CAPUT
3183 4191 3268 4248 Vl.

2295 4309 2467 4365 Bonos
2495 4317 2542 4363 rt
2571 4309 2734 4364 malos
2764 4309 2859 4362 hoc
2885 4309 3018 4363 inter
3045 4325 3098 4363 se
3125 4307 3355 4376 ὤθει-τε,
3383 4307 3526 4379 quod
3549 4307 3674 4364 itt‘os
3697 4317 3870 4376 peccata

2359 4415 2655 4475 sequantur,
2693 4403 2784 4458 ltos
2811 4405 3134 4476 pra’cedant;
3167 4411 3212 4458 et
3237 4402 3419 4474 quibus
3461 4403 3705 4474 operibus
3731 4399 3870 4454 Dat-id

2359 4511 2626 4570 peccatum
2655 4517 2804 4554 suum
2829 4499 3030 4552 texerit.

2356 4613 2446 4670 24.
2487 4614 2639 4668 Nunc
2670 4613 3076 4668 consideremus
3120 4625 3284 4680 opera
3315 4609 3434 4676 ejus
3473 4609 3675 4682 Quibus
3719 4609 3868 4682 potuit

2293 4717 2477 4778 tegere
2520 4717 2825 4777 peccatum.
2873 4705 3086 4760 Etenim
3127 4705 3250 4774 quia
3287 4720 3390 4758 non
3427 4711 3606 4771 [latest
3637 4708 3755 4758 sine
3775 4717 3870 4773 prc-

2287 4811 2408 4854 cato
2437 4815 2560 4854 esse
2591 4802 2825 4854 humana
2857 4798 3137 4868 fragilitas,
3165 4796 3466 4851 cavendum
3497 4811 3566 4850 ne
3593 4797 3744 4866 plura
3771 4809 3870 4865 pet-

2289 4903 2406 4948 cata
2436 4893 2570 4954 sint.
2605 4909 2766 4964 quam
2799 4909 2961 4964 opera
2995 4891 3274 4946 virtutum.
3317 4887 3472 4960 Quod
3507 4905 3702 4962 magna
3741 4893 3786 4943 vi
3811 4903 3869 4943 se

2289 4989 2506 5058 pientis:
2551 5002 2666 5041 sua:
2707 4995 2930 5042 sanctus
2958 4985 3158 5040 Paulus
3193 4987 3464 5056 expressit
3491 4988 3721 5040 dicens:
3757 4985 3868 5050 Quo-

2288 5084 2527 5136 rumdam
2559 5081 2824 5136 hominum
2863 5094 3074 5153 peccata
3109 5083 3382 5152 ntauifesta
3407 5090 3528 5134 sunt
3560 5077 3866 5150 prandentis

2289 5177 2358 5231 ad
2375 5181 2638 5250 judicium
2658 5221 2674 5250 ,
2721 5181 2970 5250 quosdam
2995 5188 3161 5234 autem
3199 5189 3247 5234 et
3279 5179 3662 5250 subsequuntur
3692 5175 3732 5248 (l
3752 5173 3862 5229 Tim.

2291 5381 2414 5443 cum
2449 5371 2572 5425 alibi
2601 5372 2889 5440 signiﬁcat,
2921 5382 3033 5428 tmn
3057 5373 3218 5440 epist.
3245 5373 3310 5429 ad
3333 5375 3563 5429 ﬂorent.
3593 5374 3682 5427 ubi
3705 5374 3860 5443 legas:

2295 5439 2589 5497 Hebdonms
2626 5439 2824 5498 Veteris
2849 5439 3160 5499 Testamenti
3204 5455 3278 5499 est
3312 5462 3330 5500 :
3367 5456 3546 5502 octava
3579 5439 3852 5506 *Novifetc.

2291 5513 2390 5568 Hic
2419 5531 2553 5583 ergo
2583 5519 2744 5570 tomis
2777 5517 2882 5571 lori
2915 5531 3107 5572 sensus
3133 5529 3215 5571 est
3243 5535 3256 5570 :
3289 5517 3490 5573 Natura
3529 5519 3747 5571 humana
3777 5516 3855 5568 etsi

2289 5587 2343 5638 in
2377 5585 2586 5640 Adamn
2613 5589 2758 5642 lac-sa
2793 5587 2986 5648 fuerit,
3017 5599 3124 5642 non
3167 5599 3348 5644 tamen
3375 5591 3516 5644 mala
3547 5599 3662 5648 est.
3693 5589 3854 5654 quinte

2291 5671 2410 5724 quae
2434 5669 2612 5712 ci'cala
2645 5659 2706 5712 sit
2737 5659 2790 5712 in
2815 5659 2996 5714 Veteri
3023 5659 3396 5725 Testattlenln,
3425 5661 3524 5716 stili
3547 5677 3654 5730 quo
3677 5671 3725 5714 et
3745 5669 3854 5730 prx-

2295 5730 2560 5802 dictiones
2593 5733 3087 5802 prmnissionesqiie
3119 5733 3437 5788 incantandi
3469 5729 3630 5788 Verbi
3659 5729 3848 5800 accepit,

2295 5801 2439 5856 unde
2469 5803 2630 5855 etiam
2659 5801 2856 5858 dicitur
2891 5801 3042 5862 Verbi
3069 5805 3241 5874 plena.
3623 5815 3626 5818 ’
