4042 6378
121 331 246 388 ῧτῖΙ

1299 340 1646 400 ΑΡΟιοθιΑ
1674 341 2076 402 ΡΚΟΡΗΕΤΞ
2120 347 2347 404 DAVID.

3358 355 3464 409 itii!

120 467 183 506 v.
224 453 370 526 24),
403 458 508 516 hoc
545 469 661 527 est,
705 475 811 516 rion
845 461 1117 516 invenitur
1159 460 1441 532 quisquam
1474 461 1710 517 illibatus
1735 478 1767 519 a
1796 467 1843 527 Α
1873 468 2056 524 braret
2105 469 2394 525 invidiam?
2445 471 2636 527 Divino
2683 472 2890 528 electus
2943 472 3229 540 examine,
3282 475 3466 529 statim

117 561 142 597 (
163 547 358 619 ulpa;
390 552 553 607 habet
577 553 695 622 quis
738 553 873 608 bona
903 554 1090 610 merita
1111 595 1126 620 ,
1173 553 1335 610 habet
1360 564 1416 609 et
1449 555 1579 610 vitia
1606 568 1767 626 atque

122 653 411 709 peccata.
445 646 637 701 Omnia
679 646 857 716 itaque
891 657 1071 701 nostra
1110 647 1262 717 quasi
1297 648 1348 702 in
1401 649 1602 702 trutina
1635 664 1769 716 pon-

123 734 474 794 derantur:
519 741 565 794 si
611 740 766 794 Iuniis
799 742 959 810 igitur
1003 740 1157 795 factis
1189 748 1407 810 peccati
1449 741 1770 810 praeponde-

125 839 305 892 ratit,
347 833 657 900 prmcedunt
686 831 752 887 ad
775 833 1069 902 judicium;
1105 841 1332 903 vergunt
1363 836 1506 888 enim
1549 841 1768 900 pet-cata

124 927 406 991 quasi'itt
442 928 796 996 profundum,
825 937 1048 998 vergunt
1073 943 1193 997 qua:
1223 927 1504 980 manilerta
1534 939 1652 980 sunt
1684 925 1768 982 vel

123 1021 412 1087 pondere
439 1033 598 1089 atque
624 1023 921 1076 acerbitate
941 1065 954 1087 ,
991 1023 1073 1077 ν‹-1
1101 1021 1464 1077 multitudine.
1501 1021 1768 1088 Quosdam

123 1123 366 1179 autent,
417 1113 620 1180 inquit,
667 1124 717 1167 et
745 1115 1136 1184 subsequuntur,
1174 1116 1276 1169 hoc
1305 1122 1410 1180 est,
1439 1130 1533 1168 eos
1573 1115 1662 1183 qui
1711 1130 1769 1168 sc

128 1206 377 1274 egerint
416 1206 628 1272 sobrie,
672 1209 765 1262 sed
814 1209 1104 1279 fragilitate
1147 1209 1480 1265 Cotidtlitmis
1521 1207 1770 1263 dederint

129 1299 454 1364 aliquando
484 1301 648 1354 etiam
673 1303 844 1356 errori
874 1302 1072 1364 locum,
1100 1303 1239 1358 bona
1271 1304 1406 1358 facta
1435 1301 1768 1370 pra'cedunt,

131 1391 301 1445 mala
341 1403 660 1460 sequuntur.
697 1395 756 1448 lli
792 1394 1158 1461 honestiores,
1185 1399 1278 1451 sed
1311 1407 1486 1450 tamen
1521 1395 1771 1450 homines

145 1482 310 1553 lapsi
344 1485 645 1542 levioribus
679 1486 820 1542 vitiis
850 1502 900 1544 et
933 1490 1145 1544 erratis.
1179 1489 1320 1558 Ergo
1342 1489 1517 1560 iustos
1539 1502 1772 1558 εεψίυη-

137 1584 242 1630 tur
275 1590 527 1648 peccata,
557 1595 663 1634 non
694 1593 932 1647 praeeunt
961 1597 976 1645 ;
1009 1581 1240 1648 injustas
1267 1582 1597 1647 pra-cedunt.
1629 1580 1771 1634 Prte-

147 1669 480 1738 pouderant
509 1682 726 1740 peccata
761 1690 880 1744 qum
909 1689 1163 1745 vergunt;
1195 1685 1493 1746 sequuntur
1519 1684 1696 1728 autem
1725 1673 1770 1729 si

143 1777 288 1830 qua!
331 1776 476 1818 recte
504 1763 643 1819 facta
676 1778 833 1832 sunt,
863 1770 1012 1836 quasi
1053 1768 1285 1837 qundam
1316 1770 1628 1840 pra'judicio
1651 1784 1773 1838 pec-

137 1945 305 2000 bona
341 1947 623 2003 manifesta
654 1961 800 2004 sunt.
844 1951 1052 2008 Lucent
1095 1955 1239 2009 enim
1281 1969 1446 2023 opere
1475 1958 1766 2021 virtutum,

137 2049 198 2092 et
241 2040 544 2108 splendore
587 2043 938 2110 meritorum;
987 2057 1041 2099 et
1083 2061 1202 2116 qua!
1241 2047 1401 2102 aliter
1430 2063 1490 2101 se
1533 2047 1767 2114 habent,

138 2133 421 2189 abscmtdi
455 2149 562 2190 non
592 2146 836 2205 possunt.
873 2140 1012 2208 Ergo
1054 2141 1179 2194 talia
1209 2158 1316 2195 non
1359 2154 1632 2212 teguntur,
1661 2158 1768 2197 non

137 2231 448 2286 obumbrat
481 2247 544 2287 ea
584 2233 824 2288 cttaritas
852 2248 974 2304 quae
1003 2233 1179 2303 operit
1209 2235 1612 2290 multitudinem
1643 2251 1772 2306 pec-

139 2333 445 2391 catorum,
490 2341 597 2381 non
627 2334 804 2395 operit
841 2327 1106 2382 bonorum
1156 2343 1380 2398 operum
1425 2328 1627 2398 gratia,
1661 2345 1767 2384 non

145 2423 452 2480 abscondit
481 2426 738 2480 virtutum
779 2425 1093 2492 multitudo,
1123 2428 1216 2481 sed
1247 2427 1400 2497 quasi
1429 2428 1569 2481 nuda
1601 2439 1650 2482 et
1689 2429 1770 2482 in-

144 2526 304 2572 tecta
333 2517 657 2586 produntur.
681 2517 797 2585 Non
836 2520 980 2574 enim
1013 2529 1096 2574 est
1121 2519 1175 2573 in
1218 2520 1281 2573 iis
1321 2522 1411 2590 qui
1445 2520 1588 2574 dicat
1619 2538 1631 2574 :
1659 2521 1769 2575 Sub

144 2614 349 2666 umbra
380 2613 583 2667 alarum
611 2623 811 2666 tuarum
839 2623 1048 2685 protege
1070 2631 1148 2667 me
1167 2612 1343 2686 (Psal.
1373 2629 1482 2680 va,
1510 2614 1588 2686 8).
1622 2614 1767 2670 Crux

143 2707 308 2761 enim
369 2705 583 2762 Domini
644 2720 836 2763 ornues
891 2707 1076 2762 abolet
1121 2717 1284 2778 atque
1337 2707 1624 2770 abscondit
1681 2723 1769 2764 er-

148 2815 344 2856 rores.

229 2892 330 2949 εδδ
371 2894 502 2960 Quis
533 2895 694 2965 igitur
721 2895 894 2964 magis
937 2895 1151 2965 operuit
1190 2904 1244 2950 et
1277 2896 1413 2949 texit
1455 2909 1612 2964 quam
1643 2909 1770 2950 san-

147 2995 286 3043 ctus
317 2987 503 3054 David,
533 2989 625 3058 qui
657 2997 711 3042 et
740 2988 867 3042 alibi
893 2988 1004 3042 ait:
1033 2986 1103 3042 Et
1133 2990 1187 3042 in
1217 2986 1397 3042 umbra
1421 2989 1626 3042 alarum
1656 2997 1771 3042 ttttt-

150 3099 279 3136 runt
309 3084 531 3152 speravi,
557 3082 721 3136 donec
748 3091 971 3135 transeat
1001 3081 1240 3151 iniquitas
1269 3079 1442 3150 (Psat.
1468 3095 1576 3144 Lvt,
1596 3079 1687 3149 2);
1715 3089 1772 3136 et

151 3175 243 3231 sic
285 3176 476 3231 dilexit
515 3174 840 3239 Dominum,
888 3183 945 3227 ut
990 3173 1152 3228 nimia
1185 3173 1449 3228 charitate
1489 3181 1766 3242 peccatum

1871 560 2116 629 probavit
2165 561 2438 632 indignum
2482 581 2540 619 se
2571 575 2722 620 tanto
2765 575 2868 621 non
2916 581 3038 622 esse
3075 567 3299 636 judicio.
3334 567 3468 622 Pto-

1869 652 2030 707 ce~sit
2058 651 2113 707 in
2141 659 2407 722 praetium,
2441 667 2495 709 et
2526 657 2924 726 trepidantibus
2951 660 3184 722 caneris,
3211 661 3361 715 solus
3391 660 3469 715 al-

1873 745 2149 816 lophylum
2201 747 2406 802 Goliam
2448 753 2732 804 verborum
2776 753 3070 821 jactanlin,
3117 765 3168 808 et
3216 754 3467 810 immanis

1871 838 2116 904 corporis
2159 836 2298 892 mole
2339 841 2634 896 terribilem
2677 854 3034 898 cettcttrrente
3067 845 3222 899 simul
3270 846 3375 900 ﬁde
3405 861 3468 901 ac

1870 928 2067 983 virtute
2100 935 2406 998 prostravit.
2448 933 2618 988 Unius
2659 934 2921 989 iortitudo
2949 938 3087 990 facta
3131 950 3208 992 est
3253 941 3470 992 mtiver-

1871 1037 2052 1076 summ
2089 1022 2332 1078 victoria.
2363 1025 2708 1091 Conleratur,
2739 1029 2780 1081 si
2814 1028 3024 1098 plut-et,
3058 1030 3324 1098 privatum
3354 1027 3466 1084 (ει-ί-

1872 1132 1996 1170 men
2019 1158 2032 1181 ,
2063 1128 2117 1172 et
2157 1117 2461 1188 triumphus
2500 1123 2739 1175 ninnium
2773 1140 2785 1176 :
2820 1138 2965 1178 mors
2995 1125 3172 1186 unius,
3203 1135 3257 1178 et
3287 1133 3467 1179 tant0'-

1872 1223 1989 1262 rum
2020 1224 2155 1279 quos
2182 1210 2425 1265 liberavit
2452 1228 2478 1264 a
2511 1226 2708 1278 ﬂl'tl‘le,
2739 1217 2841 1269 νὶιι
2877 1218 3221 1286 putatior-unt.

1942 1301 2032 1356 27.
2081 1303 2367 1358 Veniamus
2397 1305 2462 1358 ad
2492 1306 2621 1360 alia.
2655 1307 2878 1361 insidias
2911 1311 3213 1377 patiebatur
3241 1325 3268 1362 a
3301 1323 3428 1380 rege
3449 1351 3466 1376 ,

1873 1396 2039 1450 vitam
2087 1401 2204 1464 ejus
2246 1399 2520 1468 quain-bat
2565 1401 2945 1468 exstinguere;
2972 1402 3068 1454 sed
3112 1401 3471 1469 dispositione

1871 1481 2055 1543 diviita
2088 1489 2140 1544 in
2168 1491 2287 1558 ejus
2317 1508 2409 1545 rex
2437 1477 2756 1560 poteSIatem
2786 1493 3033 1558 traditus,
3063 1509 3182 1548 cum
3207 1503 3350 1549 totn~
3376 1509 3472 1564 pa-

1808 1619 1821 1642 .
1873 1592 2013 1638 teret
2045 1585 2110 1638 ad
2143 1586 2334 1638 vulnus
2355 1625 2368 1649 ,
2403 1595 2427 1621 ιι
2459 1588 2695 1640 l'erituris
2735 1588 2898 1643 sociis
2929 1587 3092 1640 David
3126 1598 3345 1642 sanctus
3372 1601 3471 1642 oc-

1873 1676 2074 1742 currit,
2121 1686 2174 1730 et
2205 1694 2232 1728 a
2277 1692 2505 1748 corpore
2535 1680 2758 1747 perituri
2790 1681 2984 1732 vultnts
3021 1680 3220 1734 letbale
3249 1682 3473 1735 retorsit

1873 1771 2059 1826 dicens
2086 1790 2096 1820 :
2122 1770 2299 1825 Nolite
2321 1781 2543 1842 tangere
2568 1770 2840 1828 Christum
2867 1770 3076 1826 Domini
3102 1773 3146 1840 (l
3174 1769 3298 1843 Reg.
3323 1785 3470 1839 xxiv,

36 1911 42 1919 _
135 1865 417 1908 calorum
452 1859 807 1924 prateuntiutn
841 1872 1195 1927 pra-gravata.
1230 1861 1494 1917 Similiter
1535 1871 1590 1916 et
1629 1862 1768 1916 facta
1802 1865 1848 1924 Β
1876 1866 1954 1934 7).
1983 1865 2123 1930 Quin
2153 1868 2313 1918 ctiam
2349 1864 2556 1920 inimici
2598 1866 2738 1920 illius
2778 1869 2922 1921 ultus
2951 1877 3036 1921 est
3066 1878 3334 1931 mortem,
3370 1867 3472 1921 ﬂe-

1873 1957 2055 2011 biliter
2100 1959 2234 2012 satis
2280 1958 2584 2026 deploravit
2625 1959 2941 2025 interitum,
2988 1969 3042 2013 et
3084 1958 3324 2014 debitum
3366 1959 3471 2014 sibi

1874 2050 2158 2117 imperium
2189 2050 2282 2103 diu
2312 2051 2538 2110 distulit.
2573 2052 2716 2120 quod
2749 2053 2950 2107 sciebat
2982 2051 3094 2106 Deo
3125 2063 3344 2108 auctore
3375 2054 3474 2108 de-

1869 2139 2007 2196 beri.
2038 2142 2157 2208 Quo
2184 2142 2302 2196 solo
2333 2143 2515 2196 docuit
2541 2159 2731 2198 omnes
2764 2144 3010 2198 homines
3040 2146 3104 2197 ad
3136 2159 3239 2199 nou
3281 2145 3474 2215 prteri-

1871 2235 2128 2305 piendum
2160 2251 2408 2306 regnum,
2436 2237 2649 2291 etiamsi
2679 2237 2976 2304 debeatur;
3011 2240 3104 2292 sed
3133 2249 3473 2310 exspectan-

1867 2328 1997 2383 dum
2038 2337 2097 2382 ut
2124 2343 2226 2382 suo
2273 2339 2518 2398 tempore
2546 2329 2840 2385 deferatur.
2877 2331 3090 2385 Utinam
3122 2331 3262 2386 hunc
3295 2334 3470 2386 virum

1871 2423 2062 2477 imitati
2095 2433 2279 2478 essent
2306 2425 2547 2493 posteri,
2577 2440 2684 2478 non
2721 2433 2894 2480 tantas
2922 2425 3189 2480 bellorum
3219 2427 3476 2495 pertulis-

1870 2529 2053 2571 semus
2081 2517 2439 2571 acerbitatis!
2467 2517 2665 2588 Arguis
2692 2518 2835 2589 quod
2861 2533 3025 2572 unttm
3054 2519 3332 2584 occiderit,
3361 2529 3471 2576 non

1871 2611 2184 2666 consideras
2225 2612 2373 2683 quod
2425 2613 2675 2668 decuerit
2715 2614 3170 2684 quemadmodum
3213 2629 3314 2684 pax
3353 2613 3474 2670 orh‘i

1870 2707 2117 2762 Romano
2181 2719 2438 2777 perpetua
2487 2719 2816 2764 servaretur.
2873 2711 3044 2776 Unam
3093 2707 3247 2779 gravi
3295 2708 3473 2763 adhuc

1873 2797 2072 2852 luimus
2096 2799 2348 2854 vastitate
2368 2843 2382 2866 ,
2427 2816 2582 2870 quam
2621 2801 2835 2869 publico
2866 2800 3098 2869 quodam
3127 2801 3292 2855 totius
3322 2795 3474 2854 orbis

1871 2893 2062 2947 {uiuere
2100 2895 2321 2962 appetiti
2352 2910 2539 2948 necem
2572 2895 2600 2933 ι’
2631 2895 2774 2964 regis
2804 2895 3177 2950 exsolvimus?
3207 2893 3318 2950 lien
3350 2893 3469 2948 dira
3499 2965 3502 2968 ί

1872 2987 2166 3056 supplicia!
2203 2987 2330 3042 inde
2354 2987 2531 3042 adhuc
2560 2988 2716 3043 nobis
2742 2989 3002 3042 barbarus
3023 2987 3197 3042 hostis
3223 2988 3469 3052 insultat,

1871 3079 1998 3134 dum
2029 3089 2214 3150 parata
2249 3080 2536 3134 adversum
2574 3095 2633 3134 se
2665 3080 2714 3133 in
2745 3094 2842 3133 nos
2865 3093 3010 3134 anna
3041 3090 3343 3135 vertuntur.
3377 3080 3473 3135 Sic

1873 3173 2017 3227 vires
2061 3173 2374 3228 ceciderunt
2426 3172 2685 3239 publicae,
2739 3174 2817 3228 sic
2861 3172 3101 3227 Rotnana
3143 3171 3312 3227 virtus
3355 3173 3472 3229 suis

155 3284 330 3324 omne
362 3279 570 3338 tegeret
605 3278 768 3338 atque
809 3252 1186 3322 absconderet.
1223 3267 1433 3322 Etenim
1474 3267 1518 3322 si
1549 3278 1768 3322 sanctus
1797 3249 1843 3314 Ο
1875 3267 2114 3321 motibus
2143 3266 2310 3322 fracta
2341 3268 2657 3331 consenuit,
2688 3266 2816 3320 dum
2857 3268 3074 3334 publico
3102 3266 3309 3338 rapitur
3342 3281 3470 3336 par-

149 3364 335 3438 m
380 3365 658 3433 apostolus
703 3365 895 3419 Petrus
956 3365 1162 3436 lapsum
1217 3377 1372 3417 suum
1421 3361 1770 3417 confessione

152 3459 450 3514 citat-italis
489 3458 746 3520 abolevit,
777 3469 829 3512 et
858 3457 948 3511 ille
978 3456 1344 3526 interrogatus
1375 3472 1401 3508 a
1434 3457 1662 3511 Domino
1689 3455 1772 3510 di-

154 3565 327 3610 cente
353 3553 399 3607 ei
445 3553 606 3608 tertio
640 3571 651 3605 :
680 3551 860 3607 Simon
904 3549 1153 3616 Joannis,
1179 3559 1320 3604 antas
1351 3565 1430 3604 me
1462 3549 1644 3622 (Joan.
1675 3563 1767 3618 xv,

160 3648 298 3717 l6)?
326 3655 386 3704 ut
413 3663 572 3719 quem
614 3647 777 3702 tertio
804 3655 1129 3717 negaverat,
1164 3645 1322 3700 tertio
1365 3643 1646 3710 fateretur,
1689 3651 1770 3698 at—

157 3758 274 3812 que
315 3743 382 3795 ita
417 3741 558 3795 trino
604 3739 838 3810 quodam
888 3738 1199 3794 dilectionis
1245 3737 1516 3792 velamine
1557 3737 1768 3806 lapsum

162 3835 326 3887 trinae
355 3834 658 3902 negationis
691 3831 1050 3886 absconderet
1079 3847 1095 3884 :
1128 3831 1171 3884 si
1201 3831 1326 3900 quia
1375 3828 1543 3884 semel
1575 3827 1770 3882 Petrus

161 3927 346 3994 ﬂevit,
376 3928 586 3981 veniam
627 3927 957 3995 reportavit,
984 3933 1190 3994 quanto
1217 3923 1386 3992 magis
1427 3920 1594 3976 David
1617 3962 1632 3986 ,
1677 3919 1767 3990 qui

163 4022 383 4077 lavabat
412 4036 510 4092 per
550 4020 792 4089 singulas
819 4027 1007 4074 noctes
1033 4018 1230 4072 lectum
1277 4029 1464 4082 suum,
1507 4022 1563 4068 et
1593 4013 1769 4082 lacry-

161 4115 272 4170 mis
311 4123 540 4169 stratum
588 4126 744 4166 suum
786 4111 1026 4181 rigabat;
1059 4108 1144 4163 cui
1189 4117 1344 4162 erant
1373 4106 1627 4172 lacrymte
1655 4118 1770 4159 sum

161 4211 320 4280 panis
368 4209 454 4264 die
502 4223 564 4263 ac
608 4216 799 4270 nocte;
847 4206 940 4275 qui
969 4204 1208 4258 cinerem
1254 4210 1526 4270 tamquam
1573 4211 1766 4269 panem

161 4300 559 4365 manducabat,
591 4308 646 4354 et
694 4307 876 4367 potum
925 4310 1079 4349 suum
1127 4308 1252 4348 cum
1290 4293 1418 4346 ﬂetu
1467 4290 1770 4346 miscebat?

167 4394 377 4448 Etenim
424 4393 472 4448 si
497 4394 615 4461 ejus
643 4390 732 4461 qui
764 4403 1059 4443 conversus
1101 4386 1443 4456 ingemuerit,
1473 4386 1770 4438 miseretur

163 4487 360 4549 Jesns;
391 4487 434 4540 si
463 4485 683 4540 Petrum
707 4482 940 4552 aspexit,
964 4490 1016 4535 et
1043 4479 1134 4534 ille
1159 4479 1342 4534 ﬂevit:
1370 4488 1572 4546 quanto
1597 4477 1768 4547 magis

163 4578 255 4650 qui
282 4578 375 4633 ditt
408 4577 577 4644 ﬂevit,
607 4592 634 4630 a
665 4586 958 4644 conspectu
1001 4571 1216 4628 Domini
1241 4587 1348 4627 non
1374 4571 1641 4627 recessit?
1669 4569 1769 4626 Ne-

1874 3362 2086 3423 ricidio,
2137 3360 2277 3430 quod
2315 3370 2552 3432 paterntc
2580 3363 2963 3416 sollicitudinis
3003 3363 3267 3432 religione
3296 3364 3474 3418 susci-
3543 3373 3546 3376 '

1869 3455 2036 3525 pitur.
2083 3453 2246 3524 idque
2289 3469 2356 3509 eo
2399 3471 2571 3524 usque
2617 3456 2900 3526 pra-cavit,
2945 3466 3004 3510 ut
3049 3471 3170 3510 cum
3205 3457 3468 3511 Arioniam

1872 3548 2042 3603 lilium
2074 3565 2297 3619 regnum
2341 3550 2443 3605 sibi
2474 3561 2734 3620 usurpare
2774 3552 3132 3621 comperisset
3155 3593 3168 3615 ,
3195 3560 3251 3606 et
3279 3563 3468 3606 serere

1870 3651 2207 3706 conventus,
2241 3657 2348 3697 non
2380 3658 2501 3697 eum
2547 3643 2638 3712 qui
2686 3644 2979 3713 praeripere
3023 3643 3327 3714 gestiebat,
3371 3642 3467 3697 sed

1869 3749 1993 3790 eum
2019 3736 2110 3804 qui
2140 3743 2507 3806 exspectaret,
2543 3735 2786 3806 eligeret.

1939 3827 2105 3900 035
2139 3830 2229 3884 28.
2265 3830 2508 3884 Saltabat
2551 3838 2677 3883 ante
2718 3843 2899 3883 aream
2945 3829 3157 3884 Domini
3207 3830 3470 3898 potentis-

1871 3921 2043 3975 simus
2091 3935 2317 3989 regum,
2369 3932 2418 3976 et
2468 3935 2590 3974 cum
2637 3936 2664 3974 a
2713 3922 2930 3991 prepria
2979 3920 3468 3990 reprehenderetur

1872 4031 2062 4078 uxore,
2088 4014 2231 4081 quod
2253 4013 2560 4068 denudatus
2585 4023 2730 4069 esset
2756 4026 2882 4068 ante
2913 4013 3101 4067 l‘aciem
3129 4012 3423 4082 puellarum
3450 4054 3462 4075 ,

1873 4109 2154 4177 respondit
2195 4124 2210 4160 ξ
2245 4105 2431 4161 Coram
2479 4107 2699 4161 Domino
2748 4107 2982 4160 nudabor
3035 4106 3241 4169 adhuc,
3289 4118 3335 4160 et
3381 4123 3466 4161 ero

1871 4217 2049 4274 nugax
2067 4210 2183 4254 ante
2213 4199 2388 4253 accitos
2419 4210 2566 4264 tuos;
2599 4208 2653 4252 ut
2682 4199 3075 4266 honori/iretur.
3107 4197 3282 4263 inquit
3308 4239 3322 4263 ,
3351 4197 3466 4251 Do-

1871 4297 2064 4359 minus,
2093 4295 2180 4365 qui
2205 4308 2286 4348 tne
2304 4309 2397 4363 pro
2419 4303 2562 4364 patre
2589 4302 2673 4345 tuo
2691 4292 2903 4345 adscivit
2924 4295 2976 4346 in
3005 4305 3220 4362 regnum
3245 4290 3310 4356 (ll
3338 4290 3466 4363 κεῃι.

1872 4405 1954 4456 vt,
1989 4390 2082 4454 2i)
2109 4430 2122 4454 ,
2158 4389 2363 4444 docens
2391 4390 2691 4442 contuitum
2726 4387 2924 4456 regalis
2956 4389 3210 4456 petentia:
3239 4401 3342 4441 non
3373 4385 3470 4440 ha-

1875 4484 2112 4539 bendum
2141 4525 2154 4548 ,
2193 4485 2281 4540 ubi
2313 4481 2563 4548 religioni
2614 4482 2904 4539 exhibetur
2930 4483 3269 4554 obsequium.
3307 4493 3329 4520 ο
3361 4482 3470 4538 llo-

1871 4590 2086 4634 nestum
2116 4585 2196 4633 est
2230 4579 2373 4633 enim
2406 4591 2504 4648 pro
2529 4576 2791 4649 religione
2819 4575 3027 4642 facere,
3055 4578 3156 4632 etsi
3183 4577 3235 4632 id
3277 4579 3466 4633 incon-

161 4671 305 4743 gavit
347 4673 568 4736 Petrus,
600 4680 655 4726 et
695 4685 802 4725 non
835 4669 1015 4736 ﬂevit,
1049 4668 1170 4738 quia
1203 4683 1309 4722 non
1340 4673 1655 4737 respexerat
1677 4664 1769 4720 .lc—
1794 4649 1849 4712 Ῑ)
1873 4690 2066 4746 gruum
2095 4673 2346 4746 potestati
2371 4674 2460 4727 sit.

165 4781 288 4830 sus;
315 4765 531 4833 negavit
550 4764 812 4825 secundo,
837 4773 887 4818 et
911 4777 1018 4816 non
1044 4761 1211 4823 ﬂevit,
1236 4761 1361 4831 quia
1389 4775 1492 4815 n0n
1519 4775 1772 4829 respexe-

167 4868 248 4914 rat
273 4859 531 4911 Dominus
554 4873 568 4919 ;
597 4857 809 4926 negavit
835 4855 1019 4919 tertio,
1044 4858 1285 4924 respexit
1305 4855 1487 4920 Jesus,
1509 4861 1567 4908 et
1587 4853 1768 4906 statim

167 4953 332 5017 ﬂevit,
365 4959 419 5004 et
460 4949 604 5003 ﬂevit
651 4949 1014 5002 amarissime.
1062 4947 1188 5001 ideo
1222 4948 1384 5000 David
1427 4948 1515 5016 qui
1554 4961 1772 5016 semper

167 5046 346 5111 ﬂebat,
381 5045 634 5100 dicebat:
666 5043 816 5098 Oculi
844 5044 942 5096 mei
965 5057 1166 5109 semper
1190 5044 1260 5095 ad
1288 5041 1564 5094 Dominam
1588 5039 1768 5110 (Psal.

168 5156 310 5204 xxiv,
348 5137 458 5211 l5).
493 5137 593 5206 Qui
623 5150 838 5206 semper
865 5136 1152 5191 videbatur
1177 5150 1206 5189 a
1237 5133 1477 5196 Clu-isto,
1509 5133 1757 5188 dicebat:

169 5230 270 5285 Per
313 5233 483 5286 exitus
528 5245 779 5301 aquarum
820 5229 1190 5284 descenderunt
1235 5229 1371 5283 oculi
1419 5229 1517 5282 mei
1560 5225 1756 5298 (Psal.

168 5339 323 5380 cxvut
341 5367 355 5389 ,
391 5325 540 5390 156).

233 5417 325 5472 ‘26.
366 5417 469 5472 Sed
498 5416 610 5484 jam
641 5415 802 5468 etiam
843 5415 981 5470 facta
1014 5414 1134 5485 ejus
1175 5415 1603 5470 consideremus.
1631 5412 1764 5479 Quis

171 5523 270 5565 non
303 5518 572 5564 tantarum
603 5508 758 5562 laude
796 5509 1054 5564 Virtutum
1089 5509 1246 5568 unius
1282 5509 1530 5565 criminis
1570 5509 1765 5563 obum-

239 5656 263 5682 ιε
301 5645 376 5699 ita
411 5645 538 5700 edit.
567 5644 692 5701 Gill.
723 5661 784 5700 ac
811 5639 967 5700 Rom.
998 5663 1118 5702 cum
1148 5650 1318 5704 multo
1345 5651 1579 5705 maxima
1610 5658 1762 5716 parte

172 5732 297 5790 mss.
325 5717 487 5790 AEdit.
524 5732 652 5772 vero
696 5720 817 5772 Am.
852 5728 1015 5789 atque
1046 5721 1169 5774 Era.
1191 5760 1207 5787 ,
1247 5736 1517 5790 separatus
1547 5739 1579 5775 a
1610 5723 1763 5775 sociis

176 5783 333 5876 David
358 5800 566 5876 sanctus
599 5791 842 5876 occurrit.
870 5783 1016 5876 .iil'ss.
1047 5783 1286 5865 aliquot,
1305 5783 1588 5876 separatus
1616 5811 1648 5848 a
1675 5809 1760 5858 so-

175 5860 262 5914 ciis
288 5853 453 5916 David
483 5872 660 5920 sancto
681 5861 922 5919 arcurrit.

1944 4767 2035 4821 29.
2077 4768 2269 4835 Specta
2316 4765 2458 4819 aliud
2493 4765 2867 4820 memorabile.
2902 4765 3174 4820 Parricida
3213 4765 3352 4819 [ilius
3383 4781 3470 4821 re-

1872 4874 2035 4929 gnum
2084 4860 2312 4925 patrium
2363 4857 2629 4911 violenter
2665 4842 2972 4921 invaserat,
3017 4857 3239 4911 cedebat
3291 4858 3465 4926 primo

1876 4963 2026 5020 pater
2049 4950 2166 5017 ejus
2198 4948 2394 5009 furori,
2429 4959 2479 5004 ct
2512 4950 2686 5005 locum
2720 4951 2887 5019 praelii
2921 4949 3258 5012 declinabat;
3291 4959 3345 5004 ut
3381 4939 3464 5028 vei

1875 5043 1950 5096 sic
1982 5043 2180 5109 impius
2207 5056 2235 5094 a
2269 5040 2452 5095 furore
2481 5042 2848 5109 resipisceret.
2887 5042 3035 5094 ΒυΙΙθ
3061 5058 3275 5111 quoque
3299 5041 3470 5096 inter-

1873 5151 1993 5191 esse
2017 5135 2217 5198 noluit,
2254 5135 2458 5204 rogavit
2496 5133 2560 5188 ad
2605 5135 2849 5204 przelium
2881 5131 3221 5203 profecturos
3254 5143 3309 5186 ut
3336 5149 3463 5203 par-

1870 5235 2058 5282 cerent
2080 5225 2208 5280 lilio.
2240 5225 2477 5282 Securus
2504 5237 2618 5282 erat
2648 5227 2716 5281 dc
2743 5225 3002 5290 victoria,
3033 5217 3122 5294 qui
3156 5225 3375 5294 rogabat
3409 5235 3467 5281 ut

1871 5311 2198 5391 parcerent:
2233 5335 2332 5375 nec
2375 5321 2589 5388 pietatis
2629 5319 2872 5383 alienus,
2908 5317 2998 5388 qui
3047 5319 3222 5384 perire
3264 5317 3465 5376 debere

1872 5417 2034 5471 etiam
2080 5416 2300 5483 impium
2346 5413 2509 5470 (ilium
2543 5430 2647 5468 non
2681 5413 2920 5484 putabat.
2950 5410 3157 5477 Flevit,
3189 5422 3242 5466 et
3271 5428 3465 5479 magno

1872 5509 2018 5565 luctu
2068 5509 2370 5580 deploravit
2407 5507 2610 5563 exitum
2664 5506 2949 5577 pat-rieidm
2989 5506 3176 5560 dicens
3225 5521 3239 5558 τ
3289 5503 3464 5562 Filius

1942 5650 1969 5690 ι)
2015 5637 2272 5706 Videlicet
2315 5650 2554 5706 Gratiani
2607 5650 2979 5720 imperatoris,
3030 5660 3089 5704 ut
3132 5649 3364 5707 diximus
3409 5653 3460 5708 in

1873 5723 2148 5780 Admonit.
2179 5723 2242 5775 ml
2275 5723 2415 5776 hunc
2450 5722 2662 5776 librum.

1949 5808 1969 5837 ο
2021 5796 2302 5850 Honestum
2330 5805 2404 5849 est
2432 5795 2586 5858 enim,
2621 5804 2675 5848 et
2701 5811 2820 5864 qua!
2862 5801 3164 5864 sequuntur
3184 5808 3366 5864 usque
3396 5797 3466 5856 ad

1871 5869 2098 5930 verbum
2133 5866 2344 5938 Specta,
2375 5874 2506 5930 etc.,
2532 5867 2584 5926 in
2609 5863 2768 5922 Rom.
2800 5863 3141 5932 edit.’ablata
3173 5863 3405 5930 fuerant.
