4042 6378
608 328 716 388 865

1933 325 2181 384 ssnon
2221 324 2546 385 AMBROSII
3812 323 3881 380 sa
3957 346 3960 408 ξ

606 462 750 503 ineas
778 443 1088 512 Abessalon,
1115 445 1230 516 quis
1259 444 1401 499 dabit
1426 443 1556 498 mihi
1581 449 1797 499 mortem
1837 453 2034 513 prote,
2066 442 2206 512 ﬁlius
2232 443 2288 505 Α
2312 441 2416 498 illis
2449 452 2761 500 venantem
2806 444 2857 500 in
2899 444 3093 515 praelia
3133 456 3338 516 regem
3377 453 3524 511 pene
3564 451 3884 510 percusserat.
3953 455 3956 516 ι

609 556 756 598 metit
783 538 1062 595 Abessalon
1083 537 1161 612 (ll
1182 537 1313 609 Reg.
1335 552 1488 602 xvtu,
1519 536 1656 606 35)?
1681 534 2079 592 Vindicandum
2111 550 2210 607 pu-

608 631 759 689 tabat
799 645 924 687 eum
971 629 1062 698 qui
1107 644 1206 700 pro
1255 637 1494 700 paternae
1534 627 1770 684 vindicta
1814 626 2036 700 pietatis
2060 627 2211 684 occi-

608 723 785 781 derat.

682 817 773 873 50.
813 816 985 885 Quam
1031 829 1162 872 vero
1202 814 1414 886 injuriae
1457 813 1667 884 patiens
1693 820 1754 869 et
1775 811 2010 868 doloris!
2038 811 2210 867 Cede-

608 909 736 977 bat,
790 918 849 965 ut
890 910 1036 978 dixi,
1087 910 1182 965 lilii
1233 910 1316 966 sui
1369 909 1672 966 Abessalon
1725 907 1930 973 furori,
1983 908 2210 964 vallatus

605 1004 801 1062 dextra
830 1005 1074 1076 laevaque
1114 1004 1306 1061 validis
1339 1003 1719 1061 bellatoribus.
1773 1001 2127 1058 Maledicebat
2156 1000 2206 1057 ei

605 1101 691 1157 vir
715 1102 801 1156 cui
835 1115 1032 1156 nomen
1057 1101 1234 1156 Semei
1256 1143 1271 1168 ,
1302 1110 1589 1156 cruentum
1613 1099 1915 1170 appellans,
1948 1108 2003 1154 et
2032 1099 2205 1154 virum

603 1195 906 1266 sanguinis,
935 1194 1205 1265 dignoque
1226 1193 1430 1265 judicio
1457 1193 1670 1248 Domini
1695 1192 1964 1262 deiectum
1993 1207 2115 1248 esse
2140 1192 2210 1248 de

605 1301 778 1359 regno
806 1304 820 1341 :
850 1287 946 1343 sed
979 1302 1046 1342 ne
1075 1287 1275 1342 talibus
1303 1287 1524 1358 quidem
1555 1286 1881 1343 movebatur
1903 1286 2204 1354 conviciis;

606 1379 964 1436 movebantur
1007 1388 1186 1435 autem
1229 1380 1460 1436 comites
1499 1380 1639 1449 ejus.
1683 1379 1926 1450 Denique
1974 1395 2111 1433 unus
2141 1393 2206 1433 ex

605 1469 775 1527 sociis
804 1470 1044 1540 (Abessa
1073 1486 1272 1526 nomen
1301 1471 1458 1543 viro)
1488 1470 1767 1527 minitatus
1792 1479 1875 1526 est
1899 1471 2040 1542 quod
2063 1469 2208 1540 inju-

605 1563 704 1619 riae
737 1562 970 1632 pretium
1004 1572 1169 1634 caput
1193 1563 1314 1633 ejus
1343 1564 1578 1620 auferret
1605 1581 1619 1616 :
1661 1562 1756 1619 sed
1787 1578 1881 1618 rex
1909 1577 2209 1619 conversus

605 1657 677 1714 ad
708 1657 910 1714 Abessa
939 1675 952 1712 :
987 1657 1129 1726 Quid
1158 1659 1317 1722 mihi,
1360 1657 1472 1718 ait.
1504 1668 1551 1714 et
1591 1658 1681 1712 tibi
1708 1667 1780 1712 est
1805 1658 1931 1727 ,‘ﬁli
1953 1657 2209 1727 Serviat?

608 1747 740 1804 Ideo
779 1749 1042 1804 maledicit
1070 1750 1231 1814 mihi,
1275 1751 1516 1820 quoniam
1547 1747 1800 1804 Dominus
1837 1748 1969 1803 dixit
2005 1749 2116 1814 illi,
2155 1757 2207 1802 ut

2313 550 2450 607 quos
2474 551 2639 593 ausus
2667 547 2844 593 tamen
2878 537 3238 594 adversarius
3267 541 3535 604 exceptae
3564 532 3728 604 pretio
3749 536 3885 588 uorti:

2313 631 2572 687 exsolvit.

2385 723 2476 780 54.
2518 724 2632 781 Hoc
2684 740 2902 798 quoque
2957 735 3224 798 percepto
3285 724 3459 779 victae
3525 721 3704 793 gentis
3747 721 3889 779 ferocis

2311 816 2606 887 triumpho,
2651 817 2846 874 iterum
2903 819 2954 874 in
2993 819 3135 874 valle
3169 818 3450 874 Titanum
3477 815 3684 869 bellum
3716 814 3891 872 immane

2311 910 2574 979 suscepit,
2595 926 2700 966 non
2717 913 2892 968 minus
2907 911 3170 968 adversus
3200 914 3462 973 Itastem,
3487 923 3660 980 quam
3693 907 3892 964 adversus

2315 1014 2582 1060 naturam.
2612 1004 2812 1061 Sitiens
2835 1007 2979 1062 enim
3007 1023 3129 1062 cum
3163 1016 3510 1061 versaretur
3532 1003 3589 1058 in
3621 1004 3778 1069 bello,
3796 1007 3892 1074 quod

2311 1096 2519 1152 biberet
2547 1113 2655 1153 non
2688 1098 2922 1156 habebat
2952 1119 2965 1155 :
3002 1100 3132 1166 Quis
3164 1100 3304 1153 mihi
3329 1109 3550 1170 potum,
3587 1097 3779 1167 inqttit,
3804 1099 3893 1151 del-ti

2313 1192 2377 1245 de
2416 1192 2532 1246 lacu
2558 1193 2647 1262 qui
2687 1204 2758 1248 est
2789 1195 2842 1246 in
2875 1192 3134 1248 Bethleem
3160 1193 3229 1247 ad
3269 1201 3462 1263 portas
3500 1189 3588 1261 (ll
3629 1189 3755 1260 Reg.
3781 1206 3892 1255 xuii,

2315 1282 2426 1355 15).
2456 1283 2588 1339 Erat
2615 1295 2796 1340 autem
2824 1286 2967 1341 inter
2993 1286 3170 1342 lacum
3197 1295 3252 1340 et
3276 1293 3549 1339 sanctum
3582 1282 3754 1338 David
3781 1283 3896 1338 inter-

2310 1375 2464 1434 fusus
2500 1378 2674 1433 hostis
2701 1421 2716 1443 ,
2758 1389 2813 1434 et
2841 1379 3018 1434 media
3054 1379 3344 1434 hostilium
3403 1385 3580 1448 septa
3628 1384 3895 1431 castrorum.

2312 1470 2681 1527 Praeciderunt
2710 1481 2819 1528 tres
2859 1473 2961 1528 viri
2995 1471 3416 1527 multitudinem
3449 1469 3895 1532 adversariorum.

2310 1571 2365 1620 et
2397 1563 2765 1634 impleverunt
2794 1581 2985 1636 aquam
3015 1565 3084 1620 de
3111 1565 3229 1620 lacu
3264 1565 3356 1636 qui
3395 1573 3534 1620 erat
3565 1563 3624 1618 in
3652 1562 3899 1624 Bethleem.

2311 1658 2833 1729 ctobtuleruntregi
2863 1659 3151 1714 bibendam
3197 1677 3209 1712 :
3248 1659 3346 1714 sed
3381 1673 3486 1713 rex
3537 1657 3726 1712 noluit
3750 1657 3899 1712 bibere.

2315 1751 2339 1790 ⁸³
2361 1761 2416 1808 et
2443 1753 2685 1821 proludit
2709 1753 2855 1808 illam
2887 1753 3138 1809 Domino.
3159 1753 3393 1824 Dignum
3430 1754 3660 1808 etenim
3679 1762 3900 1806 tantam-

614 1844 893 1900 maledicat
926 1842 1000 1915 (ll
1031 1843 1164 1916 Reg.
1195 1859 1282 1898 xvr
1302 1885 1315 1909 ,
1347 1844 1462 1914 10).
1491 1843 1662 1910 Quam
1705 1843 1985 1898 moraliter
2024 1840 2209 1897 docuit
2238 1844 2283 1905 Β
2313 1859 2445 1900 nere
2478 1845 2594 1910 luit,
2625 1854 2683 1899 ut
2705 1861 2826 1915 qua:
2864 1856 2983 1901 erat
3007 1846 3200 1902 vividm
3233 1847 3461 1901 virtutis
3501 1848 3766 1918 insigne,
3794 1847 3899 1900 liam

609 1937 756 2009 quod
803 1937 1119 2009 injuriarum
1170 1939 1253 1994 vel
1296 1938 1658 2008 periculorum
1713 1947 2027 1993 nostrorum
2074 1947 2210 1992 tem-

613 2046 771 2104 pora,
808 2032 1170 2087 tentationum
1201 2031 1520 2098 certamina,
1572 2041 1627 2085 et
1656 2029 1902 2085 examina
1936 2029 2204 2099 probatio-

612 2139 742 2181 num
770 2124 912 2190 sint;
937 2135 991 2178 et
1023 2123 1146 2180 ideo
1176 2141 1281 2178 non
1312 2125 1431 2178 sine
1462 2123 1647 2178 divino
1687 2138 1751 2177 ea
1776 2122 2006 2193 irrogari
2030 2122 2211 2178 solere

604 2202 849 2288 judicio?
879 2215 1179 2273 Exercetur
1201 2216 1374 2272 bonus
1393 2215 1594 2271 athleta
1622 2214 1907 2280 conviciis,
1928 2223 2213 2270 exercetur

609 2311 891 2368 laboribus
916 2321 971 2368 et
993 2312 1271 2382 periculis,
1305 2320 1364 2366 ut
1393 2311 1587 2383 dignus
1607 2312 1678 2366 sit
1697 2313 1781 2367 cui
1809 2310 2085 2366 deferatur
2117 2326 2212 2366 co-

611 2419 750 2462 rona
795 2406 1048 2474 iustitiae;
1097 2415 1150 2461 et
1191 2406 1316 2461 ideo
1361 2405 1585 2462 ferenda
1624 2407 1891 2476 patienter
1929 2414 2055 2461 sunt
2090 2422 2211 2477 qua:

612 2507 874 2570 putantur
893 2498 1144 2554 adversa.
1181 2499 1424 2570 Denique
1462 2509 1516 2554 et
1541 2499 1670 2553 alibi
1706 2498 1757 2552 id
1789 2507 1843 2554 te
1871 2499 2029 2554 docet
2065 2499 2213 2555 Scri-

613 2602 773 2664 ptura
821 2591 1038 2658 divina,
1067 2591 1283 2648 dicente
1321 2591 1470 2662 justo
1514 2609 1526 2646 :
1567 2591 1632 2648 Si
1668 2593 1800 2647 bona
1835 2595 2126 2662 nocepimut
2150 2594 2215 2650 de

614 2701 772 2740 manu
817 2683 1060 2752 Domini,
1109 2702 1224 2758 qua:
1267 2687 1406 2741 mala
1441 2694 1561 2742 sunt
1609 2702 1701 2741 cur
1739 2703 1840 2742 non
1869 2688 2212 2745 sustineamus

616 2777 769 2852 (Job.
805 2795 874 2847 tt,
903 2780 1016 2849 10).

687 2873 777 2929 51.
820 2871 889 2928 Et
915 2872 1127 2930 addidit
1155 2883 1376 2930 sanctus
1414 2875 1684 2946 Propheta
1721 2875 1910 2932 dicens
1941 2895 1952 2932 :
1985 2877 2119 2932 Ecce
2149 2878 2214 2948 ﬁ-

614 2967 718 3022 lius
760 2983 904 3023 meus
929 2969 1018 3038 qui
1043 2969 1199 3024 exivit
1243 2969 1306 3024 de
1343 2979 1516 3024 ventre
1541 2986 1651 3024 meo
1675 3011 1690 3035 ,
1739 2969 1922 3040 quierit
1986 2972 2214 3025 animam

615 3074 803 3113 meant.
837 3059 898 3115 Si
926 3068 1101 3114 autem
1121 3057 1391 3116 Jemineus
1421 3060 1682 3116 maledicit
1714 3062 1840 3115 mihi
1861 3104 1876 3129 ,
1916 3063 2118 3117 dimitte
2145 3062 2211 3117 il-

613 3154 724 3208 lum
752 3162 806 3208 ut
832 3153 1110 3209 inaledicat
1132 3169 1152 3220 ;
1173 3156 1420 3224 quoniam
1446 3155 1578 3209 dixit
1607 3156 1689 3210 illi
1720 3153 1976 3210 Dominus
1995 3198 2010 3222 ,
2047 3167 2102 3211 ut
2139 3158 2216 3212 ri-

2316 1939 2530 2008 pictatis
2559 1939 2899 1995 sacrilicium.
2926 1939 3180 2010 Dixitque
3209 1941 3437 2012 dignam
3469 1942 3806 2011 prOpbetieo
3826 1944 3898 2009 spi-

2315 2032 2421 2086 ritu
2453 2033 2780 2088 sententiam
2812 2051 2824 2086 :
2856 2033 2978 2088 Non
3009 2035 3277 2105 contingat
3304 2034 3440 2088 mihi
3465 2035 3581 2088 hoc
3630 2037 3832 2106 facere;
3861 2054 3898 2087 ιε
3985 2065 3990 2106 ε

2314 2125 2620 2195 sanguinem
2667 2126 2897 2178 virorum
2939 2127 3026 2193 qui
3055 2126 3291 2181 abierunt
3340 2143 3410 2180 ea:
3450 2127 3664 2181 animis
3706 2127 3899 2186 illm.

2314 2215 2480 2270 bibam
2508 2215 2702 2287 (lbid.,
2740 2217 2849 2288 Π).
2884 2218 3023 2274 Vicit
3050 2235 3180 2289 ergo
3205 2229 3489 2284 naturam,
3527 2230 3590 2274 ut
3617 2220 3810 2276 sitiens
3830 2236 3898 2274 nos

2315 2306 2558 2369 biberet;
2611 2317 2666 2363 et
2710 2309 3024 2379 exemplum
3069 2310 3135 2365 de
3168 2325 3229 2366 se
3275 2311 3563 2381 praebuit,
3617 2328 3736 2382 quo
3776 2314 3901 2366 ornes
3991 2305 3996 2382 ᾖ

2313 2401 2586 2457 exercitus
2631 2403 2864 2458 tolerare
2910 2403 3055 2457 sitim
3126 2404 3388 2461 disceret.
3450 2405 3736 2461 Exercuit
3786 2407 3900 2460 etiam

2315 2491 2564 2548 subditos
2593 2494 2660 2547 ad
2703 2495 2917 2549 virtutis
2943 2493 3184 2550 cilicium
3209 2536 3226 2564 ,
3259 2506 3319 2564 ut
3347 2499 3524 2551 etiam
3561 2513 3672 2569 per
3715 2499 3902 2570 pericii-lt

2316 2588 2485 2656 regali
2538 2588 2771 2654 imperio
2838 2589 3131 2645 voluntarii
3185 2591 3390 2646 milites
3458 2592 3903 2663 obtemperarent.

2317 2679 2472 2748 Quod
2495 2689 2676 2737 autem
2721 2680 2891 2736 noluit
2922 2681 3108 2738 bibere
3133 2725 3148 2748 ,
3181 2682 3489 2738 declaravit
3526 2684 3902 2756 probandorum

2319 2775 2546 2830 militum
2572 2791 2631 2831 se
2669 2777 2963 2847 imperasse
2989 2780 3185 2849 gratia,
3213 2793 3322 2833 non
3354 2779 3476 2834 sitis
3509 2780 3733 2835 victum
3761 2795 3903 2835 neces-

2316 2867 2478 2922 sitate
2511 2887 2525 2924 :
2559 2871 2903 2940 prospexisse
2923 2870 3086 2925 etiam
3117 2885 3184 2925 ne
3213 2871 3301 2928 cui
3333 2887 3534 2942 regum
3561 2872 3792 2929 bibendi
3813 2887 3903 2927 usas

2316 2959 2510 3016 alienis
2543 2961 2798 3030 periculis
2842 2971 3202 3032 quaereretur.
3257 2961 3560 3019 Postremo
3592 2966 3707 3036 pie
3750 2971 3902 3020 vulnus

2317 3053 2668 3109 conscientia:
2698 3054 3071 3126 deprecatum,
3103 3069 3172 3111 eo
3204 3055 3350 3126 quod
3382 3071 3530 3127 aqua
3591 3069 3676 3113 tot
3707 3060 3902 3113 virorum

2318 3146 2544 3215 quaesita
2577 3147 2874 3218 sanguine,
2926 3149 3253 3203 suavitatem
3302 3147 3534 3204 bibendi
3571 3149 3782 3207 habere
3823 3166 3902 3205 nos

613 3246 734 3300 deat
758 3245 1100 3302 humilitatem
1125 3266 1288 3304 meam
1311 3267 1330 3315 ;
1357 3259 1405 3304 et
1431 3250 1672 3305 retribuet
1693 3251 1818 3304 mihi
1844 3249 2099 3306 Dominus
2121 3269 2212 3324 pro

2319 3248 2523 3309 poSset,
2551 3253 2672 3308 qua:
2700 3239 2994 3309 propositm
3019 3241 3210 3295 mortis
3233 3241 3468 3298 horrore
3499 3253 3808 3298 constaret.

614 3339 890 3394 maledicto
911 3339 1010 3394 hoc
1037 3341 1116 3412 (ll
1143 3341 1273 3415 Reg.
1305 3359 1421 3406 xvt,
1459 3343 1518 3397 Η
1552 3355 1598 3398 et
1634 3343 1756 3414 l2).
1785 3343 2073 3401 Oaltitudo
2091 3361 2218 3414 pru-

615 3430 845 3486 dentim!
879 3447 914 3487 ο
947 3433 1155 3503 insigne
1188 3436 1493 3504 patientins!
1525 3451 1558 3490 ο
1588 3435 1915 3491 devorandae
1936 3447 2216 3493 contume-

614 3520 704 3576 lia:
725 3522 928 3592 grande
956 3523 1272 3581 inventum!
1305 3526 1560 3592 Moveris,
1594 3528 1788 3598 inquit,
1815 3529 2042 3596 Abessa,
2071 3531 2215 3602 quod

621 3612 754 3668 milii
796 3615 1078 3671 maletlicat
1109 3627 1406 3672 extraneos
1432 3659 1446 3684 ,
1487 3634 1646 3689 quem
1673 3619 1966 3691 parricidio
1994 3623 2126 3691 petit
2151 3625 2214 3677 li-

615 3706 751 3772 lius;
800 3707 1056 3763 Dominus
1101 3708 1241 3764 dixit
1263 3711 1312 3764 ei
1344 3718 1403 3764 ut
1442 3711 1732 3766 maledicat
1769 3713 1918 3769 mibi.
1953 3713 2058 3770 Sed
2109 3732 2214 3770 non

614 3809 703 3857 est
729 3801 1025 3856 maledicus
1059 3802 1324 3858 Dominus
1343 3846 1359 3871 ,
1391 3819 1494 3861 nec
1519 3804 1824 3860 delectatur
1846 3809 2212 3864 contumeliis.

688 3894 779 3949 52.
830 3894 960 3951 Vide
989 3911 1148 3964 quam
1191 3897 1403 3968 singula
1449 3898 1738 3969 diligenter
1777 3901 2066 3957 custodiat.
2102 3903 2216 3960 Non

609 3976 835 4043 "accusat
858 3989 1148 4046 Dominum
1176 3993 1628 4061 quasiauctorem
1655 3993 1896 4064 injuriae;
1923 3996 2018 4050 sed
2047 4000 2219 4068 magis

616 4079 799 4136 laudat
821 4091 846 4118 τι
872 4082 1015 4152 quod
1050 4085 1284 4152 patiatur
1316 4101 1414 4141 nos
1442 4088 1649 4142 minora
1685 4088 1922 4157 perpeti,
1957 4098 2015 4142 ut
2049 4089 2220 4159 majo-

613 4189 734 4230 rum
765 4177 977 4230 veniam
1019 4190 1364 4246 peccatorum
1401 4179 1789 4250 adipiscamur.
1839 4180 1982 4236 Ecce
2022 4183 2217 4238 verbo-

617 4279 739 4322 rum
768 4269 1094 4324 contumelia
1119 4271 1400 4339 parricidii
1431 4273 1964 4340 levavitazrumnam,
1989 4275 2219 4331 absolvit

621 4371 934 4428 procacem,
964 4360 1118 4430 cujus
1143 4361 1425 4417 maledicta
1457 4364 1576 4433 plus
1609 4365 1850 4436 prosint,
1880 4382 2000 4436 qua:
2037 4368 2216 4424 divina

619 4453 1058 4508 remuneratione
1101 4453 1395 4510 donantur.
1435 4456 1604 4529 686
1649 4457 1783 4523 Quis
1825 4472 2010 4513 secum
2054 4460 2214 4516 talem

619 4556 729 4598 non
759 4555 1073 4613 compenset
1105 4545 1390 4614 injuriam;
1415 4555 1475 4601 ut
1503 4563 1663 4618 quem
1696 4549 1858 4605 homo
1886 4549 2060 4617 laesit,
2093 4567 2214 4607 eum

623 4636 768 4694 Deus
794 4638 1080 4694 meliorum
1113 4640 1470 4698 retributione
1491 4642 1737 4699 soletur?

1234 4775 1317 4832 CA
1330 4777 1482 4835 PUT‘
1504 4779 1614 4835 VII.

620 4884 700 4942 De
729 4887 914 4958 pugnis
944 4885 1114 4943 David
1141 4901 1324 4944 contra
1346 4893 1611 4962 gigantes,
1643 4905 1692 4949 et
1729 4910 1881 4963 aqua:
1907 4893 2217 4952 Bethleemi-

658 5037 668 5049 ,
694 4980 781 5033 tici
806 4981 948 5035 lacus
971 4981 1244 5050 libatione;
1271 4999 1338 5038 ea:
1358 4985 1541 5056 quibus
1569 4985 1792 5051 aliisque
1819 4989 2067 5058 proiciare
2107 4994 2215 5060 fac-

695 5075 759 5128 tis
785 5076 1114 5131 concluditur
1144 5094 1295 5132 suum
1324 5077 1390 5131 ab
1418 5095 1476 5133 eo
1503 5093 1770 5152 peccatum
1799 5091 1981 5137 tectum
2005 5084 2170 5155 fuisse
2197 5103 2216 5141 :

690 5173 974 5242 prtesertim
1001 5189 1117 5226 cum
1147 5172 1278 5227 illud
1299 5191 1399 5228 non
1435 5185 1645 5229 cruento
1685 5175 1873 5242 a/fectu
1907 5179 2212 5247 patmverit,

690 5276 737 5320 et
765 5277 941 5335 postea
963 5282 1015 5318 se
1039 5265 1177 5333 Deo,
1204 5283 1358 5336 quam
1389 5267 1676 5322 hominibus
1709 5271 1943 5325 maluerit
1980 5273 2216 5326 commit-

691 5369 833 5424 tere;
863 5376 955 5414 nec
984 5376 1087 5415 non
1115 5361 1308 5418 crimen
1335 5363 1433 5417 sibi
1457 5361 1724 5418 dimissum
1750 5367 1858 5436 ipse
1883 5365 2136 5421 docuerit.

689 5479 778 5535 55.
822 5479 938 5534 Alia
960 5495 1175 5552 quoque
1202 5482 1318 5551 ejus
1348 5494 1498 5553 gesta
1531 5483 1966 5540 consideremus.
1999 5484 2213 5558 Pugna-

619 5573 695 5627 vit
723 5573 984 5630 adversns
1008 5576 1319 5646 progeniem
1349 5577 1627 5649 gigantum
1648 5621 1664 5646 ,
1715 5576 1934 5649 quando
1975 5593 2115 5634 unus
2139 5595 2209 5635 ex

693 5722 717 5786 ξ
759 5713 884 5770 Mss.
917 5723 1148 5784 septem,
1183 5717 1321 5786 quod
1352 5717 1596 5786 patiatur.
1631 5715 1745 5771 Nos
1773 5717 1975 5772 minora
2011 5719 2209 5786 perpeti

620 5783 990 5860 nolumus,ut
1010 5783 1266 5860 majorum
1288 5829 1303 5852 ,
1335 5783 1442 5842 etc.
1479 5788 1688 5860 Reliqui
1716 5802 1850 5860 vero
1870 5829 1884 5853 ,
1929 5789 2076 5860 iique
2105 5783 2206 5860 poo

619 5858 783 5910 tiores
804 5869 926 5912 cum
960 5857 1098 5915 etlit.
1126 5857 1378 5914 munibus
1405 5857 1685 5914 nobiscum
1712 5857 1934 5914 faciunt.

2390 3333 2481 3388 55.
2523 3332 2675 3401 Quod
2708 3335 2752 3387 si
2785 3335 2947 3390 altius
2978 3335 3113 3390 velis
3143 3344 3393 3406 spectare
3418 3378 3434 3402 ,
3477 3347 3541 3392 et
3572 3340 3902 3407 intrOSpicere

2318 3429 2658 3498 mysterium,
2690 3428 2904 3485 sitiebat
2934 3429 3099 3484 David
3130 3445 3234 3485 non
3263 3446 3462 3501 aquam
3488 3433 3563 3488 de
3595 3434 3720 3489 lacu
3743 3436 3825 3505 qui
3845 3443 3902 3488 est

2320 3520 2375 3577 in
2409 3522 2722 3588 Bethleem,
2755 3522 2848 3577 sed
2881 3523 3172 3578 oriundum
3208 3541 3276 3580 ex
3307 3524 3540 3596 Virgine
3573 3526 3841 3582 Christum
3864 3527 3902 3580 in

2319 3614 2514 3684 Spiritu
2543 3615 2894 3684 prtevidebat.
2926 3615 3153 3671 Volebat
3192 3633 3324 3688 ergo
3355 3619 3550 3674 biberc
3584 3636 3699 3674 non
3745 3636 3901 3690 aquam

2321 3704 2582 3769 ﬂuminis,
2617 3707 2712 3760 sed
2747 3716 2929 3776 potum
2960 3707 3150 3775 gratia:
3176 3709 3440 3778 spiritalis
3465 3752 3480 3775 ,
3513 3709 3626 3764 hoc
3659 3724 3744 3766 est
3768 3753 3781 3773 ,
3822 3725 3900 3764 nea

2319 3813 2580 3866 aquarum
2607 3799 2826 3854 sitiebat
2847 3800 3198 3868 elementum,
3226 3802 3320 3857 sed
3350 3806 3686 3874 sanguinem
3715 3803 3898 3860 Christi.

2322 3891 2564 3962 Denique
2588 3908 2691 3948 non
2717 3893 2854 3948 bibit
2875 3895 3112 3950 oblatam
3137 3910 3355 3966 aquam,
3385 3897 3482 3952 sed
3509 3897 3753 3953 Domino
3779 3896 3900 3957 ludit,

2320 3985 2634 4055 signiﬁcans
2664 3987 2817 4042 sitire
2841 4001 2900 4042 se
2925 3987 3127 4043 Christi
3159 3988 3494 4044 sacriﬁcium
3520 4033 3534 4055 ,
3574 4006 3688 4045 non
3731 3999 3902 4046 natura:

2319 4077 2578 4133 ﬂuentum
2631 4097 2644 4133 :
2688 4075 2824 4133 illud
2865 4079 3187 4135 sacrificium
3222 4082 3272 4135 in
3319 4097 3430 4151 quo
3474 4093 3631 4137 esset
3687 4083 3902 4139 remissio

2321 4183 2691 4242 peccatorum,
2725 4173 2875 4227 illum
2903 4174 3055 4228 sitire
3100 4189 3160 4229 se
3205 4173 3410 4230 fontem
3464 4189 3744 4232 aeternum
3769 4218 3784 4240 ,
3820 4191 3902 4229 non

2320 4266 2414 4338 qui
2440 4267 2692 4336 periculis
2721 4278 3062 4337 qumreretur
3090 4269 3310 4334 alienis;
3342 4269 3439 4326 sed
3474 4273 3726 4342 pericula
3757 4271 3901 4326 aliena

2320 4360 2637 4430 depelleret.

2393 4455 2483 4510 56.
2525 4454 2627 4510 Τοι
2670 4457 2834 4528 igitur
2862 4457 3121 4528 operibus
3153 4467 3262 4512 tam
3306 4457 3576 4514 mirandis
3615 4459 3778 4514 unius
3804 4474 3904 4512 san-

2319 4548 2538 4619 guinem
2572 4559 2771 4605 tectum
2811 4567 2916 4606 non
2947 4551 3260 4606 credimus?
3285 4551 3478 4607 Merito
3505 4567 3612 4608 vox
3648 4553 3903 4625 sanguinis

2244 4645 2298 4706 D
2324 4643 2462 4699 Abel
2500 4644 2631 4713 justi
2660 4643 3018 4700 clamabatad
3064 4645 3390 4710 Dominum;
3431 4647 3557 4716 quia
3592 4647 3758 4701 nullis
3792 4645 3902 4702 Cain

2322 4737 2522 4806 impius
2565 4737 2722 4794 bonis
2753 4739 3011 4808 operibus
3046 4740 3326 4809 tegebatur
3353 4781 3367 4806 ,
3409 4741 3536 4811 quia
3558 4741 3728 4814 m7
3754 4740 3899 4811 parri-

2322 4829 2516 4885 cidalis
2561 4839 2708 4894 erat,
2761 4831 2884 4900 quia
2921 4846 3027 4886 non
3070 4831 3436 4888 Conﬁtebalur
3477 4832 3745 4904 ﬂagitium
3772 4877 3786 4899 ,
3826 4833 3900 4888 soil

2323 4924 2572 4993 negabat.
2608 4922 2772 4978 David
2801 4939 2929 4978 vero
2956 4926 3232 4980 occiderat
3259 4924 3475 4996 quidem
3503 4928 3679 4981 virum
3707 4926 3901 4982 minime

2322 5031 2507 5081 reum;
2542 5015 2637 5072 sed
2665 5015 2945 5073 occiderat
2990 5033 3096 5071 non
3131 5017 3309 5073 studio
3351 5018 3696 5075 crudelitatis
3729 5019 3900 5089 impul-

2322 5123 2440 5175 sus,
2469 5109 2564 5166 sed
2591 5119 2649 5165 ut
2676 5110 3031 5171 obumbraret
3059 5110 3340 5180 pudorem,
3371 5120 3580 5182 tegeret
3607 5123 3630 5149 ο
3661 5127 3900 5168 verecun-

2322 5203 2464 5260 diam
2497 5204 2975 5275 concupiscentite.
3012 5204 3128 5260 Non
3157 5204 3331 5260 audeo
3353 5205 3537 5261 dicere
3567 5205 3713 5276 quod
3744 5206 3791 5260 vi
3812 5204 3898 5259 crio

2325 5300 2488 5355 minis
2526 5298 2687 5354 fuerit
2715 5313 3008 5369 oppressus
3042 5297 3258 5370 (neque
3295 5301 3440 5354 enim
3473 5314 3767 5370 oppressus
3800 5307 3898 5361 est,

2324 5395 2412 5465 qui
2439 5395 2598 5449 scivit
2621 5393 3078 5463 quemadmodum
3108 5408 3136 5446 a
3164 5393 3321 5448 ruina
3351 5393 3442 5447 illa
3475 5393 3681 5463 peccati
3708 5409 3770 5448 se
3796 5405 3898 5462 pos

2321 5498 2404 5542 set
2437 5487 2686 5557 levare),
2718 5485 2838 5542 dico
2877 5497 3056 5542 tamen
3084 5485 3228 5556 quod
3257 5485 3307 5539 vi
3337 5487 3661 5540 tentationis
3690 5484 3896 5539 inﬂexus

2321 5580 2413 5635 sit.
2448 5580 2663 5634 Dixerat
2697 5579 2840 5634 enim
2863 5593 3026 5648 supra
3058 5597 3070 5632 :
3105 5578 3280 5634 Proba
3311 5594 3410 5640 me,
3443 5574 3686 5642 Domine,
3715 5583 3895 5630 cliente

2389 5716 2416 5757 ι’
2433 5717 2590 5772 Rom.
2607 5717 2764 5780 edit.,
2781 5726 2828 5771 et
2855 5716 3028 5771 libavit
3056 5717 3199 5770 illam
3221 5719 3459 5773 Domino.
3482 5719 3556 5774 Ita
3577 5720 3740 5773 etiam
3755 5715 3889 5786 infra.

2359 5811 2364 5822 ·
2391 5801 2413 5828 ε
2459 5790 2617 5846 Rom.
2643 5789 2800 5854 edit.,
2825 5789 3181 5844 verecundiam
3203 5791 3560 5856 conscientia;
3580 5787 3891 5846 commedios

2317 5861 2440 5915 alia:
2470 5876 2532 5916 ac
2564 5876 2722 5928 mss.,
2757 5863 3116 5916 verecundiam
3149 5863 3596 5929 concupiit-entire.
