4042 6378
86 336 204 395 865
1257 333 1604 397 APOLOGIA
1646 333 2039 396 PItOPIIE'l‘ZE
2075 337 2304 395 DAVID.
3319 333 3429 398 866

88 470 175 508 me
210 471 230 509 :
265 472 366 512 ure
396 473 550 514 renes
578 472 714 513 meos
747 462 797 513 et
824 461 915 511 εον
939 469 1108 510 meum
1145 451 1322 524 (Psal.
1363 470 1473 509 xxv
1499 495 1514 520 ,
1543 453 1620 524 2).
1658 453 1726 509 Et
1750 458 1804 518 Α
1829 453 2139 526 impietatem
2169 453 2343 508 cordis
2370 452 2466 508 mei
2497 451 2673 526 (Psal.
2706 466 2870 520 xxxi,
2903 452 2982 522 5).
3011 449 3067 509 Si
3093 449 3264 518 dixit,
3297 449 3436 507 Pro-

87 547 227 602 alibi
263 570 277 606 :
318 552 445 624 Ego
479 565 651 609 autem
680 551 864 607 dixiin
890 566 1001 604 mea
1030 548 1377 625 gbundantia,
1412 564 1517 603 non
1554 565 1724 602 move-
1833 548 2099 612 nuntiabo,
2135 557 2190 605 et
2223 549 2430 604 veniam
2464 548 2661 604 meruit
2691 557 2982 620 antequam
3017 548 3430 619 pronuntiaret;

91 640 192 695 bor
216 643 276 696 in
303 654 568 702 wternum
601 645 775 719 (Psal.
832 661 984 710 χχιχ,
1025 643 1110 716 7).
1142 643 1210 698 Et
1239 661 1253 698 :
1282 640 1413 714 Igne
1439 658 1518 696 me
1537 641 1730 696 exami-
1831 652 2036 711 quanto
2067 645 2240 712 magis
2281 641 2375 698 ubi
2413 641 2481 698 de
2524 657 2586 698 se
2631 643 3002 714 pronuntiavit
3046 642 3236 698 dicens
3267 659 3282 697 :
3315 640 3436 696 Ini-

93 736 266 802 nasti,
301 747 354 792 et
385 755 496 794 non
523 748 594 794 est
624 739 898 794 inventain
926 752 1006 792 me
1033 735 1280 805 iniquitas
1313 731 1483 806 (Psal.
1513 747 1623 799 xvn,
1647 729 1726 802 ‘5).
1833 735 2075 804 quitatem
2122 751 2286 789 meam
2317 751 2408 807 ego
2443 751 2670 807 agnosco
2705 735 2877 808 (Psal.
2927 752 2980 802 ι,
3011 734 3104 808 5),
3147 734 3435 791 remissum

99 827 298 886 Voluit
332 848 472 890 eum
499 834 783 903 subjacere
810 832 1074 887 Dominus
1099 830 1385 886 tentationi
1410 871 1424 895 ,
1473 844 1542 884 ne
1569 843 1730 898 supra
1834 834 1919 881 est
1947 827 1998 883 ei
2037 842 2201 883 omne
2232 829 2551 898 peccatum?
2584 828 2735 886 Licet
2765 829 3079 900 specialiter
3123 828 3194 884 de
3237 828 3342 884 hoc
3379 837 3438 886 et

96 921 402 982 hominem
434 929 540 984 sibi
571 927 772 998 aliquid
808 936 1117 998 arrogaret;
1149 941 1271 980 nam
1297 925 1470 980 virtus
1506 926 1558 980 in
1585 925 1736 979 inﬁr-
1835 919 2046 975 Nathan
2094 918 2354 991 propheta
2391 921 2738 992 responderit
2773 939 2785 976 :
2819 920 2887 976 Et
2917 921 3172 977 Dominus
3203 921 3438 977 traduxit

97 1017 304 1073 unitate
343 1031 785 1076 consummatur.
832 1018 1018 1091 Neque
1056 1017 1202 1075 enim
1233 1027 1462 1074 cruento
1501 1017 1627 1074 fecit
1655 1017 1736 1072 ai-
1840 1023 2103 1086 peccatum
2131 1021 2278 1067 tuum
2309 1012 2388 1087 (ll
2417 1013 2548 1085 Reg.
2578 1029 2686 1082 xu,
2721 1014 2832 1088 15).

97 1109 255 1167 lectu
292 1131 308 1168 :
342 1113 489 1168 nihil
513 1113 690 1168 minus
720 1121 908 1170 sancto
938 1111 1228 1182 Propheta:
1271 1111 1470 1167 ascribi
1514 1118 1734 1182 potest,

97 1207 199 1278 qui
229 1208 413 1264 etiam
447 1209 558 1262 vita
587 1207 859 1265 decedens
896 1222 1150 1276 suprema
1184 1221 1320 1261 voce
1349 1205 1600 1262 convenit
1639 1205 1737 1260 Sa-

101 1300 400 1357 lomonem
434 1301 637 1358 filium:
670 1311 727 1356 ut
754 1301 1101 1357 innocentem
1131 1301 1454 1371 sanguinem
1485 1315 1514 1355 a
1541 1314 1602 1356 se
1631 1299 1736 1353 tol-

101 1393 276 1459 leret,
310 1411 488 1466 quem
517 1393 734 1450 fuderat
757 1395 866 1448 dnx
886 1394 1002 1465 ejus
1023 1385 1298 1448 exercitus
1326 1393 1492 1459 Joab,
1525 1391 1740 1462 quando

103 1487 390 1544 Ahenner
413 1531 432 1559 ,
467 1505 589 1544 cum
623 1489 692 1543 de
737 1487 966 1544 ineunda
1001 1487 1262 1543 societate
1308 1495 1599 1550 tractaret,
1630 1485 1740 1542 dux

107 1580 248 1636 licet.
291 1581 606 1638 adversarii
647 1581 879 1652 agminis
907 1579 1118 1636 insidiis
1151 1581 1423 1650 appetitus
1449 1579 1739 1643 occubuit;

108 1689 286 1768 ιιιιειη
322 1673 518 1768 “mihi
549 1683 604 1730 ει
631 1684 656 1712 ’³
691 1681 812 1744 PO“
841 1675 1042 1729 “mium
1073 1672 1503 1744 θίυεθηώυίθηδ
1523 1713 1550 1768 ’ί
1571 1671 1739 1768 ἀθΡ⁰⁶
1845 1671 2065 1766 agnovit
2097 1697 2462 1768 iniquitatem,
2491 1697 2626 1754 vidit
2653 1698 2949 1767 lavacrum,
2977 1709 3029 1756 et
3051 1699 3210 1766 vidit,
3239 1708 3294 1755 et
3321 1671 3448 1756 ere;

109 1768 242 1822 sitis
267 1767 470 1824 infulis
496 1767 1348 1838 potestatis,exsequiarumjusta
1371 1765 1743 1834 curavit.Quo
1775 1859 1818 1870 .-
1848 1765 2004 1848 didit.
2060 1765 2258 1850 Dnex’i,
2309 1797 2578 1866 multum,
2629 1798 2880 1854 umimia
2936 1765 3210 1855 amitam
3265 1806 3451 1870 tegere

111 1860 270 1916 facto
304 1861 504 1916 docuit
529 1863 691 1918 etiam
719 1860 1042 1916 adversariis
1076 1861 1236 1916 tidem
1269 1861 1592 1930 promissam
1622 1873 1745 1915 esse
1775 1859 1822 1921 Β
1847 1886 2098 1956 quamvis
2126 1897 2307 1958 posse,
2331 1859 2598 1946 enormi.

111 1953 508 2020 servandam,
543 1952 912 2008 honorandam
942 1967 1159 2022 quoque
1196 1960 1254 2006 et
1292 1952 1343 2005 in
1391 1950 1549 2007 hoste
1577 1951 1745 2005 virtu-

115 2055 258 2102 tem.
293 2045 500 2100 Nonne
533 2053 641 2099 tam
671 2043 787 2098 miti
817 2059 929 2100 sua:
962 2043 1280 2100 haireditate
1310 2040 1546 2113 pictatis,
1581 2041 1745 2099 etiam

118 2139 298 2208 hujus
327 2153 548 2192 nzevum
580 2137 808 2192 detersit
835 2136 1083 2194 erroris?

194 2229 296 2285 37.
345 2229 526 2295 Quam
556 2229 877 2299 prteclarum
901 2237 1081 2284 autem
1109 2268 1123 2292 ,
1154 2227 1297 2299 quod
1339 2227 1512 2283 tribus
1551 2227 1746 2285 oblatis

120 2323 232 2380 sibi
265 2322 682 2378 conditionibus
712 2338 874 2394 quam
906 2323 1069 2378 vellet
1099 2321 1358 2393 eligeret,
1392 2321 1610 2393 quando
1649 2338 1751 2378 nu-

121 2424 350 2472 merato
376 2416 581 2488 populo
610 2415 881 2470 contraxit
919 2415 1183 2472 offensam
1210 2457 1225 2483 ,
1255 2432 1378 2471 cum
1410 2415 1747 2486 propositum

121 2519 279 2568 esset
304 2519 493 2564 utrum
522 2508 756 2565 triennio
773 2509 970 2565 famem
993 2525 1160 2580 super
1183 2520 1384 2565 terram
1417 2509 1532 2565 fieri
1558 2510 1746 2576 vellet,

123 2613 224 2658 aut
257 2604 446 2658 tribus
492 2581 774 2657 mensibus
791 2602 978 2672 fugere
1008 2618 1036 2657 a
1074 2602 1212 2658 facie
1251 2601 1592 2657 inimicorum
1624 2585 1751 2657 suo?

127 2714 257 2754 rum
290 2695 743 2770 persequentium
795 2711 855 2753 se
878 2737 893 2764 ,
934 2706 1026 2750 aut
1058 2696 1236 2752 triduo
1276 2696 1392 2751 ﬁeri
1432 2706 1664 2752 mortem
1697 2697 1751 2751 in

130 2802 326 2856 terra;
362 2789 580 2846 tertium
611 2789 804 2860 elegit,
835 2788 977 2860 quod
1003 2787 1221 2842 Domini
1255 2803 1315 2842 se
1343 2788 1561 2854 mallet,
1591 2803 1753 2859 quam

131 2886 438 2940 hominum
467 2883 808 2938 committere
848 2882 1137 2952 potestati!
1174 2880 1442 2936 Dominus
1473 2880 1617 2936 enim
1646 2881 1756 2935 cito
1857 2874 2102 2945 priorum
2141 2889 2422 2948 gestorum
2449 2895 2672 2936 suorum
2718 2882 3000 2940 historiam
3033 2885 3364 2956 subiecerit,
3403 2897 3467 2944 ut

132 2977 450 3034 miseratus
497 2975 825 3046 ignosceret.
869 2972 1057 3043 Itaque
1087 2973 1166 3028 sic
1196 2973 1272 3026 ait
1305 2991 1318 3028 :
1349 2972 1614 3043 Angustus
1640 2980 1759 3026 sunt
1858 2970 1928 3026 de
1947 2971 2253 3040 proditione
2281 2973 2465 3030 Doech
2489 2974 2648 3047 Syri,
2671 2976 2827 3046 cujus
2852 2987 2938 3034 est
2967 2978 3159 3035 titulus
3180 2981 3233 3034 in
3253 2981 3464 3049 psalmo

135 3073 272 3126 mihi
301 3070 458 3124 valde
482 3071 537 3123 in
561 3069 641 3122 liis
667 3068 829 3122 tribus
867 3083 886 3122 :
921 3067 1008 3121 sed
1038 3067 1204 3138 magis
1233 3067 1461 3120 incidam
1491 3066 1544 3118 in
1575 3080 1759 3118 manus
1859 3063 2311 3133 quinquagesimo
2343 3067 2536 3134 primo,
2562 3078 2616 3122 et
2649 3066 3035 3140 Zyphzeorum,
3070 3087 3194 3142 qua:
3214 3087 3466 3144 compre-

137 3163 365 3218 Domini
399 3162 672 3234 (quoniam
716 3175 902 3231 magna
932 3168 1008 3213 est
1035 3157 1396 3212 misericordia
1436 3160 1549 3229 ejus
1571 3155 1759 3226 valde)
1863 3154 2027 3210 hendi
2073 3157 2227 3212 titulo
2279 3157 2494 3214 videtur
2539 3159 2735 3230 psalmi
2789 3162 3220 3232 quinquagesimi
3273 3163 3462 3230 tertii;

138 3273 306 3329 quam
343 3257 403 3309 in
430 3271 608 3308 manus
639 3253 906 3307 hominum
931 3252 1155 3306 incidam
1191 3249 1266 3322 (II
1300 3248 1429 3321 Reg.
1462 3265 1618 3313 xxiv,
1645 3247 1755 3319 Μ).
1786 3257 1832 3320 ρ
1867 3249 2025 3305 istam
2061 3266 2182 3320 qua:
2225 3252 2500 3320 posterior
2532 3262 2648 3319 est,
2683 3253 2944 3323 praemisit
2984 3254 3268 3312 historiam
3290 3297 3306 3324 ,
3337 3271 3465 3312 cum

141 3350 264 3405 Hac
298 3346 614 3403 humilitate
642 3387 656 3412 ,
687 3346 973 3416 prudentia
1002 3387 1017 3410 ,
1049 3344 1464 3400 mansuetudine
1510 3342 1671 3409 fecit,
1702 3353 1760 3398 ut
1867 3343 2051 3399 Doech
2079 3352 2205 3399 ante
2243 3343 2584 3414 prodiderit,
2628 3346 2715 3401 vel
2744 3345 3002 3418 Zyphaei,
3045 3363 3206 3418 quam
3238 3362 3465 3420 regnum

141 3447 338 3503 verbis
389 3447 684 3514 Scriptura:
725 3453 883 3511 utar,
933 3441 1134 3497 habere
1183 3441 1470 3496 Dominum
1529 3440 1760 3510 propria:
1867 3438 2036 3494 David
2098 3438 2358 3510 pmpheta
2417 3439 2738 3512 susciperet.
2791 3441 3240 3514 Quandoquidem
3280 3457 3469 3515 regem

144 3537 544 3595 commotionis
569 3535 960 3606 penitentiam.
989 3531 1234 3604 Denique
1258 3532 1334 3590 sic
1356 3533 1615 3601 scriptum
1639 3540 1758 3586 est:
1865 3529 1996 3587 Saul
2036 3529 2269 3602 fugiens,
2301 3531 2481 3588 adhuc
2510 3544 2530 3572 ο
2566 3549 2662 3604 per
2685 3534 2902 3591 diversa
2935 3546 3149 3592 secreta
3177 3536 3337 3593 exsul
3375 3553 3468 3594 er-

1865 3609 2056 3689 rabat;
2091 3623 2399 3681 Bethsabee
2422 3636 2605 3682 autem
2631 3642 2754 3684 cum
2778 3629 2892 3700 jam
2925 3637 3198 3700 regnaret,
3231 3630 3469 3702 accepit.

1937 3718 2030 3773 42.
2073 3717 2180 3774 Cur
2204 3735 2334 3790 ergo
2375 3721 2676 3777 secundum
2717 3730 2997 3792 gestorum
3030 3723 3282 3780 ordinem
3318 3725 3470 3794 psal-

1909 1128 2002 1185 40.
2047 1129 2192 1200 Ergo
2217 1137 2272 1184 et
2296 1128 2675 1186 remissionem
2702 1131 2899 1186 meruit
2923 1130 3241 1202 iniquitatis,
3272 1139 3326 1185 et
3353 1138 3439 1186 te-

1839 1221 1919 1276 xit
1947 1222 2215 1278 eharitate
2235 1231 2401 1294 atque
2428 1223 2645 1294 operuit
2668 1231 2889 1293 peccata
2919 1239 3038 1290 sua,
3070 1231 3126 1280 et
3148 1225 3286 1280 texit
3310 1239 3443 1295 opea

1842 1317 1992 1373 ribus
2026 1319 2202 1374 bonis.
2237 1319 2349 1376 Nec
2392 1321 2713 1390 imputatum
2742 1331 2828 1377 est
2861 1321 2910 1376 ei
2947 1332 3271 1393 peccatum,
3315 1320 3442 1394 quia

1845 1427 1950 1465 ncn
2003 1411 2102 1467 fuit
2147 1413 2202 1468 in
2232 1429 2299 1468 eo
2345 1412 2503 1469 dolus
2551 1415 2773 1470 malitia:
2802 1455 2817 1481 ,
2861 1415 2954 1470 sed
2991 1416 3173 1486 lapsus
3215 1417 3444 1472 erroris.

1846 1503 2050 1561 Deinde
2076 1506 2204 1578 quia
2234 1522 2340 1562 non
2373 1506 2476 1562 fuit
2506 1508 2876 1579 improbitatis
2899 1517 3086 1574 (estus,
3120 1511 3215 1566 sed
3248 1511 3445 1567 umbra

1845 1601 2113 1672 mysterii.
2168 1602 2233 1656 Et
2262 1610 2441 1657 tamen
2481 1601 2768 1658 confessus
2813 1615 2897 1658 est
2943 1603 3206 1659 delictum
3248 1586 3447 1674 suum,

2444 2045 2675 2104 CAPUT
2713 2045 2852 2103 VIII.

1851 2174 1955 2232 Cur
1984 2178 2219 2251 psalmus
2250 2196 2283 2236 ι,
2310 2181 2428 2236 aliis
2452 2183 2762 2253 quibusdam
2796 2184 2851 2237 in
2881 2199 2960 2239 res
3003 2185 3288 2242 anteriores
3314 2203 3456 2242 cont-

1921 2271 2104 2340 positis
2126 2273 2422 2342 pra'missus
2435 2291 2456 2340 ;
2479 2285 2528 2330 et
2553 2291 2668 2344 qua:
2688 2277 2933 2347 mysteria
2954 2277 3008 2331 in
3029 2278 3455 2351 quinquagesimo

1924 2381 2139 2420 numero
2179 2368 2592 2436 comprehensa?
2617 2369 2891 2435 Quomodo
2923 2368 3140 2428 Davidis
3163 2375 3459 2444 exemplum

1921 2459 2176 2530 agendam
2203 2461 2550 2530 paenitentiam
2593 2464 2814 2531 doceat;
2851 2481 3064 2533 quamve
3099 2468 3458 2540 multipliciter

1923 2554 2200 2608 mandetur
2223 2555 2338 2626 quis
2365 2555 2427 2609 ab
2459 2557 2767 2627 iniquitate?

1923 2689 2018 2746 41.
2049 2688 2077 2729 ι)
2107 2691 2212 2748 Sed
2237 2692 2351 2764 jam
2380 2708 2440 2750 se
2463 2695 2580 2766 ipse
2600 2695 2882 2763 defendat,
2911 2713 3034 2754 nam
3068 2698 3461 2770 quinquagesi-

1855 2799 2000 2838 mum
2033 2785 2298 2854 psalmum
2341 2787 2407 2842 ad
2451 2802 2571 2843 eam
2615 2789 2832 2859 scripsit
2867 2790 3173 2846 historiam.
3225 2791 3296 2847 Et
3332 2807 3460 2850 cum

152 3633 298 3701 Quia
323 3627 678 3704 paenitentiam
710 3628 888 3683 habuit
915 3627 1167 3683 Dominus
1188 3643 1344 3698 super
1366 3627 1621 3680 malitiam
1649 3623 1764 3696 (Je-

148 3741 284 3780 rem.
321 3739 439 3789 XVI,
459 3719 574 3792 19).

229 3817 325 3872 '58.
369 3814 543 3882 Quam
585 3829 713 3868 vero
745 3811 872 3867 illud
901 3812 1062 3867 etiam
1091 3811 1412 3868 admirabile
1444 3810 1544 3882 (De
1569 3810 1762 3866 Posuit.

156 3911 289 3966 dist.
320 3910 380 3974 5,
403 3923 519 3979 cap.
551 3905 693 3960 Illud
715 3904 881 3977 vero),
909 3905 1050 3976 quod
1077 3905 1288 3976 Angelo
1319 3905 1534 3961 ferienti
1555 3906 1765 3976 plebem

159 4020 224 4060 se
267 3999 473 4056 obtulit
501 3998 690 4055 dicens
718 4015 732 4051 :
764 3997 904 4053 Grex
943 3999 1038 4052 iste
1082 3996 1208 4067 quid
1249 3997 1405 4068 fecit!
1434 3995 1559 4051 Fiat
1588 4013 1769 4053 manus

159 4107 255 4152 tua
281 4097 336 4150 in
367 4110 467 4161 me,
498 4104 545 4148 et
576 4093 630 4147 in
661 4093 867 4148 domum
891 4093 1054 4162 patris
1076 4091 1174 4146 mei
1203 4091 1278 4159 (II
1308 4090 1435 4162 Reg.
1467 4108 1620 4157 xxiv,
1653 4094 1766 4162 17).

162 4192 288 4261 Quo
320 4190 467 4244 facto
487 4190 671 4243 statim
711 4187 906 4259 dignus
945 4185 1215 4242 sacrificio
1238 4185 1510 4255 judicatus
1540 4195 1622 4241 est
1643 4227 1658 4253 ,
1681 4189 1771 4258 qui

166 4282 518 4340 absolutione
540 4279 914 4336 aestimabatur
937 4278 1209 4349 indignus.
1243 4278 1351 4334 Nec
1381 4277 1576 4333 mirum
1603 4280 1647 4334 si
1682 4279 1773 4334 tali

170 4392 272 4433 sua
320 4374 600 4432 oblatione
641 4389 739 4444 pro
769 4373 969 4444 populo
993 4413 1009 4440 ,
1043 4375 1246 4442 peccati
1297 4372 1382 4428 sui
1419 4372 1650 4444 adeptus
1694 4381 1778 4429 est

173 4472 436 4535 veniam,
466 4485 590 4525 cum
637 4467 855 4540 Moyses
887 4466 1170 4523 offerendo
1198 4482 1259 4523 se
1287 4467 1516 4524 Domino
1539 4483 1637 4538 pro
1663 4468 1778 4539 ple-

175 4565 262 4620 bis
289 4577 500 4628 errore,
522 4560 687 4618 etiam
721 4559 896 4631 plebis
921 4569 1140 4630 peccata
1165 4559 1452 4616 deleverit.

1869 3826 2080 3867 morum
2105 3828 2321 3882 quoque
2350 3813 2486 3869 ordo
2509 3829 2618 3870 non
2647 3815 2918 3884 quadrat?
2944 3815 3080 3883 Quia
3103 3831 3211 3873 non
3243 3824 3352 3872 tam
3381 3831 3476 3873 or-

1871 3905 2054 3963 dinem
2088 3906 2268 3962 ordini
2290 3948 2305 3974 ,
2337 3922 2498 3978 quam
2527 3909 2846 3980 my5terium
2875 3910 3043 3980 gestis
3067 3910 3239 3966 voluit
3268 3925 3473 3966 conve-

1873 3999 2020 4065 nire;
2063 3999 2292 4070 ideoque
2322 4015 2606 4056 numerum
2640 4001 2978 4059 remissionis
2999 4011 3188 4074 aptare
3224 4003 3352 4060 huic
3379 4019 3477 4060 vo—

1876 4092 1977 4149 luit
2008 4092 2271 4148 historim.
2301 4093 2798 4164 Quinquagesimus
2821 4095 2965 4152 enim
2996 4111 3256 4152 numerus
3283 4097 3479 4155 remis-

1875 4187 2048 4242 sionis
2074 4196 2159 4242 est
2180 4201 2473 4256 numerus,
2504 4188 2646 4243 sicut
2666 4189 2720 4243 in
2751 4189 3049 4261 Evangelio
3073 4191 3334 4246 Dominus
3361 4191 3478 4262 ipse

1878 4296 1978 4335 nos
2007 4279 2193 4336 docuit
2232 4280 2420 4337 dicens
2449 4299 2462 4334 :
2496 4281 2618 4336 Duo
2645 4283 2898 4338 debitores
2926 4294 3072 4339 erant
3093 4284 3300 4340 cuidam
3329 4285 3478 4357 fene-

1879 4376 2072 4442 ratori;
2104 4391 2239 4430 unus
2265 4375 2476 4430 debebat
2519 4375 2761 4431 denarios
2787 4377 3126 4449 quingentos,
3154 4379 3291 4434 alius
3326 4379 3482 4450 quin-

1879 4469 2164 4541 quaginta;
2195 4485 2299 4526 non
2328 4469 2635 4526 habentibus
2669 4471 2776 4527 illis
2793 4472 2929 4527 unde
2950 4472 3251 4539 redderent,
3270 4473 3484 4529 donavit

1885 4564 2133 4635 utrisque.
2165 4561 2293 4629 Quis
2313 4581 2433 4637 ergo
2463 4581 2579 4620 eum
2625 4565 2743 4634 plus
2778 4566 2946 4639 diligit
2976 4567 2997 4640 (
3023 4565 3149 4622 Luc.
3183 4583 3292 4635 vn,
3320 4567 3385 4624 Η
3431 4578 3482 4623 et

253 4659 348 4713 '59.
388 4655 548 4712 Texit
585 4655 750 4728 igitur
793 4667 1012 4726 peccata
1046 4671 1143 4710 sua
1166 4697 1182 4721 ,
1215 4672 1282 4712 an
1329 4657 1473 4712 non?
1503 4655 1611 4714 Sed
1657 4657 1779 4728 quis
1807 4659 1860 4723 ι)
1883 4654 2017 4727 4’2)?
2069 4655 2139 4710 Et
2183 4660 2236 4710 in
2277 4655 2422 4729 Lege
2469 4655 2640 4714 habes
2689 4657 2893 4730 (Leuit.
2927 4675 3065 4725 xxv,
3097 4660 3165 4715 10
3193 4670 3244 4716 et
3289 4657 3436 4730 seq.)
3462 4699 3480 4727 ,

182 4751 290 4808 hoc
313 4759 504 4821 neget,
534 4765 657 4806 cum
686 4750 801 4820 ipse
827 4751 1073 4806 docuerit
1101 4750 1398 4821 Propheta,
1424 4752 1566 4820 quod
1594 4752 1781 4808 remit-

188 4854 373 4898 tantur
401 4842 733 4912 iniquitates,
759 4849 1008 4912 tegantur
1036 4855 1278 4912 peccala,
1311 4859 1418 4898 non
1446 4843 1783 4915 imputentur

188 4950 221 4990 a
263 4932 528 4989 Domino?
558 4933 846 4990 Peccatum
887 4935 1176 4990 remissum
1215 4934 1320 4991 sibi
1347 4935 1650 5008 Wipse
1678 4937 1780 4992 do-

191 5029 338 5093 cuit,
371 5027 510 5082 sicut
532 5029 794 5099 scriptum
825 5039 908 5086 est
933 5046 946 5082 :
977 5028 1235 5083 Delietum
1263 5045 1430 5082 meum
1459 5046 1706 5100 agnosco,
1738 5040 1786 5086 et

193 5122 505 5194 injustitiam
533 5138 700 5176 meam
740 5140 842 5177 non
873 5123 1076 5198 aperui.
1106 5120 1263 5186 Dixi,
1298 5120 1657 5178 Pronuntiabo
1689 5123 1788 5177 ad-

195 5231 398 5271 versum
443 5231 522 5271 me
547 5215 858 5288 injustitiam
883 5233 1048 5272 meam
1075 5214 1333 5281 Domino,
1376 5225 1424 5269 et
1455 5224 1512 5270 tu
1551 5215 1793 5271 dimisisti

276 5389 300 5416 α
344 5379 554 5451 Ιῖγθπιίε.
595 5376 766 5434 codex
791 5419 805 5442 ,
833 5387 1032 5451 etpost
1073 5381 1318 5451 feretrum
1349 5378 1460 5450 ejus
1485 5377 1791 5451 ambulans;

204 5450 399 5520 reliqui
419 5448 583 5522 atque
609 5465 802 5506 omnes
827 5448 983 5516 edit.,
1009 5448 1191 5519 etpost
1214 5448 1427 5516 luctum,
1447 5457 1580 5522 etc.,
1607 5448 1658 5522 id
1682 5456 1786 5515 est,

205 5520 640 5590 funebrem—ejus
672 5537 921 5592 pompam
955 5535 1307 5591 prosequens.
1359 5520 1571 5576 Etenim
1622 5520 1792 5576 luctus

209 5596 314 5650 hoe
345 5596 465 5650 loco
493 5610 599 5650 non
630 5593 772 5649 aliud
804 5591 1094 5664 Signiﬁcat,
1123 5606 1283 5664 quam
1311 5593 1365 5648 in
1389 5593 1542 5664 Actis
1563 5592 1790 5664 Aposto-

210 5665 385 5721 lorum
414 5666 672 5740 planctus,
703 5681 810 5740 quo
839 5661 1034 5721 dicitur
1061 5665 1234 5740 elatus
1265 5661 1574 5740 Stephanus
1605 5661 1790 5740 proto-

211 5735 435 5810 martyr.
467 5738 666 5810 Iterum
718 5735 808 5791 ubi
837 5745 1046 5791 cunctae
1077 5735 1206 5810 edit.
1234 5743 1290 5810 et
1317 5751 1448 5793 mss.
1483 5738 1641 5810 longe
1675 5736 1793 5810 pln-

211 5807 369 5875 rimi,
397 5809 756 5880 exsequiarum
775 5811 921 5881 justo
954 5807 1172 5881 curavit,
1192 5807 1394 5881 habent
1422 5823 1523 5862 ms.
1556 5807 1743 5881 Benig.
1772 5848 1788 5874 ,

214 5878 572 5955 exsequiarum
595 5882 762 5946 busta;
777 5878 995 5950 rAlbin.,
1013 5879 1204 5945 lustra;
1230 5878 1410 5951 (item,
1430 5879 1673 5936 excubias
1701 5895 1790 5934 cu-

1886 4748 2013 4818 quia
2037 4746 2292 4818 jubilaaus
2321 4748 2520 4804 dicitur
2563 4765 2824 4807 numerus
2873 4752 3266 4824 quinquaginta
3315 4767 3493 4807 anno-

1887 4854 2007 4894 rum
2038 4853 2292 4895 recursus
2318 4880 2333 4903 ,
2380 4840 2730 4897 celebrabitis
2771 4843 3110 4912 admodum,
3158 4857 3266 4914 quo
3303 4841 3491 4900 debita

1889 4939 2210 5000 vacuantur,
2233 4931 2624 4990 confirmantur
2649 4934 3002 4992 Hebraeorum
3033 4935 3334 5002 libertates,
3363 4949 3499 5005 pos-

1892 5025 2202 5081 sessionum
2245 5026 2570 5083 relusiones.
2602 5027 2762 5084 Hunc
2797 5044 3081 5084 numerum
3112 5027 3219 5083 lzeti
3245 5027 3494 5084 celebra-

1895 5135 2018 5175 mus
2049 5127 2168 5190 post
2212 5119 2424 5175 Domini
2467 5123 2778 5192 passionem
2805 5163 2822 5190 ,
2854 5121 3085 5178 remisso
3108 5121 3285 5193 culpre
3326 5120 3494 5178 totius

1897 5213 2101 5282 debito,
2133 5213 2496 5286 chirographo
2523 5230 2742 5287 quoque
2772 5223 3036 5282 vacuato,
3067 5215 3134 5272 ab
3163 5213 3314 5271 omni
3345 5226 3494 5270 nexu

1898 5377 2050 5433 ravit.
2071 5355 2192 5434 Sed
2227 5377 2516 5451 retinenda
2549 5393 2652 5432 vox
2681 5381 2902 5451 ,Ajusta,
2936 5393 3059 5447 qua:
3102 5393 3204 5451 pro
3245 5375 3455 5451 inferiis
3477 5417 3494 5441 ,

1896 5463 1992 5506 seu
2013 5450 2392 5522 exsequiarum
2441 5445 2769 5506 ceremoniis
2810 5445 3013 5521 passim
3064 5445 3132 5506 ab
3179 5445 3496 5506 auctoribus

1897 5531 2505 5676 “sgfgariiigsisprimis
2533 5591 2754 5675 duabus
2783 5593 2981 5676 capitis
3028 5591 3257 5676 hujusce
3307 5564 3488 5662 lineis,

1895 5664 2153 5738 quidquid
2183 5667 2250 5719 ab
2279 5665 2367 5720 his
2395 5664 2608 5738 verbis,
2627 5680 2746 5718 cum
2777 5666 3008 5738 priorum
3030 5674 3494 5738 gestorumusque

1895 5735 1961 5792 ad
1990 5737 2150 5791 finem
2175 5744 2436 5792 tractatus
2460 5736 2726 5806 sequitur,
2753 5738 2805 5791 in
2831 5735 3061 5794 classem
3083 5735 3495 5797 enarrationum

1897 5808 1951 5864 in
1983 5809 2222 5878 psalmos
2243 5808 2507 5890 reiecerat
2534 5807 2699 5862 Rom.
2725 5807 2920 5864 editio.

1973 5891 1993 5919 ο
2039 5879 2198 5936 Rom.
2238 5879 2370 5937 edit.
2405 5877 2544 5950 sola,
2579 5895 2668 5950 per
2699 5879 2902 5938 diversa
2929 5879 3130 5938 deserta

2186 5917 2198 5934 ο
2238 5917 2370 5937 νυινο
2405 5917 2544 5950 σνια,
2579 5917 2658 5950 ,1111
2699 5917 2902 5938 κινῠσσιο
2929 5917 3151 5938 '"V'V".
