4042 6378
541 347 552 358 ’
599 345 702 401 867

1921 335 2168 400 SANC'I‘I

2307 345 2526 404 BRoStt
3823 349 3900 406 εει

596 464 786 548 liberi;
821 471 874 519 et
917 463 1240 534 suscipimus
1286 462 1664 520 advenientem
1716 465 1768 520 iit
1816 481 1914 521 nos
1959 469 2189 536 gratiam
2217 475 2266 534 Α
2297 473 2402 528 Sed
2431 481 2782 546 posteaquam
2821 475 3136 548 baptizatus
3185 482 3282 528 est
3313 469 3608 534 Christus,
3639 479 3691 524 et
3717 469 3903 540 Spir-ita:

595 547 827 626 Sprritus
873 557 1044 612 sancti
1089 556 1176 613 die
1207 557 1558 612 Pentecostes
1600 577 1612 612 :
1657 569 1680 594 ³·
1711 571 1904 614 vacant
1943 561 2144 630 jejunio
2169 601 2186 626 ,

595 650 714 704 laus
741 649 938 704 dicitur
973 651 1119 713 Deo,
1173 651 1390 704 alleluia
1434 659 1702 706 cantatur.
1752 652 1996 721 Denique
2039 651 2187 720 (56,

591 755 768 814 quirat.
803 743 870 813 Ξ,
903 760 1019 810 cap.
1069 741 1324 817 Denique)
1353 755 1408 798 et
1433 745 1600 817 689
1627 745 1820 814 puellae
1859 757 2013 816 pater
2043 743 2191 798 illius

593 849 712 903 rpite
745 850 840 902 per
867 837 972 890 vim
995 877 1011 903 ,
1038 839 1356 890 concubitus
1384 837 1516 890 ttulit
1547 841 1873 904 tleSponsata
1909 835 2194 907 pertulerit

591 928 979 997 quinquaginta
1028 929 1400 983 didraclnnata
1455 939 1715 1000 argentea
1763 931 2032 1000 accipiet;
2077 927 2191 998 ipsa

590 1031 770 1076 autem
810 1023 862 1075 in
891 1022 1146 1092 coniugio
1179 1023 1520 1092 permanebit
1550 1021 1731 1094 (Dent.
1759 1037 1894 1086 χχιι,
1923 1023 2038 1090 29).
2082 1019 2194 1076 lloc
2263 1083 2270 1090 ,

591 1129 722 1184 ergo
753 1129 982 1168 numero
1009 1118 1172 1169 etiam
1203 1119 1332 1170 vitia
1375 1125 1660 1170 vertuntur
1689 1115 1741 1170 itt
1768 1117 2017 1186 gratiam.
2051 1113 2196 1184 Mag-

593 1221 696 1262 nus
741 1207 904 1278 igitur
933 1209 1174 1278 psalmus
1201 1248 1216 1273 ,
1271 1223 1380 1280 quo
1433 1208 1698 1264 docemur
1737 1209 2194 1280 quemadmodum

590 1302 798 1369 agenda
831 1301 1146 1370 [mouentia
1183 1303 1275 1357 sit.

659 1394 751 1452 45.
779 1391 1042 1462 Miserere,
1069 1397 1260 1466 inquit,
1279 1395 1936 1464 mei,Domiue,secundu-m
1959 1411 2200 1466 magnam

589 1489 996 1544 miscricordiam
1029 1499 1192 1544 tuam.
1225 1489 1292 1544 Et
1321 1491 1604 1544 secundum
1641 1491 2020 1544 multitudinem
2049 1493 2200 1542 mise-

589 1584 848 1638 rationum
893 1593 1098 1638 tuarum
1135 1583 1249 1638 dele
1289 1585 1608 1654 iniquitatem
1647 1601 1830 1638 nteant.
1873 1582 1940 1636 In
1983 1587 2200 1637 multum

591 1677 706 1732 lava
733 1695 810 1732 me
823 1678 897 1752 ab
923 1678 1180 1750 injustitia
1207 1695 1342 1742 mea,
1377 1687 1426 1732 et
1451 1695 1482 1730 α
1505 1679 1692 1732 delicto
1725 1693 1838 1730 meo
1865 1677 2060 1730 munda
2099 1691 2198 1730 me.

595 1769 854 1837 Quoniam
891 1771 1208 1840 iniquitatem
1247 1789 1412 1826 mrum
1447 1788 1542 1845 ego
1571 1788 1832 1842 agnosco:
1867 1781 1920 1826 et
1957 1771 2202 1824 delictum

2295 577 2512 620 sanctus
2539 583 2702 636 super
2728 584 2850 622 eum
2903 579 3194 638 tamquam
3229 565 3514 622 columba
3547 563 3832 630 descendit,
3865 576 3906 619 et

2297 659 2457 714 Pater
2485 661 2680 716 Fdium
2709 661 2946 730 signavit
2975 679 3006 718 e
3037 663 3216 724 caelo.
3241 663 3485 732 jnstitia
3536 659 3711 713 omnis
3737 657 3902 728 impleta

2297 761 2398 807 cst.
2433 751 2558 808 Ideo
2603 753 2873 820 Propheta
2908 755 3032 810 dicit
3063 773 3078 809 :
3113 753 3186 809 In
3221 753 3476 810 multum
3507 751 3628 806 lare
3659 769 3732 804 me
3767 753 3818 804 ab
3849 755 3900 804 ia-

2287 849 2498 920 justftia
2541 863 2672 902 mea.
2697 847 2930 904 Grandis
2969 851 3119 905 enim
3177 849 3433 920 squalor
3485 856 3546 900 et
3597 847 3790 901 macula
3830 863 3906 902 al

2297 941 2514 1010 exiguo,
2537 941 2630 995 sed
2665 943 2830 996 multo
2852 943 3101 998 aufertur
3123 941 3402 998 lavacro.

2367 1033 2532 1106 690
2561 1033 2650 1090 45.
2684 1036 2836 1104 Quod
2867 1037 2909 1090 si
2936 1037 3060 1108 quis
3089 1036 3264 1090 aliter
3301 1033 3586 1102 accipere
3617 1031 3755 1094 vult,
3781 1044 3910 1102 potest

2299 1127 2369 1182 Ita
2409 1145 2563 1182 suum
2599 1127 2834 1184 formare
2879 1129 3268 1192 intellectura;
3319 1125 3580 1182 mundat
3609 1140 3790 1180 sermo
3809 1127 3908 1180 diri.

2301 1238 2422 1288 nus,
2457 1223 2680 1278 mundat
2709 1233 2890 1280 nostra
2923 1223 3241 1290 confessio;
3279 1223 3382 1278 ille
3415 1221 3564 1276 dum
3601 1217 3908 1284 auditumst:

2303 1315 2428 1370 dum
2445 1319 2732 1388 promitur;
2749 1317 2968 1371 mundat
2989 1317 3128 1371 bona
3143 1316 3458 1386 cogitatio,
3479 1311 3724 1368 mundat
3745 1311 3912 1366 horreat:

2302 1413 2570 1482 operatio,
2587 1411 2740 1464 bona:
2760 1426 2973 1484 quoque
3001 1425 3132 1466 usus
3153 1407 3662 1466 converSaIionis.
3689 1405 3780 1460 His
3805 1423 3914 1460 mua-

2305 1505 2462 1558 tlatus
2493 1505 2860 1576 unusquisque
2896 1503 3107 1560 facilius
3137 1503 3350 1570 haurit,
3391 1512 3454 1558 ct
3505 1509 3790 1572 tamquam
3815 1503 3850 1550 in
3875 1515 3912 1556 ει
3983 1561 3986 1566 η

2305 1599 2447 1666 rapit
2473 1599 2818 1666 Splendorem
2857 1599 3044 1670 gratiae
3073 1595 3372 1668 spiritalis.
3415 1597 3698 1666 Denique
3729 1612 3820 1650 una
3843 1613 3912 1648 uti:
3987 1581 3990 1584 ’

2307 1687 2580 1743 inlusione
2621 1687 2840 1744 velleris
2883 1689 3064 1744 statim
3119 1690 3410 1760 pretiosus
3459 1703 3692 1742 succus
3719 1689 3912 1744 irradia.
3987 1709 3998 1748 ;!

2307 1781 2402 1837 Sed
2451 1783 2680 1854 primttm
2715 1799 2874 1839 succo
2917 1783 3137 1854 ignobili
3187 1783 3374 1838 vellus
3417 1781 3730 1846 inﬁcitur;
3771 1781 3914 1835 deinde
3987 1785 3992 1794 '

591 1879 760 1916 meum
783 1873 963 1918 contra
984 1881 1060 1919 me
1083 1877 1158 1919 est
1185 1882 1402 1935 semper.
1431 1865 1544 1922 Tibi
1563 1868 1662 1920 soli
1685 1867 1912 1935 peccavi,
1939 1873 1986 1918 et
2007 1863 2200 1917 malum
2233 1877 2276 1939 Β
2305 1877 2426 1931 am,-
2456 1887 2616 1948 ειιιμιθ
2637 1879 2758 1932 aliis
2779 1879 2954 1934 succis
2983 1879 3250 1933 naturalis
3279 1879 3410 1948 (ius
3439 1875 3690 1950 species
3719 1875 3916 1944 [τέρπε-

590 1970 764 2008 coram
812 1965 856 2008 te
903 1957 1038 2028 feci;
1083 1968 1135 2010 ut
1171 1958 1473 2030 jnstiﬁceris
1515 1959 1570 2011 in
1609 1959 1930 2012 sermonibus
1977 1958 2106 2022 tnis,
2155 1967 2203 2011 et

593 2047 764 2100 vincas
793 2063 908 2100 cum
941 2051 1218 2118 jndicaris.
1253 2047 1390 2104 Ecce
1423 2051 1558 2104 enim
1600 2051 1654 2104 in
1685 2050 2038 2121 iniquitatibus
2080 2065 2202 2102 con-

590 2149 768 2210 ceptus
795 2159 946 2208 sum;
975 2151 1022 2196 et
1051 2143 1102 2198 in
1131 2142 1336 2198 delictis
1362 2146 1562 2216 peperit
1591 2161 1670 2200 me
1697 2153 1859 2198 mater
1881 2159 1994 2198 mea
2021 2142 2197 2214 (Prol.

587 2250 640 2302 ι..
666 2236 699 2292 5
727 2245 774 2290 et
804 2239 958 2308 seq.).
991 2237 1124 2304 Quis
1155 2249 1402 2294 nostrum
1433 2240 1646 2294 etiamsi
1673 2239 1998 2294 conﬁteatur
2027 2237 2198 2292 delic-

587 2335 698 2380 tum
729 2342 910 2394 suum,
944 2345 1051 2384 tton
1087 2329 1558 2400 perstringendum
1596 2331 1806 2400 potius,
1841 2347 2002 2400 quam
2045 2345 2202 2399 repe-

588 2417 806 2472 tendum
839 2419 1023 2488 putet?
1051 2421 1184 2488 Quis
1220 2421 1459 2476 secundo
1490 2433 1720 2492 repetat,
1750 2431 1844 2476 aut
1884 2422 2080 2478 tertio?
2112 2419 2202 2474 Vi-

585 2507 652 2564 de
679 2519 809 2579 quot
839 2511 1084 2566 versibus
1115 2521 1294 2566 tantus
1314 2513 1584 2584 Propheta
1617 2523 1898 2583 peccaturo
1927 2529 2084 2570 suum
2113 2529 2200 2570 re-

531 2659 544 2666 _
586 2612 767 2670 sonet,
801 2621 964 2674 quam
1005 2607 1184 2660 nullus
1222 2621 1415 2661 versus
1461 2609 1581 2661 sine
1627 2609 1974 2664 confessione
2013 2609 2196 2664 delicti

588 2699 678 2750 sit.
713 2697 999 2767 Congessit
1043 2699 1223 2752 omnia
1251 2697 1435 2755 simul.
1471 2699 1785 2769 iniquitates
1813 2715 1938 2754 snas
1969 2711 2023 2754 et
2055 2701 2198 2769 inju-

587 2790 789 2844 Stitiam
831 2791 1191 2858 personando,
1216 2789 1450 2860 jungens
1489 2791 1682 2847 delicta
1728 2794 1990 2862 peccatis;
2033 2803 2197 2864 atque

586 2897 648 2936 ea
674 2897 820 2953 saepe
847 2881 876 2922 ι’
909 2885 1226 2953 repetendo,
1257 2885 1452 2939 merito
1485 2901 1730 2957 magnam
1767 2887 2194 2943 misericordiam

587 2979 792 3044 poscit;
823 2989 925 3032 nec
953 2977 1130 3031 solum
1153 2991 1402 3049 magnam
1435 2977 1887 3047 misericordiam,
1913 2981 2007 3036 sed
2032 2982 2194 3037 etiam

586 3067 987 3122 multitudinem
1041 3067 1474 3124 miserationem.
1529 3069 1684 3136 Quod
1734 3085 1864 3140 ergo
1915 3081 2196 3141 peccatum

585 3161 708 3215 talis
756 3177 864 3217 non
894 3163 1065 3217 diluat
1112 3163 1436 3233 deploratio,
1481 3181 1640 3233 quam
1685 3165 1901 3236 culpam
1953 3169 2197 3237 precatio

585 3255 895 3323 huiusmodi
953 3271 1060 3312 non
1113 3259 1430 3314 emendet?
1495 3257 1589 3313 Ille
1655 3273 1751 3330 pro
1806 3275 1916 3314 uno
1971 3269 2267 3340 peccatoc

585 3347 996 3404 irriserationnm
1017 3351 1417 3406 multitudinem
1442 3352 1766 3420 deprecatur
1791 3367 1806 3404 :
1837 3369 1934 3406 nos
1959 3367 2056 3421 pro
2083 3353 2199 3422 plu-

587 3442 738 3498 ribus
779 3443 1014 3512 peecutis
1051 3446 1137 3498 vix
1181 3445 1350 3499 semel
1394 3445 1511 3513 ejus
1557 3444 1982 3500 misericordiam
2025 3445 2199 3500 credi-

587 3549 710 3589 mus
735 3535 1151 3590 obsecrandam.
1184 3535 1388 3590 Deinde
1422 3536 1649 3605 legimus
1679 3535 1856 3608 (Psal.
1889 3551 2096 3602 cxxxv,
2133 3535 2192 3592 ll

587 3639 634 3684 et
663 3628 750 3702 12)
775 3631 899 3701 quia
931 3634 980 3684 iit
1008 3633 1204 3684 virtute
1231 3646 1328 3685 sua
1363 3645 1576 3700 magna,
1619 3641 1672 3685 et
1703 3629 1926 3686 brachio
1969 3646 2068 3685 suo
2097 3647 2194 3686 ex-

587 3725 736 3778 celso
757 3723 1012 3793 populum
1042 3739 1198 3780 suum
1227 3723 1294 3780 de
1325 3733 1472 3778 terra
1494 3722 1712 3794 Egypti
1743 3724 2194 3792 liberavit,quan-

587 3817 659 3873 do
683 3816 919 3871 traduxit
947 3831 1070 3871 eum
1100 3831 1196 3886 per
1223 3831 1371 3870 mare
1391 3817 1653 3882 Rubrum,
1677 3815 1729 3869 lu
1763 3829 1869 3886 quo
1899 3813 1998 3869 fitit
2027 3815 2194 3885 ﬁgura

587 3911 950 3981 baptismtis.
975 3909 1032 3965 Si
1055 3925 1188 3980 ergo
1211 3911 1383 3964 virtus
1401 3923 1597 3980 ntagna
1617 3909 1668 3963 in
1701 3909 1867 3979 ﬁgura
1895 3909 1991 3962 ftiit
2012 3925 2196 3962 sacra-

585 4019 916 4072 mentorum,
957 4015 1162 4078 quanto
1203 4007 1371 4078 magis
1413 4011 1464 4060 in
1510 4007 1740 4060 veritate
1779 4019 1968 4059 eorum
2001 4017 2192 4074 magna

587 4103 960 4158 tnisericordia
999 4101 1126 4156 est?
1158 4101 1326 4157 Recte
1370 4115 1586 4171 quoque
1631 4099 1744 4154 illic
1785 4097 2026 4169 poscitur
2087 4097 2191 4152 mi-

587 4196 922 4248 serationum
975 4193 1261 4249 multitudo
1293 4235 1306 4260 ,
1367 4193 1456 4249 ubi
1507 4192 1796 4249 multitudo
1845 4191 2190 4263 peccantium

589 4295 670 4340 est
682 4326 693 4338 .

658 4377 750 4434 44.
787 4377 852 4431 lu
895 4377 1112 4432 multum
1141 4379 1256 4432 lava
1289 4395 1368 4432 me
1394 4379 1456 4432 ab
1485 4377 1744 4446 injustitia
1775 4395 1920 4442 nica,
1953 4389 1999 4434 et
2038 4397 2070 4433 a
2096 4379 2188 4432 de.

590 4469 712 4524 lloto
745 4487 854 4525 meo
899 4472 1096 4526 munda
1123 4489 1202 4526 me
1227 4470 1402 4543 (Psal.
1432 4485 1485 4538 ι,
1529 4470 1606 4542 4).
1647 4471 1764 4526 Non
1811 4481 1918 4525 tant
1967 4473 2185 4542 sa-pius,

589 4579 748 4633 quam
796 4565 1005 4634 plenius
1051 4567 1219 4620 lavari
1271 4568 1442 4636 petit,
1495 4575 1551 4620 ut
1602 4579 1918 4636 conceptam
1971 4567 2185 4621 sordem

2305 1981 2388 2026 ter
2409 1971 2630 2034 eluitur,
2659 1981 2714 2026 et
2740 1973 2956 2028 diverso
2979 1973 3182 2040 saepius
3213 1973 3408 2028 colore
3453 1979 3770 2036 mutatur;
3795 1987 3842 2028 ac
3865 1977 3916 2028 sl;
3993 1971 3998 2038 ξ

2307 2075 2490 2135 postea
2529 2069 2678 2120 velut
2705 2067 2972 2137 plenioris
3017 2067 3215 2122 lavacri
3259 2067 3590 2124 adhibetur
3627 2069 3855 2132 iniectio,
3881 2081 3916 2122 ut

2305 2176 2556 2230 purpura:
2585 2161 2763 2216 verior
2791 2171 2950 2230 atque
2983 2161 3274 2232 perfectior
3305 2161 3506 2232 fulgor
3545 2161 3816 2217 irrutilet.
3839 2163 3917 2218 Sit--

2303 2263 2360 2307 ut
2406 2251 2570 2324 igitur
2613 2255 2880 2310 muricum
2915 2256 3270 2327 plurimorum
3307 2257 3358 2312 iit
3397 2272 3700 2326 purpurat
3733 2255 3918 2312 infectis-

2305 2363 2393 2412 ne,
2427 2347 2498 2402 ita
2545 2349 2595 2402 in
2631 2347 2852 2404 lavacro
2901 2350 3332 2419 regenerationis
3384 2349 3830 2406 irriserationum
3861 2365 3920 2404 est

2303 2439 2592 2496 multitudo
2622 2440 2949 2504 catlestium,
3003 2452 3060 2494 ut
3113 2441 3376 2512 iniquitas
3421 2439 3730 2498 deleatur.
3769 2442 3916 2510 Itaque

2299 2533 2390 2604 qui
2429 2533 2478 2586 iit
2519 2533 2742 2586 multum
2776 2533 3006 2597 lavatur,
3039 2531 3108 2590 ab
3149 2533 3422 2602 injustitia
3473 2534 3792 2590 mandatur
3821 2543 3864 2588 et
3897 2549 3916 2586 a

2300 2621 2523 2690 delicto,
2557 2633 2612 2678 et
2658 2625 2914 2696 peeCandi
2961 2623 3251 2696 quamdam
3305 2625 3584 2680 inolittm
3639 2626 3832 2681 studiis
3867 2641 3912 2678 at

2302 2717 2542 2770 moribus
2569 2715 2792 2788 deponit
2834 2715 3237 2786 habitudinem,
3268 2729 3323 2772 et
3362 2715 3746 2774 obliviscitur
3781 2719 3918 2790 quali-

2301 2815 2492 2863 tatem.
2530 2807 2596 2862 Et
2627 2807 2762 2864 bene
2803 2809 3012 2864 lavatur
3053 2809 3120 2864 ab
3160 2809 3439 2880 injustitia
3491 2809 3592 2866 vel
3643 2812 3914 2882 iniquitate.

2301 2917 2422 2972 qua:
2449 2901 2622 2972 major
2649 2911 2775 2957 est:
2822 2901 3118 2958 mandatur
3144 2911 3199 2958 et
3237 2918 3268 2964 α
3313 2903 3534 2960 delicto
3581 2903 3738 2976 quod
3773 2906 3914 2960 minus

2301 3006 2406 3052 est.

2849 3133 2854 3138 ’
2931 3171 3162 3228 CAPUT
3201 3167 3292 3230 tx.

2303 3303 2508 3360 Paucas
2533 3321 2650 3360 cum
2683 3303 2849 3358 Dauid
2871 3315 3080 3377 peccata
3105 3321 3201 3360 suo
3225 3322 3546 3376 agnoscere,
3585 3307 3752 3364 intrito
3777 3309 3908 3380 plura

2373 3397 2436 3452 de
2463 3397 2567 3452 illis
2605 3398 2858 3468 gloriari;
2891 3399 3172 3468 sapientem
3199 3397 3379 3452 delicti
3409 3399 3500 3454 sui
3543 3417 3830 3468 numquam
3849 3400 3908 3452 de

2375 3508 2563 3562 ponere
2587 3493 2918 3560 memoriam;
2951 3503 2995 3548 et
3022 3501 3216 3562 quanta
3243 3492 3312 3546 sit
3339 3493 3696 3550 conscientia!
3723 3495 3826 3548 eis?
3843 3490 3906 3544 ls-

2373 3595 2448 3642 tcr
2491 3596 2754 3656 peccatum
2793 3595 2842 3642 et
2883 3585 3200 3654 iniquitatem
3251 3583 3550 3642 discrimen
3593 3605 3713 3644 esse
3735 3605 3754 3644 :
3785 3601 3906 3656 nos:

2373 3695 2436 3747 pa
2447 3689 2524 3732 clo
2545 3679 2636 3732 illa
2660 3679 2960 3749 baptismate
2982 3695 3042 3730 ac
3066 3677 3368 3748 poenitentia
3381 3677 3652 3736 charitati
3669 3683 3904 3752 conjututs

2371 3771 2658 3826 deleantur.

2368 3911 2458 3966 46.
2487 3911 2719 3982 Ideoque
2737 3909 2978 3966 addidit:
3007 3909 3264 3977 Quoniam
3283 3911 3626 3979 iniquitatem
3655 3929 3818 3968 meant
3835 3927 3900 3983 ego

2297 4019 2560 4074 agnosco;
2609 4015 2658 4058 et
2713 4005 2956 4058 delictum
3013 4021 3180 4057 meum
3225 4012 3408 4058 contra
3469 4021 3558 4058 me
3615 4017 3695 4060 est
3739 4019 3898 4073 semen

2297 4097 2472 4166 (Paul.
2507 4115 2558 4162 ι,
2607 4097 2686 4168 5').
2716 4095 2832 4152 Non
2879 4097 3156 4152 mediocre
3200 4107 3304 4162 e5t,
3351 4107 3408 4150 ιιι
3447 4107 3732 4168 agnoscat
3769 4109 3898 4151 unus

2295 4191 2521 4262 quisque
2553 4201 2830 4258 peccatum
2861 4205 3038 4243 suum.
3067 4187 3300 4258 Ideoque
3326 4199 3594 4262 ctsupra
3637 4193 3752 4244 ait:
3785 4187 3894 4254 Lap-

2294 4301 2381 4338 sus
2404 4285 2516 4353 quis
2543 4285 2786 4352 intelliget
2818 4281 2996 4356 (Psal.
3040 4297 3193 4348 XVIII,
3241 4283 3372 4348 l3)?
3419 4283 3474 4336 id
3513 4291 3630 4349 est,
3685 4283 3804 4354 quis
3837 4291 3896 4334 est

2295 4383 2474 4430 tantus
2503 4385 2560 4430 ut
2603 4376 2906 4446 intelligat?
2949 4375 3230 4443 Quomodo
3273 4375 3440 4430 illud:
3491 4373 3630 4441 Quis
3675 4375 3896 4429 habitabit

2291 4476 2346 4526 in
2376 4471 2708 4526 tabernaculo
2730 4481 2835 4534 tuo,
2865 4473 3078 4542 autquis
3108 4469 3345 4524 ascendet
3373 4471 3426 4524 in
3459 4481 3698 4526 montem
3715 4469 3894 4524 Dotniai

2296 4566 2466 4635 (Psal.
2513 4583 2626 4633 xw,
2670 4567 2768 4638 l)?
2809 4565 2924 4622 Non
2975 4568 3160 4636 utique
3190 4567 3404 4629 nullus,
3435 4565 3532 4622 sed
3579 4583 3764 4621 rarus.
3813 4563 3892 4632 Qui

589 4659 754 4728 possit
780 4657 982 4713 eluere.
1019 4656 1252 4713 Noverat
1283 4659 1578 4712 secundum
1611 4658 1806 4728 Legem
1833 4658 1850 4730 (
1865 4657 2026 4712 Levii.
2061 4674 2114 4712 XI
2139 4669 2187 4713 et
2214 4681 2265 4742 ι)
2292 4661 2437 4716 enim
2469 4667 2642 4726 potest
2670 4675 2986 4730 agnoscere,
3016 4669 3194 4730 potest
3223 4657 3523 4720 declinare,
3573 4670 3756 4729 potest
3789 4655 3892 4728 quid

585 4749 706 4823 ιιιι)
739 4754 994 4823 pleraque
1029 4752 1323 4808 mandandi
1355 4767 1474 4808 esse
1511 4753 1750 4806 subsidia
1772 4795 1785 4818 ,
1835 4751 1928 4808 sed
1977 4751 2184 4808 nullum

585 4845 810 4915 plenum
858 4857 1019 4915 atque
1069 4845 1389 4916 perfectum.
1440 4847 1519 4902 Ad
1551 4845 1682 4901 illud
1714 4861 1844 4918 ergo
1887 4845 2183 4918 perfectum

585 4947 696 4992 tota
730 4939 1030 4995 intentione
1058 4939 1297 5004 festinat,
1331 4955 1439 5009 quo
1463 4941 1670 5009 iustitia
1704 4943 1880 4994 omnis
1909 4941 2183 5008 impletur,

584 5033 726 5102 quod
753 5043 834 5089 est
873 5033 1212 5102 baptismatis
1253 5043 1680 5094 sacramentum.
1715 5035 1856 5088 sicut
1886 5033 2000 5100 lpse
2026 5035 2187 5088 docet

586 5125 846 5180 Dominus
868 5123 1044 5181 Iesus.
1079 5127 1210 5180 Nam
1239 5141 1360 5180 eum
1391 5125 1629 5182 venisset
1659 5125 1726 5179 ad
1773 5123 2061 5188 Joannem,
2113 5127 2189 5179 ait

585 5215 862 5288 Baptista:
900 5218 1013 5293 Ego
1043 5237 1076 5274 a
1110 5229 1156 5274 te
1185 5219 1340 5274 debeo
1371 5220 1646 5288 baptizari,
1690 5229 1736 5272 et
1763 5228 1818 5272 tu
1845 5219 1985 5272 venis
2011 5217 2080 5270 ad
2109 5233 2188 5272 me

583 5309 804 5378 (Matth.
855 5327 934 5377 ιιι,
961 5311 1094 5383 14)?
1141 5311 1438 5381 Respondit
1483 5311 1743 5365 Dominus
1781 5327 1793 5363 :
1840 5311 1966 5364 Sine
2009 5311 2186 5378 uredo;

584 5405 656 5460 sic
680 5407 814 5462 enim
836 5407 972 5460 decet
997 5423 1087 5460 nos
1109 5407 1318 5478 implere
1339 5423 1540 5462 ontuem
1557 5405 1820 5479 justitiam
1845 5401 2038 5474 (Ibid.,
2065 5403 2181 5478 15).

657 5537 681 5563 ει
725 5527 868 5582 Edit.
900 5525 1046 5588 Am.,
1076 5525 1201 5580 Gill.
1236 5541 1298 5579 ac
1323 5526 1482 5580 Rom.
1513 5539 1638 5578 eum
1666 5523 1854 5592 paucis
1893 5535 2023 5576 mss.
2045 5563 2058 5584 ,
2087 5537 2178 5576 vae

585 5600 1006 5672 eantejejunio;
1053 5598 1174 5650 Era.
1209 5597 1472 5672 etiplures
1523 5609 1653 5649 tuss.
1682 5601 1913 5672 ,_vacant_
1945 5594 2169 5672 jejunio.

583 5667 702 5735 Qun
745 5665 864 5723 loco
907 5670 1201 5724 observare
1253 5668 1381 5722 licet
1409 5677 1644 5722 veterem
1709 5665 1966 5718 Ecclesia»
1998 5665 2170 5718 ritum

585 5755 692 5794 nun
734 5740 1009 5807 jejunandi
1057 5739 1206 5794 hisce
1253 5739 1386 5793 totis
1427 5736 1813 5808 quinquaginta
1845 5735 2039 5808 diebus
2077 5735 2168 5802 qui

585 5812 724 5864 inter
739 5806 878 5864 festa
901 5811 1171 5880 paschalis
1193 5825 1255 5866 ac
1284 5806 1624 5880 pentecostes
1645 5806 2019 5880 intercedunt;
2043 5821 2164 5860 cre-

583 5881 732 5936 brius
758 5896 888 5938 vero
904 5879 1185 5936 canticum
1222 5879 1435 5937 Demitti
1478 5881 1700 5934 Alleluia
1726 5893 1823 5949 per
1851 5879 1990 5934 idem
2020 5885 2158 5932 tetu-

2293 4763 2582 4822 Sequatur.
2613 4753 2835 4822 eligere.
2871 4753 3118 4820 Plerique
3151 4751 3202 4805 in
3239 4751 3354 4806 suis
3390 4751 3638 4819 lapsibus
3673 4753 3890 4821 glorian-

2295 4857 2400 4912 tur,
2449 4855 2502 4902 et
2550 4859 2730 4917 putant
2785 4861 2846 4900 ea
2895 4845 3034 4900 laudi
3068 4857 3188 4902 esse
3233 4861 3356 4916 qum
3395 4845 3618 4900 crimini
3669 4853 3818 4899 sunt.
3847 4843 3887 4898 Si

2292 4937 2526 4992 alienum
2559 4935 2927 5007 ordoquittavit
2965 4937 3198 5004 thorttm,
3230 4945 3286 4991 et
3309 4937 3519 5007 pudicae
3565 4935 3790 4991 femina:
3813 4949 3886 4990 cx-

2295 5033 2548 5101 pugnavit
2571 5029 2848 5096 affectum,
2873 5029 2918 5084 si
2949 5029 3122 5084 viduae
3145 5033 3481 5100 propositum
3507 5029 3696 5100 aliqua
3719 5027 3884 5084 fraude

2291 5125 2552 5178 nudavit:
2586 5123 2724 5177 allus
2755 5137 2888 5178 nece
2927 5121 3164 5178 ltomlnis
3185 5166 3200 5188 ,
3239 5121 3518 5178 latrocinii
3563 5123 3812 5186 insidiis,
3839 5131 3882 5177 et

2287 5227 2446 5285 rapto
2476 5217 2656 5270 virere
2689 5223 2838 5286 potat
2865 5229 2984 5270 esse
3009 5215 3223 5270 virtutis
3253 5235 3265 5269 :
3309 5215 3558 5270 nonnulli
3599 5218 3880 5271 CiI‘Clllllt'e'

2289 5311 2408 5364 nire
2429 5315 2504 5366 'ac
2548 5311 2733 5364 fallere
2771 5309 3108 5364 arbitrantur
3155 5325 3276 5364 esse
3326 5310 3636 5378 sapientiae.
3683 5307 3765 5362 Ex
3809 5305 3878 5359 his

2289 5403 2464 5460 nullus
2491 5414 2667 5476 potest
2699 5402 2882 5458 dicere
2910 5418 2924 5458 :
2961 5403 3222 5468 Quoniam
3255 5402 3580 5472 iniquitatem
3607 5418 3770 5456 meum
3799 5413 3876 5470 ego

2289 5535 2387 5590 pus
2417 5521 2466 5572 in
2493 5519 2676 5574 ofﬁcio
2707 5519 2892 5572 divino
2927 5517 3272 5573 concineudi.
3305 5517 3412 5573 Sed
3447 5515 3518 5572 de
3549 5519 3636 5571 bis
3675 5515 3870 5590 plenus

2285 5591 2382 5645 lib.
2415 5607 2502 5644 vni
2535 5595 2841 5660 Comment.
2879 5591 2931 5643 in
2963 5590 3166 5660 Evang.
3201 5591 3380 5654 Lucas,
3407 5589 3472 5642 ad
3497 5603 3619 5657 cap.
3657 5589 3742 5660 l7.

2353 5662 2380 5701 ι)
2425 5661 2549 5716 Mss.
2585 5659 2750 5716 Corn.
2794 5661 2888 5716 sed
2931 5659 3166 5716 sevnnda
3215 5675 3400 5722 manu,
3453 5659 3607 5724 Alb.,
3655 5659 3781 5713 libr.
3821 5663 3868 5710 et

2285 5735 2432 5788 Viue.
2465 5775 2477 5799 ,
2511 5733 2825 5806 repetendo.
2852 5805 2859 5806 ί
2887 5731 3084 5806 Merito,
3113 5749 3233 5806 non
3279 5731 3445 5786 solum
3497 5747 3738 5806 magnam

2273 5805 2638 5930 serieordlam;
2663 5805 2754 5858 sed
2793 5805 2948 5859 etiam
2973 5803 3356 5860 multitudinem
3405 5801 3687 5876 promeiuit
3731 5801 3864 5855 mise-

2273 5889 2348 5929 rat
2375 5891 2549 5930 ortum.

2271 5889 2549 5930 rationum

4000 3923 4001 3940 ι

3999 3955 4001 3984 i
