4042 6378
102 371 218 429 869

1295 377 1645 435 APOLOGIA
1687 371 2074 438 ΡΒΟΡΗΕΤᾹΞ
2118 383 2206 437 DA
2216 384 2345 439 νη).

3340 383 3447 442 870

100 501 338 556 agnosco
364 503 384 542 :
412 490 518 546 sed
552 492 646 548 ille
673 493 760 563 qui
796 497 974 562 potest
997 491 1183 547 dolere
1212 493 1355 562 quod
1380 493 1587 558 fecerit,
1613 509 1741 548 con-
1772 501 1816 561 Α
1851 511 1950 563 pm,
2006 496 2073 551 de
2124 499 2236 569 ipsa
2281 514 2498 569 semper
2544 500 2764 571 cogitat,
2812 508 2866 555 et
2909 483 3194 570 cogitando
3243 517 3302 557 se
3339 504 3454 572 ipse

101 576 386 636 demnare
415 584 572 652 quod
621 585 944 654 deliquerit,
988 600 1147 654 qttcm
1184 600 1278 639 sua
1322 586 1448 640 vitia
1483 601 1745 654 compun-

106 686 272 744 gunt.
312 675 479 742 Unde
511 687 571 734 et
601 680 866 751 Propheta
899 679 973 733 ait
1007 697 1020 733 :
1055 680 1184 747 Qum
1213 679 1385 734 dicitis
1415 683 1470 734 in
1504 682 1746 736 cordibus

102 769 320 835 vestris,
353 781 404 824 et
436 773 492 825 in
519 773 774 827 cubilibus
814 773 993 826 vestris
1031 775 1432 843 compungimini
1469 773 1640 845 (Psal.
1669 789 1740 840 tv,

103 862 189 933 5).
227 861 505 935 Plerique
535 881 797 936 equorum
821 881 943 920 cum
968 867 1285 930 ceciderint,
1311 866 1592 935 sejactare
1618 880 1748 920 eou-

105 968 387 1024 suerunt;
418 969 477 1012 et
509 975 650 1029 quos
674 973 832 1013 casus
863 973 966 1011 non
995 958 1210 1021 lteserit,
1234 958 1489 1027 jactando
1514 975 1570 1011 se
1597 957 1748 1013 dt-bi-

107 1049 348 1106 litantet
369 1051 655 1121 frangunt.
675 1051 776 1107 Alii
803 1053 1005 1122 (qualis
1028 1041 1340 1107 Graecorum
1362 1069 1619 1120 equorum
1643 1051 1749 1106 l'cr-

110 1153 204 1200 tur
236 1146 467 1219 natura)
495 1163 621 1204 cum
644 1148 726 1203 vel
746 1155 771 1184 ι
796 1150 847 1201 in
876 1146 1174 1202 certamine
1201 1147 1372 1200 curuli
1402 1147 1519 1201 elisi
1550 1146 1748 1200 iuerint

106 1242 198 1296 vel
231 1241 468 1295 fortuito
500 1241 818 1303 ceciderint,
849 1241 1011 1313 691
1053 1255 1389 1310 nequaquam
1431 1254 1490 1293 se
1528 1253 1749 1294 movere

106 1346 492 1396 consuerunt,
533 1344 589 1390 et
617 1332 905 1405 quamdam
951 1340 1136 1386 tenent
1166 1332 1364 1400 quietis
1393 1339 1443 1384 et
1477 1329 1748 1400 patientia:

104 1423 502 1494 disciplinam.
540 1425 632 1481 liis
663 1427 705 1479 si
729 1438 888 1478 casus
915 1439 1020 1478 non
1047 1425 1271 1487 nocuit,
1305 1423 1461 1492 quies
1492 1421 1746 1491 prodest;

103 1531 268 1572 certe
296 1533 409 1572 mm
437 1520 728 1573 accrbalttr
753 1517 1002 1572 oli'eusio.
1027 1517 1217 1572 Nonne
1242 1518 1401 1571 mutis
1427 1517 1749 1570 animalibus

105 1609 436 1665 deteriores
462 1611 792 1676 :estlmandi,
822 1612 910 1680 qui
945 1625 1004 1664 se
1043 1611 1095 1664 in
1127 1610 1340 1679 ﬂagitiis
1375 1609 1488 1663 suis
1520 1608 1747 1676 iactant,

106 1712 168 1759 et
199 1716 406 1772 putarit
439 1705 656 1773 insigne
680 1718 805 1759 esse
837 1703 1072 1768 virtutis,
1104 1704 1191 1756 tibi
1235 1703 1416 1771 lapsus
1448 1709 1530 1756 est
1570 1698 1751 1754 crimi-

108 1796 236 1851 nis?
258 1796 398 1851 ideo
421 1799 582 1867 quasi
611 1805 761 1852 muto
787 1795 986 1850 dicitur
1007 1796 1255 1865 iumento
1279 1793 1750 1864 :Peccusti,quies—

106 1905 166 1942 cs
199 1887 366 1962 (Gen.
394 1904 478 1955 tv,
515 1890 593 1954 7).

183 1981 282 2035 47.
323 1982 493 2038 Unde
521 1983 743 2052 pulchre
779 1981 984 2037 addidit
1015 1997 1028 2034 :
1062 1979 1130 2034 Et
1159 1980 1401 2034 delictum
1429 1993 1597 2032 neeum
1627 1995 1750 2032 con-

110 2086 200 2129 tra
227 2092 314 2130 mc
351 2084 680 2147 estsemper.
715 2075 980 2145 lusipiens
1019 2075 1163 2128 enim
1206 2074 1514 2128 delectatur
1549 2071 1751 2127 errori—

111 2169 219 2223 bus
248 2170 404 2236 suis,
457 2179 518 2224 et
546 2171 700 2224 novis
741 2179 930 2225 vetera
976 2167 1371 2232 obumbrando,
1404 2168 1642 2238 peccatis
1687 2181 1751 2221 se

110 2259 410 2315 existimat
436 2261 721 2331 adjuvari;
761 2261 991 2331 ideoque
1017 2264 1250 2314 exsultat
1296 2261 1348 2313 in
1396 2260 1644 2314 crimine.
1682 2257 1750 2312 At

111 2370 250 2422 vero
279 2356 513 2425 sapiens
536 2356 822 2410 adversum
841 2370 900 2412 se
916 2354 1124 2424 iudicat
1145 2369 1266 2409 esse
1283 2353 1542 2409 delicmm
1567 2367 1746 2419 suum,

111 2459 169 2503 et
201 2459 498 2518 tamquam
533 2448 761 2504 hostiles
791 2448 954 2512 acies,
995 2449 1068 2502 ita
1101 2449 1282 2518 lapsus
1317 2448 1602 2517 culparum
1628 2463 1752 2499 sua-

112 2557 240 2596 rum
293 2541 711 2598 adversantium
763 2541 926 2597 modo
969 2541 1069 2595 sibi
1119 2542 1412 2594 arbitratur
1461 2540 1749 2594 obsistere.

113 2635 404 2705 Quidquid
440 2637 802 2704 personuerit,
835 2633 1094 2704 quidquid
1123 2631 1478 2702 increpuerit,
1510 2633 1667 2702 culpa
1700 2634 1751 2689 ei

117 2728 351 2798 propria
386 2742 610 2797 semper
637 2732 905 2790 occurrit;
934 2726 1194 2797 quidquid
1225 2726 1388 2782 fuerit
1427 2726 1626 2780 dictum
1660 2734 1753 2780 aut

118 2821 371 2884 lectum,
427 2821 483 2875 in
530 2835 590 2874 se
638 2820 844 2874 dictum
890 2827 1072 2886 putat;
1120 2817 1381 2888 quidquid
1434 2817 1748 2881 intenderit,

116 2912 150 2951 h
177 2928 244 2968 se
275 2924 443 2977 nutu,
478 2927 539 2968 se
565 2912 740 2967 oculis
767 2912 968 2981 signari
995 2919 1162 2980 putat.
1199 2911 1254 2966 Si
1282 2911 1548 2979 epuletur,
1583 2912 1626 2966 si
1659 2925 1752 2964 co-

117 3007 282 3076 gitet,
311 3006 360 3061 si
402 3015 524 3061 oret
552 3020 615 3060 ac
639 3006 984 3075 deprecetur,
1020 3012 1144 3058 ante
1171 3004 1361 3058 oculos
1387 3003 1504 3073 ejus
1531 3017 1754 3072 semper

119 3110 210 3156 est
246 3116 415 3156 error
451 3100 728 3171 proprius,
752 3109 807 3154 et
835 3100 1126 3153 momentis
1153 3097 1404 3152 omnibus
1435 3097 1590 3164 culpa
1636 3097 1756 3166 pul-

120 3204 211 3249 sat
250 3195 676 3258 conscientiam,
711 3208 808 3249 nec
856 3194 1156 3264 quiescere,
1195 3209 1296 3248 nec
1323 3192 1569 3248 oblivisci
1600 3192 1748 3260 sinit,

1847 592 2197 644 condemnat.
2228 591 2411 646 Justus
2433 594 2577 648 enim
2605 593 2655 647 in
2686 610 2735 664 pi
2753 593 2980 648 intordio
3003 594 3273 649 sermonis
3293 610 3456 651 accu-

1846 695 1995 736 sator
2037 696 2116 738 cst
2153 667 2254 738 sui.
2293 687 2394 756 Qui
2437 704 2494 742 se
2523 699 2762 755 accusat,
2798 689 2976 758 justus
3008 696 3118 754 est;
3155 687 3245 753 qni
3277 689 3456 760 justus

1847 785 1950 840 est,
1984 776 2196 830 Sobrius
2217 789 2324 845 est,
2356 794 2519 834 Sanus
2558 789 2659 834 est.
2691 780 2876 836 Justus
2909 781 3087 834 favere
3116 780 3218 835 sibi
3259 783 3454 850 nescit,

1849 870 2080 939 rigorem
2124 872 2310 941 judtt-ii
2343 873 2504 928 etiam
2546 876 2688 929 circa
2731 890 2789 930 se
2822 892 2927 930 non
2962 876 3107 930 novit
3149 875 3450 946 inﬂectere,

1850 967 2276 1021 recordationem
2322 963 2745 1040 iapsns‘pmprii
2793 971 3180 1040 perhorrescit,
3216 981 3266 1026 et
3301 977 3457 1025 c‘ont-

1851 1059 2071 1112 lltiS~tlni
2101 1060 2376 1115 erubescit
2411 1076 2650 1116 ert-orem
2676 1104 2688 1125 ,
2723 1078 2936 1117 onmem
2987 1062 3104 1132 ejus
3137 1063 3456 1116 memoriam

1852 1162 2030 1220 pavet,
2081 1152 2292 1217 metuit,
2341 1154 2688 1220 reformidat;
2723 1171 2946 1224 gravem
2992 1157 3092 1210 sibi
3123 1172 3181 1208 se
3225 1155 3456 1227 judicat,

1851 1257 1908 1297 se
1941 1243 2112 1312 ipsum
2143 1244 2404 1300 arbitrum
2440 1246 2666 1316 refugit,
2702 1255 2801 1301 nec
2846 1262 2967 1302 sese
2993 1245 3091 1301 sibi
3119 1247 3280 1302 audet
3307 1263 3462 1302 com-

1853 1335 2102 1400 mittere;
2158 1337 2300 1405 quod
2352 1336 2556 1391 nullum
2612 1347 2761 1407 putat
2811 1339 2912 1392 sibi
2958 1352 3080 1394 esse
3129 1340 3459 1411 graviorem,

1850 1442 2009 1496 quam
2039 1442 2161 1483 eum
2194 1445 2353 1498 quem
2380 1433 2550 1486 latere
2578 1447 2683 1486 non
2711 1432 2899 1501 possit,
2927 1431 3111 1488 fallere
3135 1451 3238 1486 non
3274 1441 3461 1503 queat,

1851 1527 2038 1598 fugere
2062 1543 2125 1582 ac
2156 1527 2320 1580 vitare
2361 1541 2464 1580 non
2495 1527 2748 1596 reperiat,
2788 1537 2808 1564 ο
2843 1525 2945 1581 nisi
2980 1535 3036 1582 ut
3069 1543 3127 1583 se
3155 1529 3256 1584 sibi
3298 1531 3466 1586 abne-

1852 1629 1962 1690 get,
1987 1630 2038 1674 ct
2070 1619 2282 1673 Domini
2312 1633 2527 1672 crucem
2558 1619 2732 1673 tollat.

1923 1710 2012 1767 48.
2046 1713 2233 1782 Magna
2267 1711 2346 1766 vis
2369 1711 2618 1766 obnoxia:
2641 1712 3008 1777 conscientitc,
3042 1728 3232 1782 magna
3259 1712 3467 1782 suppli-

1851 1804 1955 1857 cia.
1990 1803 2278 1858 Timebaut
2316 1803 2487 1857 Adam
2523 1813 2577 1858 et
2616 1802 2755 1869 Eva;
2783 1815 2834 1859 et
2863 1821 2981 1858 cum
3031 1804 3242 1858 Domini
3275 1819 3462 1859 vocem

1778 1904 1826 1964 Β
1856 1895 1905 1947 itt
1937 1895 2186 1964 paradiso
2228 1894 2551 1949 ambulantis
2585 1896 2887 1960 audierunt,
2917 1895 3208 1966 cupiebant
3235 1911 3295 1951 se
3334 1896 3464 1950 abs-

1852 1979 2105 2054 enndere,
2142 2003 2276 2060 quos
2301 2005 2458 2043 nemo
2489 1991 2781 2059 qumrebat.
2824 1988 2953 2044 Cain
3002 2006 3218 2062 quoque
3249 1998 3462 2045 metuc-

1853 2083 1962 2148 bit,
1997 2082 2064 2138 ne
2095 2086 2272 2138 omnis
2303 2097 2423 2138 eum
2468 2084 2792 2154 quicumque
2823 2083 3111 2150 inveniret,
3146 2085 3420 2139 occideret
3449 2099 3463 2136 :

1855 2177 1924 2230 ita
1958 2177 2010 2232 in
2039 2193 2096 2232 se
2125 2179 2240 2248 ipse
2273 2178 2483 2232 ferebat
2523 2183 2866 2240 sententiam,
2897 2177 3042 2248 quod
3075 2179 3268 2246 dignus
3312 2187 3463 2233 esset

1854 2276 1937 2329 cui
1990 2275 2164 2328 nullus
2212 2274 2541 2345 ignosceret.
2574 2273 2731 2330 Unde
2779 2278 2913 2329 bene
2962 2271 3176 2328 aitzEt
3222 2274 3468 2328 delictum

1853 2385 2019 2420 meum
2050 2377 2228 2420 contra
2257 2384 2334 2422 me
2362 2377 2434 2421 est
2476 2384 2696 2436 semper,
2727 2366 2831 2421 ltoe
2861 2377 2964 2433 est,
3009 2367 3126 2422 sine
3172 2365 3468 2422 intervallo

1855 2463 2036 2532 aliquo
2066 2467 2372 2518 recordatio
2401 2473 2455 2516 et
2484 2462 2697 2531 Species
2728 2463 2838 2534 ipsa
2873 2460 2979 2516 mei
3012 2475 3096 2517 me
3123 2463 3322 2516 erroris
3359 2459 3466 2514 im-

1854 2565 2112 2626 pugnant.
2156 2551 2454 2609 Considera
2502 2554 2773 2626 quomodo
2829 2568 2928 2608 nos
2981 2551 3295 2617 confundat,
3343 2567 3468 2607 cum

1853 2646 2054 2716 aliquid
2077 2645 2735 2717 tleiiqnimus,.quomodo
2781 2645 3015 2699 incurset
3065 2645 3276 2707 oculos,
3331 2658 3472 2710 quo-

1855 2735 2016 2789 modo
2049 2737 2098 2790 iu
2132 2737 2450 2790 memoriam
2475 2750 2691 2809 semper
2715 2734 3165 2802 recnrrat.Quem
3190 2734 3469 2790 commissi

1852 2827 2020 2900 692
2060 2825 2244 2896 pudet,
2287 2827 2458 2882 nescit
2501 2837 2685 2897 postea
2719 2825 2918 2898 aliquid
2957 2829 3062 2886 tale
3098 2827 3464 2894 committere,

1857 2920 1996 2972 unde
2023 2919 2272 2973 similiter
2299 2919 2605 2975 erubescat.

1926 3006 2015 3062 49.
2045 3008 2312 3063 Przecedit
2339 3021 2517 3064 autem
2551 3009 2824 3079 iniquitas,
2880 3017 3157 3078 peceatum
3203 3011 3466 3081 sequitur.

1855 3097 2067 3156 dRath:
2085 3110 2168 3156 est
2187 3103 2464 3172 iniquitas,
2501 3101 2709 3157 fructus
2735 3113 2913 3156 autem
2947 3102 3145 3158 radicis
3172 3110 3256 3157 est
3286 3105 3465 3174 culpa.

1856 3194 2010 3250 Unde
2034 3196 2248 3258 videtur
2270 3197 2522 3268 iniquitas
2545 3197 2610 3251 ad
2638 3197 2836 3253 mentis
2867 3197 3268 3264 improbitatem
3299 3197 3470 3253 refer-

122 3290 279 3343 veiut
312 3288 500 3356 pravis
522 3303 716 3343 censor
740 3287 976 3359 exagitat
1002 3302 1060 3344 se
1087 3296 1293 3343 terrore
1317 3296 1595 3358 perpetuo.
1627 3288 1747 3343 Om-
1783 3293 1830 3356 ο
1863 3288 1927 3353 ri,
1971 3299 2247 3357 peccatum
2279 3289 2344 3342 ad
2382 3289 2776 3359 prolapsionem
2810 3290 3075 3361 corporis.
3107 3288 3337 3344 Gravior
3369 3290 3470 3343 ini-

124 3386 216 3439 nia
249 3385 422 3454 igitur
451 3383 673 3438 adversa
705 3383 887 3449 habet,
919 3384 1008 3453 qui
1057 3384 1171 3452 ipse
1197 3383 1298 3437 sibi
1335 3382 1605 3452 displicet,
1636 3382 1756 3452 ipse

124 3479 211 3533 sui
239 3492 558 3542 accusator,
585 3478 700 3548 ipse
728 3479 808 3532 sui
835 3479 988 3532 testis
1019 3487 1124 3544 est,
1172 3492 1271 3530 nec
1303 3478 1505 3530 invenit
1531 3490 1642 3546 quo
1669 3475 1752 3530 fu-

126 3573 263 3644 giat,
296 3575 393 3643 qui
424 3571 541 3641 ip~e
568 3588 628 3626 se
651 3581 932 3642 perurget,
966 3570 1298 3626 etstimulat.
1324 3570 1432 3625 Sed
1467 3573 1571 3625 hoc
1597 3570 1752 3625 bona:

130 3667 336 3720 mentis
362 3672 472 3726 est,
507 3645 700 3718 vulnus
726 3662 926 3718 sentire
958 3663 1180 3731 peccati.
1215 3661 1344 3715 Nam
1375 3662 1465 3730 qui
1497 3670 1750 3731 expertes

129 3760 346 3815 doloris
369 3768 522 3824 sunt,
557 3774 661 3811 non
685 3759 925 3813 sentiunt
946 3757 1183 3810 vulneris
1205 3756 1577 3818 acerbitatem,
1607 3753 1751 3824 quod

133 3861 219 3908 est
250 3849 672 3924 immedicabilis
698 3847 1032 3919 tegritudinis
1057 3864 1070 3902 :
1112 3848 1202 3917 qui
1243 3854 1422 3900 autem
1451 3845 1632 3913 aliquo
1655 3844 1756 3899 do-

137 3945 256 4000 lore
290 3947 633 4014 punguntur,
681 3941 819 3995 sicut
849 3939 1054 3994 doloris
1081 3952 1246 3992 sensu
1278 3953 1384 3992 non
1427 3946 1637 4000 carent,
1678 3934 1751 3989 ita

136 4039 306 4093 etiam
341 4053 456 4091 non
499 4044 684 4090 carent
713 4033 960 4089 sanitatis
988 4031 1251 4102 proiectu.
1285 4031 1382 4088 Ubi
1423 4029 1570 4084 enim
1599 4028 1756 4082 dolo-

143 4135 221 4188 ris
252 4147 476 4194 sensus,
517 4129 591 4184 ibi
621 4132 782 4184 etiam
829 4143 1022 4183 sensus
1049 4135 1133 4181 est
1175 4128 1331 4191 vitae;
1365 4126 1573 4181 sentire
1613 4124 1758 4179 enim

145 4227 331 4282 vitalis
363 4227 566 4297 vigoris
592 4238 654 4279 ac
686 4224 927 4278 muneris
950 4231 1052 4278 est.
1089 4221 1244 4278 Unde
1273 4229 1326 4276 et
1358 4221 1450 4276 ille
1479 4219 1570 4290 qui
1606 4229 1761 4274 erro-

144 4337 264 4376 rem
294 4336 456 4375 sunm
490 4336 594 4374 non
623 4317 891 4388 agnoscit,
923 4317 1145 4383 insanit,
1193 4316 1340 4382 furit,
1386 4314 1613 4383 desipit;
1666 4313 1760 4384 qui

147 4421 333 4469 autem
361 4412 623 4484 agnoscit,
652 4413 836 4484 utique
864 4411 1162 4478 resipiscit,
1195 4424 1300 4463 non
1335 4411 1542 4478 respuit
1584 4422 1762 4462 reme-

147 4506 236 4561 dia
270 4507 541 4573 sanitatis,
564 4505 659 4562 sed
685 4519 746 4561 se
771 4506 886 4577 ipse
909 4503 1204 4575 restringit,
1239 4503 1462 4574 poenitet
1487 4517 1612 4558 eum
1649 4499 1762 4557 eul-

1858 3382 2035 3446 quitas
2075 3388 2346 3449 tamquam
2389 3382 2615 3434 materia
2660 3387 3024 3450 peccatorum,
3060 3379 3233 3434 levius
3271 3393 3470 3445 pecca-

1856 3479 1991 3524 tum.
2022 3470 2265 3540 Denique
2288 3470 2540 3539 iniquitas
2570 3485 2666 3539 per
2693 3471 2964 3525 lavsctuin
2996 3471 3312 3538 remittitur,
3344 3485 3471 3540 pec-

1856 3573 2038 3616 catum
2071 3563 2270 3631 tegitur
2304 3572 2326 3598 ε
2358 3562 2516 3617 bonis
2541 3561 2715 3626 lactis,
2749 3571 2801 3617 et
2833 3571 3103 3632 tamquam
3144 3562 3263 3616 aliis
3289 3559 3472 3631 operi-

1857 3656 1957 3710 bus
1985 3656 2356 3711 obumbratur.
2388 3653 2544 3709 linde
2574 3654 2712 3708 bene
2740 3667 2902 3723 supra
2933 3653 3018 3708 hic
3049 3668 3162 3722 ipse
3187 3655 3296 3708 ait:
3326 3654 3472 3708 Beati

1855 3764 2070 3818 quorum
2095 3748 2323 3802 remissa:
2351 3756 2469 3800 sunt
2498 3748 2813 3812 iniquitates,
2847 3757 2894 3800 et
2924 3763 3144 3814 quorum
3187 3757 3322 3802 tectu
3349 3755 3471 3801 sum

1861 3851 2069 3910 peccata
2091 3837 2264 3905 (Psal.
2286 3853 2442 3902 xui,
2463 3837 2538 3909 l).
2562 3837 2811 3890 Charitas
2838 3837 2981 3892 enim
3005 3837 3289 3892 abscondit
3311 3851 3470 3892 erroa

1861 3945 2016 3993 rem,
2075 3939 2132 3984 et
2189 3932 2366 3998 operit
2422 3927 2825 3981 multitudinem
2878 3933 3244 3997 peccatorum.
3304 3926 3470 3984 Multa

1863 4038 2081 4093 quoque
2107 4023 2346 4077 charitas
2377 4021 2601 4076 remittit
2651 4021 2815 4076 etiam
2863 4022 2974 4089 ipsa
3022 4030 3276 4091 peccata,
3327 4019 3473 4075 sicut

1865 4118 2123 4186 scriptum
2155 4125 2240 4171 est
2263 4115 2332 4170 de
2379 4116 2604 4169 muliere
2628 4155 2642 4180 ,
2674 4130 2798 4184 quae
2826 4129 2986 4182 super
3016 4114 3300 4168 Dominum
3335 4113 3474 4170 ludit

1866 4214 2234 4279 unguentum:
2279 4207 2513 4262 Remissa
2558 4216 2677 4262 sunt
2707 4217 2919 4278 peccata
2952 4210 3069 4279 ejus
3112 4207 3294 4275 multa,
3335 4223 3472 4279 quo-

1865 4302 2001 4356 uiam
2024 4302 2202 4357 dilexit
2221 4300 2443 4356 multum
2469 4300 2622 4370 (Luc.
2658 4315 2752 4366 vtt,
2784 4298 2898 4371 47).

1935 4401 2025 4458 50.
2054 4401 2190 4456 Sunt
2236 4402 2403 4456 etiam
2432 4400 2523 4471 qui
2556 4401 2826 4469 accipiant
2871 4400 3110 4470 priorem
3141 4399 3474 4458 versiculum

1865 4497 1935 4553 de
1966 4497 2180 4553 lavat-ro
2205 4510 2348 4563 esse,
2379 4495 2678 4552 secundum
2706 4495 2774 4552 de
2802 4495 3138 4566 pmnitentia.
3173 4496 3284 4563 Qua
3309 4496 3474 4552 etiam

229 4705 256 4733 ι
291 4695 492 4748 Eorum
530 4693 617 4761 qui
658 4693 712 4746 in
740 4691 912 4746 curuli
942 4688 1241 4744 certamine
1281 4699 1452 4761 equos
1487 4683 1766 4754 agitabant
1792 4692 1846 4755 Β
1872 4681 1985 4761 line
2011 4688 2098 4735 est
2129 4698 2140 4732 :
2167 4699 2186 4733 ι
2217 4681 2403 4750 Equus
2431 4678 3029 4761 sinister_urgeatur_ad
3061 4691 3283 4744 metam,
3315 4682 3387 4734 ita
3417 4689 3478 4735 ut

154 4768 337 4838 posita
385 4768 440 4817 in
481 4759 753 4838 hoeerat
792 4762 1075 4822 industria,
1125 4770 1184 4816 ut
1231 4759 1454 4838 ferventi
1500 4772 1764 4838 equorum

156 4827 324 4893 cursu
360 4849 466 4892 tam
511 4835 680 4902 perite
723 4835 1002 4890 ﬂecterent
1033 4848 1273 4891 Ctti‘l‘ttllt,
1308 4840 1364 4902 ut
1397 4830 1512 4898 ejus
1556 4827 1761 4902 modio-

157 4909 246 4964 ltts
287 4898 528 4974 proxime
559 4905 773 4974 quidem
820 4904 885 4958 ad
938 4916 1157 4974 metant
1185 4901 1492 4974 accederet,
1541 4898 1765 4974 minime

162 4969 346 5034 tamen
377 4994 496 5032 etut
526 4969 790 5043 tangeret.
824 4976 940 5030 Non
973 4976 1116 5029 enim
1143 4972 1367 5039 impune
1394 4971 1469 5024 illi
1497 4979 1632 5036 erat,
1671 4969 1766 5038 qui

161 5053 215 5107 in
256 5048 506 5104 eamdem
559 5050 888 5118 impr-sisset.
937 5045 1214 5118 Siquidem
1261 5043 1607 5118 contingebat
1655 5055 1765 5096 non

161 5137 312 5185 raro,
337 5135 390 5176 ut
431 5114 766 5190 i'rattgeretnr
797 5114 1379 5182 currum—eliderentur
1414 5114 1570 5190 equi:
1602 5121 1765 5190 atque

167 5183 331 5246 etiam
357 5183 625 5246 interdum
653 5193 833 5259 auriga
865 5191 1062 5245 mittere
1088 5191 1497 5243 dilacerari-tur.
1529 5183 1763 5259 Pseudo-

162 5265 371 5321 Oresta:
404 5265 456 5317 in
484 5261 748 5333 ejusmodi
773 5254 1072 5333 certamine
1105 5262 1286 5314 laniati
1326 5273 1510 5333 casum
1545 5254 1762 5333 elegan-

165 5336 377 5390 tissime
413 5328 671 5390 describit
709 5336 1008 5400 Sophocles
1052 5332 1104 5387 in
1149 5333 1380 5388 Electra.
1430 5329 1565 5381 Hinc
1604 5328 1768 5379 etiam

167 5407 469 5469 Homerus,
519 5406 668 5460 Iliad.
715 5415 792 5470 Ψ,
841 5404 1120 5458 Nestorem
1161 5403 1359 5456 inducit
1393 5401 1515 5469 lilio
1547 5411 1768 5470 currum

167 5481 435 5549 agitatum
459 5465 632 5532 Ieaute
677 5465 1098 5549 prtccipieutenr
1116 5490 1216 5540 qua
1263 5465 1472 5525 ratione
1499 5483 1682 5549 equos
1700 5465 1768 5522 ab

170 5538 236 5604 εὖ
270 5553 380 5619 regi
420 5538 692 5616 tlpttt‘lt‘al:
722 5557 780 5600 ut
815 5538 1192 5619 adprmmiuiu
1222 5549 1502 5613 perveniat
1543 5538 1772 5595 incien-

171 5635 283 5676 sus.
320 5617 460 5676 inter
486 5631 684 5675 castera
712 5629 889 5674 sanun
922 5617 994 5671 ita
1021 5625 1368 5671 connnonet:

359 5719 410 5766 iv
424 5726 539 5776 νδοηι
563 5723 605 5766 δι
622 5738 683 5764 τοι
701 5725 812 5769 tum
833 5723 1022 5774 ὐμηιρδε
1045 5720 1303 5773 tum

359 5781 408 5835 ἀς
433 5786 475 5828 iv
497 5803 557 5827 τοι
578 5789 720 5839 πλήμνη
744 5802 784 5838 τι
804 5783 1008 5838 deducunt
1029 5781 1138 5834 ἄκρον
1159 5785 1304 5822 ista.“

361 5852 506 5892 ιὺιλου
531 5855 722 5899 ποιητοῖο,
741 5850 844 5887 λίθου
869 5844 905 5886 δ’
927 5848 1110 5885 duasut
1135 5848 1313 5898 ἰκαυριῖν,

363 5913 499 5962 litim;
518 5914 648 5961 ἶππους
673 5926 711 5952 τι
735 5913 891 5962 τρώσῃς,
915 5911 1013 5949 κατὰ
1035 5910 1066 5947 θ’
1090 5909 1237 5960 ἅρματα
1267 5905 1369 5959 ἄξῃς.

1870 4755 1987 4820 ejus
2030 4768 2298 4808 summam
2339 4765 2546 4819 partem
2582 4752 2826 4805 videatur
2854 4751 3148 4808 elaboratae
3177 4763 3310 4805 rotat
3357 4766 3476 4808 mm

1869 4826 2048 4880 diolus
2080 4836 2318 4894 tangere,
2355 4825 2404 4875 in
2455 4823 2686 4891 lapidem
2735 4839 2863 4879 vero
2910 4839 3016 4876 non
3067 4821 3353 4892 impingat;
3405 4837 3475 4877 ne

1868 4913 1975 4964 quo
2016 4896 2176 4949 modo
2214 4903 2268 4947 et
2311 4909 2478 4964 equos
2523 4896 2798 4960 vulneres,
2845 4905 2895 4949 et
2925 4909 3142 4948 currum
3178 4896 3228 4946 in
3273 4902 3474 4948 terram

1869 4967 2144 5035 deiectum
2171 4967 2405 5033 frangas.
2439 4983 2459 5017 ν
2481 4965 2628 5020 idem
2651 4965 2789 5020 infra
2811 4981 2916 5019 non
2943 4966 3279 5019 incruentmn
3311 4965 3476 5020 unius

1869 5055 1903 5164 :3.
1914 5039 2374 5164 lfOitClttl'rettliilllS
2401 5037 2609 5108 lapsum
2642 5049 2858 5103 narrat,
2882 5051 3041 5106 quem
3068 5035 3166 5092 tibi
3193 5035 3344 5091 adire
3369 5075 3385 5102 ,
3426 5035 3478 5096 si

1889 5127 1906 5164 i
1947 5121 2020 5164 et.
2081 5118 2200 5164 lcet.

1889 5110 2020 5173 ibet,
2055 5110 2200 5165 licet.

1940 5201 1967 5240 δ
2001 5201 2130 5257 Mss.
2151 5210 2404 5273 quatuor,
2435 5217 2489 5256 se
2519 5203 2679 5268 uotis,
2707 5215 2761 5254 se
2786 5199 2973 5266 oculis,
3004 5209 3111 5256 etc.

1947 5313 1968 5342 ε
1998 5303 2086 5359 Sic
2117 5302 2246 5374 edit.
2278 5317 2468 5357 omnes
2492 5317 2555 5356 ac
2584 5301 2829 5374 plerique
2852 5314 2982 5374 mss.
3012 5304 3084 5355 At.
3104 5299 3473 5374 Corb.,_Alb.,

1874 5375 2008 5430 Ebr.
2045 5384 2100 5427 et
2131 5373 2282 5428 Viue.
2312 5375 2510 5428 habent
2543 5393 2555 5425 :
2582 5373 2679 5425 uisi
2707 5372 3054 5426 utobuoxium
3079 5389 3131 5426 se
3149 5371 3478 5428 conscientité

1873 5452 2112 5520 fateatur.
2151 5446 2343 5517 Magna
2369 5444 2626 5516 supplicia
2657 5443 2919 5504 timebant,
2950 5452 3060 5499 etc.

1942 5546 1968 5586 δ
2002 5549 2128 5604 Mss.
2160 5548 2387 5614 aliquot,
2422 5544 2628 5599 Peccati
2650 5544 2802 5597 radix
2831 5544 3094 5614 iniquitas.

1953 5661 1975 5689 ε
2009 5645 2151 5704 Edit.
2183 5656 2316 5713 vet.,
2346 5645 2489 5700 bonis
2514 5645 2687 5713 factis,
2719 5653 2764 5699 et
2802 5653 3062 5713 tamquam
3093 5644 3277 5709 malis;
3316 5645 3474 5704 liom.

1878 5721 2037 5788 cdit.,
2064 5731 2114 5776 et
2140 5720 2288 5774 bonis
2312 5718 2550 5788 aperibus
2573 5726 2836 5788 tamquam
2855 5714 2973 5780 abs,
3000 5731 3104 5788 non
3133 5717 3291 5772 male.
3325 5717 3481 5772 Atta-t

1881 5811 2003 5854 men
2026 5785 2278 5868 plerique
2301 5785 2492 5849 omnes
2518 5800 2654 5846 mss.
2684 5786 2968 5843 nobiscum
3001 5785 3222 5846 faciunt.
