4042 6378
653 343 758 400 871

1983 341 2227 399 SANCTI
2269 342 2591 401 AMBROSII
3787 351 3844 409 ετξ

652 456 826 528 gratia
858 456 1050 512 Petrus
1075 455 1164 526 qui
1208 462 1334 511 ante
1375 454 1555 512 fuerat
1582 453 1883 525 baptizatus
1909 495 1924 519 ,
1956 453 2257 524 interroga-
2282 457 2334 518 Α
2360 455 2559 526 lnjuria
2604 463 2688 512 est
2717 454 2922 512 homini
2949 464 3211 526 spectare
3243 453 3474 526 flagitia.
3503 453 3650 512 Deum
3684 458 3843 522 arbitrum

655 558 763 615 tur,
796 559 1074 620 postquam
1123 548 1270 602 visus
1313 556 1396 603 est
1441 547 1726 603 Dominum
1760 561 2020 618 negasse:
2076 547 2259 602 Simon

653 641 876 697 Joannis
909 641 1087 714 diligis
1125 641 1247 696 me?
1278 640 1423 695 Dixit
1443 642 1490 696 ei
1517 656 1537 696 :
1568 639 1752 712 Utique
1779 651 1836 695 tu
1864 641 1986 707 scis,
2021 639 2258 706 Domine,

654 738 774 808 quia
796 734 958 807 diligo
985 745 1033 790 te
1063 735 1246 808 (Joan.
1279 750 1392 802 xxt,
1423 734 1489 791 15
1515 743 1563 790 et
1584 732 1736 805 seq.).
1769 733 1839 789 Et
1866 735 2059 788 iterum
2091 733 2261 788 inter-

655 841 913 901 rogatur:
956 830 1141 886 Simon
1186 828 1441 896 Joannis,
1475 829 1649 899 diligis
1686 829 1800 883 me?
1832 827 1898 882 Et
1926 828 2126 882 iterum
2167 841 2256 881 re-

654 922 872 993 s‘pondit
901 941 914 978 :
950 921 1027 976 Tu
1053 923 1156 978 scis
1185 923 1307 994 quia
1330 939 1446 976 amo
1469 931 1534 976 te.
1563 921 1634 977 Et
1663 921 1824 976 tertio
1853 920 2214 989 interrogatur
2241 934 2254 972 :

655 1017 839 1074 Simon
872 1015 1127 1080 Joannis,
1169 1032 1314 1071 amas
1354 1015 1476 1070 me?
1507 1015 1574 1070 Et
1608 1015 1962 1070 contristatus
1995 1026 2108 1076 εει,
2139 1009 2260 1081 quia

651 1111 782 1166 dixit
823 1110 868 1165 ei
895 1109 1043 1164 tertio
1065 1124 1085 1164 ε
1114 1107 1272 1163 Amas
1307 1124 1388 1163 me
1400 1125 1419 1175 ;
1448 1117 1498 1164 et
1523 1107 1654 1162 dixit
1679 1106 1725 1160 ci
1749 1122 1768 1160 :
1802 1103 2043 1172 Domine,
2085 1105 2261 1158 omnia

653 1214 711 1260 tu
727 1205 849 1273 scis,
872 1214 930 1259 tu
952 1205 1086 1259 nosti
1107 1205 1229 1274 quia
1258 1219 1375 1258 amo
1408 1211 1478 1257 te.
1511 1201 1578 1255 Et
1605 1200 1807 1256 dictum
1832 1206 1916 1254 est
1940 1199 1990 1256 ei
2014 1197 2153 1253 trina
2182 1196 2260 1251 vi-

652 1313 757 1354 ce:
793 1296 961 1351 Pascc
1001 1312 1115 1351 oves
1153 1311 1332 1361 meas;
1376 1309 1586 1364 sequere
1631 1308 1710 1346 me
1739 1290 1926 1366 (Ibid.,
1961 1288 2072 1362 18),
2103 1288 2258 1360 quasi

651 1390 746 1461 qui
791 1399 1070 1460 peccatum
1118 1402 1276 1442 suum
1341 1385 1505 1441 nimia
1545 1385 1809 1442 charitate
1846 1385 2090 1440 texisset.
2147 1381 2260 1438 Nec

650 1483 826 1541 otiose
883 1491 1003 1553 post
1057 1479 1460 1537 confessionem
1526 1480 1709 1535 nimia:
1761 1478 2041 1535 charitatis
2099 1478 2258 1548 jube-

655 1585 743 1632 tur
771 1577 982 1646 plebem
1015 1593 1226 1646 regere,
1251 1580 1341 1649 qui
1370 1579 1533 1634 etiam
1566 1575 1811 1632 turbatus
1838 1589 1941 1629 non
1974 1572 2255 1641 amiserat,

649 1670 1110 1741 quemadmodum
1134 1672 1249 1743 ipse
1270 1687 1329 1728 se
1356 1671 1600 1743 regeret?
1624 1671 1748 1724 Haec
1777 1677 2001 1740 propter
2027 1667 2256 1738 gratiam

650 1761 889 1819 diximus
909 1763 1214 1832 cbaritatis,
1248 1780 1315 1821 eo
1345 1764 1485 1837 quod
1512 1772 1792 1834 peccatum
1819 1773 1981 1834 legat.
2014 1761 2258 1832 Denique

653 1856 904 1912 nonnulli
953 1856 1076 1913 ideo
1130 1857 1326 1912 trinam
1391 1858 1869 1928 interrogationem
1943 1853 2334 1946 dilectionisB

654 1950 853 2007 factam
889 1963 1011 2008 esse
1066 1951 1341 2034 dixerunt,
1373 1953 1499 2023 quia
1530 1952 1667 2006 trina
1699 1950 1873 2006 fuerat
1914 1949 2167 2020 negatio;
2200 1958 2260 2004 ut

653 2044 809 2102 trina:
863 2046 1073 2117 lapsum
1119 2047 1420 2120 negationis
1474 2045 1744 2118 professio
1780 2042 2062 2100 cltaritatis
2099 2041 2260 2099 toties

655 2141 884 2212 repetita
911 2139 1143 2199 deleret.

1282 2263 1516 2322 CAPUT
1555 2262 1625 2319 Χ.

545 2446 550 2451 ι
651 2399 824 2461 David
844 2404 960 2461 licet
983 2405 1181 2477 legibus
1208 2404 1449 2460 humanis
1473 2403 1711 2470 liberum,
1735 2418 1788 2456 se
1814 2410 1984 2456 tamen
2010 2398 2116 2454 Deo
2139 2397 2260 2453 sub-

724 2502 926 2568 iecisse,
954 2502 1038 2556 cui
1065 2501 1163 2556 soli
1195 2501 1423 2569 peccavit
1448 2516 1466 2565 ;
1489 2509 1533 2554 et
1553 2507 1676 2568 quot
1708 2497 1876 2551 modis
1903 2495 2139 2550 ultimum
2165 2494 2260 2547 hoc

726 2594 1152 2665 intelligendum?
1177 2593 1429 2664 Magnum
1453 2593 1621 2648 scelus
1652 2600 1899 2664 prwsente
1939 2588 2048 2643 Deo
2077 2603 2259 2658 pecca-

726 2702 800 2741 re.
831 2684 932 2752 Qui
966 2697 1282 2756 peccatorem
1303 2702 1357 2740 se
1379 2696 1546 2758 neget,
1571 2683 1823 2738 mendacii
1847 2683 1912 2736 ab
1939 2698 1997 2736 eo
2023 2679 2260 2734 accusari

728 2777 898 2847 ipsum
924 2775 1115 2844 Deum,
1145 2781 1298 2851 cujus
1327 2777 1579 2850 patientia
1611 2787 1656 2830 et
1687 2774 1971 2830 moderatio
2001 2789 2261 2838 commen-

727 2869 896 2924 datur.
927 2870 1009 2926 Ad
1051 2869 1162 2926 lucc
1202 2869 1371 2926 Deum
1409 2871 1470 2926 ab
1507 2870 1600 2926 illo
1635 2870 1790 2926 etiam
1819 2867 2126 2942 justiﬁcari,
2169 2866 2259 2938 qui

725 2965 1077 3036 pwnitentiam
1097 2976 1218 3037 agat
1245 2966 1458 3021 erroris.

723 3080 814 3138 5i.
854 3081 1131 3152 Sequitur,
1162 3080 1276 3136 Tibi
1315 3083 1413 3138 soli
1459 3081 1662 3153 peccavi
1691 3079 1862 3151 (Psal.
1914 3095 1980 3148 ι,
2025 3077 2106 3150 6).
2141 3077 2255 3134 Rex

651 3175 838 3245 utique
863 3183 1002 3242 erat,
1033 3175 1197 3230 nullis
1228 3173 1348 3246 ipse
1375 3175 1584 3244 legibus
1614 3173 1918 3239 tenebatur,
1943 3171 2070 3241 quia
2097 3169 2255 3225 liberi

2363 548 2606 605 omnium
2637 564 2759 606 esse
2807 549 3008 606 scimus
3030 591 3045 618 ,
3074 560 3134 607 et
3180 566 3253 605 eo
3284 550 3410 620 ipso
3448 558 3603 617 teste,
3630 567 3846 622 peccamus:

2362 651 2418 698 et
2466 650 2646 698 tamen
2697 643 2752 698 in
2799 643 2884 698 bis
2915 642 3266 713 justificatur
3321 644 3494 714 magis
3534 644 3743 703 Dominus
3769 648 3847 708 Dens

2362 742 2589 799 noster;
2630 735 2755 806 quia
2795 735 3063 806 injustitia
3117 745 3318 792 nostra
3362 737 3459 792 Dei
3507 737 3730 808 justitiam
3755 757 3847 798 com.

2361 827 2578 881 mendat
2604 868 2618 893 ,
2659 837 2714 883 et
2751 828 3092 884 mendacium
3133 839 3404 886 nostrum
3443 831 3741 889 concelebrat
3765 839 3852 892 reri-

2363 929 2526 976 tatem
2561 919 2677 976 Dei.
2711 921 2793 976 Sit
2821 922 2967 978 enim
2996 921 3144 978 Dens
3177 937 3390 989 verax,
3417 923 3590 980 omnis
3606 934 3747 982 autem
3761 928 3853 986 bono

2363 1012 2615 1068 mendax.

2435 1109 2524 1165 55.
2570 1109 2640 1165 Ut
2666 1111 2973 1184 justi/iceris
3021 1113 3075 1166 iu
3121 1113 3467 1170 sermonibus
3512 1116 3626 1172 tuis.
3670 1116 3855 1176 Sermone:

2363 1201 2458 1258 Dei
2491 1203 2636 1273 pleni
2669 1204 2911 1261 veritatis
2937 1215 3063 1260 sunt
3092 1215 3271 1278 atque
3293 1206 3561 1278 justitias,
3585 1207 3769 1279 ideoque
3789 1227 3854 1267 ten

2363 1305 2490 1350 sunt
2516 1310 2872 1368 quaecumque
2915 1298 3127 1353 loculus
3155 1309 3245 1354 est
3279 1298 3547 1355 Dominus
3574 1299 3635 1355 de
3672 1301 3856 1372 fragilitate

2364 1389 2628 1456 humana,
2662 1391 2786 1460 quia
2817 1392 3134 1448 inclinatum
3163 1401 3259 1448 est
3303 1408 3405 1448 cor
3435 1408 3616 1449 eorum
3657 1395 3711 1449 ad
3745 1400 3858 1467 nequi-

2363 1483 2492 1540 tiam
2519 1525 2532 1550 ,
2579 1483 2879 1555 propendet
2915 1484 2982 1540 ad
3020 1483 3318 1551 fraudem;
3369 1496 3427 1542 et
3474 1487 3593 1557 quia
3622 1487 3802 1542 definivit
3826 1506 3859 1544 eo

2361 1578 2505 1649 quod
2535 1594 2642 1634 non
2673 1578 2740 1634 sit
2769 1580 2931 1635 homo
2952 1578 3045 1650 qui
3086 1595 3194 1634 non
3245 1587 3451 1650 peccet
3476 1597 3490 1633 :
3521 1594 3679 1633 omnes
3701 1581 3861 1636 enimte-

2362 1671 2714 1738 clinaverunt,
2745 1679 2791 1725 et
2831 1670 3041 1726 inutiles
3068 1673 3197 1741 facti
3232 1681 3362 1727 sunt
3391 1669 3568 1742 (Psal.
3592 1672 3860 1740 xut,5).ltleo

2359 1762 2530 1818 vincit
2557 1762 2684 1818 dum
2723 1762 3025 1834 judicatur,
3060 1766 3331 1834 quoniam
3368 1765 3697 1836 prolapsione
3731 1766 3862 1820 uniter-

2361 1869 2546 1912 Snrum
2579 1855 2823 1925 probavit
2849 1871 3207 1930 qumcumque
3235 1859 3310 1914 de
3341 1867 3533 1914 nostra
3570 1857 3784 1930 judicavit
3812 1861 3860 1913 lai-

2363 1949 2524 2005 lacia.
2559 1948 2703 2020 Ergo
2734 1951 2781 2006 si
2812 1951 3108 2007 dixerimus
3137 1953 3269 2023 quia
3322 1951 3654 2023 iniquitatem
3696 1951 3860 2018 fecistis,

2358 2044 2718 2115 justiﬁcamus
2743 2045 2914 2101 Deum
2957 2046 3012 2101 in
3042 2045 3402 2102 sermonibus
3431 2046 3580 2101 suis:
3607 2047 3648 2100 si
3675 2054 3806 2100 autem
3819 2046 3862 2099 di-

2361 2137 2604 2193 xerimus
2649 2139 2777 2209 quia
2831 2155 2938 2195 non
2988 2140 3366 2210 peccavimus,
3393 2140 3695 2197 mendacem
3727 2136 3862 2192 faunas

2363 2230 2532 2288 Deum
2561 2250 2574 2286 :
2604 2233 2699 2288 sed
2727 2232 3066 2304 impossibile
3101 2244 3185 2289 est
3219 2233 3452 2290 mentiri
3481 2250 3636 2289 eum:
3665 2247 3745 2289 nos
3769 2231 3861 2303 igitur

2361 2342 2553 2384 omnes
2581 2328 2682 2384 sub
2710 2339 2932 2399 peccato
2961 2343 3085 2385 esse
3113 2329 3478 2385 manifestum
3508 2339 3607 2385 est.

2433 2422 2525 2477 54.
2563 2421 2834 2490 Quantum
2868 2421 3032 2493 igitur
3061 2421 3270 2478 crimen
3296 2465 3314 2489 ,
3347 2433 3408 2478 ut
3434 2422 3597 2478 homo
3629 2429 3861 2494 peccatores

2351 2528 2421 2570 'se
2445 2515 2638 2585 neget?
2655 2514 2920 2582 Quoniam
2939 2523 3198 2585 quantum
3222 2515 3278 2570 in
3311 2517 3435 2587 ipso
3463 2522 3549 2570 est
3567 2556 3582 2582 ,
3608 2523 3632 2550 ι
3649 2510 3862 2568 summiDei

2363 2606 2575 2662 videtttr
2602 2622 2834 2679 arguere
2882 2622 2947 2663 ac
2996 2607 3234 2665 refutare
3291 2606 3660 2671 mendacium,
3701 2605 3769 2674 qui
3799 2612 3858 2656 tam

2360 2702 2674 2758 moderatus
2701 2713 2757 2758 et
2786 2703 2999 2774 patiens
3038 2711 3155 2771 est,
3192 2713 3250 2757 ut
3281 2705 3469 2760 vincat
3505 2717 3622 2758 cum
3656 2699 3858 2770 judicans.

2366 2796 2524 2852 Venit
2550 2798 2693 2853 enim
2724 2797 2789 2852 ad
2813 2796 3076 2868 judicium
3105 2797 3247 2852 Deus
3275 2808 3338 2854 ct
3364 2797 3499 2854 dicit
3524 2815 3537 2848 :
3565 2792 3737 2866 Populo
3755 2807 3859 2854 uas,

2359 2890 2482 2961 quid
2523 2890 2626 2961 feci
2679 2891 2802 2959 tibi,
2845 2899 2934 2944 aut
2970 2891 3095 2961 quid
3135 2892 3444 2947 contristaui
3471 2901 3553 2956 te,
3582 2897 3663 2941 aut
3693 2886 3783 2956 quid
3803 2898 3862 2934 nt»-

2360 2981 2521 3038 lestus
2548 2983 2626 3054 fui
2655 2982 2790 3036 tibi?
2823 2981 2959 3050 Quia
2985 2983 3142 3038 eduxi
3180 2993 3230 3037 te
3260 2986 3329 3040 de
3374 2991 3514 3038 terra
3543 2978 3757 3052 ngyplt',
3784 2975 3859 3028 ait

2359 3074 2511 3129 domo
2541 3075 2799 3129 servitutis
2827 3073 3037 3129 liberavi
3083 3085 3162 3143 te,
3190 3086 3238 3130 et
3282 3075 3407 3130 misi
3448 3083 3565 3129 ante
3600 3071 3753 3143 facient
3779 3075 3858 3119 tua!

2362 3165 2577 3238 Moysen
2599 3209 2613 3232 ,
2663 3167 2840 3222 Aaron
2865 3207 2880 3233 ,
2925 3177 2972 3221 et
3014 3165 3260 3222 Mariam.
3318 3166 3481 3222 Plebs
3527 3181 3659 3228 mea,
3684 3163 3727 3216 in
3761 3166 3857 3212 metu

651 3277 779 3324 sunt
818 3284 972 3339 reges
1001 3283 1032 3323 a
1061 3268 1294 3324 vinculis
1324 3267 1674 3334 delictorum;
1725 3281 1901 3337 neque
1941 3266 2084 3321 enim
2129 3263 2254 3319 ullis
2282 3283 2328 3347 ρ
2358 3261 2542 3318 habeto
2585 3263 2710 3333 quid
2751 3263 3047 3334 cogitaverit
3089 3264 3154 3316 de
3183 3272 3232 3318 te
3258 3261 3468 3318 Balaclt
3512 3258 3694 3333 (Mica.
3727 3251 3858 3315 v1.36

650 3361 717 3415 ad
748 3375 962 3428 pteuam
992 3367 1253 3417 vocantur
1280 3360 1511 3431 legibus,
1553 3359 1653 3414 tuti
1687 3360 1789 3414 sub
1815 3359 2028 3430 imperii
2066 3365 2254 3428 potes-

653 3459 782 3507 tate.
829 3452 1046 3508 Homini
1090 3467 1222 3523 ergo
1266 3467 1373 3508 non
1417 3453 1677 3523 peccavit,
1703 3451 1792 3507 cui
1819 3467 1926 3507 non
1971 3450 2254 3507 tenebatur

649 3544 939 3600 obnoxius.
963 3544 1071 3601 Sed
1109 3547 1355 3616 quamvis
1385 3553 1532 3601 tutus
1556 3545 1808 3615 imperio,
1837 3542 2128 3600 devotione
2168 3552 2251 3597 ta-

652 3653 779 3696 men
817 3653 881 3695 ac
929 3637 1036 3694 ﬁde
1075 3645 1195 3694 erat
1224 3639 1338 3694 Dco
1367 3638 1654 3694 subditus:
1686 3646 1742 3694 et
1765 3637 1869 3709 legi
1899 3636 2017 3708 ejus
2041 3635 2255 3706 subjec-

652 3739 766 3788 tum
789 3745 848 3787 se
875 3745 999 3787 esse
1027 3744 1383 3801 cognoscens,
1409 3739 1691 3800 peccatum
1726 3743 1884 3784 suum
1918 3743 2116 3798 negare
2142 3743 2250 3782 non

652 3835 895 3898 poterat;
927 3825 1023 3882 sed
1067 3827 1220 3896 quasi
1247 3841 1374 3883 reus
1397 3841 1522 3882 cum
1563 3824 1926 3881 amaritudine
1956 3823 2249 3890 fatebatur,

649 3919 743 3991 qui
764 3921 929 3976 sciret
966 3920 1261 3992 majoribus
1291 3920 1523 3977 vinculis
1547 3934 1607 3977 se
1644 3918 1852 3985 teneri,
1888 3919 2012 3990 quia
2045 3917 2252 3988 majora

651 4014 900 4081 deberet;
933 4015 1190 4085 quoniam
1219 4015 1339 4084 plus
1362 4015 1430 4070 ab
1456 4019 1523 4069 eo
1549 4013 1777 4084 exigitur
1797 4054 1812 4079 ,
1843 4012 1930 4067 cui
1959 4010 2077 4082 plus
2097 4023 2246 4064 com-

651 4106 876 4162 missum
905 4116 1008 4162 est.
1038 4107 1330 4163 Possumus
1351 4107 1514 4162 etiam
1536 4115 1592 4162 et
1615 4107 1687 4161 ita
1707 4105 1976 4176 accipere.
2007 4102 2140 4171 Quis
2165 4115 2261 4164 me

652 4197 932 4269 dijudicat,
956 4215 1079 4256 cum
1108 4215 1301 4258 omnes
1322 4203 1423 4257 sub
1452 4211 1678 4272 peccan
1708 4200 1852 4256 sint?
1880 4197 2127 4270 Denique
2149 4198 2255 4253 Do-

654 4292 832 4347 minus
857 4293 925 4348 de
952 4291 1041 4348 illa
1069 4292 1349 4350 adultera:
1383 4292 1485 4361 Qui
1521 4294 1632 4349 sine
1659 4301 1886 4364 peccato,
1919 4293 2125 4363 inquit,
2156 4300 2252 4356 est,

653 4384 796 4454 prior
810 4384 1004 4455 lapidet
1016 4385 1180 4456 693
1194 4383 1612 4455 eant(Joan.vnt,
1630 4383 1706 4457 7).
1724 4383 1791 4440 Et
1812 4398 1973 4439 nemo
1984 4399 2102 4439 eam
2121 4381 2255 4452 lapi-

653 4478 820 4535 davit.
858 4479 970 4535 lloc
997 4480 1162 4550 igitur
1186 4480 1262 4534 ait
1286 4478 1557 4548 Propheta
1582 4495 1596 4533 :
1627 4477 1745 4534 Tibi
1775 4478 1872 4534 soli
1901 4478 2133 4548 peccavi,
2161 4476 2252 4547 qui

653 4573 802 4628 solus
836 4573 952 4628 sine
995 4580 1218 4642 peccato
1247 4586 1329 4628 es.
1361 4570 1465 4638 Qui
1504 4579 1684 4626 autem
1727 4580 1950 4641 peccato
1987 4569 2252 4625 obnoxius

2357 3358 2513 3428 seq.).
2545 3357 2764 3428 Singula
2793 3358 2844 3411 in
2876 3365 3170 3428 conspectu
3217 3365 3313 3413 tuo
3363 3359 3508 3413 locat
3534 3349 3754 3410 beneﬁcia
3782 3358 3853 3408 sua.

2355 3459 2414 3505 ut
2443 3461 2712 3520 tamquam
2740 3449 2809 3505 de
2852 3449 2938 3506 his
2975 3449 3188 3520 judices
3228 3466 3352 3521 qua:
3400 3459 3618 3506 servare
3642 3442 3854 3499 debilem.

2354 3559 2464 3616 quo
2504 3544 2677 3615 magis
2705 3558 2836 3599 reus
2868 3544 2994 3612 tias,
3025 3544 3116 3615 qui
3154 3542 3359 3599 divinis
3404 3557 3512 3598 non
3543 3536 3748 3612 potueris
3771 3540 3854 3586 sure

2353 3635 2654 3693 beneficiis.
2691 3635 2829 3702 Quid
2867 3637 2997 3707 feci,
3042 3635 3215 3707 inquit
3242 3677 3258 3704 ,
3288 3635 3432 3690 tibi?
3469 3635 3732 3701 Tamquam
3764 3635 3852 3678 reum

2354 3743 2415 3785 se
2441 3729 2754 3795 constituit,
2790 3738 2845 3785 et
2875 3738 2926 3785 te
2951 3728 3210 3799 judicem.
3237 3729 3343 3784 Aut
3386 3729 3512 3801 quid
3551 3717 3788 3781 contristari
3805 3712 3853 3767 lt?
3932 3755 3933 3794 η

2353 3821 2556 3878 Oﬂ'ensi
2587 3817 2765 3877 vultus
2794 3839 2902 3878 non
2939 3822 3375 3889 abnuitkcrimen
3394 3865 3410 3891 ,
3441 3825 3488 3880 si
3515 3831 3569 3877 tu
3594 3819 3692 3874 Deo
3715 3823 3850 3869 e500":
3932 3879 3933 3884 η

2355 3916 2598 3971 tristatus
2642 3927 2888 3972 attetore.
2918 3916 3021 3970 Aut
3067 3917 3192 3987 quid
3238 3918 3484 3972 molestus
3522 3914 3607 3969 tibi
3634 3903 3849 3982 faiilnter-

2353 4011 2664 4082 pellationis
2714 4011 2967 4082 iujuriam
3018 4011 3346 4078 conﬁtetur,
3398 4013 3444 4068 si
3491 4005 3735 4065 molestior
3763 3992 3847 4051 testi:

2355 4114 2498 4160 mata
2527 4115 2610 4161 est
2635 4123 2648 4160 :
2683 4103 2890 4160 addidit
2919 4103 3181 4160 beneficia
3208 4120 3444 4175 quorum
3490 4101 3648 4174 gratia
3673 4109 3756 4150 non
3776 4100 3848 4143 ent-

2354 4195 2472 4252 buit
2499 4238 2514 4264 ,
2545 4197 2636 4268 qui
2680 4196 2946 4252 existebat
2975 4196 3239 4268 ingratus.
3289 4195 3348 4252 In
3397 4199 3496 4252 bac
3538 4201 3723 4266 quoque
3752 4189 3847 4236 caui!

2355 4290 2646 4348 considera
2679 4291 2954 4360 quomodo
2981 4291 3243 4346 Dominus
3269 4291 3439 4365 694
3466 4306 3523 4348 se
3548 4284 3640 4358 ipsi
3668 4273 3788 4337 David
3802 4272 3849 4341 ju-

2355 4382 2642 4440 dicandnm
2671 4385 2906 4456 praebuit
2925 4425 2938 4450 ,
2971 4393 3031 4440 ut
3054 4385 3334 4450 vinceret;
3369 4385 3500 4441 dicit
3524 4379 3652 4438 enim
3675 4371 3844 4429 Nttthan:

2357 4475 2487 4533 Hazc
2513 4477 2635 4532 dicit
2676 4475 2930 4532 Dominus
2957 4476 3099 4532 Deus
3129 4475 3339 4532 Israel:
3372 4477 3488 4551 Ego
3515 4472 3631 4530 unci
3670 4477 3706 4520 te
3737 4463 3775 4515 in
3801 4469 3846 4508 τι·
3931 4460 3933 4475 ¹

2354 4587 2470 4644 gem
2498 4587 2651 4642 super
2683 4568 2882 4638 Israel,
2912 4580 2957 4625 et
2996 4586 3090 4642 ego
3121 4571 3330 4627 liberavi
3372 4583 3420 4628 te
3448 4571 3511 4626 de
3537 4580 3671 4623 manu
3692 4553 3845 4617 Situm!

649 4677 755 4736 est,
786 4667 939 4739 quasi
968 4675 1306 4738 peccatorem
1335 4680 1442 4722 non
1466 4675 1643 4736 potest
1661 4664 1928 4736 judicare.
1959 4663 2249 4719 lnexcusa-
2275 4662 2329 4724 D
2352 4664 2471 4720 dedi
2501 4664 2593 4720 tibi
2619 4665 2791 4720 omnia
2817 4681 2934 4738 qua:
2961 4675 3106 4720 erant
3151 4666 3347 4721 domini
3375 4667 3453 4722 tui
3471 4707 3486 4732 ,
3513 4672 3562 4720 et
3585 4669 3737 4715 usam
3763 4644 3845 4739 imi“

649 4759 775 4818 bilis
811 4769 896 4816 est
922 4758 1067 4815 enim
1107 4756 1285 4814 omnis
1316 4756 1480 4812 homo
1523 4758 1614 4828 qui
1661 4757 1712 4810 in
1743 4755 1852 4810 alio
1887 4771 1950 4810 ea
1979 4770 2098 4826 qua:
2142 4753 2252 4824 agit

648 4856 786 4928 ipse,
826 4854 1189 4920 condemnat;
1222 4852 1277 4909 in
1319 4867 1426 4925 quo
1455 4852 1598 4909 enim
1631 4851 1794 4906 alium
1819 4849 2046 4920 judicat,
2078 4858 2250 4905 semet

647 4952 824 5022 ipsum
879 4948 1173 5022 adiudicat.
1208 4946 1343 5014 Tibi,
1376 4947 1568 5019 inquit,
1599 4947 1823 5019 peccavi,
1857 4954 1901 5000 et
1945 4945 2137 4999 malum
2165 4960 2252 4998 co-

645 5061 760 5100 ram
787 5053 834 5100 te
860 5045 990 5118 feci;
1021 5054 1076 5098 ut
1093 5042 1399 5117 justiﬁceris
1419 5041 1473 5095 in
1493 5040 1814 5095 sermonibus
1839 5038 1940 5092 tuis
1959 5080 1974 5105 ,
2005 5047 2053 5092 et
2079 5038 2252 5091 vincas

647 5153 765 5192 cum
799 5135 1058 5210 judicaris
1103 5131 1279 5204 (Psal.
1324 5148 1388 5200 ι,
1420 5128 1497 5203 6).
1531 5132 1648 5188 Tibi
1682 5133 1920 5203 peccavi,
1944 5129 2040 5202 qui
2068 5144 2155 5185 me
2183 5128 2250 5184 ad

644 5227 859 5283 virtutis
886 5226 1061 5282 studia
1089 5226 1415 5297 provocasti,
1439 5227 1528 5296 qui
1553 5242 1638 5281 me
1657 5225 1884 5281 erudisti
1912 5225 1964 5280 in
1991 5225 2110 5296 lege
2135 5234 2245 5279 tua.

649 5318 765 5376 Tibi
783 5321 881 5377 soli
899 5319 1121 5391 peccavi,
1142 5335 1301 5391 quem
1318 5319 1490 5376 solum
1509 5320 1821 5377 abscondita
1839 5320 2250 5392 cogitationum,

647 5419 704 5469 et
747 5411 946 5468 mentis
989 5411 1199 5468 occulta
1231 5427 1339 5467 non
1370 5410 1580 5467 fallunt.

720 5504 810 5560 52.
854 5503 921 5558 Et
949 5505 1143 5560 malum
1170 5520 1344 5559 coram
1371 5513 1419 5558 te
1447 5504 1548 5572 feci
1570 5545 1584 5570 ,
1613 5519 1770 5575 quem
1820 5502 1997 5559 solum
2044 5504 2250 5560 sancti-

651 5586 831 5652 ﬁcatio
869 5596 1043 5652 decet.
1079 5595 1323 5652 llominis
1364 5596 1731 5652 testimonium
1777 5595 2150 5664 declinamus,
2196 5605 2251 5652 et

653 5685 708 5745 in
739 5701 1032 5761 conspectu
1065 5699 1158 5746 tuo
1187 5705 1252 5746 ea
1281 5705 1401 5762 quae
1432 5700 1559 5746 sunt
1583 5689 1801 5762 indigna
1831 5691 2245 5749 committimus.

2356 4757 2409 4811 in
2439 4757 2608 4811 sinum
2641 4766 2790 4812 tuum
2810 4733 2929 4813 dedi
2951 4799 2964 4822 ,
2990 4767 3037 4812 et
3067 4757 3191 4813 dedi
3211 4757 3301 4817 tibi
3322 4758 3532 4813 domum
3558 4751 3695 4826 ἱρσίυδ
3716 4733 3841 4836 ἣνΫῖ

2356 4861 2402 4906 et
2441 4851 2485 4906 si
2515 4868 2681 4921 pauca
2709 4861 2863 4919 sunt,
2894 4851 3141 4924 adjiciam
3182 4853 3291 4907 tibi.
3341 4851 3406 4906 Et
3459 4864 3606 4925 quare
3637 4857 3712 4917 pro
3745 4826 3842 4887 πὶθιίίο

2356 4944 2552 4999 duxisti
2601 4944 2914 5011 Dominum,
2965 4955 3022 5000 ut
3067 4946 3265 5016 faceres
3311 4947 3537 5018 nequiter
3580 4943 3626 4997 in
3663 4931 3839 4996 consilia“

2357 5037 2470 5108 ej“
2509 5035 2584 5107 (11
2615 5036 2743 5108 ⁸⁸9·
2774 5051 2872 5104 ιιι,
2906 5037 2938 5090 ’1
2959 5047 3008 5091 et
3030 5036 3184 5108 seq.).
3211 5037 3416 5094 Horum
3441 5018 3841 5116 commemorationi!
3931 5042 3933 5053 ι

2356 5138 2682 5195 conventus,
2713 5144 2834 5184 cum
2861 5129 3071 5186 videret
3099 5129 3413 5187 inferiorem
3445 5139 3661 5191 seesse,
3688 5119 3838 5206 cum]?

2355 5221 2600 5288 dicaret,
2631 5223 2706 5276 ait
2735 5239 2749 5276 :
2788 5220 3001 5277 Peccavi
3047 5219 3272 5278 Domino
3313 5221 3476 5295 (Ibid.
3497 5206 3838 5290 ,15)Ᾰι21υθίί·

2359 5313 2540 5370 ﬁcavit
2568 5315 2853 5370 Dominum
2877 5355 2894 5381 ,
2939 5316 3029 5387 qui
3062 5325 3342 5387 peccatum
3376 5333 3531 5375 suum
3563 5300 3834 5380 ncgareauslis

2358 5423 2464 5464 non
2493 5415 2596 5464 est.

2429 5503 2520 5561 55.
2561 5503 2858 5560 Possumus
2882 5513 2936 5561 et
2963 5504 3034 5559 ita
3065 5505 3316 5575 accipere
3342 5523 3357 5561 :
3379 5505 3624 5578 justiﬁcat
3647 5484 3830 5578 Domitii“

2357 5602 2448 5671 qui
2481 5611 2759 5672 peccatum
2805 5571 3229 5668 suum,fatetur.
3279 5571 3518 5674 Denique
3558 5571 3832 5674 inlitam“?

2353 5669 2512 5766 (ῑαέο
2537 5711 2644 5764 νιι,
2683 5693 2778 5765 29)
2824 5694 2994 5752 babes
3029 5696 3155 5767 quia
3201 5669 3483 5753 Publicani
3520 5669 3829 5766 justiﬁcat’efum

730 5815 758 5846 ⁸
789 5807 946 5864 Rom.
969 5808 1098 5866 edit.
1119 5850 1136 5880 ,
1157 5825 1412 5864 summum
1437 5805 1598 5864 Deum
1621 5808 1854 5865 videmur
1873 5824 2090 5881 arguere
2109 5810 2382 5870 mendacii.
