4042 6378
155 337 264 396 875

1277 331 1624 392 APOLOGlA
1663 331 2056 393 PROPHETIE
2097 333 2324 392 DAVID.

3361 337 3466 396 874

155 448 1769 519 Deutu,baptizatibaptismoJuanuis.Baptista:iutchoan-
1795 454 1848 513 Α
1874 450 2088 518 quidem
2113 451 2290 524 (Couf.
2321 453 2380 506 δ.
2411 457 2540 524 Aug.
2572 452 2658 507 lib.
2686 469 2722 508 ii
2743 494 2756 518 ,
2785 461 2923 508 cont.
2948 452 3059 508 Jul.
3089 453 3206 508 Pel.
3226 495 3241 519 ,
3269 471 3384 527 cap.
3413 453 3468 525 7)

152 556 252 596 nes
302 543 628 612 baptismum
689 542 814 596 fecit
855 541 1206 612 paenitentite.
1261 543 1358 608 Qui
1411 553 1588 596 autem
1657 542 1766 612 agit

153 636 536 706 paenitentiam
559 636 752 694 delicta
772 652 878 692 non
900 637 1104 693 abnuit.
1139 639 1278 710 Ergo
1301 639 1420 708 quia
1449 639 1613 692 David
1634 655 1765 694 con-

153 741 239 786 tra
275 748 338 787 se
367 732 598 789 habebat
639 747 855 802 semper
893 733 1150 787 delictum
1192 747 1381 797 suum,
1423 734 1609 804 utique
1657 749 1762 788 non

152 827 395 898 negabat
434 827 577 900 quod
619 838 674 882 et
724 827 1117 894 erubescebat,
1145 843 1253 882 nou
1282 827 1516 897 negabat
1541 826 1686 896 quod
1711 834 1766 881 et

151 922 510 991 agnoscebat.
566 921 682 977 Non
725 921 975 991 negando
1005 930 1188 977 autem
1247 921 1435 992 utique
1485 921 1764 976 commissi

151 1015 535 1085 pmiiitentiam
553 1015 773 1086 gerebat
794 1015 1035 1081 erroris;
1054 1023 1217 1080 atque
1237 1015 1308 1069 ita
1331 1013 1644 1070 conﬁtendo
1665 1013 1764 1068 de-

156 1107 351 1166 lictum
375 1151 390 1174 ,
417 1106 752 1178 justiﬁeabat
781 1107 1104 1175 Dominum,
1135 1117 1190 1162 et
1219 1108 1335 1177 ipse
1369 1106 1764 1178 justilicabatur

151 1215 182 1255 a
209 1201 466 1255 Domino.
490 1199 829 1255 Justiiieatur
851 1200 995 1255 enim
1019 1199 1314 1265 Dominus,
1339 1198 1467 1255 dum
1491 1199 1608 1267 ejus
1637 1214 1765 1267 prte-

149 1291 370 1346 dicatur
401 1292 612 1360 justitia
634 1334 648 1358 ,
680 1304 736 1348 et
762 1293 831 1348 ab
860 1308 928 1348 eo
957 1295 1118 1348 venia
1157 1293 1477 1368 postulatur.
1509 1291 1680 1347 Simul
1709 1299 1766 1346 et

146 1385 267 1456 ipse
292 1387 556 1457 justilicat
583 1389 974 1455 conﬁtentem,
1007 1397 1063 1443 et
1095 1388 1428 1458 justilicatur
1459 1388 1509 1440 in
1557 1401 1766 1441 sermo-

152 1479 318 1536 nibus
351 1481 465 1536 suis
485 1522 501 1545 ,
533 1480 672 1535 sicut
700 1482 960 1550 scriptum
988 1489 1110 1536 est:
1146 1477 1247 1534 Dic
1287 1480 1584 1550 iniquitates
1611 1489 1758 1544 tuas,

154 1583 212 1628 ut
233 1575 545 1644 justiﬁceris
568 1572 739 1646 (Esai.
764 1591 892 1631 xun
914 1617 930 1641 ,
953 1574 1070 1647 26).

779 1706 1012 1763 CAPUT
1057 1706 1151 1762 XI.

146 1813 437 1886 Pmpheta:
465 1818 632 1873 verbis
659 1819 870 1882 doceri,
904 1818 990 1886 qui
1027 1817 1083 1870 in
1123 1817 1396 1888 iniquitate
1438 1833 1542 1872 non
1585 1817 1758 1872 conci-

217 1911 430 1979 piatur,
464 1927 572 1964 esse
598 1910 871 1964 neminem.
905 1909 1092 1964 Utrum
1118 1921 1390 1980 parentum
1419 1928 1486 1965 an
1513 1912 1678 1983 prolis
1702 1928 1762 1965 ea

213 2006 280 2057 sit
323 2006 610 2075 iniquitas,
637 2025 670 2062 a
697 2023 799 2076 qua
847 2006 987 2062 solus
1025 2005 1264 2062 Christus
1311 2008 1554 2062 immunis
1603 2009 1766 2079 fuisse

214 2099 509 2154 ostenditur
528 2101 554 2154 Σ)

224 2216 312 2272 56.
355 2217 617 2289 Sequitur
645 2235 658 2274 :
685 2217 820 2275 Ecce
841 2220 976 2275 enim
1003 2221 1058 2275 in
1094 2221 1450 2290 iniquitatibus
1491 2229 1766 2292 conceptus

143 2325 294 2377 sum,
337 2321 392 2365 et
430 2313 485 2366 in
512 2312 714 2368 delictis
748 2316 944 2386 peperit
992 2332 1072 2369 me
1115 2325 1278 2370 mater
1307 2332 1423 2370 mea
1465 2313 1652 2386 (Psal.
1697 2331 1760 2380 ι,

139 2399 223 2480 7).
256 2403 398 2472 Quis
433 2414 587 2461 tanto
613 2406 815 2462 allectu
843 2409 954 2478 agit
981 2409 1357 2479 paenitentiam
1381 2411 1404 2463 ἲ
1437 2409 1596 2464 lluiui
1625 2418 1768 2465 stra-

140 2515 229 2561 tus
261 2501 438 2570 iacuit
467 2500 620 2556 fusus
667 2502 722 2557 in
771 2502 1079 2574 lacryuias,
1110 2503 1287 2558 cibum
1326 2520 1433 2558 non
1482 2503 1760 2574 gustavit,

137 2599 365 2655 lavacro
421 2612 481 2651 se
525 2595 813 2651 abdicavit.
869 2595 1010 2663 Quid
1058 2596 1170 2665 jam
1222 2597 1427 2665 reliqua
1479 2597 1693 2662 dicam,
1737 2604 1765 2633 ι

139 2695 289 2768 quod
337 2692 670 2749 abstinuerit
716 2701 912 2748 ornatu
954 2701 1009 2746 et
1053 2704 1270 2762 comptu
1310 2694 1460 2762 regio
1487 2691 1666 2766 (Conf.
1699 2693 1762 2749 S.

147 2789 320 2860 Aug.,
352 2787 448 2842 lib.
475 2801 527 2841 tv
551 2795 690 2840 cont.
734 2785 865 2839 duas
889 2786 1040 2855 epist.
1073 2783 1258 2857 Pelag.
1279 2826 1295 2851 ,
1322 2803 1440 2856 cap.
1471 2785 1529 2839 ll
1553 2785 1612 2857 )‘l
1653 2785 1765 2839 Ad-

141 2881 331 2953 junxit
359 2879 770 2934 confessionem
803 2879 1105 2948 iniquitatis
1131 2893 1275 2946 sute,
1316 2889 1370 2932 et
1415 2879 1467 2932 in
1509 2891 1766 2948 perpetua

142 2975 350 3030 saecula
383 2983 497 3028 toto
519 2971 820 3026 eanendam
847 2973 981 3026 orbe
1009 2971 1328 3026 transmisit.
1357 2969 1524 3035 Ecce,
1559 2971 1764 3039 inquit,

142 3066 199 3122 in
243 3065 608 3132 iniquitatibus
647 3072 924 3128 conceptus
952 3079 1102 3128 sum,
1129 3073 1178 3116 et
1221 3064 1274 3116 in
1322 3062 1522 3117 delictis
1569 3060 1770 3130 peperit

144 3174 228 3212 me
261 3171 429 3212 mater
458 3173 590 3210 mea.
615 3154 644 3194 ι)
677 3155 862 3210 Auerte
887 3155 1073 3227 facient
1099 3165 1243 3208 tuam
1271 3171 1304 3208 a
1343 3157 1566 3227 peccatis
1597 3153 1724 3207 meis
1748 3169 1769 3206 :

1869 545 2201 613 conjugium,
2231 555 2415 598 sancta
2469 546 2701 615 copula;
2757 546 2850 600 sed
2903 557 3083 601 tamen
3130 545 3221 612 qui
3270 546 3473 599 habent

1870 650 2068 689 uxores
2100 635 2173 690 ita
2203 637 2310 690 siut
2332 679 2348 704 ,
2389 653 2452 692 ac
2481 639 2526 692 si
2567 653 2672 692 non
2705 638 2985 692 habentes.
3015 639 3135 710 Ipse
3169 637 3357 691 thurus
3385 637 3468 690 in-

1866 725 2286 796 coiuquinatus:
2325 738 2381 783 et
2409 745 2569 784 nemo
2609 731 2840 785 alterum
2872 729 3126 785 fraudare
3169 728 3332 784 debet
3361 743 3428 783 eo
3456 769 3469 791 ,

1871 820 1970 873 nisi
2005 820 2145 874 forte
2168 821 2235 875 ad
2270 832 2513 892 tempus,
2547 832 2606 877 ut
2637 833 2831 879 vacent
2862 824 3116 880 orationi.
3145 821 3350 876 Tamen
3383 837 3470 875 sc-

1867 912 2104 968 cundum
2134 913 2457 984 Apostolum
2507 931 2615 970 non
2648 924 2802 972 vacat
2830 917 3063 972 orationi
3093 915 3214 984 quis
3240 930 3306 968 eo
3334 922 3472 967 tem-

1866 1019 2035 1075 pore,
2069 1021 2174 1078 quo
2209 1021 2363 1062 usum
2401 1023 2676 1078 corporea:
2720 1011 2865 1064 illius
2891 1008 3272 1064 conventionis
3315 1021 3473 1061 exer-

1868 1108 1994 1165 cet,
2023 1109 2079 1154 et
2115 1101 2359 1156 mulieris
2407 1112 2756 1157 menstruam:
2795 1103 3176 1174 coinquinatus
3215 1111 3302 1156 est
3339 1115 3470 1167 pan-

1869 1206 1998 1259 nus,
2032 1209 2134 1249 nec
2163 1207 2342 1266 pOIest
2389 1196 2494 1250 illis
2527 1197 2719 1251 diebus
2749 1197 3081 1267 purgationis
3111 1212 3222 1249 sua:
3267 1193 3466 1249 offerre

1871 1288 2215 1341 sacrilicium.
2252 1287 2320 1342 Et
2351 1289 2595 1343 mulieris
2620 1304 2741 1358 quae
2767 1291 3104 1358 generaverit
3135 1289 3250 1343 dies
3283 1295 3468 1356 partus

1869 1388 1923 1434 et
1957 1379 2198 1450 plerique
2225 1379 2314 1434 alii
2338 1396 2370 1436 a
2396 1382 2666 1437 sacriﬁcio
2693 1382 2865 1437 feriati
2899 1392 3060 1449 sunt,
3094 1382 3271 1436 donec
3298 1380 3466 1451 legiti-

1869 1489 1960 1528 mo
1984 1475 2090 1528 ritu
2124 1474 2227 1529 l'eta
2261 1477 2570 1532 mundetur.

1940 1567 2030 1623 57.
2073 1566 2202 1624 Ideo
2242 1569 2295 1624 in
2324 1584 2434 1640 quo
2464 1569 2632 1624 voluit
2671 1570 2934 1624 Dominus
2977 1569 3119 1624 nulla
3152 1568 3462 1637 huiusmodi

1868 1660 2094 1732 originis
2117 1677 2238 1718 esse
2263 1664 2540 1732 contagia,
2565 1663 2696 1718 dicit
2721 1664 2796 1718 illi
2827 1664 3086 1719 Dominus
3111 1682 3124 1718 :
3153 1663 3470 1731 Priusquam

1868 1763 1916 1806 te
1961 1757 2241 1825 formarem
2285 1755 2340 1809 in
2386 1765 2532 1809 utero
2573 1757 2754 1809 matris
2783 1765 2923 1821 tute,
2956 1758 3071 1810 novi
3101 1766 3182 1822 te;
3207 1765 3255 1810 et
3300 1757 3475 1827 prius-

1790 1859 1838 1919 Β
1866 1864 2020 1919 quam
2065 1851 2230 1906 exires
2270 1850 2335 1905 de
2382 1850 2570 1912 vulva,
2611 1851 2929 1921 sanctiﬁcatii
2965 1861 3047 1917 te,
3079 1860 3126 1904 et
3169 1848 3477 1920 prophetam

1866 1941 1922 1996 in
1966 1942 2203 2014 gentibus
2244 1943 2393 2012 posui
2425 1954 2471 1996 te
2514 1941 2728 2014 (Jerem.
2763 1959 2819 2008 ι,
2849 1942 2926 2012 5).
2961 1944 3093 2012 Quis
3124 1953 3304 1998 tantus
3328 1985 3344 2009 ,
3389 1942 3480 1998 cui

1866 2045 1975 2092 tam
2009 2054 2198 2109 magna
2231 2039 2408 2094 delata
2437 2038 2600 2093 sunt!
2629 2034 2658 2074 ά
2689 2037 2959 2105 Numquid
2999 2038 3341 2093 Hieremias?
3368 2036 3474 2092 Sed

1867 2130 1960 2186 ille
1988 2147 2096 2186 non
2125 2133 2314 2203 utique
2341 2132 2394 2187 in
2422 2132 2674 2204 gentibus
2706 2131 2970 2202 propheta
3004 2133 3348 2200 propositus,
3379 2129 3477 2185 sed

1867 2225 1920 2278 in
1950 2223 2133 2280 Judaaa
2165 2236 2293 2280 tunc
2327 2227 2620 2294 temporis,
2656 2240 2799 2280 nunc
2820 2235 2999 2278 autem
3023 2224 3186 2279 etiam
3217 2225 3270 2280 in
3307 2225 3482 2281 natio-

1867 2319 2062 2383 nibus,
2101 2335 2223 2388 qute
2266 2320 2318 2374 in
2361 2319 2549 2376 Jesum
2594 2319 2873 2374 Christum
2923 2320 3206 2372 Dominum
3237 2317 3484 2373 credide-

1867 2421 2014 2467 runt.
2061 2411 2201 2468 Vide
2257 2423 2434 2468 tamen
2493 2428 2560 2467 ne
2613 2412 2689 2466 illi
2735 2412 2978 2477 dicatur,
3037 2413 3127 2482 qui
3183 2422 3477 2478 antequam

1868 2515 2186 2564 nasceretur
2206 2523 2272 2562 ex
2295 2507 2667 2578 Virgine,jam
2701 2506 2906 2560 dudum
2935 2514 3076 2572 erat,
3105 2515 3161 2560 et
3191 2517 3308 2561 erat
3338 2520 3482 2560 sem-

1869 2618 2001 2675 per,
2033 2613 2088 2656 et
2133 2603 2462 2672 operabatur
2501 2603 2664 2658 etiam
2704 2599 2758 2655 in
2792 2612 2948 2654 utero
2980 2600 3163 2654 Mariae
3209 2603 3480 2654 constitu-

1869 2705 1996 2762 tus;
2029 2705 2084 2751 et
2119 2696 2193 2750 ita
2240 2708 2461 2750 sanctus
2495 2706 2645 2762 erat,
2681 2704 2738 2748 ut
2768 2693 3140 2748 sanctiliearet
3185 2690 3486 2760 prophetas

1869 2804 1998 2846 suos
2024 2812 2037 2846 :
2068 2791 2121 2844 in
2152 2805 2260 2861 quo
2305 2790 2424 2844 solo
2450 2798 2506 2845 et
2535 2797 2836 2858 conceptus
2871 2784 3154 2856 virginalis
3196 2793 3250 2838 et
3298 2793 3482 2848 partus

1872 2883 1991 2939 sine
2031 2883 2142 2938 ullo
2180 2882 2283 2937 fuit
2329 2883 2577 2937 mortalis
2635 2882 2860 2952 originis
2903 2879 3338 2947 inquinamento.
3397 2877 3486 2931 Di—

1873 2991 2038 3043 gnum
2080 2975 2280 3029 etenim
2323 2975 2423 3028 l’uit
2464 2972 2642 3044 (Conf.
2670 2973 2733 3030 S.
2765 2976 2898 3045 Aug.
2938 2972 3031 3026 lib.
3074 2987 3125 3024 tv
3172 2980 3311 3023 cont.
3352 2968 3486 3023 duas

1873 3068 2024 3138 epist.
2057 3066 2281 3138 Pelag.,
2312 3084 2428 3140 cap.
2477 3066 2599 3135 H),
2640 3076 2695 3121 et
2740 3067 2828 3135 qui
2878 3081 2984 3120 non
3035 3073 3154 3119 erat
3199 3063 3485 3116 habiturus

1872 3175 2105 3230 corpore
2133 3170 2413 3230 peccatum
2448 3160 2838 3229 prolapsionis,
2872 3159 3085 3214 nullum
3129 3160 3361 3214 sentiret
3391 3171 3487 3227 ge-

148 3259 198 3304 et
226 3265 407 3304 omnes
434 3249 728 3319 iniquitates
758 3263 899 3301 mw:
926 3247 1057 3302 dele.
1092 3245 1175 3300 Νε
1200 3246 1443 3317 proficias
1471 3262 1549 3300 me
1576 3263 1609 3299 α
1639 3245 1772 3317 Ῑασὶε
1795 3253 1842 3316 C
1875 3255 2174 3310 neraliouis
2220 3254 2465 3309 naturale
2512 3253 2845 3323 contagium.
2911 3252 3104 3306 Merito
3147 3266 3280 3321 ergo
3315 3248 3483 3304 David

154 3354 281 3410 tua,
313 3353 361 3398 et
395 3341 657 3412 Spiritum
701 3351 940 3395 sanctum
971 3351 1112 3394 tuum
1142 3356 1206 3394 ne
1245 3341 1452 3409 auferas
1478 3356 1510 3392 a
1548 3355 1648 3392 me.
1681 3336 1772 3391 Li-

149 3437 272 3490 bera
301 3452 385 3491 me
413 3435 478 3489 de
503 3432 868 3506 sanguinibus,
897 3430 1042 3487 Deus
1061 3474 1078 3499 ,
1111 3431 1250 3487 Deus
1271 3432 1458 3487 salutis
1486 3447 1632 3487 mete.
1660 3428 1774 3485 An-

148 3539 368 3600 tequam
425 3543 756 3594 nascamur,
808 3529 1149 3582 maculamur
1192 3526 1486 3596 contagio;
1535 3533 1592 3582 et
1638 3532 1770 3582 ante

149 3635 371 3676 usuram
404 3620 580 3688 lucis,
605 3620 836 3690 originis
867 3620 1036 3691 ipsius
1060 3621 1365 3691 excipimus
1391 3619 1642 3691 iniuriam
1665 3661 1682 3688 ,
1715 3621 1767 3674 in

150 3714 440 3786 iniquitate
466 3714 843 3785 coneipimur:
885 3729 992 3770 non
1025 3718 1298 3785 expressit
1344 3725 1526 3768 utrum
1569 3729 1769 3784 paren-

151 3817 263 3861 tum
283 3847 299 3869 ,
331 3822 404 3862 an
432 3816 639 3862 nostra.
666 3807 732 3861 Et
754 3806 806 3861 in
836 3805 1050 3862 delictis
1073 3815 1301 3877 generat
1329 3821 1772 3876 unumquemque

152 3907 330 3953 mater
355 3913 494 3953 sua:
527 3915 628 3954 nec
667 3897 760 3952 hic
785 3898 1084 3959 declaravit
1115 3908 1294 3954 utrum
1329 3900 1383 3953 in
1412 3899 1626 3954 delictis
1659 3900 1772 3954 suis

154 4001 334 4048 mater
359 3993 572 4063 pariat;
600 4007 667 4046 an
690 3992 802 4062 jam
835 3993 945 4047 sint
965 4005 1019 4048 et
1047 3993 1225 4064 aliqua
1253 3993 1448 4049 delicm
1477 3995 1771 4050 nascentis.

156 4087 266 4144 Sed
300 4085 426 4141 vide
457 4101 526 4141 ne
556 4094 847 4157 utrumque
879 4097 901 4125 ο
939 4085 1352 4156 iutetligendum
1381 4086 1471 4141 sit.
1504 4084 1616 4141 Nec
1641 4101 1774 4140 eon-

153 4189 350 4248 ceptus
383 4177 682 4249 iniquitatis
713 4194 906 4234 exsors
949 4187 1072 4245 est,
1105 4181 1365 4249 quoniam
1413 4187 1470 4234 et
1518 4188 1774 4248 parentes

154 4290 264 4330 non
292 4286 484 4330 carent
524 4275 702 4344 lapsu.
733 4274 802 4330 Et
843 4275 887 4329 si
918 4290 1017 4331 nec
1057 4275 1224 4349 695
1251 4275 1412 4330 unius
1438 4274 1546 4331 diei
1595 4273 1773 4330 infans

153 4368 276 4424 sine
305 4377 530 4439 peccato
555 4378 671 4436 est,
709 4369 880 4424 multo
924 4369 1094 4441 magis
1127 4385 1227 4423 uec
1257 4369 1332 4424 illi
1368 4369 1597 4424 materni
1639 4384 1774 4424 con-

155 4473 352 4533 ceptus
383 4463 502 4520 dies
545 4464 664 4520 sine
713 4472 936 4535 peccato
977 4473 1124 4519 sunt.
1160 4463 1510 4533 Coucipimnr
1554 4479 1686 4534 ergo
1715 4463 1769 4518 in

155 4566 382 4623 peccato
413 4568 732 4626 parentum,
763 4564 818 4612 et
865 4557 919 4611 in
963 4555 1182 4612 delictis
1228 4572 1419 4612 eorum
1470 4557 1768 4612 nascimur.

1872 3347 2130 3404 ﬂebiliter
2174 3350 2226 3402 iu
2270 3363 2329 3402 se
2366 3346 2670 3418 deploravit
2707 3346 2821 3415 ipsa
2863 3346 3272 3415 inquinamenta
3327 3355 3484 3399 uatu-

1873 3457 1986 3506 τω,
2021 3441 2166 3514 quod
2199 3443 2349 3512 prius
2385 3440 2652 3512 inciperet
2691 3441 2744 3494 in
2793 3440 3014 3496 homine
3059 3440 3271 3497 macula
3320 3454 3481 3510 quam

1872 3535 2002 3592 vita.

2488 3669 2718 3727 CAPUT
2758 3669 2871 3725 XII.

1875 3787 2151 3856 Conﬁtenti
2190 3795 2458 3858 peccatum
2485 3786 2707 3840 coelestia
2745 3793 3070 3839 sacramenta
3113 3785 3360 3841 divinitus
3391 3805 3486 3857 pa—

1947 3879 2109 3948 teﬁeri
2131 3894 2151 3932 :
2176 3895 2294 3932 cum
2337 3877 2446 3931 lucc
2476 3878 2670 3932 incerta
2699 3879 2754 3930 in
2787 3877 2986 3944 psalmo
3015 3876 3262 3930 dicuntur
3281 3919 3296 3939 ,
3324 3878 3487 3949 signi-

1947 3970 2094 4038 ﬁcari
2118 3987 2216 4023 non
2239 3986 2346 4024 esse
2369 3971 2677 4040 manifesta;
2697 3969 2786 4024 sed
2813 3971 3076 4040 prtecipue
3097 3969 3192 4024 hoc
3219 3970 3330 4024 loco
3353 3970 3483 4042 bap-

1949 4063 2170 4116 tismatis
2199 4062 2463 4117 lavacrum
2494 4062 2846 4134 prie/igurari.

1951 4179 2041 4235 58.
2087 4179 2219 4234 Dum
2255 4179 2367 4235 hsce
2396 4178 2562 4242 dicit,
2596 4187 2652 4234 et
2681 4189 3025 4248 peccatorum
3054 4180 3372 4250 specialimn
3404 4191 3486 4235 at—

1878 4287 1985 4343 que
2034 4272 2405 4327 communium
2458 4271 2749 4328 colluviem
2806 4271 3139 4335 conﬁtetur.
3198 4273 3380 4328 subito
3432 4277 3483 4330 ei

1875 4364 2136 4435 splendor
2163 4365 2405 4420 veritatis
2427 4406 2441 4426 .
2473 4374 2529 4421 et
2555 4364 2761 4420 candor
2784 4365 2973 4436 gratia:
3019 4365 3281 4435 spiritalis
3326 4366 3487 4422 afful-

1875 4463 1966 4516 sit.
1999 4462 2401 4532 Supergressus
2438 4463 2584 4517 enim
2615 4461 2893 4528 umbram,
2941 4461 3136 4532 spiritu
3168 4463 3487 4532 prophetico

1877 4558 1993 4627 ipsa
2025 4554 2156 4610 vidit
2184 4555 2570 4628 mysteriorum
2603 4567 2944 4612 sacramenta
2975 4559 3278 4614 caelestium
3301 4599 3316 4623 ,
3348 4573 3480 4628 que-

154 4647 262 4703 Sed
291 4660 344 4704 et
387 4651 500 4720 ipse
534 4661 722 4720 partus
766 4650 929 4705 habet
977 4651 1226 4722 contagia
1266 4666 1362 4706 sua
1384 4694 1399 4718 ,
1449 4666 1548 4707 nec
1597 4667 1764 4707 unum
1790 4654 1844 4714 D
1871 4667 1991 4707 rum
2021 4662 2205 4723 typum
2231 4649 2444 4722 Moyses
2471 4652 2835 4721 prwliguravit
2859 4652 2912 4706 iu
2943 4651 3086 4722 Lege
3106 4649 3301 4723 (Exod.
3327 4667 3486 4719 xxiv,

159 4744 536 4798 tantummodo
565 4727 730 4800 habet
767 4744 881 4814 ipsa
932 4755 1123 4800 natura
1171 4746 1503 4817 contagium.
1547 4745 1760 4805 Bonum

233 4946 258 4970 ιι
290 4933 492 4989 Omnes
519 4932 650 4989 edit.
690 4949 755 4988 ac
793 4948 924 4988 mss.
948 4935 1107 5005 longe
1139 4935 1394 5005 plurimi,
1436 4937 1574 5002 quod
1603 4937 1762 4991 absti-

161 5007 332 5061 nuerit
361 5007 423 5060 ab
449 5017 634 5059 ornatu
675 5017 721 5060 et
748 5008 994 5060 comitatu
1023 5009 1196 5077 regio;
1226 5010 1465 5063 omnium
1497 5008 1763 5077 probatis-

160 5081 378 5134 simi....
407 5088 451 5131 et
482 5086 688 5149 comptu
715 5080 874 5147 regio.
913 5077 1214 5146 Utrumque
1247 5094 1354 5132 non
1387 5082 1550 5135 male.

232 5149 260 5188 ι)
310 5150 444 5204 'l‘res
484 5156 770 5219 sequentes
814 5167 845 5205 ι.
890 5151 1080 5219 psalmi
1127 5152 1425 5206 versiculos
1467 5153 1763 5206 omiserant

161 5222 324 5278 Rom.
350 5222 611 5276 editores.

238 5306 260 5332 ο
293 5293 348 5348 lu
382 5301 555 5347 totum
595 5291 738 5346 hunc
768 5292 944 5347 locum
976 5310 1107 5348 mss.
1142 5310 1206 5350 ac
1231 5304 1340 5350 vet.
1367 5294 1500 5349 edit.
1527 5309 1760 5349 consen-

162 5366 293 5419 tiunt
321 5381 336 5427 ;
363 5381 484 5419 eum
515 5380 641 5420 veru
667 5363 796 5418 edit.
826 5366 979 5420 Rom.
1011 5366 1226 5422 invertit
1257 5369 1308 5421 in
1336 5367 1480 5421 hunc
1505 5368 1752 5428 modum,

159 5438 547 5508 intelligendum
578 5437 642 5490 sit
664 5454 681 5499 ;
710 5437 950 5506 quoniam
972 5449 1018 5492 et
1044 5450 1280 5508 parentes
1306 5455 1408 5493 non
1437 5449 1612 5493 carent
1641 5439 1758 5506 lap-

159 5526 222 5563 su
245 5553 256 5566 .
292 5526 382 5564 nec
425 5521 698 5575 conceptus
743 5509 1024 5578 iniquitatis
1054 5525 1228 5565 exsors
1271 5521 1364 5565 est.
1405 5510 1542 5564 Nam
1582 5511 1627 5564 si
1667 5527 1758 5563 nec

162 5583 316 5634 unius
343 5583 444 5654 diei
476 5582 648 5649 infans
678 5582 788 5634 sine
815 5595 1020 5654 peccato
1045 5592 1115 5634 est
1135 5623 1148 5645 ,
1183 5584 1343 5636 multo
1371 5583 1534 5654 magis
1565 5599 1656 5636 nec
1678 5582 1758 5635 illi

162 5653 381 5707 materni
411 5660 684 5720 conceptus
711 5654 818 5706 dies
844 5653 956 5706 sine
1001 5663 1203 5720 peccato
1233 5663 1366 5706 sunt.
1404 5653 1607 5707 Bonum
1636 5654 1754 5720 qui-

165 5723 281 5797 dein
307 5725 608 5797 conjugium
627 5764 643 5786 ,
672 5733 851 5797 sancta
891 5722 1079 5797 copula
1099 5765 1113 5784 ,
1144 5724 1266 5797 quia
1302 5726 1599 5780 honorabile
1635 5742 1760 5778 con-

167 5795 372 5848 nubium
396 5795 411 5862 ,
442 5807 490 5848 et
519 5798 696 5848 thorus
723 5795 1084 5866 immaculatus
1110 5809 1129 5846 :
1151 5796 1241 5849 sed
1268 5807 1438 5852 tamen
1465 5799 1548 5866 qui
1576 5798 1763 5851 habent

167 5879 382 5934 uxores,
419 5867 494 5922 ita
535 5867 637 5920 sint
675 5881 736 5918 ac
761 5865 808 5920 si
845 5882 948 5921 non
971 5865 1243 5936 habentes;
1267 5878 1314 5923 et
1360 5865 1506 5924 nemo
1544 5868 1762 5924 alterum

459 5959 739 6023 Panos.
807 5959 980 6024 XIV.

1871 4745 1902 4798 7
1925 4755 1973 4800 et
1999 4747 2153 4816 seq.).
2178 4743 2506 4799 Vulneratus
2530 4743 2693 4816 igitur
2722 4744 3006 4800 cbaritatis
3034 4744 3284 4810 vulnere,
3313 4753 3369 4799 et
3399 4743 3482 4799 itt-

1865 4936 2116 5007 fraudare
2142 4935 2325 5000 debet,
2350 4938 2451 4991 nisi
2480 4938 2611 5008 forte
2632 4938 2702 4992 ad
2725 4946 2924 5004 tempus
2944 4978 2959 5001 ,
2993 4945 3047 4990 ut
3071 4945 3250 4991 uacent
3270 4939 3474 5008 roratio-

1870 5009 1958 5067 ni,
1995 5018 2040 5061 et
2083 5008 2272 5062 iterum
2319 5009 2371 5062 in
2418 5026 2573 5062 unum
2619 5013 2913 5068 conuenire.
2948 5023 3012 5062 ne
3052 5018 3202 5062 tentet
3251 5007 3477 5068 Satanas

1867 5090 2078 5151 propter
2104 5080 2548 5134 incontinentiam.
2579 5079 2910 5150 Concipimur
2932 5097 3051 5151 ergo
3077 5082 3361 5151 inprecatis
3381 5101 3473 5148 pa-

1867 5150 2108 5214 rentum,
2155 5161 2204 5207 et
2249 5153 2302 5204 in
2342 5153 2540 5207 delictis
2582 5171 2756 5205 eorum
2803 5150 3082 5205 nascimur.
3119 5150 3224 5206 Sed
3274 5163 3320 5206 et
3365 5155 3474 5218 ipse

1870 5232 2050 5291 partus
2091 5223 2238 5278 habet
2266 5227 2504 5295 contagia
2533 5241 2632 5278 sua
2652 5269 2664 5283 .
2697 5241 2788 5295 nec
2814 5226 3345 5295 ununttantummodo
3378 5227 3472 5280 ha-

1868 5295 1946 5348 bet
1977 5296 2090 5368 ipsa
2134 5305 2319 5349 natura
2342 5292 2654 5368 contagium.
2697 5294 2845 5368 Unde
2868 5296 2920 5368 in
2949 5292 3084 5366 Lege
3111 5296 3425 5368 diespartus
3453 5340 3467 5358 ,

1869 5375 1914 5419 et
1944 5366 2173 5438 plerique
2206 5368 2298 5422 alii
2336 5387 2367 5422 a
2414 5366 2674 5437 sacriﬁcio
2706 5366 2877 5433 feriati
2909 5380 3069 5421 sunt:
3115 5367 3295 5420 mulier
3332 5371 3468 5422 enim

1864 5453 1980 5510 θείω
2017 5437 2274 5508 generauit
2298 5482 2310 5501 ,
2343 5457 2442 5494 non
2488 5449 2648 5510 potest
2695 5439 2746 5491 in
2785 5437 2964 5492 diebus
3007 5440 3323 5510 purgationis
3362 5457 3471 5495 suae

1865 5507 2055 5576 offerre
2091 5513 2440 5577 sacriﬁcium,
2477 5507 2567 5564 nec
2611 5510 2810 5581 ingredi
2857 5507 3264 5578 Sanctuarium,
3307 5512 3470 5566 donec

1867 5581 2094 5652 legitimo
2123 5584 2225 5637 ritu
2253 5586 2528 5637 mandetur
2550 5599 2579 5634 a
2605 5581 2732 5649 fetu.

1941 5649 1967 5688 ἀ
2002 5653 2074 5728 Ila
2108 5653 2486 5728 mss.ac_edit.
2519 5669 2745 5728 omnes,
2778 5664 3001 5722 excepta
3033 5652 3188 5728 ltum.
3216 5653 3304 5728 ubi
3335 5654 3467 5728 legi-

1870 5732 1994 5779 tur:
2027 5723 2293 5796 Numquid
2328 5725 2651 5780 Hieremias?
2681 5723 2804 5778 Non
2830 5728 3018 5790 utique.
3052 5723 3153 5778 Ille
3181 5727 3314 5779 enim
3360 5723 3464 5782 non

1871 5797 1926 5869 in
1947 5795 2454 5868 gentibuspmplteta
2485 5799 2776 5866 propositus
2801 5839 2814 5863 ,
2844 5798 2932 5869 sed
2957 5798 3008 5849 in
3029 5795 3217 5852 Juda’a
3235 5808 3431 5853 tantum
3450 5843 3465 5869 ,

1874 5868 1990 5923 licet
2015 5884 2150 5922 nunc
2178 5869 2333 5923 etiam
2367 5871 2420 5924 in
2451 5869 2833 5925 nationibus....
2871 5867 2996 5922 Vide
3025 5870 3182 5943 igitur
3203 5913 3216 5938 ,
3249 5881 3355 5926 etc.

2874 5967 2879 5994 ‘
2907 5963 2988 6026 28
