  <div class='ocr_page' id='page_1' title='image "/cluster/home/n/w/nwhite01/storage/ocr_20150623/14/hvd.32044015471303/444.png"; bbox 0 0 4042 6378; ppageno 0'>
   <div class='ocr_carea' id='block_1_1' title="bbox 60 331 1778 402">
    <p class='ocr_par' dir='ltr' id='par_1_1' title="bbox 60 331 1778 402">
     <span class='ocr_line' id='line_1_1' title="bbox 60 331 1778 402; baseline 0.005 -12"><span class='ocrx_word' id='word_1_1' title='bbox 60 331 196 390; x_wconf 76' lang='lat' dir='ltr'><strong><em>S77</em></strong></span> <span class='ocrx_word' id='word_1_2' title='bbox 1266 336 1613 402; x_wconf 76' lang='lat' dir='ltr'><strong><em>APOLOGIA</em></strong></span> <span class='ocrx_word' id='word_1_3' title='bbox 1657 337 1778 399; x_wconf 67' lang='lat' dir='ltr'><strong><em>PM</em></strong></span> 
     </span>
    </p>
   </div>
   <div class='ocr_carea' id='block_1_2' title="bbox 1899 331 2323 402">
    <p class='ocr_par' dir='ltr' id='par_1_2' title="bbox 1899 336 2323 399">
     <span class='ocr_line' id='line_1_2' title="bbox 1899 336 2323 399; baseline -0.005 -1"><span class='ocrx_word' id='word_1_4' title='bbox 1899 338 2052 398; x_wconf 66' lang='lat' dir='ltr'><strong><em>ETE</em></strong></span> <span class='ocrx_word' id='word_1_5' title='bbox 2091 336 2323 399; x_wconf 67' lang='lat' dir='ltr'><strong><em>BAVID.</em></strong></span> 
     </span>
    </p>
   </div>
   <div class='ocr_carea' id='block_1_3' title="bbox 60 456 1826 530">
    <p class='ocr_par' dir='ltr' id='par_1_3' title="bbox 60 456 1826 530">
     <span class='ocr_line' id='line_1_3' title="bbox 60 456 1826 530; baseline 0.003 -24"><span class='ocrx_word' id='word_1_6' title='bbox 60 464 122 506; x_wconf 83' lang='lat' dir='ltr'><strong><em>et</em></strong></span> <span class='ocrx_word' id='word_1_7' title='bbox 165 470 404 511; x_wconf 86' lang='lat' dir='ltr'><strong><em>omnes</em></strong></span> <span class='ocrx_word' id='word_1_8' title='bbox 429 456 722 530; x_wconf 94' lang='lat' dir='ltr'><strong><em>iniquitates</em></strong></span> <span class='ocrx_word' id='word_1_9' title='bbox 752 473 889 512; x_wconf 79' lang='lat' dir='ltr'><strong><em>meas</em></strong></span> <span class='ocrx_word' id='word_1_10' title='bbox 939 456 1049 512; x_wconf 84' lang='lat' dir='ltr'><strong><em>dele</em></strong></span> <span class='ocrx_word' id='word_1_11' title='bbox 1099 456 1273 530; x_wconf 84' lang='lat' dir='ltr'><strong><em>(Psat.</em></strong></span> <span class='ocrx_word' id='word_1_12' title='bbox 1305 474 1357 519; x_wconf 81' lang='grc' dir='ltr'>ι,</span> <span class='ocrx_word' id='word_1_13' title='bbox 1393 457 1505 528; x_wconf 86' lang='lat' dir='ltr'><strong><em>ll).</em></strong></span> <span class='ocrx_word' id='word_1_14' title='bbox 1537 456 1744 512; x_wconf 87' lang='lat' dir='ltr'><strong><em>Usitata</em></strong></span> <span class='ocrx_word' id='word_1_15' title='bbox 1775 457 1826 517; x_wconf 77' lang='grc' dir='ltr'><strong>Δ</strong></span> 
     </span>
    </p>
   </div>
   <div class='ocr_carea' id='block_1_4' title="bbox 67 547 1746 619">
    <p class='ocr_par' dir='ltr' id='par_1_4' title="bbox 67 547 1746 619">
     <span class='ocr_line' id='line_1_4' title="bbox 67 547 1746 619; baseline 0.002 -21"><span class='ocrx_word' id='word_1_16' title='bbox 67 553 179 600; x_wconf 84' lang='lat' dir='ltr'><strong><em>est</em></strong></span> <span class='ocrx_word' id='word_1_17' title='bbox 228 547 604 618; x_wconf 81' lang='lat' dir='ltr'><strong><em>deprecatio,</em></strong></span> <span class='ocrx_word' id='word_1_18' title='bbox 633 558 693 604; x_wconf 90' lang='lat' dir='ltr'><strong><em>ut</em></strong></span> <span class='ocrx_word' id='word_1_19' title='bbox 720 564 815 604; x_wconf 87' lang='lat' dir='ltr'><strong><em>eos</em></strong></span> <span class='ocrx_word' id='word_1_20' title='bbox 844 564 981 619; x_wconf 90' lang='lat' dir='ltr'><strong><em>quos</em></strong></span> <span class='ocrx_word' id='word_1_21' title='bbox 1002 549 1258 613; x_wconf 69' lang='lat' dir='ltr'><strong><em>lassimus,</em></strong></span> <span class='ocrx_word' id='word_1_22' title='bbox 1293 548 1535 606; x_wconf 80' lang='lat' dir='ltr'><strong><em>oblivisci</em></strong></span> <span class='ocrx_word' id='word_1_23' title='bbox 1572 548 1746 614; x_wconf 77' lang='lat' dir='ltr'><strong><em>oﬂ&#39;cn-</em></strong></span> 
     </span>
    </p>
   </div>
   <div class='ocr_carea' id='block_1_5' title="bbox 71 640 1747 712">
    <p class='ocr_par' dir='ltr' id='par_1_5' title="bbox 71 640 1747 712">
     <span class='ocr_line' id='line_1_5' title="bbox 71 640 1747 712; baseline 0.002 -22"><span class='ocrx_word' id='word_1_24' title='bbox 71 640 301 694; x_wconf 82' lang='lat' dir='ltr'><strong><em>sionis</em></strong></span> <span class='ocrx_word' id='word_1_25' title='bbox 377 643 609 712; x_wconf 72' lang='lat' dir='ltr'><strong><em>propria:</em></strong></span> <span class='ocrx_word' id='word_1_26' title='bbox 663 642 1015 710; x_wconf 72' lang='lat' dir='ltr'><strong><em>postulamus.</em></strong></span> <span class='ocrx_word' id='word_1_27' title='bbox 1076 641 1352 697; x_wconf 85' lang='lat' dir='ltr'><strong><em>Moraliter</em></strong></span> <span class='ocrx_word' id='word_1_28' title='bbox 1398 656 1528 712; x_wconf 81' lang='lat' dir='ltr'><strong><em>ergo</em></strong></span> <span class='ocrx_word' id='word_1_29' title='bbox 1581 642 1747 695; x_wconf 90' lang='lat' dir='ltr'><strong><em>Deum</em></strong></span> 
     </span>
    </p>
   </div>
   <div class='ocr_carea' id='block_1_6' title="bbox 75 735 1751 806">
    <p class='ocr_par' dir='ltr' id='par_1_6' title="bbox 75 735 1751 806">
     <span class='ocr_line' id='line_1_6' title="bbox 75 735 1751 806; baseline 0.002 -20"><span class='ocrx_word' id='word_1_30' title='bbox 75 745 287 803; x_wconf 76' lang='lat' dir='ltr'><strong><em>rogat</em></strong></span> <span class='ocrx_word' id='word_1_31' title='bbox 327 735 633 806; x_wconf 81' lang='lat' dir='ltr'><strong><em>PrOphcta,</em></strong></span> <span class='ocrx_word' id='word_1_32' title='bbox 663 745 721 792; x_wconf 90' lang='lat' dir='ltr'><strong><em>ut</em></strong></span> <span class='ocrx_word' id='word_1_33' title='bbox 767 746 972 792; x_wconf 88' lang='lat' dir='ltr'><strong><em>avertat</em></strong></span> <span class='ocrx_word' id='word_1_34' title='bbox 1013 736 1204 795; x_wconf 76' lang='lat' dir='ltr'><strong><em>facient</em></strong></span> <span class='ocrx_word' id='word_1_35' title='bbox 1243 752 1395 792; x_wconf 91' lang='lat' dir='ltr'><strong><em>suam</em></strong></span> <span class='ocrx_word' id='word_1_36' title='bbox 1441 753 1470 790; x_wconf 92' lang='lat' dir='ltr'><strong><em>a</em></strong></span> <span class='ocrx_word' id='word_1_37' title='bbox 1519 735 1751 805; x_wconf 83' lang='lat' dir='ltr'><strong><em>peccatis</em></strong></span> 
     </span>
    </p>
   </div>
   <div class='ocr_carea' id='block_1_7' title="bbox 81 827 1752 902">
    <p class='ocr_par' dir='ltr' id='par_1_7' title="bbox 81 827 1752 902">
     <span class='ocr_line' id='line_1_7' title="bbox 81 827 1752 902; baseline -0.001 -16"><span class='ocrx_word' id='word_1_38' title='bbox 81 827 267 896; x_wconf 73' lang='lat' dir='ltr'><strong><em>ejus,</em></strong></span> <span class='ocrx_word' id='word_1_39' title='bbox 314 840 376 884; x_wconf 89' lang='lat' dir='ltr'><strong><em>et</em></strong></span> <span class='ocrx_word' id='word_1_40' title='bbox 410 841 676 902; x_wconf 88' lang='lat' dir='ltr'><strong><em>tamquam</em></strong></span> <span class='ocrx_word' id='word_1_41' title='bbox 704 831 898 886; x_wconf 90' lang='lat' dir='ltr'><strong><em>oblivia</em></strong></span> <span class='ocrx_word' id='word_1_42' title='bbox 931 840 1281 902; x_wconf 85' lang='lat' dir='ltr'><strong><em>peccatorum</em></strong></span> <span class='ocrx_word' id='word_1_43' title='bbox 1331 830 1449 899; x_wconf 85' lang='lat' dir='ltr'><strong><em>ejus</em></strong></span> <span class='ocrx_word' id='word_1_44' title='bbox 1488 837 1752 884; x_wconf 90' lang='lat' dir='ltr'><strong><em>assumat.</em></strong></span> 
     </span>
    </p>
   </div>
   <div class='ocr_carea' id='block_1_8' title="bbox 88 921 1758 996">
    <p class='ocr_par' dir='ltr' id='par_1_8' title="bbox 88 921 1758 996">
     <span class='ocr_line' id='line_1_8' title="bbox 88 921 1758 996; baseline 0.001 -20"><span class='ocrx_word' id='word_1_45' title='bbox 88 921 228 977; x_wconf 78' lang='lat' dir='ltr'><strong><em>Sed</em></strong></span> <span class='ocrx_word' id='word_1_46' title='bbox 264 927 418 996; x_wconf 82' lang='lat' dir='ltr'><strong><em>quia</em></strong></span> <span class='ocrx_word' id='word_1_47' title='bbox 446 927 621 980; x_wconf 87' lang='lat' dir='ltr'><strong><em>omnia</em></strong></span> <span class='ocrx_word' id='word_1_48' title='bbox 651 934 878 994; x_wconf 78' lang='lat' dir='ltr'><strong>Spectat,</strong></span> <span class='ocrx_word' id='word_1_49' title='bbox 913 936 963 980; x_wconf 91' lang='lat' dir='ltr'><strong><em>et</em></strong></span> <span class='ocrx_word' id='word_1_50' title='bbox 988 925 1118 982; x_wconf 84' lang='lat' dir='ltr'><strong><em>nihil</em></strong></span> <span class='ocrx_word' id='word_1_51' title='bbox 1160 941 1282 980; x_wconf 90' lang='lat' dir='ltr'><strong><em>eum</em></strong></span> <span class='ocrx_word' id='word_1_52' title='bbox 1330 923 1590 995; x_wconf 64' lang='lat' dir='ltr'><strong><em>pratterit,</em></strong></span> <span class='ocrx_word' id='word_1_53' title='bbox 1617 923 1758 978; x_wconf 84' lang='lat' dir='ltr'><strong><em>obli-</em></strong></span> 
     </span>
    </p>
   </div>
   <div class='ocr_carea' id='block_1_9' title="bbox 3345 341 3455 398">
    <p class='ocr_par' dir='ltr' id='par_1_9' title="bbox 3345 341 3455 398">
     <span class='ocr_line' id='line_1_9' title="bbox 3345 341 3455 398; baseline -0.018 0"><span class='ocrx_word' id='word_1_54' title='bbox 3345 341 3455 398; x_wconf 78' lang='lat'><strong><em>878</em></strong></span> 
     </span>
    </p>
   </div>
   <div class='ocr_carea' id='block_1_10' title="bbox 2445 457 2854 516">
    <p class='ocr_par' dir='ltr' id='par_1_10' title="bbox 2445 457 2854 516">
     <span class='ocr_line' id='line_1_10' title="bbox 2445 457 2854 516; baseline 0 0"><span class='ocrx_word' id='word_1_55' title='bbox 2445 457 2674 516; x_wconf 76' lang='lat' dir='ltr'><strong><em>CAPUT</em></strong></span> <span class='ocrx_word' id='word_1_56' title='bbox 2714 459 2854 516; x_wconf 73' lang='lat' dir='ltr'><strong><em>XIV.</em></strong></span> 
     </span>
    </p>
   </div>
   <div class='ocr_carea' id='block_1_11' title="bbox 1854 594 3456 671">
    <p class='ocr_par' dir='ltr' id='par_1_11' title="bbox 1854 594 3456 671">
     <span class='ocr_line' id='line_1_11' title="bbox 1854 594 3456 671; baseline 0.002 -24"><span class='ocrx_word' id='word_1_57' title='bbox 1854 594 1954 648; x_wconf 81' lang='lat' dir='ltr'><strong><em>Cor</em></strong></span> <span class='ocrx_word' id='word_1_58' title='bbox 1977 597 2226 658; x_wconf 82' lang='lat' dir='ltr'><strong><em>mundum</em></strong></span> <span class='ocrx_word' id='word_1_59' title='bbox 2253 599 2374 652; x_wconf 81' lang='lat' dir='ltr'><strong><em>solis</em></strong></span> <span class='ocrx_word' id='word_1_60' title='bbox 2398 599 2560 652; x_wconf 85' lang='lat' dir='ltr'><strong><em>inesse</em></strong></span> <span class='ocrx_word' id='word_1_61' title='bbox 2585 599 2873 664; x_wconf 76' lang='lat' dir='ltr'><strong><em>renovatis;</em></strong></span> <span class='ocrx_word' id='word_1_62' title='bbox 2901 607 3050 671; x_wconf 88' lang='lat' dir='ltr'><strong><em>atque</em></strong></span> <span class='ocrx_word' id='word_1_63' title='bbox 3065 598 3192 654; x_wconf 88' lang='lat' dir='ltr'><strong><em>inibi</em></strong></span> <span class='ocrx_word' id='word_1_64' title='bbox 3216 615 3456 670; x_wconf 81' lang='lat' dir='ltr'><strong><em>quwnam</em></strong></span> 
     </span>
    </p>
   </div>
   <div class='ocr_carea' id='block_1_12' title="bbox 1923 691 3458 761">
    <p class='ocr_par' dir='ltr' id='par_1_12' title="bbox 1923 691 3458 761">
     <span class='ocr_line' id='line_1_12' title="bbox 1923 691 3458 761; baseline 0.004 -19"><span class='ocrx_word' id='word_1_65' title='bbox 1923 691 2024 743; x_wconf 85' lang='lat' dir='ltr'><strong><em>sint</em></strong></span> <span class='ocrx_word' id='word_1_66' title='bbox 2055 691 2268 758; x_wconf 78' lang='lat' dir='ltr'><strong><em>viscera,</em></strong></span> <span class='ocrx_word' id='word_1_67' title='bbox 2301 694 2473 761; x_wconf 85' lang='lat' dir='ltr'><strong><em>quisve</em></strong></span> <span class='ocrx_word' id='word_1_68' title='bbox 2495 694 2732 761; x_wconf 79' lang='lat' dir='ltr'><strong><em>spiritus,</em></strong></span> <span class='ocrx_word' id='word_1_69' title='bbox 2757 711 2976 761; x_wconf 85' lang='lat' dir='ltr'><strong><em>quorum</em></strong></span> <span class='ocrx_word' id='word_1_70' title='bbox 3007 694 3100 747; x_wconf 90' lang='lat' dir='ltr'><strong><em>hoc</em></strong></span> <span class='ocrx_word' id='word_1_71' title='bbox 3129 693 3226 748; x_wconf 86' lang='lat' dir='ltr'><strong><em>loci</em></strong></span> <span class='ocrx_word' id='word_1_72' title='bbox 3248 702 3458 748; x_wconf 85' lang='lat' dir='ltr'><strong><em>sanctus</em></strong></span> 
     </span>
    </p>
   </div>
   <div class='ocr_carea' id='block_1_13' title="bbox 1932 782 3463 858">
    <p class='ocr_par' dir='ltr' id='par_1_13' title="bbox 1932 782 3463 858">
     <span class='ocr_line' id='line_1_13' title="bbox 1932 782 3463 858; baseline 0.002 -23"><span class='ocrx_word' id='word_1_73' title='bbox 1932 782 2198 854; x_wconf 86' lang='lat' dir='ltr'><strong><em>Propheta</em></strong></span> <span class='ocrx_word' id='word_1_74' title='bbox 2237 787 2502 841; x_wconf 81' lang='lat' dir='ltr'><strong><em>meminit?</em></strong></span> <span class='ocrx_word' id='word_1_75' title='bbox 2527 785 2772 841; x_wconf 81' lang='lat' dir='ltr'><strong><em>Aversum</em></strong></span> <span class='ocrx_word' id='word_1_76' title='bbox 2800 786 3011 842; x_wconf 82' lang='lat' dir='ltr'><strong><em>Domini</em></strong></span> <span class='ocrx_word' id='word_1_77' title='bbox 3048 788 3260 850; x_wconf 81' lang='lat' dir='ltr'><strong><em>vultum,</em></strong></span> <span class='ocrx_word' id='word_1_78' title='bbox 3294 786 3463 858; x_wconf 84' lang='lat' dir='ltr'><strong><em>gravis</em></strong></span> 
     </span>
    </p>
   </div>
   <div class='ocr_carea' id='block_1_14' title="bbox 1929 880 3462 952">
    <p class='ocr_par' dir='ltr' id='par_1_14' title="bbox 1929 880 3462 952">
     <span class='ocr_line' id='line_1_14' title="bbox 1929 880 3462 952; baseline 0.001 -21"><span class='ocrx_word' id='word_1_79' title='bbox 1929 880 2175 948; x_wconf 74' lang='lat' dir='ltr'><strong><em>supplicii</em></strong></span> <span class='ocrx_word' id='word_1_80' title='bbox 2214 881 2324 933; x_wconf 88' lang='lat' dir='ltr'><strong><em>loco</em></strong></span> <span class='ocrx_word' id='word_1_81' title='bbox 2349 897 2496 948; x_wconf 79' lang='lat' dir='ltr'><strong><em>esse;</em></strong></span> <span class='ocrx_word' id='word_1_82' title='bbox 2518 891 2566 934; x_wconf 90' lang='lat' dir='ltr'><strong><em>et</em></strong></span> <span class='ocrx_word' id='word_1_83' title='bbox 2587 882 2840 952; x_wconf 83' lang='lat' dir='ltr'><strong><em>quomodo</em></strong></span> <span class='ocrx_word' id='word_1_84' title='bbox 2863 880 3000 934; x_wconf 88' lang='lat' dir='ltr'><strong><em>idem</em></strong></span> <span class='ocrx_word' id='word_1_85' title='bbox 3025 900 3055 934; x_wconf 91' lang='lat' dir='ltr'><strong><em>a</em></strong></span> <span class='ocrx_word' id='word_1_86' title='bbox 3078 881 3211 952; x_wconf 80' lang='lat' dir='ltr'><strong><em>{acie</em></strong></span> <span class='ocrx_word' id='word_1_87' title='bbox 3231 897 3323 935; x_wconf 87' lang='lat' dir='ltr'><strong><em>sua</em></strong></span> <span class='ocrx_word' id='word_1_88' title='bbox 3342 896 3462 950; x_wconf 88' lang='lat' dir='ltr'><strong><em>pro-</em></strong></span> 
     </span>
    </p>
   </div>
   <div class='ocr_carea' id='block_1_15' title="bbox 1923 971 3464 1044">
    <p class='ocr_par' dir='ltr' id='par_1_15' title="bbox 1923 971 3464 1044">
     <span class='ocr_line' id='line_1_15' title="bbox 1923 971 3464 1044; baseline 0.002 -21"><span class='ocrx_word' id='word_1_89' title='bbox 1923 971 2118 1042; x_wconf 78' lang='lat' dir='ltr'><strong><em>jiciat?</em></strong></span> <span class='ocrx_word' id='word_1_90' title='bbox 2172 971 2522 1026; x_wconf 73' lang='lat' dir='ltr'><strong><em>Atrocissinta:</em></strong></span> <span class='ocrx_word' id='word_1_91' title='bbox 2586 972 2704 1027; x_wconf 83' lang='lat' dir='ltr'><strong><em>huic</em></strong></span> <span class='ocrx_word' id='word_1_92' title='bbox 2759 990 2921 1044; x_wconf 67' lang='lat' dir='ltr'><strong><em>preme</em></strong></span> <span class='ocrx_word' id='word_1_93' title='bbox 2969 973 3176 1042; x_wconf 84' lang='lat' dir='ltr'><strong><em>quinam</em></strong></span> <span class='ocrx_word' id='word_1_94' title='bbox 3217 973 3464 1027; x_wconf 67' lang='lat' dir='ltr'><strong><em>obnoxii?</em></strong></span> 
     </span>
    </p>
   </div>
   <div class='ocr_carea' id='block_1_16' title="bbox 96 1014 1758 1090">
    <p class='ocr_par' dir='ltr' id='par_1_16' title="bbox 96 1014 1758 1090">
     <span class='ocr_line' id='line_1_16' title="bbox 96 1014 1758 1090; baseline -0.002 -20"><span class='ocrx_word' id='word_1_95' title='bbox 96 1015 262 1070; x_wconf 82' lang='lat' dir='ltr'><strong><em>visci</em></strong></span> <span class='ocrx_word' id='word_1_96' title='bbox 342 1034 457 1073; x_wconf 63' lang='lat' dir='ltr'><strong><em>non</em></strong></span> <span class='ocrx_word' id='word_1_97' title='bbox 507 1027 704 1090; x_wconf 88' lang='lat' dir='ltr'><strong><em>potest,</em></strong></span> <span class='ocrx_word' id='word_1_98' title='bbox 732 1017 870 1073; x_wconf 88' lang='lat' dir='ltr'><strong><em>sicut</em></strong></span> <span class='ocrx_word' id='word_1_99' title='bbox 922 1033 1043 1082; x_wconf 90' lang='lat' dir='ltr'><strong><em>nos,</em></strong></span> <span class='ocrx_word' id='word_1_100' title='bbox 1088 1032 1224 1088; x_wconf 88' lang='lat' dir='ltr'><strong><em>quos</em></strong></span> <span class='ocrx_word' id='word_1_101' title='bbox 1276 1017 1424 1072; x_wconf 84' lang='lat' dir='ltr'><strong>brevi</strong></span> <span class='ocrx_word' id='word_1_102' title='bbox 1473 1014 1758 1070; x_wconf 86' lang='lat' dir='ltr'><strong><em>intervallo</em></strong></span> 
     </span>
    </p>
   </div>
   <div class='ocr_carea' id='block_1_17' title="bbox 97 1107 1760 1179">
    <p class='ocr_par' dir='ltr' id='par_1_17' title="bbox 97 1107 1760 1179">
     <span class='ocr_line' id='line_1_17' title="bbox 97 1107 1760 1179; baseline -0.002 -17"><span class='ocrx_word' id='word_1_103' title='bbox 97 1110 418 1179; x_wconf 77' lang='lat' dir='ltr'><strong><em>temporis</em></strong></span> <span class='ocrx_word' id='word_1_104' title='bbox 441 1125 624 1162; x_wconf 88' lang='lat' dir='ltr'><strong><em>eorum</em></strong></span> <span class='ocrx_word' id='word_1_105' title='bbox 653 1125 770 1179; x_wconf 81' lang='lat' dir='ltr'><strong><em>qme</em></strong></span> <span class='ocrx_word' id='word_1_106' title='bbox 800 1111 1234 1178; x_wconf 82' lang='lat' dir='ltr'><strong><em>cognoverimus,</em></strong></span> <span class='ocrx_word' id='word_1_107' title='bbox 1262 1109 1522 1168; x_wconf 81' lang='lat' dir='ltr'><strong><em>memoria</em></strong></span> <span class='ocrx_word' id='word_1_108' title='bbox 1549 1107 1760 1162; x_wconf 89' lang='lat' dir='ltr'><strong><em>subter-</em></strong></span> 
     </span>
    </p>
   </div>
   <div class='ocr_carea' id='block_1_18' title="bbox 99 1199 1760 1271">
    <p class='ocr_par' dir='ltr' id='par_1_18' title="bbox 99 1199 1760 1271">
     <span class='ocr_line' id='line_1_18' title="bbox 99 1199 1760 1271; baseline 0.001 -17"><span class='ocrx_word' id='word_1_109' title='bbox 99 1201 291 1271; x_wconf 79' lang='lat' dir='ltr'><strong><em>fugir.</em></strong></span> <span class='ocrx_word' id='word_1_110' title='bbox 337 1199 472 1256; x_wconf 78' lang='lat' dir='ltr'><strong><em>Ideo</em></strong></span> <span class='ocrx_word' id='word_1_111' title='bbox 500 1201 638 1256; x_wconf 88' lang='lat' dir='ltr'><strong><em>bene</em></strong></span> <span class='ocrx_word' id='word_1_112' title='bbox 682 1202 758 1256; x_wconf 87' lang='lat' dir='ltr'><strong>ait</strong></span> <span class='ocrx_word' id='word_1_113' title='bbox 809 1215 865 1258; x_wconf 90' lang='lat' dir='ltr'><strong><em>ut</em></strong></span> <span class='ocrx_word' id='word_1_114' title='bbox 897 1203 1087 1260; x_wconf 76' lang='lat' dir='ltr'><strong><em>faciem</em></strong></span> <span class='ocrx_word' id='word_1_115' title='bbox 1115 1219 1268 1260; x_wconf 88' lang='lat' dir='ltr'><strong><em>suam</em></strong></span> <span class='ocrx_word' id='word_1_116' title='bbox 1294 1211 1521 1266; x_wconf 85' lang='lat' dir='ltr'><strong>avertat,</strong></span> <span class='ocrx_word' id='word_1_117' title='bbox 1554 1217 1661 1258; x_wconf 90' lang='lat' dir='ltr'><strong><em>non</em></strong></span> <span class='ocrx_word' id='word_1_118' title='bbox 1693 1202 1760 1255; x_wconf 89' lang='lat' dir='ltr'><strong><em>ab</em></strong></span> 
     </span>
    </p>
   </div>
   <div class='ocr_carea' id='block_1_19' title="bbox 90 1293 1762 1368">
    <p class='ocr_par' dir='ltr' id='par_1_19' title="bbox 90 1293 1762 1368">
     <span class='ocr_line' id='line_1_19' title="bbox 90 1293 1762 1368; baseline 0.001 -20"><span class='ocrx_word' id='word_1_119' title='bbox 90 1295 266 1362; x_wconf 84' lang='lat' dir='ltr'><strong><em>ipso,</em></strong></span> <span class='ocrx_word' id='word_1_120' title='bbox 308 1311 400 1349; x_wconf 77' lang='lat' dir='ltr'><strong><em>ne</em></strong></span> <span class='ocrx_word' id='word_1_121' title='bbox 430 1293 647 1364; x_wconf 81' lang='lat' dir='ltr'><strong><em>deﬁciat</em></strong></span> <span class='ocrx_word' id='word_1_122' title='bbox 692 1297 983 1366; x_wconf 78' lang='lat' dir='ltr'><strong><em>destitutus</em></strong></span> <span class='ocrx_word' id='word_1_123' title='bbox 1012 1315 1024 1350; x_wconf 91' lang='lat'>:</span> <span class='ocrx_word' id='word_1_124' title='bbox 1058 1297 1150 1354; x_wconf 90' lang='lat' dir='ltr'><strong><em>sed</em></strong></span> <span class='ocrx_word' id='word_1_125' title='bbox 1175 1314 1204 1351; x_wconf 69' lang='grc' dir='ltr'><strong><em>ιι</em></strong></span> <span class='ocrx_word' id='word_1_126' title='bbox 1239 1299 1494 1367; x_wconf 81' lang='lat' dir='ltr'><strong><em>peccatis,</em></strong></span> <span class='ocrx_word' id='word_1_127' title='bbox 1525 1306 1582 1352; x_wconf 93' lang='lat' dir='ltr'><strong><em>ut</em></strong></span> <span class='ocrx_word' id='word_1_128' title='bbox 1619 1297 1762 1368; x_wconf 83' lang='lat' dir='ltr'><strong><em>vires</em></strong></span> 
     </span>
    </p>
   </div>
   <div class='ocr_carea' id='block_1_20' title="bbox 98 1389 1761 1461">
    <p class='ocr_par' dir='ltr' id='par_1_20' title="bbox 98 1389 1761 1461">
     <span class='ocr_line' id='line_1_20' title="bbox 98 1389 1761 1461; baseline 0.003 -23"><span class='ocrx_word' id='word_1_129' title='bbox 98 1403 229 1440; x_wconf 87' lang='lat' dir='ltr'><strong><em>non</em></strong></span> <span class='ocrx_word' id='word_1_130' title='bbox 268 1390 510 1457; x_wconf 81' lang='lat' dir='ltr'><strong><em>possint</em></strong></span> <span class='ocrx_word' id='word_1_131' title='bbox 542 1389 739 1446; x_wconf 84' lang='lat' dir='ltr'><strong><em>habere</em></strong></span> <span class='ocrx_word' id='word_1_132' title='bbox 787 1401 1009 1461; x_wconf 86' lang='lat' dir='ltr'><strong><em>peccata</em></strong></span> <span class='ocrx_word' id='word_1_133' title='bbox 1042 1391 1229 1461; x_wconf 78' lang='lat' dir='ltr'><strong><em>ipsius.</em></strong></span> <span class='ocrx_word' id='word_1_134' title='bbox 1257 1391 1404 1459; x_wconf 84' lang='lat' dir='ltr'><strong><em>Quos</em></strong></span> <span class='ocrx_word' id='word_1_135' title='bbox 1444 1391 1586 1446; x_wconf 87' lang='lat' dir='ltr'><strong><em>enim</em></strong></span> <span class='ocrx_word' id='word_1_136' title='bbox 1617 1390 1761 1460; x_wconf 86' lang='lat' dir='ltr'><strong><em>aspi-</em></strong></span> 
     </span>
    </p>
   </div>
   <div class='ocr_carea' id='block_1_21' title="bbox 103 1479 1766 1552">
    <p class='ocr_par' dir='ltr' id='par_1_21' title="bbox 103 1479 1766 1552">
     <span class='ocr_line' id='line_1_21' title="bbox 103 1479 1766 1552; baseline 0.001 -19"><span class='ocrx_word' id='word_1_137' title='bbox 103 1479 199 1535; x_wconf 85' lang='lat' dir='ltr'><strong>cit</strong></span> <span class='ocrx_word' id='word_1_138' title='bbox 233 1481 549 1548; x_wconf 84' lang='lat' dir='ltr'><strong><em>Domipus,</em></strong></span> <span class='ocrx_word' id='word_1_139' title='bbox 584 1482 870 1550; x_wconf 74' lang='lat' dir='ltr'><strong><em>illuminat,</em></strong></span> <span class='ocrx_word' id='word_1_140' title='bbox 904 1493 955 1538; x_wconf 89' lang='lat' dir='ltr'><strong><em>et</em></strong></span> <span class='ocrx_word' id='word_1_141' title='bbox 985 1485 1037 1537; x_wconf 90' lang='lat' dir='ltr'><strong><em>in</em></strong></span> <span class='ocrx_word' id='word_1_142' title='bbox 1071 1483 1218 1538; x_wconf 87' lang='lat' dir='ltr'><strong><em>vultu</em></strong></span> <span class='ocrx_word' id='word_1_143' title='bbox 1250 1482 1460 1538; x_wconf 87' lang='lat' dir='ltr'><strong><em>Domini</em></strong></span> <span class='ocrx_word' id='word_1_144' title='bbox 1493 1485 1664 1552; x_wconf 79' lang='lat' dir='ltr'><strong><em>pietas</em></strong></span> <span class='ocrx_word' id='word_1_145' title='bbox 1691 1493 1766 1536; x_wconf 91' lang='lat' dir='ltr'><strong><em>at-</em></strong></span> 
     </span>
    </p>
   </div>
   <div class='ocr_carea' id='block_1_22' title="bbox 112 1574 1767 1646">
    <p class='ocr_par' dir='ltr' id='par_1_22' title="bbox 112 1574 1767 1646">
     <span class='ocr_line' id='line_1_22' title="bbox 112 1574 1767 1646; baseline 0.001 -19"><span class='ocrx_word' id='word_1_146' title='bbox 112 1589 246 1642; x_wconf 85' lang='lat' dir='ltr'><strong><em>que</em></strong></span> <span class='ocrx_word' id='word_1_147' title='bbox 296 1574 647 1645; x_wconf 76' lang='lat' dir='ltr'><strong><em>indulgentia</em></strong></span> <span class='ocrx_word' id='word_1_148' title='bbox 691 1585 792 1630; x_wconf 90' lang='lat' dir='ltr'><strong><em>est.</em></strong></span> <span class='ocrx_word' id='word_1_149' title='bbox 826 1575 1057 1646; x_wconf 86' lang='lat' dir='ltr'><strong><em>ideoque</em></strong></span> <span class='ocrx_word' id='word_1_150' title='bbox 1089 1575 1177 1631; x_wconf 88' lang='lat' dir='ltr'><strong><em>hic</em></strong></span> <span class='ocrx_word' id='word_1_151' title='bbox 1218 1576 1333 1646; x_wconf 89' lang='lat' dir='ltr'><strong><em>ipse</em></strong></span> <span class='ocrx_word' id='word_1_152' title='bbox 1360 1577 1469 1630; x_wconf 87' lang='lat' dir='ltr'><strong>ait:</strong></span> <span class='ocrx_word' id='word_1_153' title='bbox 1502 1574 1579 1630; x_wconf 83' lang='lat' dir='ltr'><strong><em>Da</em></strong></span> <span class='ocrx_word' id='word_1_154' title='bbox 1625 1574 1767 1629; x_wconf 82' lang='lat' dir='ltr'><strong><em>uultu</em></strong></span> 
     </span>
    </p>
   </div>
   <div class='ocr_carea' id='block_1_23' title="bbox 118 1667 1768 1741">
    <p class='ocr_par' dir='ltr' id='par_1_23' title="bbox 118 1667 1768 1741">
     <span class='ocr_line' id='line_1_23' title="bbox 118 1667 1768 1741; baseline 0.001 -23"><span class='ocrx_word' id='word_1_155' title='bbox 118 1675 228 1724; x_wconf 80' lang='lat' dir='ltr'><strong><em>tuo</em></strong></span> <span class='ocrx_word' id='word_1_156' title='bbox 275 1669 555 1741; x_wconf 84' lang='lat' dir='ltr'><strong><em>judicium</em></strong></span> <span class='ocrx_word' id='word_1_157' title='bbox 588 1686 755 1723; x_wconf 87' lang='lat' dir='ltr'><strong><em>meum</em></strong></span> <span class='ocrx_word' id='word_1_158' title='bbox 799 1669 1014 1738; x_wconf 82' lang='lat' dir='ltr'><strong><em>prodeat</em></strong></span> <span class='ocrx_word' id='word_1_159' title='bbox 1053 1667 1226 1740; x_wconf 84' lang='lat' dir='ltr'><strong><em>(Psal.</em></strong></span> <span class='ocrx_word' id='word_1_160' title='bbox 1272 1685 1379 1733; x_wconf 75' lang='lat' dir='ltr'><strong><em>XVI,</em></strong></span> <span class='ocrx_word' id='word_1_161' title='bbox 1407 1668 1490 1738; x_wconf 71' lang='grc'><strong>2),</strong></span> <span class='ocrx_word' id='word_1_162' title='bbox 1521 1668 1587 1722; x_wconf 89' lang='lat' dir='ltr'><strong><em>de</em></strong></span> <span class='ocrx_word' id='word_1_163' title='bbox 1617 1667 1768 1721; x_wconf 90' lang='lat' dir='ltr'><strong><em>vultu</em></strong></span> 
     </span>
    </p>
   </div>
   <div class='ocr_carea' id='block_1_24' title="bbox 122 1759 1770 1831">
    <p class='ocr_par' dir='ltr' id='par_1_24' title="bbox 122 1759 1770 1831">
     <span class='ocr_line' id='line_1_24' title="bbox 122 1759 1770 1831; baseline -0.001 -15"><span class='ocrx_word' id='word_1_164' title='bbox 122 1760 300 1828; x_wconf 81' lang='lat' dir='ltr'><strong><em>enim</em></strong></span> <span class='ocrx_word' id='word_1_165' title='bbox 338 1761 552 1831; x_wconf 81' lang='lat' dir='ltr'><strong><em>Domini</em></strong></span> <span class='ocrx_word' id='word_1_166' title='bbox 580 1762 758 1830; x_wconf 84' lang='lat' dir='ltr'><strong><em>venia,</em></strong></span> <span class='ocrx_word' id='word_1_167' title='bbox 780 1777 886 1815; x_wconf 88' lang='lat' dir='ltr'><strong><em>non</em></strong></span> <span class='ocrx_word' id='word_1_168' title='bbox 913 1777 1068 1831; x_wconf 76' lang='lat' dir='ltr'><strong><em>pmna</em></strong></span> <span class='ocrx_word' id='word_1_169' title='bbox 1095 1759 1658 1830; x_wconf 78' lang='lat' dir='ltr'><strong><em>procedit.Rogandus</em></strong></span> <span class='ocrx_word' id='word_1_170' title='bbox 1684 1768 1770 1822; x_wconf 85' lang='lat' dir='ltr'><strong><em>est</em></strong></span> 
     </span>
    </p>
   </div>
   <div class='ocr_carea' id='block_1_25' title="bbox 1937 1063 3464 1138">
    <p class='ocr_par' dir='ltr' id='par_1_25' title="bbox 1937 1063 3464 1138">
     <span class='ocr_line' id='line_1_25' title="bbox 1937 1063 3464 1138; baseline 0.003 -21"><span class='ocrx_word' id='word_1_171' title='bbox 1937 1063 2058 1117; x_wconf 87' lang='lat' dir='ltr'><strong><em>Post</em></strong></span> <span class='ocrx_word' id='word_1_172' title='bbox 2086 1081 2201 1136; x_wconf 71' lang='lat' dir='ltr'><strong><em>qua:</em></strong></span> <span class='ocrx_word' id='word_1_173' title='bbox 2250 1063 2486 1118; x_wconf 81' lang='lat' dir='ltr'><strong><em>nonnihil</em></strong></span> <span class='ocrx_word' id='word_1_174' title='bbox 2513 1066 2879 1138; x_wconf 77' lang='lat' dir='ltr'><strong><em>perstringitur</em></strong></span> <span class='ocrx_word' id='word_1_175' title='bbox 2899 1067 2959 1120; x_wconf 84' lang='lat' dir='ltr'><strong><em>de</em></strong></span> <span class='ocrx_word' id='word_1_176' title='bbox 2985 1067 3216 1119; x_wconf 78' lang='lat' dir='ltr'><strong><em>libertate</em></strong></span> <span class='ocrx_word' id='word_1_177' title='bbox 3246 1081 3306 1119; x_wconf 89' lang='lat' dir='ltr'><strong><em>ac</em></strong></span> <span class='ocrx_word' id='word_1_178' title='bbox 3345 1065 3464 1122; x_wconf 77' lang='lat' dir='ltr'><strong><em>uni-</em></strong></span> 
     </span>
    </p>
   </div>
   <div class='ocr_carea' id='block_1_26' title="bbox 1936 1156 2700 1211">
    <p class='ocr_par' dir='ltr' id='par_1_26' title="bbox 1936 1156 2700 1211">
     <span class='ocr_line' id='line_1_26' title="bbox 1936 1156 2700 1211; baseline 0 -1"><span class='ocrx_word' id='word_1_179' title='bbox 1936 1167 2037 1211; x_wconf 87' lang='lat' dir='ltr'><strong><em>tate</em></strong></span> <span class='ocrx_word' id='word_1_180' title='bbox 2061 1158 2332 1211; x_wconf 82' lang='lat' dir='ltr'><strong><em>roluntatis</em></strong></span> <span class='ocrx_word' id='word_1_181' title='bbox 2355 1157 2406 1210; x_wconf 90' lang='lat' dir='ltr'><strong><em>in</em></strong></span> <span class='ocrx_word' id='word_1_182' title='bbox 2429 1156 2700 1210; x_wconf 87' lang='lat' dir='ltr'><strong><em>Trinitate.</em></strong></span> 
     </span>
    </p>
   </div>
   <div class='ocr_carea' id='block_1_27' title="bbox 1938 1293 3469 1366">
    <p class='ocr_par' dir='ltr' id='par_1_27' title="bbox 1938 1293 3469 1366">
     <span class='ocr_line' id='line_1_27' title="bbox 1938 1293 3469 1366; baseline -0.004 -14"><span class='ocrx_word' id='word_1_183' title='bbox 1938 1297 2028 1353; x_wconf 71' lang='grc'><strong><em>64.</em></strong></span> <span class='ocrx_word' id='word_1_184' title='bbox 2073 1297 2329 1366; x_wconf 79' lang='lat' dir='ltr'><strong><em>Sequitur</em></strong></span> <span class='ocrx_word' id='word_1_185' title='bbox 2362 1315 2374 1353; x_wconf 93' lang='lat'>:</span> <span class='ocrx_word' id='word_1_186' title='bbox 2408 1295 2511 1350; x_wconf 84' lang='lat' dir='ltr'><strong><em>Cor</em></strong></span> <span class='ocrx_word' id='word_1_187' title='bbox 2551 1298 2802 1350; x_wconf 85' lang='lat' dir='ltr'><strong><em>mundum</em></strong></span> <span class='ocrx_word' id='word_1_188' title='bbox 2835 1312 2952 1350; x_wconf 84' lang='lat' dir='ltr'><strong><em>crea</em></strong></span> <span class='ocrx_word' id='word_1_189' title='bbox 2996 1296 3050 1349; x_wconf 87' lang='lat' dir='ltr'><strong><em>in</em></strong></span> <span class='ocrx_word' id='word_1_190' title='bbox 3089 1313 3188 1360; x_wconf 85' lang='lat' dir='ltr'><strong><em>me,</em></strong></span> <span class='ocrx_word' id='word_1_191' title='bbox 3219 1293 3383 1356; x_wconf 87' lang='lat' dir='ltr'><strong><em>Deus,</em></strong></span> <span class='ocrx_word' id='word_1_192' title='bbox 3424 1301 3469 1347; x_wconf 84' lang='lat' dir='ltr'><strong><em>et</em></strong></span> 
     </span>
    </p>
   </div>
   <div class='ocr_carea' id='block_1_28' title="bbox 1867 1384 3468 1460">
    <p class='ocr_par' dir='ltr' id='par_1_28' title="bbox 1867 1384 3468 1460">
     <span class='ocr_line' id='line_1_28' title="bbox 1867 1384 3468 1460; baseline -0.005 -14"><span class='ocrx_word' id='word_1_193' title='bbox 1867 1393 2106 1459; x_wconf 82' lang='lat' dir='ltr'><strong><em>spiritum</em></strong></span> <span class='ocrx_word' id='word_1_194' title='bbox 2137 1402 2330 1446; x_wconf 88' lang='lat' dir='ltr'><strong><em>rectum</em></strong></span> <span class='ocrx_word' id='word_1_195' title='bbox 2353 1391 2538 1444; x_wconf 83' lang='lat' dir='ltr'><strong><em>innata</em></strong></span> <span class='ocrx_word' id='word_1_196' title='bbox 2559 1391 2612 1443; x_wconf 86' lang='lat' dir='ltr'><strong><em>in</em></strong></span> <span class='ocrx_word' id='word_1_197' title='bbox 2640 1389 2920 1444; x_wconf 78' lang='lat' dir='ltr'><strong><em>uisceribus</em></strong></span> <span class='ocrx_word' id='word_1_198' title='bbox 2943 1391 3067 1442; x_wconf 82' lang='lat' dir='ltr'><strong><em>meis</em></strong></span> <span class='ocrx_word' id='word_1_199' title='bbox 3090 1387 3264 1460; x_wconf 85' lang='lat' dir='ltr'><strong><em>(Psal.</em></strong></span> <span class='ocrx_word' id='word_1_200' title='bbox 3284 1404 3336 1453; x_wconf 76' lang='grc' dir='ltr'>ι,</span> <span class='ocrx_word' id='word_1_201' title='bbox 3355 1384 3468 1456; x_wconf 71' lang='grc' dir='ltr'><strong><em>η).</em></strong></span> 
     </span>
    </p>
   </div>
   <div class='ocr_carea' id='block_1_29' title="bbox 1870 1478 3465 1554">
    <p class='ocr_par' dir='ltr' id='par_1_29' title="bbox 1870 1478 3465 1554">
     <span class='ocr_line' id='line_1_29' title="bbox 1870 1478 3465 1554; baseline -0.004 -16"><span class='ocrx_word' id='word_1_202' title='bbox 1870 1484 2134 1554; x_wconf 85' lang='lat' dir='ltr'><strong><em>Superius</em></strong></span> <span class='ocrx_word' id='word_1_203' title='bbox 2163 1482 2411 1538; x_wconf 82' lang='lat' dir='ltr'><strong><em>mandari</em></strong></span> <span class='ocrx_word' id='word_1_204' title='bbox 2441 1482 2506 1537; x_wconf 85' lang='lat' dir='ltr'><strong><em>ab</em></strong></span> <span class='ocrx_word' id='word_1_205' title='bbox 2561 1482 2787 1536; x_wconf 87' lang='lat' dir='ltr'><strong><em>occultis</em></strong></span> <span class='ocrx_word' id='word_1_206' title='bbox 2832 1496 2890 1534; x_wconf 85' lang='lat' dir='ltr'><strong><em>se</em></strong></span> <span class='ocrx_word' id='word_1_207' title='bbox 2939 1478 3074 1549; x_wconf 85' lang='lat' dir='ltr'><strong><em>petit</em></strong></span> <span class='ocrx_word' id='word_1_208' title='bbox 3102 1478 3277 1552; x_wconf 87' lang='lat' dir='ltr'><strong><em>(Psal.</em></strong></span> <span class='ocrx_word' id='word_1_209' title='bbox 3307 1493 3465 1542; x_wconf 79' lang='grc' dir='ltr'>ινιιι,</span> 
     </span>
    </p>
   </div>
   <div class='ocr_carea' id='block_1_30' title="bbox 1873 1572 3477 1650">
    <p class='ocr_par' dir='ltr' id='par_1_30' title="bbox 1873 1572 3477 1650">
     <span class='ocr_line' id='line_1_30' title="bbox 1873 1572 3477 1650; baseline -0.007 -14"><span class='ocrx_word' id='word_1_210' title='bbox 1873 1579 1985 1650; x_wconf 76' lang='lat' dir='ltr'><strong><em>t3);</em></strong></span> <span class='ocrx_word' id='word_1_211' title='bbox 2006 1579 2092 1636; x_wconf 82' lang='lat' dir='ltr'><strong><em>bit:</em></strong></span> <span class='ocrx_word' id='word_1_212' title='bbox 2112 1578 2340 1648; x_wconf 85' lang='lat' dir='ltr'><strong><em>postulat</em></strong></span> <span class='ocrx_word' id='word_1_213' title='bbox 2368 1593 2462 1631; x_wconf 88' lang='lat' dir='ltr'><strong><em>cor</em></strong></span> <span class='ocrx_word' id='word_1_214' title='bbox 2487 1575 2742 1632; x_wconf 90' lang='lat' dir='ltr'><strong><em>mundum</em></strong></span> <span class='ocrx_word' id='word_1_215' title='bbox 2763 1573 2935 1630; x_wconf 82' lang='lat' dir='ltr'><strong><em>creari</em></strong></span> <span class='ocrx_word' id='word_1_216' title='bbox 2965 1574 3092 1637; x_wconf 84' lang='lat' dir='ltr'><strong><em>sibi,</em></strong></span> <span class='ocrx_word' id='word_1_217' title='bbox 3116 1573 3256 1643; x_wconf 89' lang='lat' dir='ltr'><strong><em>quod</em></strong></span> <span class='ocrx_word' id='word_1_218' title='bbox 3275 1572 3323 1627; x_wconf 87' lang='lat' dir='ltr'><strong><em>ei</em></strong></span> <span class='ocrx_word' id='word_1_219' title='bbox 3351 1586 3477 1640; x_wconf 86' lang='lat' dir='ltr'><strong><em>pro-</em></strong></span> 
     </span>
    </p>
   </div>
   <div class='ocr_carea' id='block_1_31' title="bbox 1873 1664 3475 1742">
    <p class='ocr_par' dir='ltr' id='par_1_31' title="bbox 1873 1664 3475 1742">
     <span class='ocr_line' id='line_1_31' title="bbox 1873 1664 3475 1742; baseline -0.005 -16"><span class='ocrx_word' id='word_1_220' title='bbox 1873 1676 2020 1730; x_wconf 86' lang='lat' dir='ltr'><strong><em>venit</em></strong></span> <span class='ocrx_word' id='word_1_221' title='bbox 2051 1673 2138 1742; x_wconf 90' lang='lat' dir='ltr'><strong><em>qui</em></strong></span> <span class='ocrx_word' id='word_1_222' title='bbox 2168 1680 2457 1728; x_wconf 82' lang='lat' dir='ltr'><strong><em>renovatur</em></strong></span> <span class='ocrx_word' id='word_1_223' title='bbox 2486 1670 2680 1740; x_wconf 86' lang='lat' dir='ltr'><strong><em>spiritu</em></strong></span> <span class='ocrx_word' id='word_1_224' title='bbox 2715 1687 2728 1722; x_wconf 90' lang='lat'>:</span> <span class='ocrx_word' id='word_1_225' title='bbox 2761 1668 2813 1723; x_wconf 91' lang='lat' dir='ltr'><strong><em>in</em></strong></span> <span class='ocrx_word' id='word_1_226' title='bbox 2859 1682 3000 1721; x_wconf 90' lang='lat' dir='ltr'><strong><em>novo</em></strong></span> <span class='ocrx_word' id='word_1_227' title='bbox 3053 1664 3197 1721; x_wconf 87' lang='lat' dir='ltr'><strong><em>enim</em></strong></span> <span class='ocrx_word' id='word_1_228' title='bbox 3253 1664 3475 1718; x_wconf 90' lang='lat' dir='ltr'><strong><em>homine</em></strong></span> 
     </span>
    </p>
   </div>
   <div class='ocr_carea' id='block_1_32' title="bbox 1873 1757 3477 1835">
    <p class='ocr_par' dir='ltr' id='par_1_32' title="bbox 1873 1757 3477 1835">
     <span class='ocr_line' id='line_1_32' title="bbox 1873 1757 3477 1835; baseline -0.009 -10"><span class='ocrx_word' id='word_1_229' title='bbox 1873 1783 1970 1826; x_wconf 84' lang='lat' dir='ltr'><strong><em>cor</em></strong></span> <span class='ocrx_word' id='word_1_230' title='bbox 2003 1767 2260 1822; x_wconf 89' lang='lat' dir='ltr'><strong><em>mumlnm</em></strong></span> <span class='ocrx_word' id='word_1_231' title='bbox 2286 1775 2388 1832; x_wconf 63' lang='lat' dir='ltr'><strong><em>est,</em></strong></span> <span class='ocrx_word' id='word_1_232' title='bbox 2421 1765 2476 1819; x_wconf 91' lang='lat' dir='ltr'><strong><em>in</em></strong></span> <span class='ocrx_word' id='word_1_233' title='bbox 2506 1780 2614 1835; x_wconf 88' lang='lat' dir='ltr'><strong><em>quo</em></strong></span> <span class='ocrx_word' id='word_1_234' title='bbox 2640 1772 2886 1818; x_wconf 78' lang='lat' dir='ltr'><strong><em>veterum</em></strong></span> <span class='ocrx_word' id='word_1_235' title='bbox 2933 1761 3257 1816; x_wconf 83' lang='lat' dir='ltr'><strong><em>delictorum</em></strong></span> <span class='ocrx_word' id='word_1_236' title='bbox 3314 1757 3477 1813; x_wconf 81' lang='lat' dir='ltr'><strong><em>fuerit</em></strong></span> 
     </span>
    </p>
   </div>
   <div class='ocr_carea' id='block_1_33' title="bbox 119 1851 3476 1927">
    <p class='ocr_par' dir='ltr' id='par_1_33' title="bbox 119 1851 3476 1927">
     <span class='ocr_line' id='line_1_33' title="bbox 119 1851 3476 1927; baseline 0 -21"><span class='ocrx_word' id='word_1_237' title='bbox 119 1867 278 1922; x_wconf 85' lang='lat' dir='ltr'><strong><em>ergo</em></strong></span> <span class='ocrx_word' id='word_1_238' title='bbox 317 1863 382 1908; x_wconf 90' lang='lat' dir='ltr'><strong><em>ut</em></strong></span> <span class='ocrx_word' id='word_1_239' title='bbox 430 1869 527 1908; x_wconf 91' lang='lat' dir='ltr'><strong><em>nos</em></strong></span> <span class='ocrx_word' id='word_1_240' title='bbox 554 1854 812 1924; x_wconf 77' lang='lat' dir='ltr'><strong><em>aspiciat,</em></strong></span> <span class='ocrx_word' id='word_1_241' title='bbox 843 1862 1052 1906; x_wconf 83' lang='lat' dir='ltr'><strong><em>avertat</em></strong></span> <span class='ocrx_word' id='word_1_242' title='bbox 1094 1862 1274 1908; x_wconf 82' lang='lat' dir='ltr'><strong><em>autem</em></strong></span> <span class='ocrx_word' id='word_1_243' title='bbox 1313 1853 1503 1906; x_wconf 78' lang='lat' dir='ltr'><strong><em>faciem</em></strong></span> <span class='ocrx_word' id='word_1_244' title='bbox 1528 1867 1682 1905; x_wconf 71' lang='lat' dir='ltr'><strong><em>suam</em></strong></span> <span class='ocrx_word' id='word_1_245' title='bbox 1737 1866 1766 1904; x_wconf 73' lang='grc' dir='ltr'>ει</span> <span class='ocrx_word' id='word_1_246' title='bbox 1800 1851 1847 1914; x_wconf 87' lang='grc' dir='ltr'><strong>Β</strong></span> <span class='ocrx_word' id='word_1_247' title='bbox 1877 1862 2053 1918; x_wconf 84' lang='lat' dir='ltr'><strong><em>deleta</em></strong></span> <span class='ocrx_word' id='word_1_248' title='bbox 2083 1860 2368 1924; x_wconf 85' lang='lat' dir='ltr'><strong><em>colluvies,</em></strong></span> <span class='ocrx_word' id='word_1_249' title='bbox 2402 1874 2500 1916; x_wconf 88' lang='lat' dir='ltr'><strong><em>nec</em></strong></span> <span class='ocrx_word' id='word_1_250' title='bbox 2533 1859 2786 1927; x_wconf 86' lang='lat' dir='ltr'><strong><em>inscripta</em></strong></span> <span class='ocrx_word' id='word_1_251' title='bbox 2817 1858 3143 1913; x_wconf 81' lang='lat' dir='ltr'><strong><em>remanserit</em></strong></span> <span class='ocrx_word' id='word_1_252' title='bbox 3171 1855 3347 1926; x_wconf 84' lang='lat' dir='ltr'><strong><em>aliqua</em></strong></span> <span class='ocrx_word' id='word_1_253' title='bbox 3372 1853 3476 1907; x_wconf 84' lang='lat' dir='ltr'><strong><em>ini-</em></strong></span> 
     </span>
    </p>
   </div>
   <div class='ocr_carea' id='block_1_34' title="bbox 128 1945 1774 2016">
    <p class='ocr_par' dir='ltr' id='par_1_34' title="bbox 128 1945 1774 2016">
     <span class='ocr_line' id='line_1_34' title="bbox 128 1945 1774 2016; baseline 0.001 -18"><span class='ocrx_word' id='word_1_254' title='bbox 128 1945 402 2016; x_wconf 77' lang='lat' dir='ltr'><strong><em>peet-atis</em></strong></span> <span class='ocrx_word' id='word_1_255' title='bbox 429 1949 652 2013; x_wconf 82' lang='lat' dir='ltr'><strong><em>nostris,</em></strong></span> <span class='ocrx_word' id='word_1_256' title='bbox 687 1953 744 1999; x_wconf 93' lang='lat' dir='ltr'><strong><em>ut</em></strong></span> <span class='ocrx_word' id='word_1_257' title='bbox 772 1945 952 2000; x_wconf 88' lang='lat' dir='ltr'><strong><em>deleat</em></strong></span> <span class='ocrx_word' id='word_1_258' title='bbox 994 1962 1078 2001; x_wconf 89' lang='lat' dir='ltr'><strong><em>ea.</em></strong></span> <span class='ocrx_word' id='word_1_259' title='bbox 1121 1947 1249 2014; x_wconf 77' lang='lat' dir='ltr'><strong><em>Qua:</em></strong></span> <span class='ocrx_word' id='word_1_260' title='bbox 1291 1947 1434 1999; x_wconf 83' lang='lat' dir='ltr'><strong><em>enim</em></strong></span> <span class='ocrx_word' id='word_1_261' title='bbox 1494 1963 1599 1998; x_wconf 92' lang='lat' dir='ltr'><strong><em>non</em></strong></span> <span class='ocrx_word' id='word_1_262' title='bbox 1630 1945 1774 2016; x_wconf 64' lang='grc' dir='ltr'><strong><em>θεμί-</em></strong></span> 
     </span>
    </p>
   </div>
   <div class='ocr_carea' id='block_1_35' title="bbox 124 2040 1771 2110">
    <p class='ocr_par' dir='ltr' id='par_1_35' title="bbox 124 2040 1771 2110">
     <span class='ocr_line' id='line_1_35' title="bbox 124 2040 1771 2110; baseline -0.001 -14"><span class='ocrx_word' id='word_1_263' title='bbox 124 2042 237 2103; x_wconf 88' lang='lat' dir='ltr'><strong><em>cit,</em></strong></span> <span class='ocrx_word' id='word_1_264' title='bbox 270 2041 460 2107; x_wconf 84' lang='lat' dir='ltr'><strong><em>delet;</em></strong></span> <span class='ocrx_word' id='word_1_265' title='bbox 495 2052 549 2095; x_wconf 91' lang='lat' dir='ltr'><strong><em>et</em></strong></span> <span class='ocrx_word' id='word_1_266' title='bbox 573 2057 694 2110; x_wconf 72' lang='lat' dir='ltr'><strong><em>quze</em></strong></span> <span class='ocrx_word' id='word_1_267' title='bbox 724 2040 1008 2104; x_wconf 85' lang='lat' dir='ltr'><strong><em>deleverit,</em></strong></span> <span class='ocrx_word' id='word_1_268' title='bbox 1032 2056 1098 2095; x_wconf 92' lang='lat' dir='ltr'><strong>ea</strong></span> <span class='ocrx_word' id='word_1_269' title='bbox 1124 2041 1382 2103; x_wconf 84' lang='lat' dir='ltr'><strong><em>memoria</em></strong></span> <span class='ocrx_word' id='word_1_270' title='bbox 1419 2040 1771 2109; x_wconf 76' lang='lat' dir='ltr'><strong><em>sepeliantur,</em></strong></span> 
     </span>
    </p>
   </div>
   <div class='ocr_carea' id='block_1_36' title="bbox 132 2134 1775 2208">
    <p class='ocr_par' dir='ltr' id='par_1_36' title="bbox 132 2134 1775 2208">
     <span class='ocr_line' id='line_1_36' title="bbox 132 2134 1775 2208; baseline 0.001 -19"><span class='ocrx_word' id='word_1_271' title='bbox 132 2136 294 2190; x_wconf 85' lang='lat' dir='ltr'><strong><em>sicut</em></strong></span> <span class='ocrx_word' id='word_1_272' title='bbox 332 2134 452 2202; x_wconf 88' lang='lat' dir='ltr'><strong><em>ipse</em></strong></span> <span class='ocrx_word' id='word_1_273' title='bbox 485 2135 746 2196; x_wconf 86' lang='lat' dir='ltr'><strong><em>Dominus</em></strong></span> <span class='ocrx_word' id='word_1_274' title='bbox 777 2136 851 2190; x_wconf 90' lang='lat' dir='ltr'><strong>ait</strong></span> <span class='ocrx_word' id='word_1_275' title='bbox 878 2154 889 2187; x_wconf 94' lang='lat'>:</span> <span class='ocrx_word' id='word_1_276' title='bbox 917 2134 1032 2208; x_wconf 86' lang='lat' dir='ltr'><strong><em>Ego</em></strong></span> <span class='ocrx_word' id='word_1_277' title='bbox 1073 2153 1210 2202; x_wconf 87' lang='lat' dir='ltr'><strong><em>sum,</em></strong></span> <span class='ocrx_word' id='word_1_278' title='bbox 1234 2153 1326 2206; x_wconf 90' lang='lat' dir='ltr'><strong><em>ego</em></strong></span> <span class='ocrx_word' id='word_1_279' title='bbox 1353 2152 1469 2190; x_wconf 87' lang='lat' dir='ltr'><strong><em>sum</em></strong></span> <span class='ocrx_word' id='word_1_280' title='bbox 1517 2136 1605 2204; x_wconf 86' lang='lat' dir='ltr'><strong><em>qui</em></strong></span> <span class='ocrx_word' id='word_1_281' title='bbox 1631 2135 1775 2190; x_wconf 86' lang='lat' dir='ltr'><strong><em>deleo</em></strong></span> 
     </span>
    </p>
   </div>
   <div class='ocr_carea' id='block_1_37' title="bbox 135 2230 1778 2299">
    <p class='ocr_par' dir='ltr' id='par_1_37' title="bbox 135 2230 1778 2299">
     <span class='ocr_line' id='line_1_37' title="bbox 135 2230 1778 2299; baseline 0.002 -17"><span class='ocrx_word' id='word_1_282' title='bbox 135 2230 460 2299; x_wconf 80' lang='lat' dir='ltr'><strong><em>iniquitates</em></strong></span> <span class='ocrx_word' id='word_1_283' title='bbox 487 2240 622 2288; x_wconf 86' lang='lat' dir='ltr'><strong><em>tuas.</em></strong></span> <span class='ocrx_word' id='word_1_284' title='bbox 657 2241 700 2282; x_wconf 85' lang='lat' dir='ltr'><strong><em>et</em></strong></span> <span class='ocrx_word' id='word_1_285' title='bbox 730 2246 922 2284; x_wconf 89' lang='lat' dir='ltr'><strong><em>memor</em></strong></span> <span class='ocrx_word' id='word_1_286' title='bbox 968 2248 1070 2284; x_wconf 81' lang='lat' dir='ltr'><strong><em>non</em></strong></span> <span class='ocrx_word' id='word_1_287' title='bbox 1114 2247 1202 2285; x_wconf 86' lang='lat' dir='ltr'><strong><em>ero</em></strong></span> <span class='ocrx_word' id='word_1_288' title='bbox 1235 2247 1254 2283; x_wconf 89' lang='lat'><strong><em>:</em></strong></span> <span class='ocrx_word' id='word_1_289' title='bbox 1299 2241 1356 2284; x_wconf 82' lang='lat' dir='ltr'><strong><em>tu</em></strong></span> <span class='ocrx_word' id='word_1_290' title='bbox 1386 2239 1552 2286; x_wconf 80' lang='lat' dir='ltr'><strong><em>autem</em></strong></span> <span class='ocrx_word' id='word_1_291' title='bbox 1584 2247 1778 2284; x_wconf 85' lang='lat' dir='ltr'><strong><em>memor</em></strong></span> 
     </span>
    </p>
   </div>
   <div class='ocr_carea' id='block_1_38' title="bbox 141 2323 1231 2396">
    <p class='ocr_par' dir='ltr' id='par_1_38' title="bbox 141 2323 1231 2396">
     <span class='ocr_line' id='line_1_38' title="bbox 141 2323 1231 2396; baseline 0 -20"><span class='ocrx_word' id='word_1_292' title='bbox 141 2332 287 2388; x_wconf 81' lang='lat' dir='ltr'><strong><em>esto,</em></strong></span> <span class='ocrx_word' id='word_1_293' title='bbox 314 2333 369 2377; x_wconf 89' lang='lat' dir='ltr'><strong><em>et</em></strong></span> <span class='ocrx_word' id='word_1_294' title='bbox 390 2324 691 2396; x_wconf 86' lang='lat' dir='ltr'><strong><em>judicemur</em></strong></span> <span class='ocrx_word' id='word_1_295' title='bbox 721 2323 893 2393; x_wconf 80' lang='lat' dir='ltr'><strong><em>(Esai.</em></strong></span> <span class='ocrx_word' id='word_1_296' title='bbox 928 2339 1082 2390; x_wconf 72' lang='lat' dir='ltr'><strong>XLIII,</strong></span> <span class='ocrx_word' id='word_1_297' title='bbox 1115 2323 1231 2393; x_wconf 73' lang='lat'><strong><em>25).</em></strong></span> 
     </span>
    </p>
   </div>
   <div class='ocr_carea' id='block_1_39' title="bbox 223 2416 1774 2491">
    <p class='ocr_par' dir='ltr' id='par_1_39' title="bbox 223 2416 1774 2491">
     <span class='ocr_line' id='line_1_39' title="bbox 223 2416 1774 2491; baseline -0.001 -20"><span class='ocrx_word' id='word_1_298' title='bbox 223 2416 328 2472; x_wconf 74' lang='grc'><strong><em>62.</em></strong></span> <span class='ocrx_word' id='word_1_299' title='bbox 380 2416 665 2470; x_wconf 86' lang='lat' dir='ltr'><strong><em>Peccatum</em></strong></span> <span class='ocrx_word' id='word_1_300' title='bbox 695 2427 873 2470; x_wconf 89' lang='lat' dir='ltr'><strong><em>antem</em></strong></span> <span class='ocrx_word' id='word_1_301' title='bbox 907 2428 1000 2472; x_wconf 91' lang='lat' dir='ltr'><strong><em>aut</em></strong></span> <span class='ocrx_word' id='word_1_302' title='bbox 1029 2417 1261 2472; x_wconf 89' lang='lat' dir='ltr'><strong><em>donatur</em></strong></span> <span class='ocrx_word' id='word_1_303' title='bbox 1292 2417 1395 2491; x_wconf 87' lang='lat' dir='ltr'><strong><em>(De</em></strong></span> <span class='ocrx_word' id='word_1_304' title='bbox 1433 2419 1609 2488; x_wconf 78' lang='lat' dir='ltr'><strong><em>ptenit.</em></strong></span> <span class='ocrx_word' id='word_1_305' title='bbox 1654 2418 1774 2472; x_wconf 81' lang='lat' dir='ltr'><strong><em>dist.</em></strong></span> 
     </span>
    </p>
   </div>
   <div class='ocr_carea' id='block_1_40' title="bbox 141 2508 1776 2582">
    <p class='ocr_par' dir='ltr' id='par_1_40' title="bbox 141 2508 1776 2582">
     <span class='ocr_line' id='line_1_40' title="bbox 141 2508 1776 2582; baseline -0.001 -18"><span class='ocrx_word' id='word_1_306' title='bbox 141 2509 202 2568; x_wconf 79' lang='grc'><strong>5.</strong></span> <span class='ocrx_word' id='word_1_307' title='bbox 233 2527 367 2579; x_wconf 75' lang='lat' dir='ltr'><strong><em>Cap.</em></strong></span> <span class='ocrx_word' id='word_1_308' title='bbox 399 2508 498 2562; x_wconf 87' lang='lat' dir='ltr'><strong><em>Ille</em></strong></span> <span class='ocrx_word' id='word_1_309' title='bbox 525 2527 632 2569; x_wconf 69' lang='lat' dir='ltr'><strong><em>rex.</em></strong></span> <span class='ocrx_word' id='word_1_310' title='bbox 661 2510 688 2580; x_wconf 56' lang='grc' dir='ltr'>ᾗ</span> <span class='ocrx_word' id='word_1_311' title='bbox 718 2508 994 2563; x_wconf 83' lang='lat' dir='ltr'><strong><em>Peccatum</em></strong></span> <span class='ocrx_word' id='word_1_312' title='bbox 1018 2521 1103 2564; x_wconf 88' lang='lat' dir='ltr'><strong><em>aut</em></strong></span> <span class='ocrx_word' id='word_1_313' title='bbox 1132 2511 1402 2582; x_wconf 84' lang='lat' dir='ltr'><strong><em>donatur),</em></strong></span> <span class='ocrx_word' id='word_1_314' title='bbox 1427 2520 1520 2564; x_wconf 87' lang='lat' dir='ltr'><strong><em>aut</em></strong></span> <span class='ocrx_word' id='word_1_315' title='bbox 1543 2510 1776 2576; x_wconf 81' lang='lat' dir='ltr'><strong><em>deletur,</em></strong></span> 
     </span>
    </p>
   </div>
   <div class='ocr_carea' id='block_1_41' title="bbox 147 2603 1782 2674">
    <p class='ocr_par' dir='ltr' id='par_1_41' title="bbox 147 2603 1782 2674">
     <span class='ocr_line' id='line_1_41' title="bbox 147 2603 1782 2674; baseline 0.001 -19"><span class='ocrx_word' id='word_1_316' title='bbox 147 2613 252 2656; x_wconf 90' lang='lat' dir='ltr'><strong><em>aut</em></strong></span> <span class='ocrx_word' id='word_1_317' title='bbox 287 2603 497 2670; x_wconf 82' lang='lat' dir='ltr'><strong><em>tegitur</em></strong></span> <span class='ocrx_word' id='word_1_318' title='bbox 527 2620 540 2656; x_wconf 91' lang='lat'><strong>:</strong></span> <span class='ocrx_word' id='word_1_319' title='bbox 568 2603 800 2658; x_wconf 82' lang='lat' dir='ltr'><strong><em>donatur</em></strong></span> <span class='ocrx_word' id='word_1_320' title='bbox 853 2619 950 2672; x_wconf 88' lang='lat' dir='ltr'><strong><em>per</em></strong></span> <span class='ocrx_word' id='word_1_321' title='bbox 986 2605 1237 2672; x_wconf 79' lang='lat' dir='ltr'><strong><em>gratiam.</em></strong></span> <span class='ocrx_word' id='word_1_322' title='bbox 1272 2605 1488 2658; x_wconf 83' lang='lat' dir='ltr'><strong><em>deletur</em></strong></span> <span class='ocrx_word' id='word_1_323' title='bbox 1512 2620 1602 2674; x_wconf 89' lang='lat' dir='ltr'><strong><em>per</em></strong></span> <span class='ocrx_word' id='word_1_324' title='bbox 1656 2618 1782 2658; x_wconf 78' lang='lat' dir='ltr'><strong><em>san-</em></strong></span> 
     </span>
    </p>
   </div>
   <div class='ocr_carea' id='block_1_42' title="bbox 154 2698 1781 2768">
    <p class='ocr_par' dir='ltr' id='par_1_42' title="bbox 154 2698 1781 2768">
     <span class='ocr_line' id='line_1_42' title="bbox 154 2698 1781 2768; baseline 0.003 -20"><span class='ocrx_word' id='word_1_325' title='bbox 154 2698 400 2766; x_wconf 77' lang='lat' dir='ltr'><strong><em>guinem</em></strong></span> <span class='ocrx_word' id='word_1_326' title='bbox 449 2698 628 2754; x_wconf 86' lang='lat' dir='ltr'><strong><em>crucis</em></strong></span> <span class='ocrx_word' id='word_1_327' title='bbox 657 2739 672 2762; x_wconf 89' lang='lat'><strong><em>,</em></strong></span> <span class='ocrx_word' id='word_1_328' title='bbox 729 2698 926 2765; x_wconf 78' lang='lat' dir='ltr'><strong><em>tegitur</em></strong></span> <span class='ocrx_word' id='word_1_329' title='bbox 967 2714 1065 2768; x_wconf 89' lang='lat' dir='ltr'><strong><em>per</em></strong></span> <span class='ocrx_word' id='word_1_330' title='bbox 1111 2699 1451 2754; x_wconf 87' lang='lat' dir='ltr'><strong><em>charitatem.</em></strong></span> <span class='ocrx_word' id='word_1_331' title='bbox 1515 2699 1781 2753; x_wconf 85' lang='lat' dir='ltr'><strong><em>Similiter</em></strong></span> 
     </span>
    </p>
   </div>
   <div class='ocr_carea' id='block_1_43' title="bbox 153 2791 1780 2860">
    <p class='ocr_par' dir='ltr' id='par_1_43' title="bbox 153 2791 1780 2860">
     <span class='ocr_line' id='line_1_43' title="bbox 153 2791 1780 2860; baseline -0.001 -14"><span class='ocrx_word' id='word_1_332' title='bbox 153 2800 215 2846; x_wconf 85' lang='lat' dir='ltr'><strong><em>et</em></strong></span> <span class='ocrx_word' id='word_1_333' title='bbox 251 2791 539 2859; x_wconf 76' lang='lat' dir='ltr'><strong><em>iniquitas,</em></strong></span> <span class='ocrx_word' id='word_1_334' title='bbox 567 2805 687 2859; x_wconf 68' lang='lat' dir='ltr'><strong><em>qua:</em></strong></span> <span class='ocrx_word' id='word_1_335' title='bbox 711 2793 994 2847; x_wconf 80' lang='lat' dir='ltr'><strong><em>estimatur</em></strong></span> <span class='ocrx_word' id='word_1_336' title='bbox 1023 2793 1282 2847; x_wconf 84' lang='lat' dir='ltr'><strong><em>habitudo</em></strong></span> <span class='ocrx_word' id='word_1_337' title='bbox 1315 2793 1512 2847; x_wconf 86' lang='lat' dir='ltr'><strong><em>mentis</em></strong></span> <span class='ocrx_word' id='word_1_338' title='bbox 1544 2792 1780 2860; x_wconf 65' lang='lat' dir='ltr'><strong><em>injustte.</em></strong></span> 
     </span>
    </p>
   </div>
   <div class='ocr_carea' id='block_1_44' title="bbox 158 2882 1781 2955">
    <p class='ocr_par' dir='ltr' id='par_1_44' title="bbox 158 2882 1781 2955">
     <span class='ocr_line' id='line_1_44' title="bbox 158 2882 1781 2955; baseline 0.001 -18"><span class='ocrx_word' id='word_1_339' title='bbox 158 2883 325 2937; x_wconf 81' lang='lat' dir='ltr'><strong><em>Licet</em></strong></span> <span class='ocrx_word' id='word_1_340' title='bbox 353 2882 592 2936; x_wconf 80' lang='lat' dir='ltr'><strong><em>Joannes</em></strong></span> <span class='ocrx_word' id='word_1_341' title='bbox 638 2883 688 2936; x_wconf 90' lang='lat' dir='ltr'><strong><em>iu</em></strong></span> <span class='ocrx_word' id='word_1_342' title='bbox 717 2884 944 2953; x_wconf 74' lang='lat' dir='ltr'><strong><em>epistola</em></strong></span> <span class='ocrx_word' id='word_1_343' title='bbox 979 2903 1100 2939; x_wconf 89' lang='lat' dir='ltr'><strong><em>eum</em></strong></span> <span class='ocrx_word' id='word_1_344' title='bbox 1132 2888 1220 2955; x_wconf 88' lang='lat' dir='ltr'><strong><em>qui</em></strong></span> <span class='ocrx_word' id='word_1_345' title='bbox 1253 2886 1441 2941; x_wconf 76' lang='lat' dir='ltr'><strong><em>iecerit</em></strong></span> <span class='ocrx_word' id='word_1_346' title='bbox 1475 2898 1781 2955; x_wconf 78' lang='lat' dir='ltr'><strong><em>peccatmn,</em></strong></span> 
     </span>
    </p>
   </div>
   <div class='ocr_carea' id='block_1_45' title="bbox 155 2977 1787 3050">
    <p class='ocr_par' dir='ltr' id='par_1_45' title="bbox 155 2977 1787 3050">
     <span class='ocr_line' id='line_1_45' title="bbox 155 2977 1787 3050; baseline 0.002 -20"><span class='ocrx_word' id='word_1_347' title='bbox 155 2978 343 3050; x_wconf 72' lang='lat'><strong><em>698</em></strong></span> <span class='ocrx_word' id='word_1_348' title='bbox 378 2986 433 3031; x_wconf 87' lang='lat' dir='ltr'><strong><em>et</em></strong></span> <span class='ocrx_word' id='word_1_349' title='bbox 481 2977 815 3048; x_wconf 82' lang='lat' dir='ltr'><strong><em>iniquitatem</em></strong></span> <span class='ocrx_word' id='word_1_350' title='bbox 869 2979 1304 3040; x_wconf 69' lang='lat' dir='ltr'><strong><em>fecissedixerit,</em></strong></span> <span class='ocrx_word' id='word_1_351' title='bbox 1333 2981 1472 3034; x_wconf 88' lang='lat' dir='ltr'><strong><em>sicut</em></strong></span> <span class='ocrx_word' id='word_1_352' title='bbox 1526 2980 1787 3035; x_wconf 82' lang='lat' dir='ltr'><strong><em>habemus</em></strong></span> 
     </span>
    </p>
   </div>
   <div class='ocr_carea' id='block_1_46' title="bbox 159 3070 1787 3145">
    <p class='ocr_par' dir='ltr' id='par_1_46' title="bbox 159 3070 1787 3145">
     <span class='ocr_line' id='line_1_46' title="bbox 159 3070 1787 3145; baseline 0.002 -22"><span class='ocrx_word' id='word_1_353' title='bbox 159 3073 444 3139; x_wconf 85' lang='lat' dir='ltr'><strong><em>scriptum</em></strong></span> <span class='ocrx_word' id='word_1_354' title='bbox 479 3087 492 3124; x_wconf 91' lang='lat'><strong>:</strong></span> <span class='ocrx_word' id='word_1_355' title='bbox 527 3070 706 3125; x_wconf 72' lang='lat' dir='ltr'><strong><em>Omnis</em></strong></span> <span class='ocrx_word' id='word_1_356' title='bbox 749 3073 834 3141; x_wconf 87' lang='lat' dir='ltr'><strong><em>qui</em></strong></span> <span class='ocrx_word' id='word_1_357' title='bbox 886 3074 1008 3143; x_wconf 82' lang='lat' dir='ltr'><strong><em>facit</em></strong></span> <span class='ocrx_word' id='word_1_358' title='bbox 1037 3085 1320 3145; x_wconf 85' lang='lat' dir='ltr'><strong><em>peccatum.</em></strong></span> <span class='ocrx_word' id='word_1_359' title='bbox 1375 3084 1420 3125; x_wconf 90' lang='lat' dir='ltr'><strong><em>et</em></strong></span> <span class='ocrx_word' id='word_1_360' title='bbox 1460 3074 1787 3142; x_wconf 84' lang='lat' dir='ltr'><strong><em>iniquitatem</em></strong></span> 
     </span>
    </p>
   </div>
   <div class='ocr_carea' id='block_1_47' title="bbox 164 3163 1784 3237">
    <p class='ocr_par' dir='ltr' id='par_1_47' title="bbox 164 3163 1784 3237">
     <span class='ocr_line' id='line_1_47' title="bbox 164 3163 1784 3237; baseline 0.005 -24"><span class='ocrx_word' id='word_1_361' title='bbox 164 3167 301 3235; x_wconf 73' lang='lat' dir='ltr'><strong><em>facit</em></strong></span> <span class='ocrx_word' id='word_1_362' title='bbox 353 3164 408 3235; x_wconf 89' lang='lat' dir='ltr'><strong><em>(l</em></strong></span> <span class='ocrx_word' id='word_1_363' title='bbox 458 3163 617 3218; x_wconf 84' lang='lat' dir='ltr'><strong><em>Joan.</em></strong></span> <span class='ocrx_word' id='word_1_364' title='bbox 677 3181 755 3230; x_wconf 86' lang='lat' dir='ltr'><strong>III,</strong></span> <span class='ocrx_word' id='word_1_365' title='bbox 787 3165 864 3234; x_wconf 75' lang='grc'><strong>4),</strong></span> <span class='ocrx_word' id='word_1_366' title='bbox 901 3179 1177 3236; x_wconf 78' lang='lat' dir='ltr'><strong><em>peccaturo</em></strong></span> <span class='ocrx_word' id='word_1_367' title='bbox 1218 3174 1302 3220; x_wconf 87' lang='lat' dir='ltr'><strong><em>est</em></strong></span> <span class='ocrx_word' id='word_1_368' title='bbox 1337 3166 1611 3236; x_wconf 88' lang='lat' dir='ltr'><strong><em>iniquitas,</em></strong></span> <span class='ocrx_word' id='word_1_369' title='bbox 1661 3167 1784 3237; x_wconf 87' lang='lat' dir='ltr'><strong><em>quia</em></strong></span> 
     </span>
    </p>
   </div>
   <div class='ocr_carea' id='block_1_48' title="bbox 165 3259 1780 3330">
    <p class='ocr_par' dir='ltr' id='par_1_48' title="bbox 165 3259 1780 3330">
     <span class='ocr_line' id='line_1_48' title="bbox 165 3259 1780 3330; baseline 0.001 -19"><span class='ocrx_word' id='word_1_370' title='bbox 165 3259 223 3311; x_wconf 92' lang='lat' dir='ltr'><strong><em>in</em></strong></span> <span class='ocrx_word' id='word_1_371' title='bbox 262 3269 489 3327; x_wconf 86' lang='lat' dir='ltr'><strong><em>peccato</em></strong></span> <span class='ocrx_word' id='word_1_372' title='bbox 534 3260 650 3328; x_wconf 84' lang='lat' dir='ltr'><strong><em>ipso</em></strong></span> <span class='ocrx_word' id='word_1_373' title='bbox 681 3261 936 3330; x_wconf 81' lang='lat' dir='ltr'><strong><em>iniquitas</em></strong></span> <span class='ocrx_word' id='word_1_374' title='bbox 959 3269 1069 3322; x_wconf 83' lang='lat' dir='ltr'><strong><em>est;</em></strong></span> <span class='ocrx_word' id='word_1_375' title='bbox 1129 3272 1306 3314; x_wconf 88' lang='lat' dir='ltr'><strong><em>tamen</em></strong></span> <span class='ocrx_word' id='word_1_376' title='bbox 1355 3273 1408 3313; x_wconf 85' lang='lat' dir='ltr'><strong><em>III</em></strong></span> <span class='ocrx_word' id='word_1_377' title='bbox 1444 3262 1600 3313; x_wconf 86' lang='lat' dir='ltr'><strong><em>nobis</em></strong></span> <span class='ocrx_word' id='word_1_378' title='bbox 1628 3261 1780 3314; x_wconf 87' lang='lat' dir='ltr'><strong><em>vide-</em></strong></span> 
     </span>
    </p>
   </div>
   <div class='ocr_carea' id='block_1_49' title="bbox 173 3354 1785 3424">
    <p class='ocr_par' dir='ltr' id='par_1_49' title="bbox 173 3354 1785 3424">
     <span class='ocr_line' id='line_1_49' title="bbox 173 3354 1785 3424; baseline 0.002 -21"><span class='ocrx_word' id='word_1_379' title='bbox 173 3361 288 3415; x_wconf 88' lang='lat' dir='ltr'><strong><em>tur,</em></strong></span> <span class='ocrx_word' id='word_1_380' title='bbox 320 3363 346 3388; x_wconf 77' lang='grc' dir='ltr'>ει</span> <span class='ocrx_word' id='word_1_381' title='bbox 378 3364 658 3420; x_wconf 83' lang='lat' dir='ltr'><strong><em>peccatum</em></strong></span> <span class='ocrx_word' id='word_1_382' title='bbox 683 3371 820 3424; x_wconf 89' lang='lat' dir='ltr'><strong><em>opus</em></strong></span> <span class='ocrx_word' id='word_1_383' title='bbox 847 3365 930 3408; x_wconf 89' lang='lat' dir='ltr'><strong><em>est</em></strong></span> <span class='ocrx_word' id='word_1_384' title='bbox 961 3355 1283 3424; x_wconf 80' lang='lat' dir='ltr'><strong><em>iniquitatis,</em></strong></span> <span class='ocrx_word' id='word_1_385' title='bbox 1316 3354 1572 3423; x_wconf 84' lang='lat' dir='ltr'><strong><em>iniquitas</em></strong></span> <span class='ocrx_word' id='word_1_386' title='bbox 1606 3365 1785 3406; x_wconf 88' lang='lat' dir='ltr'><strong><em>autem</em></strong></span> 
     </span>
    </p>
   </div>
   <div class='ocr_carea' id='block_1_50' title="bbox 168 3447 1784 3518">
    <p class='ocr_par' dir='ltr' id='par_1_50' title="bbox 168 3447 1784 3518">
     <span class='ocr_line' id='line_1_50' title="bbox 168 3447 1784 3518; baseline 0.002 -21"><span class='ocrx_word' id='word_1_387' title='bbox 168 3448 455 3515; x_wconf 78' lang='lat' dir='ltr'><strong><em>operatrix</em></strong></span> <span class='ocrx_word' id='word_1_388' title='bbox 501 3449 675 3517; x_wconf 64' lang='lat' dir='ltr'><strong><em>culpis</em></strong></span> <span class='ocrx_word' id='word_1_389' title='bbox 719 3457 881 3518; x_wconf 82' lang='lat' dir='ltr'><strong><em>atque</em></strong></span> <span class='ocrx_word' id='word_1_390' title='bbox 907 3448 1113 3502; x_wconf 88' lang='lat' dir='ltr'><strong><em>delicti.</em></strong></span> <span class='ocrx_word' id='word_1_391' title='bbox 1147 3449 1272 3502; x_wconf 85' lang='lat' dir='ltr'><strong><em>l’lus</em></strong></span> <span class='ocrx_word' id='word_1_392' title='bbox 1300 3459 1381 3502; x_wconf 86' lang='lat' dir='ltr'><strong><em>est</em></strong></span> <span class='ocrx_word' id='word_1_393' title='bbox 1429 3464 1559 3517; x_wconf 79' lang='lat' dir='ltr'><strong><em>ergo</em></strong></span> <span class='ocrx_word' id='word_1_394' title='bbox 1584 3458 1642 3501; x_wconf 88' lang='lat' dir='ltr'><strong><em>ut</em></strong></span> <span class='ocrx_word' id='word_1_395' title='bbox 1671 3447 1784 3516; x_wconf 84' lang='lat' dir='ltr'><strong><em>ipsa</em></strong></span> 
     </span>
    </p>
   </div>
   <div class='ocr_carea' id='block_1_51' title="bbox 173 3540 1784 3612">
    <p class='ocr_par' dir='ltr' id='par_1_51' title="bbox 173 3540 1784 3612">
     <span class='ocr_line' id='line_1_51' title="bbox 173 3540 1784 3612; baseline -0.002 -17"><span class='ocrx_word' id='word_1_396' title='bbox 173 3543 433 3612; x_wconf 77' lang='lat' dir='ltr'><strong><em>iniquitas</em></strong></span> <span class='ocrx_word' id='word_1_397' title='bbox 481 3543 745 3609; x_wconf 85' lang='lat' dir='ltr'><strong><em>deleatur,</em></strong></span> <span class='ocrx_word' id='word_1_398' title='bbox 789 3543 1072 3598; x_wconf 78' lang='lat' dir='ltr'><strong><em>excidatur</em></strong></span> <span class='ocrx_word' id='word_1_399' title='bbox 1127 3542 1274 3595; x_wconf 78' lang='lat' dir='ltr'><strong><em>radix</em></strong></span> <span class='ocrx_word' id='word_1_400' title='bbox 1326 3552 1376 3596; x_wconf 88' lang='lat' dir='ltr'><strong><em>et</em></strong></span> <span class='ocrx_word' id='word_1_401' title='bbox 1433 3540 1784 3595; x_wconf 78' lang='lat' dir='ltr'><strong><em>seminarium</em></strong></span> 
     </span>
    </p>
   </div>
   <div class='ocr_carea' id='block_1_52' title="bbox 175 3637 1786 3707">
    <p class='ocr_par' dir='ltr' id='par_1_52' title="bbox 175 3637 1786 3707">
     <span class='ocr_line' id='line_1_52' title="bbox 175 3637 1786 3707; baseline 0 -17"><span class='ocrx_word' id='word_1_402' title='bbox 175 3649 565 3707; x_wconf 83' lang='lat' dir='ltr'><strong><em>peccatorum;</em></strong></span> <span class='ocrx_word' id='word_1_403' title='bbox 599 3638 736 3690; x_wconf 89' lang='lat' dir='ltr'><strong><em>mala</em></strong></span> <span class='ocrx_word' id='word_1_404' title='bbox 778 3638 1002 3692; x_wconf 88' lang='lat' dir='ltr'><strong><em>tollatur</em></strong></span> <span class='ocrx_word' id='word_1_405' title='bbox 1046 3639 1219 3702; x_wconf 80' lang='lat' dir='ltr'><strong><em>radix,</em></strong></span> <span class='ocrx_word' id='word_1_406' title='bbox 1269 3653 1334 3691; x_wconf 91' lang='lat' dir='ltr'><strong><em>ne</em></strong></span> <span class='ocrx_word' id='word_1_407' title='bbox 1363 3637 1533 3690; x_wconf 73' lang='lat' dir='ltr'><strong><em>malos</em></strong></span> <span class='ocrx_word' id='word_1_408' title='bbox 1582 3638 1786 3690; x_wconf 82' lang='lat' dir='ltr'><strong><em>fructus</em></strong></span> 
     </span>
    </p>
   </div>
   <div class='ocr_carea' id='block_1_53' title="bbox 176 3727 1786 3794">
    <p class='ocr_par' dir='ltr' id='par_1_53' title="bbox 176 3727 1786 3794">
     <span class='ocr_line' id='line_1_53' title="bbox 176 3727 1786 3794; baseline 0.001 -14"><span class='ocrx_word' id='word_1_409' title='bbox 176 3730 378 3792; x_wconf 81' lang='lat' dir='ltr'><strong><em>iaciat;</em></strong></span> <span class='ocrx_word' id='word_1_410' title='bbox 410 3728 687 3783; x_wconf 81' lang='lat' dir='ltr'><strong><em>abolentur</em></strong></span> <span class='ocrx_word' id='word_1_411' title='bbox 743 3730 949 3784; x_wconf 87' lang='lat' dir='ltr'><strong><em>erroris</em></strong></span> <span class='ocrx_word' id='word_1_412' title='bbox 1001 3731 1178 3783; x_wconf 83' lang='lat' dir='ltr'><strong><em>omnis</em></strong></span> <span class='ocrx_word' id='word_1_413' title='bbox 1233 3727 1480 3794; x_wconf 61' lang='lat' dir='ltr'><strong><em>allectus,</em></strong></span> <span class='ocrx_word' id='word_1_414' title='bbox 1536 3729 1786 3782; x_wconf 88' lang='lat' dir='ltr'><strong><em>universa</em></strong></span> 
     </span>
    </p>
   </div>
   <div class='ocr_carea' id='block_1_54' title="bbox 177 3819 1058 3891">
    <p class='ocr_par' dir='ltr' id='par_1_54' title="bbox 177 3819 1058 3891">
     <span class='ocr_line' id='line_1_54' title="bbox 177 3819 1058 3891; baseline 0.001 -18"><span class='ocrx_word' id='word_1_415' title='bbox 177 3819 524 3888; x_wconf 82' lang='lat' dir='ltr'><strong><em>iniquitatqu</em></strong></span> <span class='ocrx_word' id='word_1_416' title='bbox 544 3837 741 3891; x_wconf 86' lang='lat' dir='ltr'><strong><em>genera</em></strong></span> <span class='ocrx_word' id='word_1_417' title='bbox 776 3823 1058 3876; x_wconf 84' lang='lat' dir='ltr'><strong><em>tollantur.</em></strong></span> 
     </span>
    </p>
   </div>
   <div class='ocr_carea' id='block_1_55' title="bbox 255 3913 1785 3986">
    <p class='ocr_par' dir='ltr' id='par_1_55' title="bbox 255 3913 1785 3986">
     <span class='ocr_line' id='line_1_55' title="bbox 255 3913 1785 3986; baseline 0.001 -20"><span class='ocrx_word' id='word_1_418' title='bbox 255 3915 348 3967; x_wconf 83' lang='lat'><strong><em>6&#39;5.</em></strong></span> <span class='ocrx_word' id='word_1_419' title='bbox 392 3913 578 3983; x_wconf 86' lang='lat' dir='ltr'><strong><em>Itaque</em></strong></span> <span class='ocrx_word' id='word_1_420' title='bbox 618 3915 1072 3986; x_wconf 76' lang='lat' dir='ltr'><strong><em>quemadmodum</em></strong></span> <span class='ocrx_word' id='word_1_421' title='bbox 1118 3916 1325 3968; x_wconf 84' lang='lat' dir='ltr'><strong><em>intrans</em></strong></span> <span class='ocrx_word' id='word_1_422' title='bbox 1354 3917 1403 3969; x_wconf 91' lang='lat' dir='ltr'><strong><em>in</em></strong></span> <span class='ocrx_word' id='word_1_423' title='bbox 1437 3917 1670 3968; x_wconf 87' lang='lat' dir='ltr'><strong><em>animam</em></strong></span> <span class='ocrx_word' id='word_1_424' title='bbox 1695 3931 1785 3970; x_wconf 83' lang='lat' dir='ltr'><strong><em>sa-</em></strong></span> 
     </span>
    </p>
   </div>
   <div class='ocr_carea' id='block_1_56' title="bbox 186 4007 1787 4078">
    <p class='ocr_par' dir='ltr' id='par_1_56' title="bbox 186 4007 1787 4078">
     <span class='ocr_line' id='line_1_56' title="bbox 186 4007 1787 4078; baseline 0.004 -21"><span class='ocrx_word' id='word_1_425' title='bbox 186 4007 406 4074; x_wconf 75' lang='lat' dir='ltr'><strong><em>pientia:</em></strong></span> <span class='ocrx_word' id='word_1_426' title='bbox 454 4007 731 4078; x_wconf 88' lang='lat' dir='ltr'><strong><em>disciplina</em></strong></span> <span class='ocrx_word' id='word_1_427' title='bbox 779 4009 1193 4078; x_wconf 80' lang='lat' dir='ltr'><strong><em>imprudentiam</em></strong></span> <span class='ocrx_word' id='word_1_428' title='bbox 1245 4011 1405 4072; x_wconf 84' lang='lat' dir='ltr'><strong><em>tollit,</em></strong></span> <span class='ocrx_word' id='word_1_429' title='bbox 1463 4020 1514 4063; x_wconf 83' lang='lat' dir='ltr'><strong><em>et</em></strong></span> <span class='ocrx_word' id='word_1_430' title='bbox 1560 4011 1787 4064; x_wconf 81' lang='lat' dir='ltr'><strong><em>scicntia</em></strong></span> 
     </span>
    </p>
   </div>
   <div class='ocr_carea' id='block_1_57' title="bbox 187 4102 1787 4172">
    <p class='ocr_par' dir='ltr' id='par_1_57' title="bbox 187 4102 1787 4172">
     <span class='ocr_line' id='line_1_57' title="bbox 187 4102 1787 4172; baseline 0.001 -17"><span class='ocrx_word' id='word_1_431' title='bbox 187 4102 546 4171; x_wconf 75' lang='lat' dir='ltr'><strong><em>ignorantiam</em></strong></span> <span class='ocrx_word' id='word_1_432' title='bbox 582 4121 595 4156; x_wconf 94' lang='lat'><em>:</em></span> <span class='ocrx_word' id='word_1_433' title='bbox 625 4105 705 4158; x_wconf 84' lang='lat' dir='ltr'><strong><em>sic</em></strong></span> <span class='ocrx_word' id='word_1_434' title='bbox 735 4103 974 4170; x_wconf 83' lang='lat' dir='ltr'><strong><em>perfecta</em></strong></span> <span class='ocrx_word' id='word_1_435' title='bbox 1005 4103 1175 4155; x_wconf 86' lang='lat' dir='ltr'><strong><em>virtus</em></strong></span> <span class='ocrx_word' id='word_1_436' title='bbox 1227 4103 1582 4172; x_wconf 83' lang='lat' dir='ltr'><strong><em>iniquitatem,</em></strong></span> <span class='ocrx_word' id='word_1_437' title='bbox 1613 4114 1664 4155; x_wconf 87' lang='lat' dir='ltr'><strong><em>et</em></strong></span> <span class='ocrx_word' id='word_1_438' title='bbox 1699 4119 1787 4157; x_wconf 89' lang='lat' dir='ltr'><strong><em>re-</em></strong></span> 
     </span>
    </p>
   </div>
   <div class='ocr_carea' id='block_1_58' title="bbox 187 4197 1789 4266">
    <p class='ocr_par' dir='ltr' id='par_1_58' title="bbox 187 4197 1789 4266">
     <span class='ocr_line' id='line_1_58' title="bbox 187 4197 1789 4266; baseline 0.001 -16"><span class='ocrx_word' id='word_1_439' title='bbox 187 4197 377 4251; x_wconf 77' lang='lat' dir='ltr'><strong><em>missio</em></strong></span> <span class='ocrx_word' id='word_1_440' title='bbox 403 4207 744 4266; x_wconf 87' lang='lat' dir='ltr'><strong><em>peccatorum</em></strong></span> <span class='ocrx_word' id='word_1_441' title='bbox 775 4197 920 4251; x_wconf 74' lang='lat' dir='ltr'><strong><em>delet</em></strong></span> <span class='ocrx_word' id='word_1_442' title='bbox 947 4214 1105 4250; x_wconf 91' lang='lat' dir='ltr'><strong><em>omne</em></strong></span> <span class='ocrx_word' id='word_1_443' title='bbox 1140 4210 1437 4266; x_wconf 87' lang='lat' dir='ltr'><strong><em>peccatum.</em></strong></span> <span class='ocrx_word' id='word_1_444' title='bbox 1465 4198 1618 4253; x_wconf 82' lang='lat' dir='ltr'><strong><em>Unde</em></strong></span> <span class='ocrx_word' id='word_1_445' title='bbox 1651 4215 1789 4266; x_wconf 56' lang='lat' dir='ltr'><strong><em>pra!—</em></strong></span> 
     </span>
    </p>
   </div>
   <div class='ocr_carea' id='block_1_59' title="bbox 188 4291 1792 4362">
    <p class='ocr_par' dir='ltr' id='par_1_59' title="bbox 188 4291 1792 4362">
     <span class='ocr_line' id='line_1_59' title="bbox 188 4291 1792 4362; baseline 0.001 -18"><span class='ocrx_word' id='word_1_446' title='bbox 188 4293 333 4362; x_wconf 83' lang='lat' dir='ltr'><strong><em>clarc</em></strong></span> <span class='ocrx_word' id='word_1_447' title='bbox 361 4292 650 4362; x_wconf 77' lang='lat' dir='ltr'><strong><em>Apostolus</em></strong></span> <span class='ocrx_word' id='word_1_448' title='bbox 679 4293 752 4346; x_wconf 88' lang='lat' dir='ltr'><strong>ait</strong></span> <span class='ocrx_word' id='word_1_449' title='bbox 785 4309 797 4344; x_wconf 93' lang='lat'>:</span> <span class='ocrx_word' id='word_1_450' title='bbox 826 4291 965 4358; x_wconf 83' lang='lat' dir='ltr'><strong><em>Quia</em></strong></span> <span class='ocrx_word' id='word_1_451' title='bbox 1003 4291 1211 4346; x_wconf 83' lang='lat' dir='ltr'><strong><em>donavit</em></strong></span> <span class='ocrx_word' id='word_1_452' title='bbox 1259 4293 1403 4346; x_wconf 83' lang='lat' dir='ltr'><strong><em>nobis</em></strong></span> <span class='ocrx_word' id='word_1_453' title='bbox 1451 4301 1662 4361; x_wconf 83' lang='lat' dir='ltr'><strong><em>peccata</em></strong></span> <span class='ocrx_word' id='word_1_454' title='bbox 1695 4292 1792 4346; x_wconf 84' lang='lat' dir='ltr'><strong><em>Do-</em></strong></span> 
     </span>
    </p>
   </div>
   <div class='ocr_carea' id='block_1_60' title="bbox 188 4381 1790 4454">
    <p class='ocr_par' dir='ltr' id='par_1_60' title="bbox 188 4381 1790 4454">
     <span class='ocr_line' id='line_1_60' title="bbox 188 4381 1790 4454; baseline 0.001 -19"><span class='ocrx_word' id='word_1_455' title='bbox 188 4384 356 4437; x_wconf 83' lang='lat' dir='ltr'><strong><em>minus</em></strong></span> <span class='ocrx_word' id='word_1_456' title='bbox 384 4381 562 4449; x_wconf 70' lang='lat' dir='ltr'><strong><em>Iesus,</em></strong></span> <span class='ocrx_word' id='word_1_457' title='bbox 592 4383 767 4438; x_wconf 70' lang='lat' dir='ltr'><strong><em>dolens</em></strong></span> <span class='ocrx_word' id='word_1_458' title='bbox 797 4384 1201 4454; x_wconf 79' lang='lat' dir='ltr'><strong><em>chirographum</em></strong></span> <span class='ocrx_word' id='word_1_459' title='bbox 1249 4383 1458 4445; x_wconf 82' lang='lat' dir='ltr'><strong><em>decreti,</em></strong></span> <span class='ocrx_word' id='word_1_460' title='bbox 1494 4384 1633 4454; x_wconf 85' lang='lat' dir='ltr'><strong><em>quod</em></strong></span> <span class='ocrx_word' id='word_1_461' title='bbox 1679 4393 1790 4437; x_wconf 85' lang='lat' dir='ltr'><strong><em>erat</em></strong></span> 
     </span>
    </p>
   </div>
   <div class='ocr_carea' id='block_1_61' title="bbox 192 4477 1789 4548">
    <p class='ocr_par' dir='ltr' id='par_1_61' title="bbox 192 4477 1789 4548">
     <span class='ocr_line' id='line_1_61' title="bbox 192 4477 1789 4548; baseline -0.002 -18"><span class='ocrx_word' id='word_1_462' title='bbox 192 4478 501 4533; x_wconf 84' lang='lat' dir='ltr'><strong><em>contrarium</em></strong></span> <span class='ocrx_word' id='word_1_463' title='bbox 532 4477 698 4541; x_wconf 87' lang='lat' dir='ltr'><strong><em>nobis,</em></strong></span> <span class='ocrx_word' id='word_1_464' title='bbox 727 4487 775 4531; x_wconf 85' lang='lat' dir='ltr'><strong><em>et</em></strong></span> <span class='ocrx_word' id='word_1_465' title='bbox 804 4478 996 4548; x_wconf 82' lang='lat' dir='ltr'><strong><em>ipsum,</em></strong></span> <span class='ocrx_word' id='word_1_466' title='bbox 1027 4477 1219 4547; x_wconf 88' lang='lat' dir='ltr'><strong><em>inquit,</em></strong></span> <span class='ocrx_word' id='word_1_467' title='bbox 1246 4477 1308 4530; x_wconf 82' lang='lat' dir='ltr'><strong><em>de</em></strong></span> <span class='ocrx_word' id='word_1_468' title='bbox 1349 4478 1515 4530; x_wconf 81' lang='lat' dir='ltr'><strong><em>medio</em></strong></span> <span class='ocrx_word' id='word_1_469' title='bbox 1539 4477 1676 4542; x_wconf 85' lang='lat' dir='ltr'><strong><em>tulit,</em></strong></span> <span class='ocrx_word' id='word_1_470' title='bbox 1706 4479 1789 4544; x_wconf 77' lang='lat' dir='ltr'><strong><em>af-</em></strong></span> 
     </span>
    </p>
   </div>
   <div class='ocr_carea' id='block_1_62' title="bbox 193 4568 1788 4641">
    <p class='ocr_par' dir='ltr' id='par_1_62' title="bbox 193 4568 1788 4641">
     <span class='ocr_line' id='line_1_62' title="bbox 193 4568 1788 4641; baseline 0.001 -17"><span class='ocrx_word' id='word_1_471' title='bbox 193 4571 352 4640; x_wconf 79' lang='lat' dir='ltr'><strong><em>ﬁgens</em></strong></span> <span class='ocrx_word' id='word_1_472' title='bbox 387 4570 521 4624; x_wconf 82' lang='lat' dir='ltr'><strong><em>illud</em></strong></span> <span class='ocrx_word' id='word_1_473' title='bbox 542 4571 681 4625; x_wconf 83' lang='lat' dir='ltr'><strong><em>cruci</em></strong></span> <span class='ocrx_word' id='word_1_474' title='bbox 727 4568 950 4641; x_wconf 86' lang='lat' dir='ltr'><strong><em>(Coloss.</em></strong></span> <span class='ocrx_word' id='word_1_475' title='bbox 1002 4586 1061 4637; x_wconf 83' lang='lat' dir='ltr'><strong><em>It,</em></strong></span> <span class='ocrx_word' id='word_1_476' title='bbox 1111 4569 1221 4636; x_wconf 75' lang='grc' dir='ltr'><strong><em>Μ).</em></strong></span> <span class='ocrx_word' id='word_1_477' title='bbox 1269 4570 1480 4626; x_wconf 87' lang='lat' dir='ltr'><strong><em>Delevit</em></strong></span> <span class='ocrx_word' id='word_1_478' title='bbox 1527 4570 1788 4638; x_wconf 79' lang='lat' dir='ltr'><strong><em>sanguine</em></strong></span> 
     </span>
    </p>
   </div>
   <div class='ocr_carea' id='block_1_63' title="bbox 195 4663 1842 4758">
    <p class='ocr_par' dir='ltr' id='par_1_63' title="bbox 195 4663 1842 4758">
     <span class='ocr_line' id='line_1_63' title="bbox 195 4663 1842 4758; baseline 0.002 -42"><span class='ocrx_word' id='word_1_479' title='bbox 195 4678 291 4716; x_wconf 87' lang='lat' dir='ltr'><strong><em>suo</em></strong></span> <span class='ocrx_word' id='word_1_480' title='bbox 321 4674 674 4722; x_wconf 84' lang='lat' dir='ltr'><strong><em>atramentum</em></strong></span> <span class='ocrx_word' id='word_1_481' title='bbox 709 4665 852 4727; x_wconf 62' lang='lat' dir='ltr'><strong><em>Eva},</em></strong></span> <span class='ocrx_word' id='word_1_482' title='bbox 885 4665 1087 4719; x_wconf 87' lang='lat' dir='ltr'><strong><em>delevit</em></strong></span> <span class='ocrx_word' id='word_1_483' title='bbox 1127 4663 1514 4735; x_wconf 85' lang='lat' dir='ltr'><strong><em>obligationcm</em></strong></span> <span class='ocrx_word' id='word_1_484' title='bbox 1564 4663 1788 4758; x_wconf 64' lang='lat' dir='ltr'><strong><em>haeredi-</em></strong></span> <span class='ocrx_word' id='word_1_485' title='bbox 1819 4663 1842 4698; x_wconf 75' lang='lat'><strong><em>‘-</em></strong></span> 
     </span>
    </p>
   </div>
   <div class='ocr_carea' id='block_1_64' title="bbox 197 4754 1787 4827">
    <p class='ocr_par' dir='ltr' id='par_1_64' title="bbox 197 4754 1787 4827">
     <span class='ocr_line' id='line_1_64' title="bbox 197 4754 1787 4827; baseline 0.006 -23"><span class='ocrx_word' id='word_1_486' title='bbox 197 4754 318 4808; x_wconf 84' lang='lat' dir='ltr'><strong><em>Iatis</em></strong></span> <span class='ocrx_word' id='word_1_487' title='bbox 347 4755 613 4810; x_wconf 67' lang='lat' dir='ltr'><strong><em>obnoxiae.</em></strong></span> <span class='ocrx_word' id='word_1_488' title='bbox 647 4755 808 4811; x_wconf 88' lang='lat' dir='ltr'><strong><em>Fides</em></strong></span> <span class='ocrx_word' id='word_1_489' title='bbox 838 4757 999 4826; x_wconf 81' lang='lat' dir='ltr'><strong><em>igitur</em></strong></span> <span class='ocrx_word' id='word_1_490' title='bbox 1027 4767 1306 4827; x_wconf 87' lang='lat' dir='ltr'><strong><em>peccatum</em></strong></span> <span class='ocrx_word' id='word_1_491' title='bbox 1333 4757 1544 4811; x_wconf 84' lang='lat' dir='ltr'><strong><em>minuit.</em></strong></span> <span class='ocrx_word' id='word_1_492' title='bbox 1579 4758 1644 4814; x_wconf 87' lang='lat' dir='ltr'><strong><em>Et</em></strong></span> <span class='ocrx_word' id='word_1_493' title='bbox 1663 4754 1787 4814; x_wconf 83' lang='lat' dir='ltr'><strong><em>ideo</em></strong></span> 
     </span>
    </p>
   </div>
   <div class='ocr_carea' id='block_1_65' title="bbox 204 4846 1787 4919">
    <p class='ocr_par' dir='ltr' id='par_1_65' title="bbox 204 4846 1787 4919">
     <span class='ocr_line' id='line_1_65' title="bbox 204 4846 1787 4919; baseline 0.006 -21"><span class='ocrx_word' id='word_1_494' title='bbox 204 4846 458 4901; x_wconf 78' lang='lat' dir='ltr'><strong><em>Dominus</em></strong></span> <span class='ocrx_word' id='word_1_495' title='bbox 480 4848 758 4904; x_wconf 89' lang='lat' dir='ltr'><strong><em>dimittens</em></strong></span> <span class='ocrx_word' id='word_1_496' title='bbox 803 4861 1020 4919; x_wconf 84' lang='lat' dir='ltr'><strong><em>peccata</em></strong></span> <span class='ocrx_word' id='word_1_497' title='bbox 1061 4849 1368 4908; x_wconf 66' lang='lat' dir='ltr'><strong><em>dicebat:1’</em></strong></span> <span class='ocrx_word' id='word_1_498' title='bbox 1413 4850 1535 4906; x_wconf 84' lang='lat' dir='ltr'><strong><em>Fiat</em></strong></span> <span class='ocrx_word' id='word_1_499' title='bbox 1574 4853 1665 4906; x_wconf 83' lang='lat' dir='ltr'><strong><em>tibi</em></strong></span> <span class='ocrx_word' id='word_1_500' title='bbox 1709 4870 1787 4907; x_wconf 86' lang='lat' dir='ltr'><strong><em>se-</em></strong></span> 
     </span>
    </p>
   </div>
   <div class='ocr_carea' id='block_1_66' title="bbox 199 4939 1301 5014">
    <p class='ocr_par' dir='ltr' id='par_1_66' title="bbox 199 4939 1301 5014">
     <span class='ocr_line' id='line_1_66' title="bbox 199 4939 1301 5014; baseline 0.004 -23"><span class='ocrx_word' id='word_1_501' title='bbox 199 4939 421 4994; x_wconf 83' lang='lat' dir='ltr'><strong><em>cundum</em></strong></span> <span class='ocrx_word' id='word_1_502' title='bbox 447 4941 604 5009; x_wconf 82' lang='lat' dir='ltr'><strong><em>[idem</em></strong></span> <span class='ocrx_word' id='word_1_503' title='bbox 633 4953 771 4996; x_wconf 89' lang='lat' dir='ltr'><strong><em>tuam</em></strong></span> <span class='ocrx_word' id='word_1_504' title='bbox 801 4941 1013 5014; x_wconf 73' lang='lat' dir='ltr'><strong><em>(Mat-th.</em></strong></span> <span class='ocrx_word' id='word_1_505' title='bbox 1042 4959 1153 5008; x_wconf 88' lang='lat' dir='ltr'><strong><em>vnI,</em></strong></span> <span class='ocrx_word' id='word_1_506' title='bbox 1192 4944 1301 5014; x_wconf 78' lang='grc'><strong>15).</strong></span> 
     </span>
    </p>
   </div>
   <div class='ocr_carea' id='block_1_67' title="bbox 271 5087 1784 5160">
    <p class='ocr_par' dir='ltr' id='par_1_67' title="bbox 271 5087 1784 5160">
     <span class='ocr_line' id='line_1_67' title="bbox 271 5087 1784 5160; baseline -0.001 -15"><span class='ocrx_word' id='word_1_507' title='bbox 271 5098 295 5126; x_wconf 75' lang='grc'>⁸</span> <span class='ocrx_word' id='word_1_508' title='bbox 332 5088 529 5145; x_wconf 81' lang='lat' dir='ltr'><strong><em>Omnes</em></strong></span> <span class='ocrx_word' id='word_1_509' title='bbox 570 5089 702 5143; x_wconf 90' lang='lat' dir='ltr'><strong><em>edit.</em></strong></span> <span class='ocrx_word' id='word_1_510' title='bbox 748 5101 802 5145; x_wconf 88' lang='lat' dir='ltr'><strong><em>et</em></strong></span> <span class='ocrx_word' id='word_1_511' title='bbox 833 5105 959 5143; x_wconf 87' lang='lat' dir='ltr'><strong><em>mss.</em></strong></span> <span class='ocrx_word' id='word_1_512' title='bbox 994 5087 1219 5158; x_wconf 86' lang='lat' dir='ltr'><strong><em>aliquot,</em></strong></span> <span class='ocrx_word' id='word_1_513' title='bbox 1243 5104 1390 5141; x_wconf 90' lang='lat' dir='ltr'><strong><em>omne</em></strong></span> <span class='ocrx_word' id='word_1_514' title='bbox 1424 5099 1686 5160; x_wconf 85' lang='lat' dir='ltr'><strong><em>peccatum</em></strong></span> <span class='ocrx_word' id='word_1_515' title='bbox 1713 5100 1784 5144; x_wconf 80' lang='lat' dir='ltr'><strong><em>est</em></strong></span> 
     </span>
    </p>
   </div>
   <div class='ocr_carea' id='block_1_68' title="bbox 201 5161 1780 5231">
    <p class='ocr_par' dir='ltr' id='par_1_68' title="bbox 201 5161 1780 5231">
     <span class='ocr_line' id='line_1_68' title="bbox 201 5161 1780 5231; baseline -0.001 -15"><span class='ocrx_word' id='word_1_516' title='bbox 201 5163 469 5231; x_wconf 89' lang='lat' dir='ltr'><strong><em>iniquitas;</em></strong></span> <span class='ocrx_word' id='word_1_517' title='bbox 518 5161 608 5215; x_wconf 90' lang='lat' dir='ltr'><strong><em>alii</em></strong></span> <span class='ocrx_word' id='word_1_518' title='bbox 666 5178 796 5216; x_wconf 88' lang='lat' dir='ltr'><strong><em>mss.</em></strong></span> <span class='ocrx_word' id='word_1_519' title='bbox 829 5162 1017 5231; x_wconf 87' lang='lat' dir='ltr'><strong><em>majori</em></strong></span> <span class='ocrx_word' id='word_1_520' title='bbox 1068 5175 1295 5214; x_wconf 90' lang='lat' dir='ltr'><strong><em>numero</em></strong></span> <span class='ocrx_word' id='word_1_521' title='bbox 1343 5171 1398 5214; x_wconf 88' lang='lat' dir='ltr'><strong><em>et</em></strong></span> <span class='ocrx_word' id='word_1_522' title='bbox 1436 5161 1780 5228; x_wconf 88' lang='lat' dir='ltr'><strong><em>antiquitate,</em></strong></span> 
     </span>
    </p>
   </div>
   <div class='ocr_carea' id='block_1_69' title="bbox 203 5231 1784 5306">
    <p class='ocr_par' dir='ltr' id='par_1_69' title="bbox 203 5231 1784 5306">
     <span class='ocr_line' id='line_1_69' title="bbox 203 5231 1784 5306; baseline -0.003 -17"><span class='ocrx_word' id='word_1_523' title='bbox 203 5245 458 5304; x_wconf 79' lang='lat' dir='ltr'><strong><em>peccatum</em></strong></span> <span class='ocrx_word' id='word_1_524' title='bbox 497 5251 626 5306; x_wconf 83' lang='lat' dir='ltr'><strong><em>apus</em></strong></span> <span class='ocrx_word' id='word_1_525' title='bbox 671 5244 743 5286; x_wconf 88' lang='lat' dir='ltr'><strong><em>est</em></strong></span> <span class='ocrx_word' id='word_1_526' title='bbox 795 5233 1170 5300; x_wconf 86' lang='lat' dir='ltr'><strong><em>iniquitatis....</em></strong></span> <span class='ocrx_word' id='word_1_527' title='bbox 1218 5231 1350 5286; x_wconf 84' lang='lat' dir='ltr'><strong><em>Plus</em></strong></span> <span class='ocrx_word' id='word_1_528' title='bbox 1379 5244 1616 5304; x_wconf 80' lang='lat' dir='ltr'><strong><em>estergo.</em></strong></span> <span class='ocrx_word' id='word_1_529' title='bbox 1646 5231 1784 5286; x_wconf 87' lang='lat' dir='ltr'><strong><em>Gra-</em></strong></span> 
     </span>
    </p>
   </div>
   <div class='ocr_carea' id='block_1_70' title="bbox 207 5306 932 5374">
    <p class='ocr_par' dir='ltr' id='par_1_70' title="bbox 207 5306 932 5374">
     <span class='ocr_line' id='line_1_70' title="bbox 207 5306 932 5374; baseline -0.003 -13"><span class='ocrx_word' id='word_1_530' title='bbox 207 5318 352 5372; x_wconf 82' lang='lat' dir='ltr'><strong><em>tIan.,</em></strong></span> <span class='ocrx_word' id='word_1_531' title='bbox 389 5306 540 5360; x_wconf 84' lang='lat' dir='ltr'><strong><em>Prius</em></strong></span> <span class='ocrx_word' id='word_1_532' title='bbox 561 5317 632 5359; x_wconf 88' lang='lat' dir='ltr'><strong><em>est</em></strong></span> <span class='ocrx_word' id='word_1_533' title='bbox 657 5322 801 5374; x_wconf 85' lang='lat' dir='ltr'><strong><em>ergo,</em></strong></span> <span class='ocrx_word' id='word_1_534' title='bbox 827 5321 932 5360; x_wconf 83' lang='lat' dir='ltr'><strong><em>etc.</em></strong></span> 
     </span>
    </p>
   </div>
   <div class='ocr_carea' id='block_1_71' title="bbox 270 5375 1786 5446">
    <p class='ocr_par' dir='ltr' id='par_1_71' title="bbox 270 5375 1786 5446">
     <span class='ocr_line' id='line_1_71' title="bbox 270 5375 1786 5446; baseline -0.003 -13"><span class='ocrx_word' id='word_1_535' title='bbox 270 5379 296 5416; x_wconf 61' lang='lat' dir='ltr'><strong><em>lt</em></strong></span> <span class='ocrx_word' id='word_1_536' title='bbox 339 5380 475 5433; x_wconf 87' lang='lat' dir='ltr'><strong><em>Edit.</em></strong></span> <span class='ocrx_word' id='word_1_537' title='bbox 508 5375 958 5446; x_wconf 60' lang='lat' dir='ltr'><strong><em>Rom.,~Conﬁde,</em></strong></span> <span class='ocrx_word' id='word_1_538' title='bbox 985 5377 1082 5446; x_wconf 84' lang='lat' dir='ltr'><strong><em>ﬁli,</em></strong></span> <span class='ocrx_word' id='word_1_539' title='bbox 1108 5378 1434 5430; x_wconf 88' lang='lat' dir='ltr'><strong><em>remittuntur</em></strong></span> <span class='ocrx_word' id='word_1_540' title='bbox 1463 5375 1550 5429; x_wconf 89' lang='lat' dir='ltr'><strong><em>tibi</em></strong></span> <span class='ocrx_word' id='word_1_541' title='bbox 1578 5385 1786 5446; x_wconf 86' lang='lat' dir='ltr'><strong><em>peccata</em></strong></span> 
     </span>
    </p>
   </div>
   <div class='ocr_carea' id='block_1_72' title="bbox 209 5461 306 5504">
    <p class='ocr_par' dir='ltr' id='par_1_72' title="bbox 209 5461 306 5504">
     <span class='ocr_line' id='line_1_72' title="bbox 209 5461 306 5504; baseline -0.01 -1"><span class='ocrx_word' id='word_1_542' title='bbox 209 5461 306 5504; x_wconf 89' lang='lat' dir='ltr'><strong><em>tua.</em></strong></span> 
     </span>
    </p>
   </div>
   <div class='ocr_carea' id='block_1_73' title="bbox 279 5519 1788 5588">
    <p class='ocr_par' dir='ltr' id='par_1_73' title="bbox 279 5519 1788 5588">
     <span class='ocr_line' id='line_1_73' title="bbox 279 5519 1788 5588; baseline -0.004 -10"><span class='ocrx_word' id='word_1_543' title='bbox 279 5536 296 5561; x_wconf 72' lang='grc' dir='ltr'><em>υ</em></span> <span class='ocrx_word' id='word_1_544' title='bbox 338 5525 407 5578; x_wconf 88' lang='lat' dir='ltr'><strong><em>Ita</em></strong></span> <span class='ocrx_word' id='word_1_545' title='bbox 441 5535 546 5578; x_wconf 83' lang='lat' dir='ltr'><strong><em>vet.</em></strong></span> <span class='ocrx_word' id='word_1_546' title='bbox 591 5521 721 5575; x_wconf 86' lang='lat' dir='ltr'><strong><em>edit.</em></strong></span> <span class='ocrx_word' id='word_1_547' title='bbox 769 5529 820 5573; x_wconf 86' lang='lat' dir='ltr'><strong><em>et</em></strong></span> <span class='ocrx_word' id='word_1_548' title='bbox 861 5519 1216 5588; x_wconf 85' lang='lat' dir='ltr'><strong><em>antiquissimi</em></strong></span> <span class='ocrx_word' id='word_1_549' title='bbox 1251 5535 1383 5575; x_wconf 78' lang='lat' dir='ltr'><strong><em>mss.</em></strong></span> <span class='ocrx_word' id='word_1_550' title='bbox 1418 5520 1574 5573; x_wconf 90' lang='lat' dir='ltr'><strong><em>Rom.</em></strong></span> <span class='ocrx_word' id='word_1_551' title='bbox 1609 5529 1788 5572; x_wconf 87' lang='lat' dir='ltr'><strong><em>autem</em></strong></span> 
     </span>
    </p>
   </div>
   <div class='ocr_carea' id='block_1_74' title="bbox 209 5592 1790 5650">
    <p class='ocr_par' dir='ltr' id='par_1_74' title="bbox 209 5592 1790 5650">
     <span class='ocr_line' id='line_1_74' title="bbox 209 5592 1790 5650; baseline -0.003 -2"><span class='ocrx_word' id='word_1_552' title='bbox 209 5594 327 5648; x_wconf 78' lang='lat' dir='ltr'><strong><em>edit.</em></strong></span> <span class='ocrx_word' id='word_1_553' title='bbox 373 5612 494 5650; x_wconf 91' lang='lat' dir='ltr'><strong><em>cum</em></strong></span> <span class='ocrx_word' id='word_1_554' title='bbox 538 5593 932 5648; x_wconf 67' lang='lat' dir='ltr'><strong><em>recentioribus</em></strong></span> <span class='ocrx_word' id='word_1_555' title='bbox 979 5607 1109 5644; x_wconf 86' lang='lat' dir='ltr'><strong><em>mss.</em></strong></span> <span class='ocrx_word' id='word_1_556' title='bbox 1145 5592 1306 5647; x_wconf 85' lang='lat' dir='ltr'><strong><em>habet</em></strong></span> <span class='ocrx_word' id='word_1_557' title='bbox 1339 5612 1350 5644; x_wconf 92' lang='lat'>:</span> <span class='ocrx_word' id='word_1_558' title='bbox 1383 5593 1629 5646; x_wconf 89' lang='lat' dir='ltr'><strong><em>interiora</em></strong></span> <span class='ocrx_word' id='word_1_559' title='bbox 1673 5600 1790 5643; x_wconf 84' lang='lat' dir='ltr'><strong><em>sunt</em></strong></span> 
     </span>
    </p>
   </div>
   <div class='ocr_carea' id='block_1_75' title="bbox 212 5664 1784 5736">
    <p class='ocr_par' dir='ltr' id='par_1_75' title="bbox 212 5664 1784 5736">
     <span class='ocr_line' id='line_1_75' title="bbox 212 5664 1784 5736; baseline -0.004 -18"><span class='ocrx_word' id='word_1_560' title='bbox 212 5669 404 5731; x_wconf 72' lang='lat' dir='ltr'><strong><em>animai,</em></strong></span> <span class='ocrx_word' id='word_1_561' title='bbox 435 5669 567 5722; x_wconf 84' lang='lat' dir='ltr'><strong><em>sicut</em></strong></span> <span class='ocrx_word' id='word_1_562' title='bbox 595 5667 727 5719; x_wconf 88' lang='lat' dir='ltr'><strong><em>enim</em></strong></span> <span class='ocrx_word' id='word_1_563' title='bbox 758 5664 949 5736; x_wconf 82' lang='lat' dir='ltr'><strong><em>uiscera</em></strong></span> <span class='ocrx_word' id='word_1_564' title='bbox 975 5673 1091 5736; x_wconf 83' lang='lat' dir='ltr'><strong><em>sunt</em></strong></span> <span class='ocrx_word' id='word_1_565' title='bbox 1115 5664 1362 5720; x_wconf 87' lang='lat' dir='ltr'><strong><em>interiora</em></strong></span> <span class='ocrx_word' id='word_1_566' title='bbox 1404 5664 1666 5736; x_wconf 78' lang='lat' dir='ltr'><strong><em>corporis;</em></strong></span> <span class='ocrx_word' id='word_1_567' title='bbox 1693 5672 1784 5728; x_wconf 77' lang='lat' dir='ltr'><strong><em>ita,</em></strong></span> 
     </span>
    </p>
   </div>
   <div class='ocr_carea' id='block_1_76' title="bbox 213 5734 1785 5804">
    <p class='ocr_par' dir='ltr' id='par_1_76' title="bbox 213 5734 1785 5804">
     <span class='ocr_line' id='line_1_76' title="bbox 213 5734 1785 5804; baseline -0.004 -13"><span class='ocrx_word' id='word_1_568' title='bbox 213 5751 307 5791; x_wconf 87' lang='lat' dir='ltr'><strong><em>etc.</em></strong></span> <span class='ocrx_word' id='word_1_569' title='bbox 349 5740 452 5802; x_wconf 77' lang='lat' dir='ltr'><strong><em>Sed</em></strong></span> <span class='ocrx_word' id='word_1_570' title='bbox 499 5753 619 5792; x_wconf 84' lang='lat' dir='ltr'><strong><em>cum</em></strong></span> <span class='ocrx_word' id='word_1_571' title='bbox 666 5737 874 5804; x_wconf 87' lang='lat' dir='ltr'><strong><em>priores</em></strong></span> <span class='ocrx_word' id='word_1_572' title='bbox 927 5734 1222 5800; x_wconf 68' lang='lat' dir='ltr'><strong><em>legitimtun</em></strong></span> <span class='ocrx_word' id='word_1_573' title='bbox 1273 5734 1785 5796; x_wconf 79' lang='lat' dir='ltr'><strong><em>sensumelliciant,</em></strong></span> 
     </span>
    </p>
   </div>
   <div class='ocr_carea' id='block_1_77' title="bbox 217 5804 1783 5877">
    <p class='ocr_par' dir='ltr' id='par_1_77' title="bbox 217 5804 1783 5877">
     <span class='ocr_line' id='line_1_77' title="bbox 217 5804 1783 5877; baseline -0.003 -15"><span class='ocrx_word' id='word_1_574' title='bbox 217 5811 558 5877; x_wconf 71' lang='lat' dir='ltr'><strong><em>pOSIe-I&#39;im‘utu</em></strong></span> <span class='ocrx_word' id='word_1_575' title='bbox 623 5809 915 5874; x_wconf 83' lang='lat' dir='ltr'><strong><em>scriptores</em></strong></span> <span class='ocrx_word' id='word_1_576' title='bbox 975 5806 1185 5864; x_wconf 89' lang='lat' dir='ltr'><strong><em>calamo</em></strong></span> <span class='ocrx_word' id='word_1_577' title='bbox 1251 5809 1537 5864; x_wconf 83' lang='lat' dir='ltr'><strong><em>indulsisse</em></strong></span> <span class='ocrx_word' id='word_1_578' title='bbox 1603 5804 1783 5861; x_wconf 87' lang='lat' dir='ltr'><strong><em>credi-</em></strong></span> 
     </span>
    </p>
   </div>
   <div class='ocr_carea' id='block_1_78' title="bbox 219 5882 441 5936">
    <p class='ocr_par' dir='ltr' id='par_1_78' title="bbox 219 5882 441 5936">
     <span class='ocr_line' id='line_1_78' title="bbox 219 5882 441 5936; baseline 0 -3"><span class='ocrx_word' id='word_1_579' title='bbox 219 5882 312 5936; x_wconf 84' lang='lat' dir='ltr'><strong><em>bile</em></strong></span> <span class='ocrx_word' id='word_1_580' title='bbox 341 5893 441 5935; x_wconf 81' lang='lat' dir='ltr'><strong><em>est.</em></strong></span> 
     </span>
    </p>
   </div>
   <div class='ocr_carea' id='block_1_79' title="bbox 1812 3235 3499 3328">
    <p class='ocr_par' dir='ltr' id='par_1_79' title="bbox 1812 3235 3499 3328">
     <span class='ocr_line' id='line_1_79' title="bbox 1812 3235 3499 3328; baseline 0 -9"><span class='ocrx_word' id='word_1_581' title='bbox 1812 3235 1855 3294; x_wconf 60' lang='grc' dir='ltr'><strong><em>Π</em></strong></span> <span class='ocrx_word' id='word_1_582' title='bbox 1890 3277 2071 3319; x_wconf 89' lang='lat' dir='ltr'><strong><em>autem</em></strong></span> <span class='ocrx_word' id='word_1_583' title='bbox 2127 3265 2322 3318; x_wconf 70' lang='lat' dir='ltr'><strong><em>anima&quot;:</em></strong></span> <span class='ocrx_word' id='word_1_584' title='bbox 2367 3263 2782 3319; x_wconf 83' lang='lat' dir='ltr'><strong><em>adinventiones</em></strong></span> <span class='ocrx_word' id='word_1_585' title='bbox 2831 3279 3087 3318; x_wconf 86' lang='lat' dir='ltr'><strong><em>sensuum</em></strong></span> <span class='ocrx_word' id='word_1_586' title='bbox 3134 3273 3290 3328; x_wconf 89' lang='lat' dir='ltr'><strong><em>sunt,</em></strong></span> <span class='ocrx_word' id='word_1_587' title='bbox 3341 3263 3499 3319; x_wconf 69' lang='lat' dir='ltr'><strong><em>bona)</em></strong></span> 
     </span>
    </p>
   </div>
   <div class='ocr_carea' id='block_1_80' title="bbox 1878 1948 3484 2024">
    <p class='ocr_par' dir='ltr' id='par_1_80' title="bbox 1878 1948 3484 2024">
     <span class='ocr_line' id='line_1_80' title="bbox 1878 1948 3484 2024; baseline -0.003 -16"><span class='ocrx_word' id='word_1_588' title='bbox 1878 1955 2098 2024; x_wconf 88' lang='lat' dir='ltr'><strong><em>quitatis</em></strong></span> <span class='ocrx_word' id='word_1_589' title='bbox 2141 1953 2368 2024; x_wconf 79' lang='lat' dir='ltr'><strong><em>efﬁgies.</em></strong></span> <span class='ocrx_word' id='word_1_590' title='bbox 2419 1951 2641 2008; x_wconf 84' lang='lat' dir='ltr'><strong><em>Grande</em></strong></span> <span class='ocrx_word' id='word_1_591' title='bbox 2679 1960 2858 2006; x_wconf 89' lang='lat' dir='ltr'><strong><em>autem</em></strong></span> <span class='ocrx_word' id='word_1_592' title='bbox 2907 1966 3101 2006; x_wconf 85' lang='lat' dir='ltr'><strong><em>manus</em></strong></span> <span class='ocrx_word' id='word_1_593' title='bbox 3141 1960 3242 2013; x_wconf 86' lang='lat' dir='ltr'><strong><em>est,</em></strong></span> <span class='ocrx_word' id='word_1_594' title='bbox 3299 1948 3484 2003; x_wconf 86' lang='lat' dir='ltr'><strong><em>cordis</em></strong></span> 
     </span>
    </p>
   </div>
   <div class='ocr_carea' id='block_1_81' title="bbox 1879 2041 3486 2115">
    <p class='ocr_par' dir='ltr' id='par_1_81' title="bbox 1879 2041 3486 2115">
     <span class='ocr_line' id='line_1_81' title="bbox 1879 2041 3486 2115; baseline -0.006 -12"><span class='ocrx_word' id='word_1_595' title='bbox 1879 2063 2002 2103; x_wconf 84' lang='lat' dir='ltr'><strong><em>esse</em></strong></span> <span class='ocrx_word' id='word_1_596' title='bbox 2026 2046 2230 2102; x_wconf 84' lang='lat' dir='ltr'><strong><em>mundi.</em></strong></span> <span class='ocrx_word' id='word_1_597' title='bbox 2261 2045 2420 2102; x_wconf 87' lang='lat' dir='ltr'><strong><em>Unde</em></strong></span> <span class='ocrx_word' id='word_1_598' title='bbox 2449 2043 2675 2115; x_wconf 87' lang='lat' dir='ltr'><strong><em>pulchre</em></strong></span> <span class='ocrx_word' id='word_1_599' title='bbox 2695 2044 2952 2100; x_wconf 86' lang='lat' dir='ltr'><strong><em>Salomon</em></strong></span> <span class='ocrx_word' id='word_1_600' title='bbox 2986 2061 2999 2096; x_wconf 91' lang='lat'>:</span> <span class='ocrx_word' id='word_1_601' title='bbox 3027 2043 3154 2111; x_wconf 85' lang='lat' dir='ltr'><strong><em>Quis</em></strong></span> <span class='ocrx_word' id='word_1_602' title='bbox 3181 2041 3486 2114; x_wconf 85' lang='lat' dir='ltr'><strong><em>gloriabitur</em></strong></span> 
     </span>
    </p>
   </div>
   <div class='ocr_carea' id='block_1_82' title="bbox 1879 2136 3481 2208">
    <p class='ocr_par' dir='ltr' id='par_1_82' title="bbox 1879 2136 3481 2208">
     <span class='ocr_line' id='line_1_82' title="bbox 1879 2136 3481 2208; baseline -0.004 -14"><span class='ocrx_word' id='word_1_603' title='bbox 1879 2152 2080 2194; x_wconf 89' lang='lat' dir='ltr'><strong><em>castum</em></strong></span> <span class='ocrx_word' id='word_1_604' title='bbox 2117 2157 2170 2194; x_wconf 87' lang='lat' dir='ltr'><strong><em>se</em></strong></span> <span class='ocrx_word' id='word_1_605' title='bbox 2205 2141 2391 2194; x_wconf 83' lang='lat' dir='ltr'><strong><em>habere</em></strong></span> <span class='ocrx_word' id='word_1_606' title='bbox 2420 2155 2509 2194; x_wconf 89' lang='lat' dir='ltr'><strong><em>cor</em></strong></span> <span class='ocrx_word' id='word_1_607' title='bbox 2535 2137 2718 2208; x_wconf 85' lang='lat' dir='ltr'><strong><em>(Prov.</em></strong></span> <span class='ocrx_word' id='word_1_608' title='bbox 2760 2154 2850 2201; x_wconf 81' lang='lat' dir='ltr'><strong><em>xx,</em></strong></span> <span class='ocrx_word' id='word_1_609' title='bbox 2887 2136 2990 2208; x_wconf 86' lang='lat'><strong><em>9)?</em></strong></span> <span class='ocrx_word' id='word_1_610' title='bbox 3022 2138 3087 2192; x_wconf 84' lang='lat' dir='ltr'><strong>Et</strong></span> <span class='ocrx_word' id='word_1_611' title='bbox 3126 2137 3385 2191; x_wconf 82' lang='lat' dir='ltr'><strong><em>Dominus</em></strong></span> <span class='ocrx_word' id='word_1_612' title='bbox 3429 2137 3481 2188; x_wconf 90' lang='lat' dir='ltr'><strong><em>in</em></strong></span> 
     </span>
    </p>
   </div>
   <div class='ocr_carea' id='block_1_83' title="bbox 1882 2229 3489 2302">
    <p class='ocr_par' dir='ltr' id='par_1_83' title="bbox 1882 2229 3489 2302">
     <span class='ocr_line' id='line_1_83' title="bbox 1882 2229 3489 2302; baseline -0.004 -14"><span class='ocrx_word' id='word_1_613' title='bbox 1882 2233 2177 2302; x_wconf 76' lang='lat' dir='ltr'><strong><em>Evangelia</em></strong></span> <span class='ocrx_word' id='word_1_614' title='bbox 2212 2249 2225 2286; x_wconf 90' lang='lat'>:</span> <span class='ocrx_word' id='word_1_615' title='bbox 2260 2232 2407 2287; x_wconf 84' lang='lat' dir='ltr'><strong><em>Beati</em></strong></span> <span class='ocrx_word' id='word_1_616' title='bbox 2436 2231 2630 2288; x_wconf 84' lang='lat' dir='ltr'><strong><em>mundo</em></strong></span> <span class='ocrx_word' id='word_1_617' title='bbox 2655 2231 2844 2296; x_wconf 80' lang='lat' dir='ltr'><strong><em>corde;</em></strong></span> <span class='ocrx_word' id='word_1_618' title='bbox 2871 2230 2972 2298; x_wconf 86' lang='lat' dir='ltr'><strong><em>ipsi</em></strong></span> <span class='ocrx_word' id='word_1_619' title='bbox 2997 2231 3128 2283; x_wconf 86' lang='lat' dir='ltr'><strong><em>enim</em></strong></span> <span class='ocrx_word' id='word_1_620' title='bbox 3154 2229 3316 2283; x_wconf 85' lang='lat' dir='ltr'><strong><em>Deum</em></strong></span> <span class='ocrx_word' id='word_1_621' title='bbox 3347 2229 3489 2283; x_wconf 83' lang='lat' dir='ltr'><strong><em>vide-</em></strong></span> 
     </span>
    </p>
   </div>
   <div class='ocr_carea' id='block_1_84' title="bbox 1882 2322 3487 2394">
    <p class='ocr_par' dir='ltr' id='par_1_84' title="bbox 1882 2322 3487 2394">
     <span class='ocr_line' id='line_1_84' title="bbox 1882 2322 3487 2394; baseline -0.002 -14"><span class='ocrx_word' id='word_1_622' title='bbox 1882 2326 2002 2380; x_wconf 76' lang='lat' dir='ltr'><strong><em>bunt</em></strong></span> <span class='ocrx_word' id='word_1_623' title='bbox 2031 2325 2244 2391; x_wconf 72' lang='lat' dir='ltr'><strong><em>(Matth.</em></strong></span> <span class='ocrx_word' id='word_1_624' title='bbox 2296 2341 2348 2389; x_wconf 90' lang='lat' dir='ltr'><strong><em>v,</em></strong></span> <span class='ocrx_word' id='word_1_625' title='bbox 2388 2327 2470 2392; x_wconf 82' lang='lat'><strong><em>8).</em></strong></span> <span class='ocrx_word' id='word_1_626' title='bbox 2502 2323 2771 2394; x_wconf 89' lang='lat' dir='ltr'><strong><em>Pr0pheta</em></strong></span> <span class='ocrx_word' id='word_1_627' title='bbox 2793 2324 2956 2378; x_wconf 89' lang='lat' dir='ltr'><strong><em>etiam</em></strong></span> <span class='ocrx_word' id='word_1_628' title='bbox 2990 2322 3160 2376; x_wconf 86' lang='lat' dir='ltr'><strong><em>David</em></strong></span> <span class='ocrx_word' id='word_1_629' title='bbox 3202 2338 3297 2376; x_wconf 92' lang='lat' dir='ltr'><strong><em>cor</em></strong></span> <span class='ocrx_word' id='word_1_630' title='bbox 3324 2337 3487 2376; x_wconf 89' lang='lat' dir='ltr'><strong><em>mun-</em></strong></span> 
     </span>
    </p>
   </div>
   <div class='ocr_carea' id='block_1_85' title="bbox 1881 2414 3490 2488">
    <p class='ocr_par' dir='ltr' id='par_1_85' title="bbox 1881 2414 3490 2488">
     <span class='ocr_line' id='line_1_85' title="bbox 1881 2414 3490 2488; baseline -0.002 -14"><span class='ocrx_word' id='word_1_631' title='bbox 1881 2419 2008 2474; x_wconf 90' lang='lat' dir='ltr'><strong><em>dum</em></strong></span> <span class='ocrx_word' id='word_1_632' title='bbox 2052 2419 2255 2475; x_wconf 84' lang='lat' dir='ltr'><strong><em>habere</em></strong></span> <span class='ocrx_word' id='word_1_633' title='bbox 2304 2418 2580 2488; x_wconf 83' lang='lat' dir='ltr'><strong><em>cupiebat,</em></strong></span> <span class='ocrx_word' id='word_1_634' title='bbox 2616 2434 2682 2473; x_wconf 90' lang='lat' dir='ltr'><strong><em>ne</em></strong></span> <span class='ocrx_word' id='word_1_635' title='bbox 2730 2433 2761 2472; x_wconf 85' lang='lat' dir='ltr'><strong><em>a</em></strong></span> <span class='ocrx_word' id='word_1_636' title='bbox 2813 2417 2949 2471; x_wconf 80' lang='lat' dir='ltr'><strong><em>facie</em></strong></span> <span class='ocrx_word' id='word_1_637' title='bbox 2997 2415 3210 2471; x_wconf 88' lang='lat' dir='ltr'><strong><em>Domini</em></strong></span> <span class='ocrx_word' id='word_1_638' title='bbox 3255 2414 3490 2485; x_wconf 82' lang='lat' dir='ltr'><strong><em>projice-</em></strong></span> 
     </span>
    </p>
   </div>
   <div class='ocr_carea' id='block_1_86' title="bbox 1883 2521 2053 2566">
    <p class='ocr_par' dir='ltr' id='par_1_86' title="bbox 1883 2521 2053 2566">
     <span class='ocr_line' id='line_1_86' title="bbox 1883 2521 2053 2566; baseline -0.024 0"><span class='ocrx_word' id='word_1_639' title='bbox 1883 2521 2053 2566; x_wconf 85' lang='lat' dir='ltr'><strong><em>retur.</em></strong></span> 
     </span>
    </p>
   </div>
   <div class='ocr_carea' id='block_1_87' title="bbox 1954 2603 3485 2676">
    <p class='ocr_par' dir='ltr' id='par_1_87' title="bbox 1954 2603 3485 2676">
     <span class='ocr_line' id='line_1_87' title="bbox 1954 2603 3485 2676; baseline -0.003 -15"><span class='ocrx_word' id='word_1_640' title='bbox 1954 2607 2045 2661; x_wconf 80' lang='grc'><strong><em>65.</em></strong></span> <span class='ocrx_word' id='word_1_641' title='bbox 2089 2606 2142 2660; x_wconf 93' lang='lat' dir='ltr'><strong><em>In</em></strong></span> <span class='ocrx_word' id='word_1_642' title='bbox 2185 2623 2292 2676; x_wconf 93' lang='lat' dir='ltr'><strong><em>quo</em></strong></span> <span class='ocrx_word' id='word_1_643' title='bbox 2337 2615 2519 2664; x_wconf 86' lang='lat' dir='ltr'><strong><em>autem</em></strong></span> <span class='ocrx_word' id='word_1_644' title='bbox 2551 2619 2645 2659; x_wconf 88' lang='lat' dir='ltr'><strong><em>cor</em></strong></span> <span class='ocrx_word' id='word_1_645' title='bbox 2676 2605 2936 2659; x_wconf 90' lang='lat' dir='ltr'><strong><em>mundum</em></strong></span> <span class='ocrx_word' id='word_1_646' title='bbox 2965 2611 3071 2669; x_wconf 88' lang='lat' dir='ltr'><strong><em>est,</em></strong></span> <span class='ocrx_word' id='word_1_647' title='bbox 3108 2603 3396 2658; x_wconf 88' lang='lat' dir='ltr'><strong><em>innovatur</em></strong></span> <span class='ocrx_word' id='word_1_648' title='bbox 3430 2604 3485 2658; x_wconf 92' lang='lat' dir='ltr'><strong><em>in</em></strong></span> 
     </span>
    </p>
   </div>
   <div class='ocr_carea' id='block_1_88' title="bbox 1884 2697 3494 2772">
    <p class='ocr_par' dir='ltr' id='par_1_88' title="bbox 1884 2697 3494 2772">
     <span class='ocr_line' id='line_1_88' title="bbox 1884 2697 3494 2772; baseline -0.004 -14"><span class='ocrx_word' id='word_1_649' title='bbox 1884 2702 2002 2772; x_wconf 79' lang='lat' dir='ltr'><strong><em>ejus</em></strong></span> <span class='ocrx_word' id='word_1_650' title='bbox 2036 2700 2383 2758; x_wconf 88' lang='lat' dir='ltr'><strong><em>interioribus</em></strong></span> <span class='ocrx_word' id='word_1_651' title='bbox 2405 2701 2647 2770; x_wconf 82' lang='lat' dir='ltr'><strong><em>spiritus.</em></strong></span> <span class='ocrx_word' id='word_1_652' title='bbox 2676 2698 2898 2754; x_wconf 84' lang='lat' dir='ltr'><strong><em>Viscera</em></strong></span> <span class='ocrx_word' id='word_1_653' title='bbox 2924 2698 3070 2753; x_wconf 89' lang='lat' dir='ltr'><strong><em>enim</em></strong></span> <span class='ocrx_word' id='word_1_654' title='bbox 3095 2697 3256 2752; x_wconf 80' lang='lat' dir='ltr'><strong><em>velut</em></strong></span> <span class='ocrx_word' id='word_1_655' title='bbox 3288 2708 3310 2736; x_wconf 75' lang='grc' dir='ltr'><strong>ο</strong></span> <span class='ocrx_word' id='word_1_656' title='bbox 3347 2697 3494 2751; x_wconf 87' lang='lat' dir='ltr'><strong><em>inte-</em></strong></span> 
     </span>
    </p>
   </div>
   <div class='ocr_carea' id='block_1_89' title="bbox 1887 2793 3494 2867">
    <p class='ocr_par' dir='ltr' id='par_1_89' title="bbox 1887 2793 3494 2867">
     <span class='ocr_line' id='line_1_89' title="bbox 1887 2793 3494 2867; baseline -0.002 -15"><span class='ocrx_word' id='word_1_657' title='bbox 1887 2799 2030 2852; x_wconf 90' lang='lat' dir='ltr'><strong><em>riora</em></strong></span> <span class='ocrx_word' id='word_1_658' title='bbox 2062 2806 2188 2852; x_wconf 87' lang='lat' dir='ltr'><strong><em>sunt</em></strong></span> <span class='ocrx_word' id='word_1_659' title='bbox 2216 2798 2462 2867; x_wconf 89' lang='lat' dir='ltr'><strong><em>corporis</em></strong></span> <span class='ocrx_word' id='word_1_660' title='bbox 2494 2814 2506 2849; x_wconf 91' lang='lat'><strong>:</strong></span> <span class='ocrx_word' id='word_1_661' title='bbox 2544 2797 2626 2852; x_wconf 85' lang='lat' dir='ltr'><strong><em>ita</em></strong></span> <span class='ocrx_word' id='word_1_662' title='bbox 2657 2804 2856 2850; x_wconf 87' lang='lat' dir='ltr'><strong><em>suntet</em></strong></span> <span class='ocrx_word' id='word_1_663' title='bbox 2889 2793 3244 2865; x_wconf 85' lang='lat' dir='ltr'><strong><em>intelligibilia</em></strong></span> <span class='ocrx_word' id='word_1_664' title='bbox 3286 2794 3494 2849; x_wconf 84' lang='lat' dir='ltr'><strong><em>viscera</em></strong></span> 
     </span>
    </p>
   </div>
   <div class='ocr_carea' id='block_1_90' title="bbox 1887 2888 3498 2962">
    <p class='ocr_par' dir='ltr' id='par_1_90' title="bbox 1887 2888 3498 2962">
     <span class='ocr_line' id='line_1_90' title="bbox 1887 2888 3498 2962; baseline -0.001 -17"><span class='ocrx_word' id='word_1_665' title='bbox 1887 2894 2103 2955; x_wconf 56' lang='lat' dir='ltr'><strong><em>animae,</em></strong></span> <span class='ocrx_word' id='word_1_666' title='bbox 2148 2901 2204 2945; x_wconf 90' lang='lat' dir='ltr'><strong><em>ut</em></strong></span> <span class='ocrx_word' id='word_1_667' title='bbox 2224 2901 2350 2945; x_wconf 87' lang='lat' dir='ltr'><strong><em>sunt</em></strong></span> <span class='ocrx_word' id='word_1_668' title='bbox 2379 2892 2588 2947; x_wconf 88' lang='lat' dir='ltr'><strong><em>viscera</em></strong></span> <span class='ocrx_word' id='word_1_669' title='bbox 2619 2889 3007 2946; x_wconf 80' lang='lat' dir='ltr'><strong><em>misericordia:</em></strong></span> <span class='ocrx_word' id='word_1_670' title='bbox 3030 2888 3251 2962; x_wconf 86' lang='lat' dir='ltr'><strong><em>(Coloss.</em></strong></span> <span class='ocrx_word' id='word_1_671' title='bbox 3273 2907 3354 2955; x_wconf 92' lang='lat' dir='ltr'><strong>III,</strong></span> <span class='ocrx_word' id='word_1_672' title='bbox 3380 2891 3498 2962; x_wconf 65' lang='grc' dir='ltr'>ιιι),</span> 
     </span>
    </p>
   </div>
   <div class='ocr_carea' id='block_1_91' title="bbox 1889 2982 3498 3055">
    <p class='ocr_par' dir='ltr' id='par_1_91' title="bbox 1889 2982 3498 3055">
     <span class='ocr_line' id='line_1_91' title="bbox 1889 2982 3498 3055; baseline 0.001 -18"><span class='ocrx_word' id='word_1_673' title='bbox 1889 2995 1947 3040; x_wconf 89' lang='grc' dir='ltr'><strong><em>ιιι</em></strong></span> <span class='ocrx_word' id='word_1_674' title='bbox 1985 2997 2111 3040; x_wconf 86' lang='lat' dir='ltr'><strong><em>sunt</em></strong></span> <span class='ocrx_word' id='word_1_675' title='bbox 2144 2984 2399 3039; x_wconf 85' lang='lat' dir='ltr'><strong><em>interiora</em></strong></span> <span class='ocrx_word' id='word_1_676' title='bbox 2423 3000 2543 3055; x_wconf 74' lang='lat' dir='ltr'><strong><em>qua:</em></strong></span> <span class='ocrx_word' id='word_1_677' title='bbox 2591 2984 2920 3038; x_wconf 87' lang='lat' dir='ltr'><strong><em>benedicunt</em></strong></span> <span class='ocrx_word' id='word_1_678' title='bbox 2949 2982 3258 3049; x_wconf 86' lang='lat' dir='ltr'><strong><em>Dominum,</em></strong></span> <span class='ocrx_word' id='word_1_679' title='bbox 3282 2984 3350 3038; x_wconf 85' lang='lat' dir='ltr'><strong><em>de</em></strong></span> <span class='ocrx_word' id='word_1_680' title='bbox 3379 2985 3498 3054; x_wconf 78' lang='lat' dir='ltr'><strong><em>qui-</em></strong></span> 
     </span>
    </p>
   </div>
   <div class='ocr_carea' id='block_1_92' title="bbox 1889 3075 3501 3143">
    <p class='ocr_par' dir='ltr' id='par_1_92' title="bbox 1889 3075 3501 3143">
     <span class='ocr_line' id='line_1_92' title="bbox 1889 3075 3501 3143; baseline -0.002 -9"><span class='ocrx_word' id='word_1_681' title='bbox 1889 3078 1988 3134; x_wconf 90' lang='lat' dir='ltr'><strong><em>bus</em></strong></span> <span class='ocrx_word' id='word_1_682' title='bbox 2017 3079 2118 3132; x_wconf 87' lang='lat' dir='ltr'><strong><em>ait:</em></strong></span> <span class='ocrx_word' id='word_1_683' title='bbox 2140 3076 2384 3138; x_wconf 83' lang='lat' dir='ltr'><strong><em>Benedic,</em></strong></span> <span class='ocrx_word' id='word_1_684' title='bbox 2418 3079 2592 3132; x_wconf 82' lang='lat' dir='ltr'><strong><em>anima</em></strong></span> <span class='ocrx_word' id='word_1_685' title='bbox 2614 3094 2749 3142; x_wconf 88' lang='lat' dir='ltr'><strong><em>mea,</em></strong></span> <span class='ocrx_word' id='word_1_686' title='bbox 2776 3075 3078 3143; x_wconf 82' lang='lat' dir='ltr'><strong><em>Dominum,</em></strong></span> <span class='ocrx_word' id='word_1_687' title='bbox 3103 3087 3153 3131; x_wconf 79' lang='lat' dir='ltr'><strong><em>et</em></strong></span> <span class='ocrx_word' id='word_1_688' title='bbox 3175 3077 3349 3130; x_wconf 87' lang='lat' dir='ltr'><strong><em>omnia</em></strong></span> <span class='ocrx_word' id='word_1_689' title='bbox 3369 3078 3501 3132; x_wconf 74' lang='lat' dir='ltr'><strong><em>into-</em></strong></span> 
     </span>
    </p>
   </div>
   <div class='ocr_carea' id='block_1_93' title="bbox 1888 3169 3500 3242">
    <p class='ocr_par' dir='ltr' id='par_1_93' title="bbox 1888 3169 3500 3242">
     <span class='ocr_line' id='line_1_93' title="bbox 1888 3169 3500 3242; baseline 0.001 -18"><span class='ocrx_word' id='word_1_690' title='bbox 1888 3172 2031 3226; x_wconf 86' lang='lat' dir='ltr'><strong><em>riora</em></strong></span> <span class='ocrx_word' id='word_1_691' title='bbox 2058 3189 2170 3226; x_wconf 86' lang='lat' dir='ltr'><strong><em>mea</em></strong></span> <span class='ocrx_word' id='word_1_692' title='bbox 2211 3187 2394 3228; x_wconf 86' lang='lat' dir='ltr'><strong><em>nomen</em></strong></span> <span class='ocrx_word' id='word_1_693' title='bbox 2424 3181 2658 3226; x_wconf 81' lang='lat' dir='ltr'><strong><em>sanctum</em></strong></span> <span class='ocrx_word' id='word_1_694' title='bbox 2701 3172 2812 3240; x_wconf 79' lang='lat' dir='ltr'><strong><em>ejus</em></strong></span> <span class='ocrx_word' id='word_1_695' title='bbox 2834 3169 3007 3242; x_wconf 82' lang='lat' dir='ltr'><strong><em>(Psal.</em></strong></span> <span class='ocrx_word' id='word_1_696' title='bbox 3037 3187 3132 3239; x_wconf 89' lang='lat' dir='ltr'><strong><em>cn,</em></strong></span> <span class='ocrx_word' id='word_1_697' title='bbox 3166 3170 3240 3240; x_wconf 82' lang='lat' dir='ltr'><strong><em>l).</em></strong></span> <span class='ocrx_word' id='word_1_698' title='bbox 3279 3170 3500 3227; x_wconf 79' lang='lat' dir='ltr'><strong><em>Viscera</em></strong></span> 
     </span>
    </p>
   </div>
   <div class='ocr_carea' id='block_1_94' title="bbox 1891 3356 3496 3428">
    <p class='ocr_par' dir='ltr' id='par_1_94' title="bbox 1891 3356 3496 3428">
     <span class='ocr_line' id='line_1_94' title="bbox 1891 3356 3496 3428; baseline 0 -16"><span class='ocrx_word' id='word_1_699' title='bbox 1891 3356 2236 3428; x_wconf 79' lang='lat' dir='ltr'><strong><em>cogitationis</em></strong></span> <span class='ocrx_word' id='word_1_700' title='bbox 2279 3356 2478 3421; x_wconf 87' lang='lat' dir='ltr'><strong><em>studia,</em></strong></span> <span class='ocrx_word' id='word_1_701' title='bbox 2513 3357 2772 3414; x_wconf 80' lang='lat' dir='ltr'><strong><em>virtutum</em></strong></span> <span class='ocrx_word' id='word_1_702' title='bbox 2811 3357 3240 3426; x_wconf 82' lang='lat' dir='ltr'><strong><em>perseverantia,</em></strong></span> <span class='ocrx_word' id='word_1_703' title='bbox 3283 3364 3496 3428; x_wconf 85' lang='lat' dir='ltr'><strong><em>postre-</em></strong></span> 
     </span>
    </p>
   </div>
   <div class='ocr_carea' id='block_1_95' title="bbox 1891 3450 3040 3521">
    <p class='ocr_par' dir='ltr' id='par_1_95' title="bbox 1891 3450 3040 3521">
     <span class='ocr_line' id='line_1_95' title="bbox 1891 3450 3040 3521; baseline 0 -15"><span class='ocrx_word' id='word_1_704' title='bbox 1891 3467 1982 3507; x_wconf 86' lang='lat' dir='ltr'><strong><em>mo</em></strong></span> <span class='ocrx_word' id='word_1_705' title='bbox 2008 3450 2116 3507; x_wconf 63' lang='lat' dir='ltr'><strong><em>illa:</em></strong></span> <span class='ocrx_word' id='word_1_706' title='bbox 2137 3466 2259 3520; x_wconf 72' lang='lat' dir='ltr'><strong><em>qua:</em></strong></span> <span class='ocrx_word' id='word_1_707' title='bbox 2289 3450 2480 3505; x_wconf 79' lang='lat' dir='ltr'><strong><em>Graece</em></strong></span> <span class='ocrx_word' id='word_1_708' title='bbox 2510 3452 2743 3521; x_wconf 77' lang='grc' dir='ltr'><strong><em>εὐνομίαι</em></strong></span> <span class='ocrx_word' id='word_1_709' title='bbox 2767 3450 3040 3506; x_wconf 87' lang='lat' dir='ltr'><strong><em>dicuntur.</em></strong></span> 
     </span>
    </p>
   </div>
   <div class='ocr_carea' id='block_1_96' title="bbox 1961 3542 3500 3614">
    <p class='ocr_par' dir='ltr' id='par_1_96' title="bbox 1961 3542 3500 3614">
     <span class='ocr_line' id='line_1_96' title="bbox 1961 3542 3500 3614; baseline -0.003 -12"><span class='ocrx_word' id='word_1_710' title='bbox 1961 3545 2052 3602; x_wconf 79' lang='lat'><strong><em>66.</em></strong></span> <span class='ocrx_word' id='word_1_711' title='bbox 2097 3544 2298 3600; x_wconf 82' lang='lat' dir='ltr'><strong><em>Rectus</em></strong></span> <span class='ocrx_word' id='word_1_712' title='bbox 2321 3553 2498 3598; x_wconf 88' lang='lat' dir='ltr'><strong><em>autem</em></strong></span> <span class='ocrx_word' id='word_1_713' title='bbox 2533 3544 2755 3612; x_wconf 88' lang='lat' dir='ltr'><strong><em>spiritus</em></strong></span> <span class='ocrx_word' id='word_1_714' title='bbox 2781 3543 2869 3613; x_wconf 86' lang='lat' dir='ltr'><strong><em>qui</em></strong></span> <span class='ocrx_word' id='word_1_715' title='bbox 2895 3542 3033 3598; x_wconf 76' lang='lat' dir='ltr'><strong><em>bene</em></strong></span> <span class='ocrx_word' id='word_1_716' title='bbox 3052 3542 3259 3613; x_wconf 77' lang='lat' dir='ltr'><strong><em>dirigit,</em></strong></span> <span class='ocrx_word' id='word_1_717' title='bbox 3291 3543 3381 3614; x_wconf 91' lang='lat' dir='ltr'><strong><em>qui</em></strong></span> <span class='ocrx_word' id='word_1_718' title='bbox 3405 3543 3500 3598; x_wconf 82' lang='lat' dir='ltr'><strong><em>de-</em></strong></span> 
     </span>
    </p>
   </div>
   <div class='ocr_carea' id='block_1_97' title="bbox 1891 3635 3500 3704">
    <p class='ocr_par' dir='ltr' id='par_1_97' title="bbox 1891 3635 3500 3704">
     <span class='ocr_line' id='line_1_97' title="bbox 1891 3635 3500 3704; baseline -0.002 -10"><span class='ocrx_word' id='word_1_719' title='bbox 1891 3639 2036 3694; x_wconf 92' lang='lat' dir='ltr'><strong><em>ducit</em></strong></span> <span class='ocrx_word' id='word_1_720' title='bbox 2085 3639 2137 3692; x_wconf 92' lang='lat' dir='ltr'><strong><em>in</em></strong></span> <span class='ocrx_word' id='word_1_721' title='bbox 2184 3637 2324 3692; x_wconf 88' lang='lat' dir='ltr'><strong><em>viam</em></strong></span> <span class='ocrx_word' id='word_1_722' title='bbox 2352 3645 2579 3701; x_wconf 85' lang='lat' dir='ltr'><strong><em>rectam,</em></strong></span> <span class='ocrx_word' id='word_1_723' title='bbox 2612 3637 2696 3691; x_wconf 87' lang='lat' dir='ltr'><strong><em>hic</em></strong></span> <span class='ocrx_word' id='word_1_724' title='bbox 2723 3645 2805 3691; x_wconf 89' lang='lat' dir='ltr'><strong><em>est</em></strong></span> <span class='ocrx_word' id='word_1_725' title='bbox 2849 3635 3072 3704; x_wconf 79' lang='lat' dir='ltr'><strong><em>spiritus</em></strong></span> <span class='ocrx_word' id='word_1_726' title='bbox 3099 3636 3382 3701; x_wconf 86' lang='lat' dir='ltr'><strong><em>veritatis;</em></strong></span> <span class='ocrx_word' id='word_1_727' title='bbox 3412 3635 3500 3690; x_wconf 89' lang='lat' dir='ltr'><strong><em>vel</em></strong></span> 
     </span>
    </p>
   </div>
   <div class='ocr_carea' id='block_1_98' title="bbox 1889 3727 3501 3798">
    <p class='ocr_par' dir='ltr' id='par_1_98' title="bbox 1889 3727 3501 3798">
     <span class='ocr_line' id='line_1_98' title="bbox 1889 3727 3501 3798; baseline -0.002 -12"><span class='ocrx_word' id='word_1_728' title='bbox 1889 3741 2040 3786; x_wconf 88' lang='lat' dir='ltr'><strong><em>certe</em></strong></span> <span class='ocrx_word' id='word_1_729' title='bbox 2073 3740 2216 3786; x_wconf 88' lang='lat' dir='ltr'><strong><em>recta</em></strong></span> <span class='ocrx_word' id='word_1_730' title='bbox 2249 3729 2487 3785; x_wconf 89' lang='lat' dir='ltr'><strong><em>hominis</em></strong></span> <span class='ocrx_word' id='word_1_731' title='bbox 2511 3729 2849 3784; x_wconf 76' lang='lat' dir='ltr'><strong><em>conscientia</em></strong></span> <span class='ocrx_word' id='word_1_732' title='bbox 2873 3728 3038 3784; x_wconf 79' lang='lat' dir='ltr'><strong><em>nullis</em></strong></span> <span class='ocrx_word' id='word_1_733' title='bbox 3078 3727 3275 3784; x_wconf 75' lang='lat' dir='ltr'><strong><em>inﬂexa</em></strong></span> <span class='ocrx_word' id='word_1_734' title='bbox 3303 3745 3501 3798; x_wconf 85' lang='lat' dir='ltr'><strong><em>pecca-</em></strong></span> 
     </span>
    </p>
   </div>
   <div class='ocr_carea' id='block_1_99' title="bbox 1893 3823 3503 3894">
    <p class='ocr_par' dir='ltr' id='par_1_99' title="bbox 1893 3823 3503 3894">
     <span class='ocr_line' id='line_1_99' title="bbox 1893 3823 3503 3894; baseline 0.001 -16"><span class='ocrx_word' id='word_1_735' title='bbox 1893 3827 1982 3890; x_wconf 86' lang='lat' dir='ltr'><strong><em>tis,</em></strong></span> <span class='ocrx_word' id='word_1_736' title='bbox 2017 3826 2098 3879; x_wconf 88' lang='lat' dir='ltr'><strong><em>vel</em></strong></span> <span class='ocrx_word' id='word_1_737' title='bbox 2147 3825 2371 3894; x_wconf 83' lang='lat' dir='ltr'><strong><em>spiritus</em></strong></span> <span class='ocrx_word' id='word_1_738' title='bbox 2396 3825 2486 3894; x_wconf 90' lang='lat' dir='ltr'><strong><em>qui</em></strong></span> <span class='ocrx_word' id='word_1_739' title='bbox 2541 3826 2590 3877; x_wconf 92' lang='lat' dir='ltr'><strong><em>in</em></strong></span> <span class='ocrx_word' id='word_1_740' title='bbox 2625 3823 2842 3882; x_wconf 89' lang='lat' dir='ltr'><strong><em>homine</em></strong></span> <span class='ocrx_word' id='word_1_741' title='bbox 2868 3832 2971 3880; x_wconf 84' lang='lat' dir='ltr'><strong><em>est.</em></strong></span> <span class='ocrx_word' id='word_1_742' title='bbox 3004 3824 3118 3878; x_wconf 77' lang='lat' dir='ltr'><strong><em>Non</em></strong></span> <span class='ocrx_word' id='word_1_743' title='bbox 3147 3826 3503 3892; x_wconf 66' lang='lat' dir='ltr'><strong><em>praitermisi-</em></strong></span> 
     </span>
    </p>
   </div>
   <div class='ocr_carea' id='block_1_100' title="bbox 1893 3915 3504 3989">
    <p class='ocr_par' dir='ltr' id='par_1_100' title="bbox 1893 3915 3504 3989">
     <span class='ocr_line' id='line_1_100' title="bbox 1893 3915 3504 3989; baseline 0.001 -20"><span class='ocrx_word' id='word_1_744' title='bbox 1893 3931 2013 3970; x_wconf 90' lang='lat' dir='ltr'><strong><em>mus</em></strong></span> <span class='ocrx_word' id='word_1_745' title='bbox 2054 3916 2184 3985; x_wconf 87' lang='lat' dir='ltr'><strong><em>quid</em></strong></span> <span class='ocrx_word' id='word_1_746' title='bbox 2225 3915 2316 3969; x_wconf 90' lang='lat' dir='ltr'><strong><em>alii</em></strong></span> <span class='ocrx_word' id='word_1_747' title='bbox 2357 3917 2624 3979; x_wconf 85' lang='lat' dir='ltr'><strong><em>sentiant;</em></strong></span> <span class='ocrx_word' id='word_1_748' title='bbox 2670 3927 2848 3968; x_wconf 79' lang='lat' dir='ltr'><strong><em>tamen</em></strong></span> <span class='ocrx_word' id='word_1_749' title='bbox 2891 3916 3048 3970; x_wconf 83' lang='lat' dir='ltr'><strong><em>nobis</em></strong></span> <span class='ocrx_word' id='word_1_750' title='bbox 3076 3916 3290 3970; x_wconf 83' lang='lat' dir='ltr'><strong><em>videtur</em></strong></span> <span class='ocrx_word' id='word_1_751' title='bbox 3336 3917 3504 3989; x_wconf 71' lang='lat'><strong><em>699</em></strong></span> 
     </span>
    </p>
   </div>
   <div class='ocr_carea' id='block_1_101' title="bbox 1892 4005 3504 4079">
    <p class='ocr_par' dir='ltr' id='par_1_101' title="bbox 1892 4005 3504 4079">
     <span class='ocr_line' id='line_1_101' title="bbox 1892 4005 3504 4079; baseline 0.003 -19"><span class='ocrx_word' id='word_1_752' title='bbox 1892 4008 2146 4078; x_wconf 87' lang='lat' dir='ltr'><strong><em>quoniam</em></strong></span> <span class='ocrx_word' id='word_1_753' title='bbox 2174 4008 2242 4062; x_wconf 86' lang='lat' dir='ltr'><strong><em>de</em></strong></span> <span class='ocrx_word' id='word_1_754' title='bbox 2276 4009 2550 4078; x_wconf 77' lang='lat' dir='ltr'><strong><em>mysteriis</em></strong></span> <span class='ocrx_word' id='word_1_755' title='bbox 2572 4008 2700 4062; x_wconf 88' lang='lat' dir='ltr'><strong><em>dicit</em></strong></span> <span class='ocrx_word' id='word_1_756' title='bbox 2727 4009 2913 4074; x_wconf 87' lang='lat' dir='ltr'><strong><em>lectio,</em></strong></span> <span class='ocrx_word' id='word_1_757' title='bbox 2952 4020 3005 4063; x_wconf 91' lang='lat' dir='ltr'><strong><em>et</em></strong></span> <span class='ocrx_word' id='word_1_758' title='bbox 3036 4005 3062 4045; x_wconf 70' lang='grc' dir='ltr'><em>ά</em></span> <span class='ocrx_word' id='word_1_759' title='bbox 3098 4008 3294 4063; x_wconf 71' lang='lat' dir='ltr'><strong><em>futura:</em></strong></span> <span class='ocrx_word' id='word_1_760' title='bbox 3327 4011 3504 4079; x_wconf 84' lang='lat' dir='ltr'><strong><em>gratia</em></strong></span> 
     </span>
    </p>
   </div>
   <div class='ocr_carea' id='block_1_102' title="bbox 1893 4089 3507 4172">
    <p class='ocr_par' dir='ltr' id='par_1_102' title="bbox 1893 4089 3507 4172">
     <span class='ocr_line' id='line_1_102' title="bbox 1893 4089 3507 4172; baseline 0.002 -18"><span class='ocrx_word' id='word_1_761' title='bbox 1893 4101 2263 4156; x_wconf 82' lang='lat' dir='ltr'><strong><em>renovationis</em></strong></span> <span class='ocrx_word' id='word_1_762' title='bbox 2303 4089 2654 4169; x_wconf 78' lang='lat' dir='ltr'><strong><em>exprimitur,</em></strong></span> <span class='ocrx_word' id='word_1_763' title='bbox 2696 4100 3037 4172; x_wconf 77' lang='lat' dir='ltr'><strong><em>Spit-ilusque</em></strong></span> <span class='ocrx_word' id='word_1_764' title='bbox 3080 4101 3254 4157; x_wconf 87' lang='lat' dir='ltr'><strong><em>sancti</em></strong></span> <span class='ocrx_word' id='word_1_765' title='bbox 3305 4101 3507 4158; x_wconf 77' lang='lat' dir='ltr'><strong><em>inlusio</em></strong></span> 
     </span>
    </p>
   </div>
   <div class='ocr_carea' id='block_1_103' title="bbox 1896 4194 2216 4264">
    <p class='ocr_par' dir='ltr' id='par_1_103' title="bbox 1896 4194 2216 4264">
     <span class='ocr_line' id='line_1_103' title="bbox 1896 4194 2216 4264; baseline -0.009 -16"><span class='ocrx_word' id='word_1_766' title='bbox 1896 4194 2216 4264; x_wconf 82' lang='lat' dir='ltr'><strong><em>postulatur.</em></strong></span> 
     </span>
    </p>
   </div>
   <div class='ocr_carea' id='block_1_104' title="bbox 1965 4284 3504 4358">
    <p class='ocr_par' dir='ltr' id='par_1_104' title="bbox 1965 4284 3504 4358">
     <span class='ocr_line' id='line_1_104' title="bbox 1965 4284 3504 4358; baseline 0 -16"><span class='ocrx_word' id='word_1_767' title='bbox 1965 4288 2056 4343; x_wconf 84' lang='lat'><strong><em>67.</em></strong></span> <span class='ocrx_word' id='word_1_768' title='bbox 2101 4287 2306 4342; x_wconf 89' lang='lat' dir='ltr'><strong><em>Deinde</em></strong></span> <span class='ocrx_word' id='word_1_769' title='bbox 2349 4286 2627 4355; x_wconf 85' lang='lat' dir='ltr'><strong><em>sequitur:</em></strong></span> <span class='ocrx_word' id='word_1_770' title='bbox 2659 4284 2742 4341; x_wconf 82' lang='lat' dir='ltr'><strong><em>Ne</em></strong></span> <span class='ocrx_word' id='word_1_771' title='bbox 2774 4287 3021 4358; x_wconf 84' lang='lat' dir='ltr'><strong><em>projicias</em></strong></span> <span class='ocrx_word' id='word_1_772' title='bbox 3048 4303 3128 4341; x_wconf 82' lang='lat' dir='ltr'><strong><em>me</em></strong></span> <span class='ocrx_word' id='word_1_773' title='bbox 3153 4305 3185 4340; x_wconf 93' lang='lat' dir='ltr'><strong><em>a</em></strong></span> <span class='ocrx_word' id='word_1_774' title='bbox 3216 4288 3350 4357; x_wconf 83' lang='lat' dir='ltr'><strong><em>[acie</em></strong></span> <span class='ocrx_word' id='word_1_775' title='bbox 3377 4299 3504 4355; x_wconf 83' lang='lat' dir='ltr'><strong><em>tua;</em></strong></span> 
     </span>
    </p>
   </div>
   <div class='ocr_carea' id='block_1_105' title="bbox 1893 4380 3500 4452">
    <p class='ocr_par' dir='ltr' id='par_1_105' title="bbox 1893 4380 3500 4452">
     <span class='ocr_line' id='line_1_105' title="bbox 1893 4380 3500 4452; baseline 0.001 -17"><span class='ocrx_word' id='word_1_776' title='bbox 1893 4392 1941 4435; x_wconf 88' lang='lat' dir='ltr'><strong><em>et</em></strong></span> <span class='ocrx_word' id='word_1_777' title='bbox 1971 4380 2229 4452; x_wconf 86' lang='lat' dir='ltr'><strong><em>Spiritum</em></strong></span> <span class='ocrx_word' id='word_1_778' title='bbox 2275 4389 2509 4433; x_wconf 86' lang='lat' dir='ltr'><strong><em>sanctum</em></strong></span> <span class='ocrx_word' id='word_1_779' title='bbox 2560 4389 2703 4433; x_wconf 88' lang='lat' dir='ltr'><strong><em>tuum</em></strong></span> <span class='ocrx_word' id='word_1_780' title='bbox 2757 4395 2822 4432; x_wconf 91' lang='lat' dir='ltr'><strong><em>ne</em></strong></span> <span class='ocrx_word' id='word_1_781' title='bbox 2845 4384 3056 4450; x_wconf 80' lang='lat' dir='ltr'><strong><em>auferas</em></strong></span> <span class='ocrx_word' id='word_1_782' title='bbox 3085 4397 3115 4432; x_wconf 92' lang='lat' dir='ltr'><strong><em>a</em></strong></span> <span class='ocrx_word' id='word_1_783' title='bbox 3145 4397 3224 4434; x_wconf 82' lang='lat' dir='ltr'><strong><em>me</em></strong></span> <span class='ocrx_word' id='word_1_784' title='bbox 3246 4381 3420 4452; x_wconf 86' lang='lat' dir='ltr'><strong><em>(Psal.</em></strong></span> <span class='ocrx_word' id='word_1_785' title='bbox 3446 4400 3500 4443; x_wconf 88' lang='lat' dir='ltr'><strong><em>I..</em></strong></span> 
     </span>
    </p>
   </div>
   <div class='ocr_carea' id='block_1_106' title="bbox 1901 4471 3502 4545">
    <p class='ocr_par' dir='ltr' id='par_1_106' title="bbox 1901 4471 3502 4545">
     <span class='ocr_line' id='line_1_106' title="bbox 1901 4471 3502 4545; baseline 0.002 -17"><span class='ocrx_word' id='word_1_786' title='bbox 1901 4474 2010 4543; x_wconf 78' lang='grc'><strong>13).</strong></span> <span class='ocrx_word' id='word_1_787' title='bbox 2039 4474 2098 4528; x_wconf 92' lang='lat' dir='ltr'><strong><em>Si</em></strong></span> <span class='ocrx_word' id='word_1_788' title='bbox 2144 4474 2264 4545; x_wconf 91' lang='lat' dir='ltr'><strong><em>quis</em></strong></span> <span class='ocrx_word' id='word_1_789' title='bbox 2291 4489 2391 4528; x_wconf 91' lang='lat' dir='ltr'><strong><em>nos</em></strong></span> <span class='ocrx_word' id='word_1_790' title='bbox 2433 4471 2719 4528; x_wconf 75' lang='lat' dir='ltr'><strong><em>offenderit</em></strong></span> <span class='ocrx_word' id='word_1_791' title='bbox 2751 4475 3118 4541; x_wconf 87' lang='lat' dir='ltr'><strong><em>servulorum,</em></strong></span> <span class='ocrx_word' id='word_1_792' title='bbox 3151 4486 3400 4532; x_wconf 85' lang='lat' dir='ltr'><strong><em>avertere</em></strong></span> <span class='ocrx_word' id='word_1_793' title='bbox 3429 4476 3502 4532; x_wconf 86' lang='lat' dir='ltr'><strong><em>ab</em></strong></span> 
     </span>
    </p>
   </div>
   <div class='ocr_carea' id='block_1_107' title="bbox 1893 4566 3502 4634">
    <p class='ocr_par' dir='ltr' id='par_1_107' title="bbox 1893 4566 3502 4634">
     <span class='ocr_line' id='line_1_107' title="bbox 1893 4566 3502 4634; baseline 0.001 -12"><span class='ocrx_word' id='word_1_794' title='bbox 1893 4585 1960 4622; x_wconf 85' lang='lat' dir='ltr'><strong><em>eo</em></strong></span> <span class='ocrx_word' id='word_1_795' title='bbox 1986 4567 2192 4622; x_wconf 88' lang='lat' dir='ltr'><strong><em>vultum</em></strong></span> <span class='ocrx_word' id='word_1_796' title='bbox 2222 4567 2483 4622; x_wconf 89' lang='lat' dir='ltr'><strong><em>solemus.</em></strong></span> <span class='ocrx_word' id='word_1_797' title='bbox 2515 4566 2762 4634; x_wconf 84' lang='lat' dir='ltr'><strong><em>Plerique</em></strong></span> <span class='ocrx_word' id='word_1_798' title='bbox 2789 4577 2968 4622; x_wconf 88' lang='lat' dir='ltr'><strong><em>autem</em></strong></span> <span class='ocrx_word' id='word_1_799' title='bbox 2998 4567 3226 4622; x_wconf 90' lang='lat' dir='ltr'><strong><em>divitum</em></strong></span> <span class='ocrx_word' id='word_1_800' title='bbox 3258 4579 3280 4606; x_wconf 74' lang='grc' dir='ltr'><strong>ε</strong></span> <span class='ocrx_word' id='word_1_801' title='bbox 3310 4584 3502 4624; x_wconf 85' lang='lat' dir='ltr'><strong><em>aman-</em></strong></span> 
     </span>
    </p>
   </div>
   <div class='ocr_carea' id='block_1_108' title="bbox 1893 4660 3499 4733">
    <p class='ocr_par' dir='ltr' id='par_1_108' title="bbox 1893 4660 3499 4733">
     <span class='ocr_line' id='line_1_108' title="bbox 1893 4660 3499 4733; baseline 0.002 -17"><span class='ocrx_word' id='word_1_802' title='bbox 1893 4662 2021 4716; x_wconf 88' lang='lat' dir='ltr'><strong><em>dare</em></strong></span> <span class='ocrx_word' id='word_1_803' title='bbox 2046 4670 2450 4717; x_wconf 89' lang='lat' dir='ltr'><strong><em>consueverunt</em></strong></span> <span class='ocrx_word' id='word_1_804' title='bbox 2469 4660 2734 4731; x_wconf 84' lang='lat' dir='ltr'><strong><em>mancipia</em></strong></span> <span class='ocrx_word' id='word_1_805' title='bbox 2767 4677 2882 4726; x_wconf 82' lang='lat' dir='ltr'><strong><em>sua,</em></strong></span> <span class='ocrx_word' id='word_1_806' title='bbox 2917 4671 2972 4716; x_wconf 89' lang='lat' dir='ltr'><strong><em>et</em></strong></span> <span class='ocrx_word' id='word_1_807' title='bbox 3002 4678 3098 4730; x_wconf 89' lang='lat' dir='ltr'><strong><em>per</em></strong></span> <span class='ocrx_word' id='word_1_808' title='bbox 3121 4663 3386 4733; x_wconf 83' lang='lat' dir='ltr'><strong><em>agellulos</em></strong></span> <span class='ocrx_word' id='word_1_809' title='bbox 3408 4679 3499 4719; x_wconf 90' lang='lat' dir='ltr'><strong><em>re-</em></strong></span> 
     </span>
    </p>
   </div>
   <div class='ocr_carea' id='block_1_109' title="bbox 1894 4753 3496 4826">
    <p class='ocr_par' dir='ltr' id='par_1_109' title="bbox 1894 4753 3496 4826">
     <span class='ocr_line' id='line_1_109' title="bbox 1894 4753 3496 4826; baseline 0.001 -18"><span class='ocrx_word' id='word_1_810' title='bbox 1894 4755 2093 4826; x_wconf 81' lang='lat' dir='ltr'><strong><em>legare,</em></strong></span> <span class='ocrx_word' id='word_1_811' title='bbox 2125 4767 2179 4810; x_wconf 88' lang='lat' dir='ltr'><strong><em>et</em></strong></span> <span class='ocrx_word' id='word_1_812' title='bbox 2211 4755 2324 4809; x_wconf 69' lang='lat' dir='ltr'><strong><em>haec</em></strong></span> <span class='ocrx_word' id='word_1_813' title='bbox 2357 4769 2511 4824; x_wconf 62' lang='lat' dir='ltr'><strong><em>poena</em></strong></span> <span class='ocrx_word' id='word_1_814' title='bbox 2541 4753 2758 4824; x_wconf 84' lang='lat' dir='ltr'><strong><em>gravior</em></strong></span> <span class='ocrx_word' id='word_1_815' title='bbox 2787 4753 3110 4808; x_wconf 68' lang='lat' dir='ltr'><strong><em>aestimatur.</em></strong></span> <span class='ocrx_word' id='word_1_816' title='bbox 3143 4756 3382 4825; x_wconf 87' lang='lat' dir='ltr'><strong><em>Denique</em></strong></span> <span class='ocrx_word' id='word_1_817' title='bbox 3403 4771 3496 4810; x_wconf 89' lang='lat' dir='ltr'><strong><em>so-</em></strong></span> 
     </span>
    </p>
   </div>
   <div class='ocr_carea' id='block_1_110' title="bbox 1891 4846 3496 4920">
    <p class='ocr_par' dir='ltr' id='par_1_110' title="bbox 1891 4846 3496 4920">
     <span class='ocr_line' id='line_1_110' title="bbox 1891 4846 3496 4920; baseline 0.001 -17"><span class='ocrx_word' id='word_1_818' title='bbox 1891 4850 2003 4904; x_wconf 86' lang='lat' dir='ltr'><strong><em>lent</em></strong></span> <span class='ocrx_word' id='word_1_819' title='bbox 2048 4849 2218 4920; x_wconf 89' lang='lat' dir='ltr'><strong><em>magis</em></strong></span> <span class='ocrx_word' id='word_1_820' title='bbox 2265 4864 2324 4904; x_wconf 85' lang='lat' dir='ltr'><strong><em>se</em></strong></span> <span class='ocrx_word' id='word_1_821' title='bbox 2355 4847 2553 4902; x_wconf 70' lang='lat' dir='ltr'><strong><em>offerre</em></strong></span> <span class='ocrx_word' id='word_1_822' title='bbox 2582 4847 2918 4902; x_wconf 85' lang='lat' dir='ltr'><strong><em>verberibus.</em></strong></span> <span class='ocrx_word' id='word_1_823' title='bbox 2952 4846 3009 4902; x_wconf 86' lang='lat' dir='ltr'><strong><em>Si</em></strong></span> <span class='ocrx_word' id='word_1_824' title='bbox 3053 4847 3194 4916; x_wconf 90' lang='lat' dir='ltr'><strong><em>apud</em></strong></span> <span class='ocrx_word' id='word_1_825' title='bbox 3246 4847 3496 4904; x_wconf 89' lang='lat' dir='ltr'><strong><em>homines</em></strong></span> 
     </span>
    </p>
   </div>
   <div class='ocr_carea' id='block_1_111' title="bbox 1893 4940 3495 5012">
    <p class='ocr_par' dir='ltr' id='par_1_111' title="bbox 1893 4940 3495 5012">
     <span class='ocr_line' id='line_1_111' title="bbox 1893 4940 3495 5012; baseline 0 -16"><span class='ocrx_word' id='word_1_826' title='bbox 1893 4944 1994 4998; x_wconf 82' lang='lat' dir='ltr'><strong><em>hoc</em></strong></span> <span class='ocrx_word' id='word_1_827' title='bbox 2050 4957 2214 5012; x_wconf 87' lang='lat' dir='ltr'><strong><em>grave</em></strong></span> <span class='ocrx_word' id='word_1_828' title='bbox 2265 4940 2500 5008; x_wconf 90' lang='lat' dir='ltr'><strong><em>ducitur,</em></strong></span> <span class='ocrx_word' id='word_1_829' title='bbox 2549 4951 2750 5012; x_wconf 89' lang='lat' dir='ltr'><strong><em>quanto</em></strong></span> <span class='ocrx_word' id='word_1_830' title='bbox 2793 4941 2964 5012; x_wconf 81' lang='lat' dir='ltr'><strong><em>magis</em></strong></span> <span class='ocrx_word' id='word_1_831' title='bbox 3013 4941 3153 5010; x_wconf 89' lang='lat' dir='ltr'><strong><em>apud</em></strong></span> <span class='ocrx_word' id='word_1_832' title='bbox 3205 4941 3495 4996; x_wconf 91' lang='lat' dir='ltr'><strong><em>Dominum</em></strong></span> 
     </span>
    </p>
   </div>
   <div class='ocr_carea' id='block_1_112' title="bbox 1965 5087 3496 5158">
    <p class='ocr_par' dir='ltr' id='par_1_112' title="bbox 1965 5087 3496 5158">
     <span class='ocr_line' id='line_1_112' title="bbox 1965 5087 3496 5158; baseline 0.001 -14"><span class='ocrx_word' id='word_1_833' title='bbox 1965 5089 1990 5125; x_wconf 71' lang='lat' dir='ltr'><strong><em>d</em></strong></span> <span class='ocrx_word' id='word_1_834' title='bbox 2034 5091 2161 5144; x_wconf 81' lang='lat' dir='ltr'><strong><em>Mss.</em></strong></span> <span class='ocrx_word' id='word_1_835' title='bbox 2221 5089 2449 5155; x_wconf 79' lang='lat' dir='ltr'><strong><em>aliquot,</em></strong></span> <span class='ocrx_word' id='word_1_836' title='bbox 2501 5091 2693 5158; x_wconf 69' lang='lat' dir='ltr'><strong><em>futuras</em></strong></span> <span class='ocrx_word' id='word_1_837' title='bbox 2748 5087 2929 5156; x_wconf 66' lang='lat' dir='ltr'><strong><em>gratim.</em></strong></span> <span class='ocrx_word' id='word_1_838' title='bbox 2957 5089 3242 5140; x_wconf 84' lang='lat' dir='ltr'><strong><em>renovatio.</em></strong></span> <span class='ocrx_word' id='word_1_839' title='bbox 3288 5087 3496 5146; x_wconf 82' lang='lat' dir='ltr'><strong><em>Rursus</em></strong></span> 
     </span>
    </p>
   </div>
   <div class='ocr_carea' id='block_1_113' title="bbox 1896 5158 3494 5230">
    <p class='ocr_par' dir='ltr' id='par_1_113' title="bbox 1896 5158 3494 5230">
     <span class='ocr_line' id='line_1_113' title="bbox 1896 5158 3494 5230; baseline 0 -15"><span class='ocrx_word' id='word_1_840' title='bbox 1896 5162 1997 5215; x_wconf 83' lang='lat' dir='ltr'><strong><em>hoc</em></strong></span> <span class='ocrx_word' id='word_1_841' title='bbox 2050 5163 2166 5230; x_wconf 90' lang='lat' dir='ltr'><strong><em>ipso</em></strong></span> <span class='ocrx_word' id='word_1_842' title='bbox 2213 5161 2333 5214; x_wconf 93' lang='lat' dir='ltr'><strong><em>loco</em></strong></span> <span class='ocrx_word' id='word_1_843' title='bbox 2361 5159 2490 5213; x_wconf 87' lang='lat' dir='ltr'><strong><em>edit.</em></strong></span> <span class='ocrx_word' id='word_1_844' title='bbox 2526 5160 2649 5230; x_wconf 81' lang='lat' dir='ltr'><strong><em>Era.</em></strong></span> <span class='ocrx_word' id='word_1_845' title='bbox 2675 5174 2797 5230; x_wconf 87' lang='lat' dir='ltr'><strong><em>cum</em></strong></span> <span class='ocrx_word' id='word_1_846' title='bbox 2846 5158 3028 5230; x_wconf 84' lang='lat' dir='ltr'><strong><em>paucis</em></strong></span> <span class='ocrx_word' id='word_1_847' title='bbox 3073 5174 3231 5220; x_wconf 91' lang='lat' dir='ltr'><strong><em>mss.,</em></strong></span> <span class='ocrx_word' id='word_1_848' title='bbox 3265 5159 3494 5230; x_wconf 82' lang='lat' dir='ltr'><strong><em>Spiritus</em></strong></span> 
     </span>
    </p>
   </div>
   <div class='ocr_carea' id='block_1_114' title="bbox 1893 5229 3493 5302">
    <p class='ocr_par' dir='ltr' id='par_1_114' title="bbox 1893 5229 3493 5302">
     <span class='ocr_line' id='line_1_114' title="bbox 1893 5229 3493 5302; baseline -0.001 -16"><span class='ocrx_word' id='word_1_849' title='bbox 1893 5235 2056 5287; x_wconf 81' lang='lat' dir='ltr'><strong><em>sancti</em></strong></span> <span class='ocrx_word' id='word_1_850' title='bbox 2075 5229 2270 5302; x_wconf 78' lang='lat' dir='ltr'><strong><em>iufusio</em></strong></span> <span class='ocrx_word' id='word_1_851' title='bbox 2295 5231 2570 5302; x_wconf 80' lang='lat' dir='ltr'><strong><em>postulari.</em></strong></span> <span class='ocrx_word' id='word_1_852' title='bbox 2597 5229 2700 5302; x_wconf 80' lang='lat' dir='ltr'><strong><em>libi</em></strong></span> <span class='ocrx_word' id='word_1_853' title='bbox 2722 5243 2778 5284; x_wconf 89' lang='lat' dir='ltr'><strong><em>et</em></strong></span> <span class='ocrx_word' id='word_1_854' title='bbox 2806 5229 3055 5302; x_wconf 72' lang='lat' dir='ltr'><strong><em>nonmtlli</em></strong></span> <span class='ocrx_word' id='word_1_855' title='bbox 3085 5229 3336 5300; x_wconf 82' lang='lat' dir='ltr'><strong><em>repetunt</em></strong></span> <span class='ocrx_word' id='word_1_856' title='bbox 3368 5247 3493 5285; x_wconf 84' lang='lat' dir='ltr'><strong><em>ver-</em></strong></span> 
     </span>
    </p>
   </div>
   <div class='ocr_carea' id='block_1_115' title="bbox 1895 5300 3494 5369">
    <p class='ocr_par' dir='ltr' id='par_1_115' title="bbox 1895 5300 3494 5369">
     <span class='ocr_line' id='line_1_115' title="bbox 1895 5300 3494 5369; baseline -0.002 -9"><span class='ocrx_word' id='word_1_857' title='bbox 1895 5306 2018 5360; x_wconf 89' lang='lat' dir='ltr'><strong><em>bum</em></strong></span> <span class='ocrx_word' id='word_1_858' title='bbox 2048 5300 2266 5360; x_wconf 78' lang='lat' dir='ltr'><strong><em>vitletui&#39;.</em></strong></span> <span class='ocrx_word' id='word_1_859' title='bbox 2296 5300 2452 5358; x_wconf 42' lang='lat' dir='ltr'><strong><em>&#39;Etlit.</em></strong></span> <span class='ocrx_word' id='word_1_860' title='bbox 2488 5318 2616 5356; x_wconf 87' lang='lat' dir='ltr'><strong><em>vero</em></strong></span> <span class='ocrx_word' id='word_1_861' title='bbox 2654 5301 2801 5363; x_wconf 60' lang='lat' dir='ltr'><strong><em>Ann,</em></strong></span> <span class='ocrx_word' id='word_1_862' title='bbox 2844 5300 2992 5362; x_wconf 83' lang='lat' dir='ltr'><strong><em>Gill.,</em></strong></span> <span class='ocrx_word' id='word_1_863' title='bbox 3030 5301 3186 5354; x_wconf 88' lang='lat' dir='ltr'><strong><em>Rom.</em></strong></span> <span class='ocrx_word' id='word_1_864' title='bbox 3212 5318 3274 5354; x_wconf 85' lang='lat' dir='ltr'><strong><em>ac</em></strong></span> <span class='ocrx_word' id='word_1_865' title='bbox 3322 5304 3494 5369; x_wconf 83' lang='lat' dir='ltr'><strong><em>major</em></strong></span> 
     </span>
    </p>
   </div>
   <div class='ocr_carea' id='block_1_116' title="bbox 1896 5372 3492 5430">
    <p class='ocr_par' dir='ltr' id='par_1_116' title="bbox 1896 5372 3492 5430">
     <span class='ocr_line' id='line_1_116' title="bbox 1896 5372 3492 5430; baseline -0.002 0"><span class='ocrx_word' id='word_1_866' title='bbox 1896 5393 2025 5430; x_wconf 82' lang='lat' dir='ltr'><strong><em>mss.</em></strong></span> <span class='ocrx_word' id='word_1_867' title='bbox 2049 5392 2302 5430; x_wconf 87' lang='lat' dir='ltr'><strong><em>numerus</em></strong></span> <span class='ocrx_word' id='word_1_868' title='bbox 2327 5391 2447 5429; x_wconf 89' lang='lat' dir='ltr'><strong><em>cum</em></strong></span> <span class='ocrx_word' id='word_1_869' title='bbox 2472 5383 2653 5426; x_wconf 88' lang='lat' dir='ltr'><strong><em>nostra</em></strong></span> <span class='ocrx_word' id='word_1_870' title='bbox 2681 5372 2909 5425; x_wconf 88' lang='lat' dir='ltr'><strong><em>lectione</em></strong></span> <span class='ocrx_word' id='word_1_871' title='bbox 2941 5372 3160 5425; x_wconf 70' lang='lat' dir='ltr'><strong><em>faciunt.</em></strong></span> <span class='ocrx_word' id='word_1_872' title='bbox 3186 5373 3492 5427; x_wconf 75' lang='lat' dir='ltr'><strong><em>Notandum</em></strong></span> 
     </span>
    </p>
   </div>
   <div class='ocr_carea' id='block_1_117' title="bbox 1899 5443 3496 5517">
    <p class='ocr_par' dir='ltr' id='par_1_117' title="bbox 1899 5443 3496 5517">
     <span class='ocr_line' id='line_1_117' title="bbox 1899 5443 3496 5517; baseline 0 -17"><span class='ocrx_word' id='word_1_873' title='bbox 1899 5465 2059 5517; x_wconf 86' lang='lat' dir='ltr'><strong><em>porro</em></strong></span> <span class='ocrx_word' id='word_1_874' title='bbox 2091 5465 2297 5511; x_wconf 81' lang='lat' dir='ltr'><strong><em>vocem,</em></strong></span> <span class='ocrx_word' id='word_1_875' title='bbox 2328 5447 2671 5517; x_wconf 67' lang='lat' dir='ltr'><strong><em>quoniam,in</em></strong></span> <span class='ocrx_word' id='word_1_876' title='bbox 2700 5443 2802 5517; x_wconf 66' lang='lat' dir='ltr'><strong><em>liae.</em></strong></span> <span class='ocrx_word' id='word_1_877' title='bbox 2836 5443 3081 5496; x_wconf 88' lang='lat' dir='ltr'><strong><em>oratione</em></strong></span> <span class='ocrx_word' id='word_1_878' title='bbox 3114 5456 3164 5517; x_wconf 76' lang='lat' dir='ltr'><strong><em>ut</em></strong></span> <span class='ocrx_word' id='word_1_879' title='bbox 3193 5443 3316 5517; x_wconf 78' lang='lat' dir='ltr'><strong><em>alibi</em></strong></span> <span class='ocrx_word' id='word_1_880' title='bbox 3347 5460 3496 5512; x_wconf 71' lang='lat' dir='ltr'><strong><em>stupe</em></strong></span> 
     </span>
    </p>
   </div>
   <div class='ocr_carea' id='block_1_118' title="bbox 1895 5512 3494 5588">
    <p class='ocr_par' dir='ltr' id='par_1_118' title="bbox 1895 5512 3494 5588">
     <span class='ocr_line' id='line_1_118' title="bbox 1895 5512 3494 5588; baseline -0.002 -17"><span class='ocrx_word' id='word_1_881' title='bbox 1895 5512 2034 5588; x_wconf 83' lang='lat' dir='ltr'><strong><em>apud</em></strong></span> <span class='ocrx_word' id='word_1_882' title='bbox 2066 5521 2206 5574; x_wconf 88' lang='lat' dir='ltr'><strong><em>hunc</em></strong></span> <span class='ocrx_word' id='word_1_883' title='bbox 2231 5512 2442 5573; x_wconf 81' lang='lat' dir='ltr'><strong><em>Patrem</em></strong></span> <span class='ocrx_word' id='word_1_884' title='bbox 2469 5516 2606 5588; x_wconf 83' lang='lat' dir='ltr'><strong><em>sumi</em></strong></span> <span class='ocrx_word' id='word_1_885' title='bbox 2639 5530 2736 5582; x_wconf 91' lang='lat' dir='ltr'><strong><em>pro</em></strong></span> <span class='ocrx_word' id='word_1_886' title='bbox 2763 5513 3080 5588; x_wconf 74' lang='lat' dir='ltr'><strong><em>Gr:ecorum</em></strong></span> <span class='ocrx_word' id='word_1_887' title='bbox 3109 5512 3206 5588; x_wconf 67' lang='grc' dir='ltr'><strong><em>ἔτι,</em></strong></span> <span class='ocrx_word' id='word_1_888' title='bbox 3239 5514 3494 5588; x_wconf 86' lang='lat' dir='ltr'><strong><em>idemque</em></strong></span> 
     </span>
    </p>
   </div>
   <div class='ocr_carea' id='block_1_119' title="bbox 1895 5584 3496 5658">
    <p class='ocr_par' dir='ltr' id='par_1_119' title="bbox 1895 5584 3496 5658">
     <span class='ocr_line' id='line_1_119' title="bbox 1895 5584 3496 5658; baseline -0.001 -14"><span class='ocrx_word' id='word_1_889' title='bbox 1895 5584 2196 5658; x_wconf 77' lang='lat' dir='ltr'><strong><em>signiﬁcare</em></strong></span> <span class='ocrx_word' id='word_1_890' title='bbox 2227 5607 2289 5645; x_wconf 89' lang='lat' dir='ltr'><strong>ac</strong></span> <span class='ocrx_word' id='word_1_891' title='bbox 2317 5591 2358 5644; x_wconf 81' lang='lat' dir='ltr'><strong><em>si</em></strong></span> <span class='ocrx_word' id='word_1_892' title='bbox 2389 5587 2722 5640; x_wconf 82' lang='lat' dir='ltr'><strong><em>scriberetur</em></strong></span> <span class='ocrx_word' id='word_1_893' title='bbox 2749 5605 2759 5638; x_wconf 91' lang='lat'><strong>:</strong></span> <span class='ocrx_word' id='word_1_894' title='bbox 2809 5584 3020 5658; x_wconf 82' lang='lat' dir='ltr'><strong><em>Videtur</em></strong></span> <span class='ocrx_word' id='word_1_895' title='bbox 3049 5586 3196 5639; x_wconf 87' lang='lat' dir='ltr'><strong><em>lectio</em></strong></span> <span class='ocrx_word' id='word_1_896' title='bbox 3223 5587 3286 5640; x_wconf 88' lang='lat' dir='ltr'><strong><em>de</em></strong></span> <span class='ocrx_word' id='word_1_897' title='bbox 3307 5599 3496 5658; x_wconf 80' lang='lat' dir='ltr'><strong><em>myste—</em></strong></span> 
     </span>
    </p>
   </div>
   <div class='ocr_carea' id='block_1_120' title="bbox 1893 5657 3340 5730">
    <p class='ocr_par' dir='ltr' id='par_1_120' title="bbox 1893 5657 3340 5730">
     <span class='ocr_line' id='line_1_120' title="bbox 1893 5657 3340 5730; baseline -0.004 -14"><span class='ocrx_word' id='word_1_898' title='bbox 1893 5657 1982 5717; x_wconf 82' lang='lat' dir='ltr'><strong><em>riis</em></strong></span> <span class='ocrx_word' id='word_1_899' title='bbox 2015 5665 2274 5717; x_wconf 54' lang='lat' dir='ltr'><strong><em>dicere...</em></strong></span> <span class='ocrx_word' id='word_1_900' title='bbox 2304 5661 2470 5730; x_wconf 82' lang='lat' dir='ltr'><strong><em>gratia</em></strong></span> <span class='ocrx_word' id='word_1_901' title='bbox 2501 5659 2810 5730; x_wconf 49' lang='lat' dir='ltr'><strong><em>caprini...</em></strong></span> <span class='ocrx_word' id='word_1_902' title='bbox 2843 5657 3036 5726; x_wconf 74' lang='lat' dir='ltr'><strong><em>infusio</em></strong></span> <span class='ocrx_word' id='word_1_903' title='bbox 3067 5658 3340 5722; x_wconf 86' lang='lat' dir='ltr'><strong><em>postulari.</em></strong></span> 
     </span>
    </p>
   </div>
   <div class='ocr_carea' id='block_1_121' title="bbox 1968 5728 3491 5803">
    <p class='ocr_par' dir='ltr' id='par_1_121' title="bbox 1968 5728 3491 5803">
     <span class='ocr_line' id='line_1_121' title="bbox 1968 5728 3491 5803; baseline -0.002 -14"><span class='ocrx_word' id='word_1_904' title='bbox 1968 5747 1989 5772; x_wconf 69' lang='grc' dir='ltr'><strong>υ</strong></span> <span class='ocrx_word' id='word_1_905' title='bbox 2033 5738 2159 5792; x_wconf 78' lang='lat' dir='ltr'><strong><em>Mss.</em></strong></span> <span class='ocrx_word' id='word_1_906' title='bbox 2192 5728 2417 5803; x_wconf 80' lang='lat' dir='ltr'><strong><em>aliquot,</em></strong></span> <span class='ocrx_word' id='word_1_907' title='bbox 2449 5728 2718 5782; x_wconf 79' lang='lat' dir='ltr'><strong><em>emendare</em></strong></span> <span class='ocrx_word' id='word_1_908' title='bbox 2746 5739 3205 5782; x_wconf 63' lang='lat' dir='ltr'><strong><em>comueverunt..-</em></strong></span> <span class='ocrx_word' id='word_1_909' title='bbox 3235 5730 3491 5800; x_wconf 84' lang='lat' dir='ltr'><strong><em>agellulos</em></strong></span> 
     </span>
    </p>
   </div>
   <div class='ocr_carea' id='block_1_122' title="bbox 1891 5809 2126 5877">
    <p class='ocr_par' dir='ltr' id='par_1_122' title="bbox 1891 5809 2126 5877">
     <span class='ocr_line' id='line_1_122' title="bbox 1891 5809 2126 5877; baseline 0 -16"><span class='ocrx_word' id='word_1_910' title='bbox 1891 5809 2126 5877; x_wconf 79' lang='lat' dir='ltr'><strong><em>religare.</em></strong></span> 
     </span>
    </p>
   </div>
  </div>
