4042 6378
622 242 736 305 879
1945 265 2193 326 SANC'I'I
2227 269 2548 335 AMBROSII
2794 272 2804 284 ’
2865 277 2871 282 ’

617 365 794 422 Deum
827 375 1088 426 nostrum.
1131 372 1295 442 Quasi
1343 390 1450 432 non
1505 379 1632 436 hinc
1685 382 1842 440 dolor
1883 391 2222 456 parricidalis
2248 399 2302 457 Α

621 457 1027 528 (repriuwndus
1052 467 1288 534 quidem,
1320 471 1362 523 si
1411 487 1516 538 qua
1565 490 1686 530 eum
1716 479 1887 548 pietas
1921 490 2221 554 temperare

617 553 910 624 potni~setl
957 563 1224 626 eruperit,
1266 563 1408 628 quod
1453 564 1642 622 faciem
1677 587 1828 625 suam
1862 553 2057 631 Densa
2090 577 2219 634 Cain

614 647 938 701 muneribus
988 653 1219 719 avertit;
1269 663 1511 726 respexit
1558 674 1738 718 autent
1788 683 1952 738 super
1995 688 2217 728 innuera

613 738 771 795 Abel.
811 740 826 794 l
856 757 993 813 aque
1046 748 1206 802 tacito
1235 754 1405 815 vultu,
1437 756 1669 811 alterum
1721 763 2066 820 innocentem
2096 783 2220 836 pro-

612 836 898 901 "Ultli'Wil,
934 839 1164 895 alterum
1201 860 1566 912 peccatorem.
1601 853 1743 923 Ergo
1790 859 1941 924 quasi
1998 861 2218 918 ultimus

2399 416 2541 466 esse;
2571 419 2781 475 eamque
2823 405 3104 482 principali
3152 410 3356 482 spiritu
3405 416 3742 487 conﬁrmari;
3766 431 3810 474 et
3833 427 3918 490 φής

2397 495 2488 548 ille
2515 498 2728 565 spir'tus
2741 502 2767 554 .9

2399 587 2486 642 7'2.
2534 589 2711 646 Redde
2762 595 2886 649 mihi
2933 598 3168 653 ltrtitiam
3227 601 3496 656 salutaris
3531 604 3609 656 tui
3637 619 3659 658 :
3689 614 3735 657 et
3773 607 3917 676 spiritu

2325 681 2604 750 principali
2624 688 2875 756 conﬁrma
2901 708 2979 746 me
3005 691 3180 764 (Psal.
3219 711 3275 758 L,
3305 694 3426 767 14).
3455 693 3603 752 dCui
3632 697 3863 760 debetur.
3883 713 3918 753 et

2323 777 2603 832 redditur:
2637 782 2879 838 redditur
2901 788 3150 842 rationali
3180 799 3406 842 natura:
3444 788 3644 843 laetitia
3685 788 3916 844 Salamis.

609 941 804 982 servus
833 929 1071 988 hmniliat
1099 953 1186 1003 se;
1217 948 1271 994 et
1301 944 1454 1011 quasi
1491 945 1540 998 in
1575 960 1799 1015 peccato
1820 950 2215 1024 deprehensus,

609 1027 668 1075 et
691 1021 908 1079 oﬂ‘cns;c
940 1043 1085 1094 rens,
1116 1033 1370 1090 obsecrat
1402 1048 1458 1091 ιιι
1488 1036 1792 1110 ﬂagelletur
1824 1044 2024 1114 petitis,
2055 1064 2214 1118 quam

610 1114 929 1182 projici'ttnr
954 1137 980 1172 a
1008 1120 1144 1178 facie
1176 1124 1411 1182 Domini.

681 1208 771 1264 68.
820 1214 1108 1278 Quomodo
1141 1218 1390 1289 projiciat
1422 1223 1565 1278 Deus
1592 1242 1620 1280 a
1649 1225 1787 1284 facie
1832 1246 1949 1295 sua,
1977 1234 2100 1288 andi
2133 1235 2216 1288 di-

603 1311 816 1356 centem
851 1323 864 1359 :
903 1305 1092 1362 Tollite
1137 1328 1256 1365 eum
1289 1315 1342 1367 in
1391 1317 1628 1372 tenebras
1672 1325 1968 1389 exteriores,
2003 1327 2073 1380 ibi
2118 1328 2212 1382 erit

604 1396 760 1464 ﬂetus
786 1409 834 1453 et
853 1403 1046 1458 stridor
1065 1405 1298 1461 dentium
1327 1408 1543 1477 (Matth.
1580 1430 1712 1478 nn,
1750 1417 1863 1487 15).
1897 1429 1922 1454 υ
1953 1419 2053 1488 Qui
2106 1437 2211 1476 non

601 1495 951 1558 emendatur,
983 1513 1012 1550 a
1039 1498 1174 1554 facie
1202 1502 1320 1570 ejus
1343 1501 1396 1558 in
1429 1507 1666 1562 tenebris
1694 1513 2058 1568 constituitur.
2087 1514 2212 1571 Ideo

599 1585 780 1656 justus
821 1607 888 1646 ne
933 1597 1186 1650 tenebras
1221 1599 1476 1666 patiatur,
1509 1605 1623 1660 ait:
1663 1605 1874 1660 Vultum
1909 1618 2075 1671 tuum.
2102 1611 2208 1665 Do-

605 1681 762 1748 mine,
802 1685 1063 1752 requiram
1108 1688 1282 1762 (Psal.
1339 1710 1486 1759 sxw,
1532 1697 1607 1768 ξι).
1651 1697 1750 1755 Ubi
1800 1702 1943 1755 enim
1997 1703 2208 1759 Domini

2322 866 2528 922 Lmtitia
2577 883 2755 927 autem
2781 884 2835 929 et
2879 878 3130 946 gaudium
3181 880 3404 934 fructus
3432 889 3524 934 est
3557 878 3809 947 Spiritus.
3832 879 3919 935 Fir.

2323 974 2653 1018 momentum
2683 985 2895 1040 quoque
2940 984 3184 1027 nostrum
3220 975 3464 1043 spiritus
3508 975 3823 1044 principalis
3842 986 3918 1029 est.

2323 1055 2568 1130 Denique
2597 1061 2639 1114 is
2658 1062 2752 1132 qui
2775 1064 3056 1135 principali
3083 1070 3460 1123 eonlirmatnr
3495 1069 3726 1135 Spiritu,
3757 1083 3921 1125 nonest

2320 1152 2586 1208 obnoxius
2607 1158 2873 1221 servituti,
2917 1158 3086 1214 nescit
3105 1160 3326 1214 servire
3351 1171 3624 1231 peccato.
3653 1160 3820 1214 nescit
3839 1161 3920 1213 (lni-

2320 1253 2456 1312 lare,
2489 1248 2661 1301 nescit
2691 1265 2902 1316 errare,
2954 1265 3054 1305 nec
3104 1251 3290 1306 studio
3347 1261 3516 1306 nutat
3552 1252 3916 1314 incertus;sei

2318 1335 2562 1391 [innatus
2590 1339 2641 1391 in
2670 1353 2842 1408 petra,
2878 1341 3052 1396 solido
3079 1343 3365 1397 stabilitur
3397 1343 3678 1412 vestigio.

2389 1427 2477 1482 73.
2538 1429 2708 1496 Quem
2768 1443 3018 1502 putamus
3072 1434 3176 1488 dici
3236 1433 3502 1504 spiritum
3567 1436 3914 1505 principales?

2317 1516 2570 1589 Plerique
2595 1523 2842 1591 spiritum
2875 1534 3078 1579 rectum
3109 1526 3176 1578 ad
3209 1524 3517 1581 Dominum
3577 1529 3838 1582 referunt
3858 1529 3910 1583 le-

2315 1623 2456 1673 sum,
2477 1615 2564 1683 qui
2600 1625 2879 1682 peccatum
2909 1615 3096 1670 mundi
3117 1616 3446 1681 abstulit,et
3476 1633 3662 1673 omne
3689 1620 3908 1674 bonum

2314 1717 2484 1772 genus
2516 1706 2597 1758 sui
2630 1706 2906 1774 sanguinis
2937 1707 3198 1763 eﬂ'nsione
3229 1709 3575 1773 renovavit;
3609 1721 3669 1764 et
3699 1710 3825 1765 ideo
3848 1714 3906 1764 lir-

601 1776 809 1842 vultns,
843 1781 910 1832 iln
961 1782 1140 1838 lumen
1191 1796 1294 1852 est,
1331 1791 1471 1844 sicut
1517 1793 1778 1861 scriptum
1825 1806 1908 1849 est
1939 1812 1954 1849 :
1991 1796 2204 1852 Faciem
2236 1805 2282 1866 Β
2314 1809 2423 1852 tum
2453 1809 2537 1854 est
2566 1816 2580 1856 :
2612 1799 2871 1869 Spiritum
2899 1817 3090 1855 rectum
3133 1803 3327 1856 innova
3359 1803 3414 1857 in
3455 1804 3775 1859 visceribus
3803 1811 3886 1857 me}:

600 1875 744 1922 tuam
774 1870 1015 1929 illumina
1059 1893 1216 1945 super
1239 1895 1439 1934 servum
1466 1892 1610 1936 tuum
1655 1884 1832 1956 (Psal.
1868 1904 2060 1955 cxvttt,
2090 1891 2206 1959 ὃς).

599 1960 843 2034 Denique
891 1966 978 2021 ubi
1009 1970 1239 2038 primum
1273 1973 1500 2030 intuitus
1548 1975 1767 2032 Petrum
1799 1979 1951 2044 vidit,
1982 1993 2034 2036 et
2085 1983 2210 2038 illn-

599 2066 848 2111 mtuawt.

669 2147 759 2202 ϐλ).
801 2150 1022 2210 Grande
1067 2155 1226 2226 igitur
1258 2161 1609 2232 supplicium,
1638 2165 1826 2233 projici
1867 2183 1894 2220 a
1925 2166 2060 2222 facie
2085 2168 2202 2224 Dei.

595 2239 877 2311 Projcctns
909 2259 991 2301 est
1021 2247 1048 2286 ι)
1081 2252 1250 2306 Adam
1280 2269 1403 2308 cmn
1436 2257 1503 2312 de
1556 2257 1808 2327 paradiso
1858 2260 2054 2323 exiret,
2107 2278 2206 2318 nec

592 2331 903 2403 immerito;
955 2341 1072 2410 ipse
1119 2344 1263 2399 enim
1295 2357 1423 2402 ante
1477 2364 1536 2404 sc
1585 2351 1949 2407 absconderat
1987 2369 2016 2406 a
2073 2354 2208 2411 facie

590 2425 708 2481 Dei.
737 2429 918 2486 Exivit
947 2446 1000 2488 et
1029 2433 1164 2492 Cain
1196 2453 1227 2492 a
1259 2439 1400 2496 facie
1435 2441 1551 2506 Dei,
1584 2459 1691 2496 non
1723 2445 1900 2500 solum
1932 2457 2053 2515 post
2084 2463 2206 2517 par-

592 2522 822 2581 ricidale
849 2531 1238 2598 Commissum;
1267 2536 1362 2589 sed
1399 2537 1564 2590 etiam
1599 2547 1882 2610 postquam
1913 2542 2078 2596 Deum
2110 2559 2207 2613 pu-

592 2616 728 2670 tavit
778 2635 902 2674 esse
952 2622 1270 2687 fallendum.
1303 2639 1360 2682 ut
1415 2632 1622 2685 crimen
1672 2645 1912 2704 negaret.
1945 2634 2205 2692 Peccator

586 2709 760 2779 igitur
805 2719 1111 2775 excluditur
1160 2738 1188 2776 a
1242 2723 1379 2780 facie
1410 2725 1506 2781 Dei
1543 2728 1757 2798 :jnstus
1813 2743 1991 2787 autem
2024 2733 2198 2790 dicit:

586 2803 729 2863 Ecce
748 2829 842 2884 ego
873 2813 1044 2883 (Esai.
1080 2834 1152 2882 γι,
1181 2818 1262 2889 8).
1291 2821 1533 2892 Denique
1563 2825 1678 2892 ipse
1702 2826 1869 2880 David
1896 2843 2017 2882 cmn
2051 2831 2201 2884 vide-

582 2910 670 2955 ret
722 2903 944 2962 in.‘erire
987 2911 1268 2979 populum,
1325 2916 1675 2985 semetipsum
1722 2919 1916 2974 obtulit
1968 2920 2194 2976 dicens:

579 2992 698 3066 Ego
719 3015 850 3064 smn,
877 3018 972 3072 ego
1005 3007 1228 3073 peccavi,
1258 3017 1304 3062 et
1330 3025 1424 3079 ego
1452 3023 1629 3079 pastor
1665 3013 1796 3066 male
1823 3013 1923 3083 feci
1951 3013 2036 3083 (IV
2066 3014 2194 3085 Reg.

579 3104 739 3157 xxw,
775 3095 867 3167 17)
895 3115 907 3152 :
939 3107 994 3154 et
1022 3101 1102 3156 sic
1133 3102 1211 3156 ira
1240 3103 1454 3160 Domini
1507 3107 1752 3178 mitigata
1781 3121 1888 3177 est,
1937 3119 1994 3166 et
2039 3109 2194 3165 venia

579 3186 803 3245 donata.

647 3284 737 3338 70.
783 3285 957 3341 Simul
989 3291 1229 3345 ostendit
1257 3293 1383 3363 quia
1409 3297 1582 3349 sancti
1618 3305 1964 3365 permanent.
2000 3297 2192 3353 crimi-

575 3379 694 3430 nosi
740 3379 1118 3448 projiciuntnr.
1148 3384 1386 3456 Ideoque
1416 3389 1682 3442 servanda
1716 3398 1798 3443 est
1839 3389 1996 3444 nobis
2019 3392 2191 3461 gratia

579 3469 863 3535 spiritalis,
893 3490 958 3527 ne
992 3485 1214 3543 prOpter
1239 3489 1460 3545 peccata
1503 3490 1687 3534 nostra
1737 3483 2060 3538 auferatnra
2097 3500 2194 3539 no-

576 3557 683 3612 bis.
719 3560 833 3614 Nun
862 3565 1006 3618 enim
1035 3568 1318 3634 projicitur
1346 3570 1397 3624 in
1429 3587 1537 3637 quo
1566 3571 1804 3640 Spiritus
1825 3583 2044 3630 sanctus
2065 3587 2150 3631 est
2175 3596 2189 3632 :

575 3649 674 3702 sed
709 3651 978 3707 inoﬂ'enso
1022 3659 1268 3714 nmneris
1296 3664 1380 3714 sui
1427 3662 1600 3716 fructu
1633 3665 1814 3719 studet
1859 3682 1917 3722 se
1957 3667 2191 3722 Domino

574 3752 794 3808 semper
821 3746 1044 3815 oll'erre,
1078 3751 1216 3806 sicut
1247 3752 1341 3807 ille
1369 3757 1460 3824 qui
1489 3757 1688 3811 dicenti
1722 3758 1988 3815 Domino:
2015 3761 2190 3816 Num-

573 3833 703 3902 quid
751 3847 800 3891 et
841 3854 926 3892 vos
956 3841 1110 3895 vultis
1149 3844 1434 3912 discedere,
1485 3851 1808 3918 reSpondit:
1855 3851 2095 3922 Domine,
2120 3859 2191 3911 ad

572 3941 719 3996 quem
748 3928 934 3983 ibimus
957 3932 983 3984 ?
1022 3931 1181 3988 Verba
1210 3937 1322 3990 viae
1363 3950 1570 3995 (eterna:
1613 3939 1790 4009 habes,
1819 3955 1869 4000 et
1899 3964 1993 4002 nos
2023 3950 2190 4004 credi-

574 4032 688 4072 mus
721 4018 902 4088 (Joan.
929 4039 1006 4088 vr,
1038 4025 1106 4080 68
1139 4038 1183 4080 et
1214 4028 1328 4098 G9).

653 4112 745 4166 71.
787 4115 958 4169 Simul
985 4118 1111 4169 illud
1142 4121 1620 4192 considerandum,
1650 4127 1777 4197 quia
1807 4143 1914 4183 non
1948 4130 2189 4186 aufertur

572 4200 808 4270 Spiritus
848 4209 952 4262 nisi
1009 4210 1220 4266 Domini
1254 4225 1276 4252 ετ
1310 4216 1623 4284 voluntate;
1670 4221 1811 4278 sicut
1860 4240 1966 4279 non
2025 4225 2188 4281 datur

574 4297 679 4352 nisi
713 4300 923 4355 Domini
979 4306 1261 4360 voluntate
1293 4325 1306 4361 :
1340 4313 1432 4379 qui
1465 4313 1651 4383 utique
1690 4331 1811 4370 cum
1863 4319 2040 4386 datur,
2074 4335 2182 4374 non

571 4392 726 4458 quasi
749 4405 970 4450 coactus
998 4413 1276 4468 operatur,
1307 4404 1402 4458 sed
1434 4420 1531 4474 pro
1554 4425 1647 4461 sua
1672 4411 1950 4468 voluntate
1986 4414 2181 4470 dividi-

572 4487 679 4544 tur,
716 4484 856 4539 sicut
892 4490 1153 4558 scriptmn
1186 4503 1290 4556 est,
1335 4495 1553 4554 dicente
1583 4501 1881 4571 Apostolo:
1922 4505 2049 4561 (hac
2090 4527 2184 4563 au-

2317 1895 2565 1963 Spiritum
2588 1904 2766 1950 autem
2789 1907 3054 1960 sanctum,
3078 1896 3145 1951 de
3167 1913 3278 1967 quo
3299 1899 3440 1952 dicit
3466 1916 3482 1952 :
3511 1901 3797 1968 Spiritum
3823 1913 3880 1953 tu

2315 2006 2378 2043 ne
2402 1995 2611 2060 auferas
2641 2007 2672 2042 a
2703 2007 2800 2055 me,
2827 1990 3088 2058 Spiritum
3135 1992 3454 2062 intelligunt
3495 1995 3776 2048 veritatis
3809 2014 3884 2049 εει

2316 2093 2452 2134 ctum
2477 2081 2735 2149 Spiritum
2767 2097 2895 2137 vero
2922 2082 3302 2153 principalem,
3334 2083 3516 2138 Deum
3555 2083 3790 2141 Patrem
3811 2091 3898 2138 me

2313 2181 2544 2227 trantnr.
2580 2173 2752 2240 Quam
2778 2175 3058 2228 moraliter
3080 2183 3258 2228 autem
3292 2176 3368 2228 ait
3401 2194 3415 2229 :
3449 2174 3544 2228 Ne
3591 2177 3900 2246 proﬁciam:

2313 2285 2344 2320 a
2376 2268 2512 2338 facie
2549 2276 2656 2321 tua.
2686 2266 2943 2321 Fideliter
2973 2268 3125 2322 timet
3156 2268 3361 2322 auferri
3394 2268 3507 2322 sibi
3535 2285 3722 2337 quam
3751 2285 3903 2335 accep:

2311 2361 2566 2428 gratiam;
2596 2359 2827 2427 ideoque
2874 2359 3000 2414 alibi
3028 2360 3104 2412 ait
3129 2376 3141 2411 :
3178 2359 3333 2414 Oculi
3361 2361 3465 2414 mei
3496 2377 3730 2432 semper
3756 2363 3818 2415 ad
3838 2361 3902 2415 Do-

2312 2453 2507 2504 minum
2544 2451 2716 2522 (Psal.
2762 2468 2916 2516 xxw,
2955 2452 3067 2521 15).
3101 2451 3167 2506 Et
3218 2453 3271 2505 in
3323 2454 3753 2522 posterioribus
3780 2472 3794 2508 :
3819 2453 3904 2506 Em

2309 2545 2444 2599 sicut
2468 2546 2606 2599 oculi
2627 2561 2892 2599 servorum
2915 2547 2968 2599 in
2995 2545 3234 2599 manibus
3257 2545 3615 2601 dominorum
3643 2559 3903 2610 summ,e

2306 2638 2444 2690 sicut
2476 2639 2612 2691 oeuli
2636 2639 2841 2692 ancilla:
2889 2638 2943 2691 in
2992 2639 3229 2692 manibus
3254 2639 3490 2693 domina?
3518 2657 3647 2696 sua:
3670 2659 3692 2696 .'
3720 2643 3788 2695 ita

2307 2730 2471 2783 nostri
2501 2729 2570 2783 ad
2620 2729 2894 2783 Dominum
2926 2729 3088 2783 Deum
3116 2738 3380 2796 nostrum,
3418 2730 3604 2786 donec
3647 2735 3904 2788 miseretur

2305 2823 2453 2876 nobis
2497 2822 2668 2893 (Psal.
2704 2838 2881 2889 cxxtt,
2928 2821 3019 2895 9.).
3064 2821 3225 2878 Certe
3266 2823 3355 2879 hic
3407 2833 3501 2879 est.
3552 2826 3803 2894 Spititus
3841 2826 3901 2881 de

2304 2923 2423 2968 Clor
2450 2923 2506 2968 et
2537 2916 2807 2984 princeps.
2840 2915 2931 2984 qui
2986 2928 3137 2985 regat
3183 2926 3450 2982 mentem,
3477 2918 3790 2975 conﬁrmet
3809 2920 3902 2974 alie-

2303 3012 2472 3068 ctum,
2493 3021 2600 3072 quo
2627 3005 2756 3060 velit
2778 3005 2974 3071 trahat,
2997 3016 3052 3060 et
3073 3007 3123 3060 in
3140 3009 3490 3076 superiorem
3517 3011 3702 3064 vitam
3728 3013 3897 3082 dirigat.

2376 3096 2465 3151 74.
2508 3098 2645 3153 Sunt
2685 3108 2738 3152 et
2766 3099 2857 3168 qui
2887 3099 3197 3166 acceperint
3222 3102 3485 3170 spiritum
3539 3105 3814 3171 hominis,
3839 3107 3898 3170 qui

2223 3210 2268 3274 ρ
2300 3189 2353 3244 in
2384 3190 2501 3260 ipso
2525 3201 2626 3244 est.
2659 3189 2786 3244 Ideo
2813 3191 2887 3244 ait
2930 3190 3226 3260 Apostolus
3253 3210 3265 3245 :
3302 3193 3436 3259 Quis
3457 3197 3615 3249 enim
3637 3199 3740 3251 scit
3771 3197 3895 3250 licui-

2299 3300 2444 3348 nnm,
2485 3301 2602 3353 qua:
2630 3285 2853 3339 hominis
2881 3297 3023 3352 sunt,
3067 3287 3168 3340 nisi
3212 3289 3438 3360 spiritus
3469 3292 3566 3361 qui
3599 3295 3660 3346 in
3712 3295 3816 3366 ipso
3850 3305 3896 3345 es"

2301 3376 2343 3447 (Ι
2377 3376 2499 3432 Cor.
2532 3394 2588 3445 ιι,
2627 3377 2744 3450 Il)?
2773 3378 2878 3447 Qui
2907 3388 3084 3449 potest
3127 3381 3273 3436 scire
3302 3386 3516 3452 omnia,
3556 3402 3734 3456 quem
3763 3387 3895 3440 homi-

2297 3472 2381 3525 nis
2407 3473 2616 3527 occnlta
2641 3489 2747 3528 non
2777 3472 2991 3542 fallunt,
3015 3485 3190 3546 potest
3219 3475 3273 3531 in
3296 3477 3530 3535 homine
3552 3479 3765 3539 habere
3783 3483 3886 3553 prin-

2296 3565 2556 3635 cipatum.

2898 3698 3128 3758 CAPUT
3166 3699 3314 3758 XVI.

2295 3833 2464 3891 Periti
2493 3834 2718 3890 doctoris
2747 3851 2856 3890 esse
2884 3835 3088 3907 iniquos
3115 3835 3225 3890 uias
3259 3835 3479 3891 Domini
3506 3839 3749 3898 edocerc.
3774 3839 3871 3907 Qte-

2365 3931 2518 3984 modo
2542 3930 2598 3985 id
2638 3941 2746 3984 tum
2787 3929 3002 3992 Christi,
3037 3941 3142 3984 tum
3166 3928 3391 3987 Davidis
3419 3950 3676 4005 persona:
3716 3950 3879 3990 accolit»

2366 4024 2622 4088 medetur;
2648 4022 2834 4094 quidve
2864 4023 3076 4079 liberari
3097 4041 3152 4078 se
3175 4024 3238 4079 de
3263 4026 3621 4098 sanguinibus
3652 4039 3758 4084 oret
3781 4026 3877 4080 Prc-

2367 4117 2521 4188 plteta
2534 4117 2560 4170 ?

2365 4229 2455 4285 75.
2498 4231 2754 4300 Sequitur
2788 4252 2802 4289 :
2836 4233 3040 4289 Docebo
3084 4235 3288 4305 iniquos
3338 4239 3449 4293 vias
3491 4249 3639 4307 tuas,
3682 4251 3732 4296 et
3768 4238 3876 4308 imp-ii

2291 4325 2360 4378 ad
2405 4336 2452 4380 te
2473 4339 2832 4382 convertentur
2859 4329 3031 4402 (Psal.
3065 4350 3118 4393 L.
3169 4335 3278 4404 15).
3326 4335 3423 4391 Ille
3462 4338 3776 4407 praecipuus
3820 4342 3877 4390 est

2289 4419 2640 4488 gubernator,
2666 4423 2754 4491 qui
2781 4424 3072 4493 scopuloso
3098 4425 3151 4479 in
3182 4425 3365 4482 littore
3395 4430 3583 4484 navim
3611 4429 3876 4499 gubernat:

2292 4511 2386 4567 ille
2413 4512 2604 4568 doctor
2633 4513 2832 4580 bonus,
2871 4515 2960 4586 qui
2993 4516 3210 4571 duriora
3237 4519 3386 4573 acuit
3418 4520 3639 4589 ingenia
3672 4520 3739 4574 ad
3783 4534 3878 4574 ent-

570 4583 673 4627 tent
701 4580 873 4630 omnia
901 4591 1149 4651 operatur
1178 4600 1308 4638 unus
1343 4597 1492 4658 atque
1513 4591 1652 4645 idem
1675 4593 1927 4662 Spiritus,
1953 4598 2189 4655 dividens
2215 4578 2267 4639 Β
2295 4602 2520 4680 ditionis
2552 4603 2850 4672 profectum
2885 4622 2898 4659 :
2925 4604 3016 4661 ille
3048 4607 3279 4663 bellator
3303 4611 3582 4680 egregius,
3607 4612 3720 4666 dux
3747 4609 3877 4665 min

567 4665 792 4737 singulis
820 4682 969 4736 prout
1017 4673 1124 4726 vult
1169 4675 1212 4735 (Ι
1239 4673 1358 4731 Cor.
1389 4695 1483 4742 xu.
1534 4683 1643 4755 11).
1688 4686 1822 4742 Cum
1872 4690 2033 4758 igitur
2063 4708 2170 4748 non

571 4760 847 4815 auferatur
877 4764 978 4818 nisi
1035 4765 1243 4822 Domini
1297 4772 1599 4840 voluntate,
1629 4791 1852 4849 apparet
1897 4781 2023 4852 quia
2057 4800 2174 4839 una

574 4851 854 4914 Trinitatis
887 4859 1135 4916 voluntas
1169 4870 1274 4918 est.

1073 5016 1237 5089 709
1273 5018 1504 5076 CAPUT
1552 5022 1667 5079 xv.

574 5143 900 5208 Rationalem
941 5164 1182 5211 naturam
1221 5158 1415 5214 lwtitite
1464 5161 1707 5218 salutaris
1754 5165 1917 5220 solam
1943 5183 2184 5237 capacem

654 5367 676 5392 "
721 5356 851 5438 Mss.
896 5368 1128 5438 quatuor
1187 5359 1430 5438 melioris
1478 5370 1641 5438 notat.
1679 5363 1816 5428 Quia
1843 5366 1933 5433 qui
1967 5368 2184 5438 projici-

578 5438 661 5481 tur
687 5446 718 5479 a
751 5429 879 5494 [acie
905 5433 1019 5502 ejus
1049 5431 1102 5482 in
1139 5434 1354 5486 tenebris
1393 5435 1743 5488 constituitur.

653 5516 680 5554 δ
718 5515 935 5571 Οιιιιιιεν
963 5519 1094 5572 odit.
1119 5537 1188 5596 ac
1215 5537 1345 5596 illsS.
1379 5538 1484 5576 non
1521 5524 1698 5592 pauci,
1733 5525 1900 5579 Adam
1942 5528 2005 5580 de
2028 5545 2181 5596 paru—

586 5587 718 5658 diso,
751 5607 836 5640 nec
861 5593 1140 5645 immerito.
1164 5591 1266 5646 Alii
1295 5605 1419 5646 orto
1453 5587 1824 5658 VI‘IUSllSSllni,
1859 5587 2037 5652 Adam.
2065 5617 2182 5654 cum

588 5657 650 5710 de
674 5661 914 5724 paradiso
938 5667 1115 5729 exiret,
1145 5681 1236 5718 nec
1257 5667 1530 5721 immerito.
1565 5657 1896 5723 Cotnmndus
1947 5688 2143 5726 sensus
2163 5715 2178 5737 ,

586 5743 708 5813 cum
740 5733 798 5785 τὸ
827 5736 1080 5813 projectus
1113 5748 1210 5813 est,
1247 5753 1350 5813 non
1380 5743 1452 5813 ad
1473 5755 1657 5813 vocem
1682 5783 1696 5805 ,
1725 5759 1754 5792 a
1784 5744 2047 5813 paradiso,
2079 5733 2180 5801 sed

584 5798 655 5852 ad
686 5813 863 5870 voces,
890 5798 927 5856 ᾱ
950 5807 1083 5874 {acie
1110 5798 1341 5875 Domini,
1366 5809 1554 5866 referri
1575 5798 1842 5882 Oporteiit.

2293 4665 2439 4762 Iiilis,
2469 4697 2560 4767 qui
2595 4697 2897 4753 timidiores
2923 4702 3172 4754 accendit
3200 4704 3252 4754 in
3280 4703 3554 4770 praelium,
3581 4703 3876 4774 exploratis-

2283 4805 2390 4859 quc
2423 4789 2669 4845 locorum
2700 4791 2949 4861 ingeniis,
2983 4791 3165 4858 fulcit;
3201 4804 3258 4847 ut
3283 4793 3506 4849 infirma
3530 4797 3730 4852 virium
3749 4811 3874 4851 com-

2287 4883 2448 4938 moda
2479 4884 2729 4938 stationis
2749 4887 3157 4955 opportunitate
3199 4899 3559 4959 eompeoset:
3591 4891 3686 4948 ille
3706 4890 3874 4947 simili-

2288 4988 2373 5032 ter
2404 4993 2630 5047 magnns
2661 4979 2822 5032 etiam
2855 4987 2878 5014 ο
2905 4978 3026 5034 lidei
3055 4979 3282 5048 zelatur,
3335 4983 3444 5051 qur
3473 4984 3691 5055 iniquos
3721 4989 3874 5038 docet.

2291 5067 2449 5126 Unde
2478 5070 2701 5140 pulchre
2721 5072 2796 5126 ait
2819 5089 2832 5124 :
2860 5070 3066 5127 Docebo
3092 5073 3454 5144 iniquos.Non
3486 5075 3662 5130 dixit:
3689 5075 3875 5131 Docebo

2291 5167 2506 5237 iustos;
2542 5175 2811 5222 noverunt
2841 5169 2986 5223 enim
3032 5169 3164 5240 justi
3204 5169 3317 5225 vias
3345 5171 3561 5226 Domini
3597 5171 3757 5238 :sed,
3796 5171 3874 5225 im;

2369 5380 2390 5406 ο
2437 5368 2891 5428 Desiderabantur
2922 5375 2973 5428 in
3003 5373 3162 5438 edit..
3193 5376 3328 5432 sicut
3357 5395 3462 5433 non
3489 5381 3646 5435 datur
3670 5381 3766 5435 nisi
3783 5379 3872 5433 Do-

2289 5440 2418 5516 mini
2465 5444 2748 5516 voluntate,
2781 5461 2901 5516 qua:
2934 5447 3095 5501 verba
3139 5451 3192 5503 in
3227 5461 3468 5505 nostram
3528 5470 3662 5509 mss.
3705 5453 3868 5515 Corb.,

2291 5510 2475 5576 Rem.,
2511 5514 2717 5570 'l‘neod.
2744 5510 2812 5570 ac
2838 5518 2994 5572 Dion.
3026 5522 3320 5577 autoritate
3355 5527 3715 5580 restitnimns.

2365 5604 2390 5644 (³
2424 5607 2578 5664 Rom.
2611 5610 2767 5677 edit.,
2801 5611 2895 5665 Cui
2923 5613 3134 5668 debetur
3156 5615 3335 5670 lwtitia
3357 5619 3612 5673 salutaris
3642 5617 3865 5677 redditur;

2292 5677 2526 5735 redditur
2553 5693 2724 5736 autem
2748 5685 2993 5738 rationali
3020 5697 3235 5741 naturae.
3267 5686 3478 5743 Lwtitia
3505 5707 3647 5760 vero,
3673 5699 3773 5748 etc.

2368 5783 2390 5809 ο
2429 5771 2653 5847 Aliquot
2679 5792 2745 5833 ex
2767 5777 3002 5849 antiquis
3022 5778 3172 5845 cod.,
3195 5779 3320 5848 ﬁdei
3343 5783 3680 5852 pradicator.
