  <div class='ocr_page' id='page_1' title='image "/cluster/home/n/w/nwhite01/storage/ocr_20150623/14/hvd.32044015471303/446.png"; bbox 0 0 4042 6378; ppageno 0'>
   <div class='ocr_carea' id='block_1_1' title="bbox 72 336 197 394">
    <p class='ocr_par' dir='ltr' id='par_1_1' title="bbox 72 336 197 394">
     <span class='ocr_line' id='line_1_1' title="bbox 72 336 197 394; baseline 0 0"><span class='ocrx_word' id='word_1_1' title='bbox 72 336 197 394; x_wconf 85' lang='grc'><strong>881</strong></span> 
     </span>
    </p>
   </div>
   <div class='ocr_carea' id='block_1_2' title="bbox 1309 345 2364 410">
    <p class='ocr_par' dir='ltr' id='par_1_2' title="bbox 1309 345 2364 410">
     <span class='ocr_line' id='line_1_2' title="bbox 1309 345 2364 410; baseline 0.006 -6"><span class='ocrx_word' id='word_1_2' title='bbox 1309 345 1656 405; x_wconf 69' lang='grc' dir='ltr'><strong>ΑροωϐιΑ</strong></span> <span class='ocrx_word' id='word_1_3' title='bbox 1696 348 2095 408; x_wconf 67' lang='grc' dir='ltr'><strong>ΡΒΟΡΗΕΤᾹΞ</strong></span> <span class='ocrx_word' id='word_1_4' title='bbox 2136 351 2364 410; x_wconf 80' lang='lat' dir='ltr'><strong>DAVID.</strong></span> 
     </span>
    </p>
   </div>
   <div class='ocr_carea' id='block_1_3' title="bbox 3380 365 3487 419">
    <p class='ocr_par' dir='ltr' id='par_1_3' title="bbox 3380 365 3487 419">
     <span class='ocr_line' id='line_1_3' title="bbox 3380 365 3487 419; baseline 0.019 -2"><span class='ocrx_word' id='word_1_5' title='bbox 3380 365 3487 419; x_wconf 75' lang='lat'><strong>882</strong></span> 
     </span>
    </p>
   </div>
   <div class='ocr_carea' id='block_1_4' title="bbox 67 457 3488 546">
    <p class='ocr_par' dir='ltr' id='par_1_4' title="bbox 67 457 3488 546">
     <span class='ocr_line' id='line_1_4' title="bbox 67 457 3488 546; baseline 0.008 -39"><span class='ocrx_word' id='word_1_6' title='bbox 67 471 258 526; x_wconf 82' lang='lat' dir='ltr'><strong>quos,</strong></span> <span class='ocrx_word' id='word_1_7' title='bbox 305 457 559 532; x_wconf 85' lang='lat' dir='ltr'><strong>inquit,</strong></span> <span class='ocrx_word' id='word_1_8' title='bbox 607 464 814 518; x_wconf 81' lang='lat' dir='ltr'><strong>docebo.</strong></span> <span class='ocrx_word' id='word_1_9' title='bbox 846 465 1005 537; x_wconf 77' lang='lat'><strong>701</strong></span> <span class='ocrx_word' id='word_1_10' title='bbox 1040 464 1281 534; x_wconf 84' lang='lat' dir='ltr'><strong>Denique</strong></span> <span class='ocrx_word' id='word_1_11' title='bbox 1311 472 1504 519; x_wconf 87' lang='lat' dir='ltr'><strong>auctor</strong></span> <span class='ocrx_word' id='word_1_12' title='bbox 1544 463 1782 533; x_wconf 90' lang='lat' dir='ltr'><strong>pruden-</strong></span> <span class='ocrx_word' id='word_1_13' title='bbox 1808 478 1857 535; x_wconf 75' lang='grc' dir='ltr'>Α</span> <span class='ocrx_word' id='word_1_14' title='bbox 1891 466 2005 529; x_wconf 87' lang='lat' dir='ltr'><strong>Dei,</strong></span> <span class='ocrx_word' id='word_1_15' title='bbox 2040 467 2340 525; x_wconf 75' lang='lat' dir='ltr'><strong>declaravit</strong></span> <span class='ocrx_word' id='word_1_16' title='bbox 2387 473 2742 528; x_wconf 89' lang='lat' dir='ltr'><strong>commissum</strong></span> <span class='ocrx_word' id='word_1_17' title='bbox 2794 474 2899 530; x_wconf 90' lang='lat' dir='ltr'><strong>hoc</strong></span> <span class='ocrx_word' id='word_1_18' title='bbox 2960 488 3300 546; x_wconf 85' lang='lat' dir='ltr'><strong>nequaquam</strong></span> <span class='ocrx_word' id='word_1_19' title='bbox 3324 486 3352 516; x_wconf 75' lang='grc' dir='ltr'><strong>ει</strong></span> <span class='ocrx_word' id='word_1_20' title='bbox 3382 478 3488 535; x_wconf 84' lang='lat' dir='ltr'><strong>sibi</strong></span> 
     </span>
    </p>
   </div>
   <div class='ocr_carea' id='block_1_5' title="bbox 73 551 1778 628">
    <p class='ocr_par' dir='ltr' id='par_1_5' title="bbox 73 551 1778 628">
     <span class='ocr_line' id='line_1_5' title="bbox 73 551 1778 628; baseline 0.006 -25"><span class='ocrx_word' id='word_1_21' title='bbox 73 551 186 605; x_wconf 69' lang='lat' dir='ltr'><strong>tia:</strong></span> <span class='ocrx_word' id='word_1_22' title='bbox 214 562 285 608; x_wconf 87' lang='lat' dir='ltr'><strong>et.</strong></span> <span class='ocrx_word' id='word_1_23' title='bbox 313 559 618 628; x_wconf 82' lang='lat' dir='ltr'><strong>magiSIer</strong></span> <span class='ocrx_word' id='word_1_24' title='bbox 644 559 884 614; x_wconf 92' lang='lat' dir='ltr'><strong>omnium</strong></span> <span class='ocrx_word' id='word_1_25' title='bbox 907 559 1038 614; x_wconf 91' lang='lat' dir='ltr'><strong>dicit</strong></span> <span class='ocrx_word' id='word_1_26' title='bbox 1068 577 1081 612; x_wconf 88' lang='lat'><strong>:</strong></span> <span class='ocrx_word' id='word_1_27' title='bbox 1109 557 1233 612; x_wconf 84' lang='lat' dir='ltr'><strong>Non</strong></span> <span class='ocrx_word' id='word_1_28' title='bbox 1253 559 1550 628; x_wconf 78' lang='lat' dir='ltr'><strong>venijustos</strong></span> <span class='ocrx_word' id='word_1_29' title='bbox 1573 575 1778 626; x_wconf 86' lang='lat' dir='ltr'><strong>vocare,</strong></span> 
     </span>
    </p>
   </div>
   <div class='ocr_carea' id='block_1_6' title="bbox 71 649 1781 726">
    <p class='ocr_par' dir='ltr' id='par_1_6' title="bbox 71 649 1781 726">
     <span class='ocr_line' id='line_1_6' title="bbox 71 649 1781 726; baseline 0.006 -28"><span class='ocrx_word' id='word_1_30' title='bbox 71 649 186 700; x_wconf 85' lang='lat' dir='ltr'><strong>sed</strong></span> <span class='ocrx_word' id='word_1_31' title='bbox 224 661 590 719; x_wconf 84' lang='lat' dir='ltr'><strong>peccatores</strong></span> <span class='ocrx_word' id='word_1_32' title='bbox 621 651 833 726; x_wconf 80' lang='lat' dir='ltr'><strong>(Matth.</strong></span> <span class='ocrx_word' id='word_1_33' title='bbox 864 669 942 717; x_wconf 82' lang='lat' dir='ltr'><strong>ix,</strong></span> <span class='ocrx_word' id='word_1_34' title='bbox 975 649 1081 724; x_wconf 77' lang='lat'><strong>15).</strong></span> <span class='ocrx_word' id='word_1_35' title='bbox 1108 652 1175 707; x_wconf 85' lang='lat' dir='ltr'><strong>Et</strong></span> <span class='ocrx_word' id='word_1_36' title='bbox 1199 652 1442 707; x_wconf 89' lang='lat' dir='ltr'><strong>medicus</strong></span> <span class='ocrx_word' id='word_1_37' title='bbox 1474 653 1564 707; x_wconf 91' lang='lat' dir='ltr'><strong>ille</strong></span> <span class='ocrx_word' id='word_1_38' title='bbox 1613 653 1781 709; x_wconf 72' lang='lat' dir='ltr'><strong>coele-</strong></span> 
     </span>
    </p>
   </div>
   <div class='ocr_carea' id='block_1_7' title="bbox 77 741 1782 817">
    <p class='ocr_par' dir='ltr' id='par_1_7' title="bbox 77 741 1782 817">
     <span class='ocr_line' id='line_1_7' title="bbox 77 741 1782 817; baseline 0.004 -22"><span class='ocrx_word' id='word_1_39' title='bbox 77 741 207 796; x_wconf 87' lang='lat' dir='ltr'><strong>stis</strong></span> <span class='ocrx_word' id='word_1_40' title='bbox 240 760 258 796; x_wconf 92' lang='lat'><strong>:</strong></span> <span class='ocrx_word' id='word_1_41' title='bbox 301 742 460 800; x_wconf 81' lang='lat' dir='ltr'><strong>Non</strong></span> <span class='ocrx_word' id='word_1_42' title='bbox 489 763 626 817; x_wconf 82' lang='lat' dir='ltr'><strong>apus</strong></span> <span class='ocrx_word' id='word_1_43' title='bbox 650 757 726 802; x_wconf 87' lang='lat' dir='ltr'><strong>est</strong></span> <span class='ocrx_word' id='word_1_44' title='bbox 748 747 908 813; x_wconf 85' lang='lat' dir='ltr'><strong>sanis,</strong></span> <span class='ocrx_word' id='word_1_45' title='bbox 940 746 1132 817; x_wconf 90' lang='lat' dir='ltr'><strong>inquit,</strong></span> <span class='ocrx_word' id='word_1_46' title='bbox 1160 745 1409 812; x_wconf 83' lang='lat' dir='ltr'><strong>iitcdicus,</strong></span> <span class='ocrx_word' id='word_1_47' title='bbox 1439 748 1528 800; x_wconf 88' lang='lat' dir='ltr'><strong>sed</strong></span> <span class='ocrx_word' id='word_1_48' title='bbox 1560 747 1782 816; x_wconf 80' lang='lat' dir='ltr'><strong>inﬁrmis</strong></span> 
     </span>
    </p>
   </div>
   <div class='ocr_carea' id='block_1_8' title="bbox 78 833 524 913">
    <p class='ocr_par' dir='ltr' id='par_1_8' title="bbox 78 833 524 913">
     <span class='ocr_line' id='line_1_8' title="bbox 78 833 524 913; baseline 0.018 -25"><span class='ocrx_word' id='word_1_49' title='bbox 78 833 325 908; x_wconf 83' lang='lat' dir='ltr'><strong>(Ibid.,</strong></span> <span class='ocrx_word' id='word_1_50' title='bbox 374 840 524 913; x_wconf 63' lang='lat'><strong>1:2).</strong></span> 
     </span>
    </p>
   </div>
   <div class='ocr_carea' id='block_1_9' title="bbox 169 931 1784 1008">
    <p class='ocr_par' dir='ltr' id='par_1_9' title="bbox 169 931 1784 1008">
     <span class='ocr_line' id='line_1_9' title="bbox 169 931 1784 1008; baseline 0.004 -22"><span class='ocrx_word' id='word_1_51' title='bbox 169 931 283 988; x_wconf 83' lang='lat'><strong>76.</strong></span> <span class='ocrx_word' id='word_1_52' title='bbox 335 933 496 991; x_wconf 86' lang='lat' dir='ltr'><strong>Sive</strong></span> <span class='ocrx_word' id='word_1_53' title='bbox 538 937 700 1005; x_wconf 80' lang='lat' dir='ltr'><strong>igitur</strong></span> <span class='ocrx_word' id='word_1_54' title='bbox 743 953 810 992; x_wconf 72' lang='lat' dir='ltr'><strong>ex</strong></span> <span class='ocrx_word' id='word_1_55' title='bbox 842 953 1067 1006; x_wconf 82' lang='lat' dir='ltr'><strong>persona</strong></span> <span class='ocrx_word' id='word_1_56' title='bbox 1100 938 1244 993; x_wconf 91' lang='lat' dir='ltr'><strong>illius</strong></span> <span class='ocrx_word' id='word_1_57' title='bbox 1271 937 1361 1008; x_wconf 90' lang='lat' dir='ltr'><strong>qui</strong></span> <span class='ocrx_word' id='word_1_58' title='bbox 1394 946 1588 1007; x_wconf 87' lang='lat' dir='ltr'><strong>gentes</strong></span> <span class='ocrx_word' id='word_1_59' title='bbox 1618 952 1784 992; x_wconf 89' lang='lat' dir='ltr'><strong>voca-</strong></span> 
     </span>
    </p>
   </div>
   <div class='ocr_carea' id='block_1_10' title="bbox 86 1022 1783 1100">
    <p class='ocr_par' dir='ltr' id='par_1_10' title="bbox 86 1022 1783 1100">
     <span class='ocr_line' id='line_1_10' title="bbox 86 1022 1783 1100; baseline -0.001 -15"><span class='ocrx_word' id='word_1_60' title='bbox 86 1022 210 1085; x_wconf 64' lang='lat' dir='ltr'><strong>Vit.</strong></span> <span class='ocrx_word' id='word_1_61' title='bbox 247 1025 389 1082; x_wconf 86' lang='lat' dir='ltr'><strong>sive</strong></span> <span class='ocrx_word' id='word_1_62' title='bbox 409 1043 489 1083; x_wconf 83' lang='lat' dir='ltr'><strong>ex</strong></span> <span class='ocrx_word' id='word_1_63' title='bbox 519 1044 636 1092; x_wconf 87' lang='lat' dir='ltr'><strong>sua,</strong></span> <span class='ocrx_word' id='word_1_64' title='bbox 669 1029 805 1084; x_wconf 80' lang='lat' dir='ltr'><strong>bene</strong></span> <span class='ocrx_word' id='word_1_65' title='bbox 829 1031 1005 1100; x_wconf 81' lang='lat' dir='ltr'><strong>posuit</strong></span> <span class='ocrx_word' id='word_1_66' title='bbox 1031 1047 1044 1083; x_wconf 90' lang='lat'><strong>:</strong></span> <span class='ocrx_word' id='word_1_67' title='bbox 1067 1028 1486 1100; x_wconf 82' lang='lat' dir='ltr'><strong>Daceboiniquos</strong></span> <span class='ocrx_word' id='word_1_68' title='bbox 1504 1031 1610 1084; x_wconf 84' lang='lat' dir='ltr'><strong>vias</strong></span> <span class='ocrx_word' id='word_1_69' title='bbox 1633 1040 1783 1098; x_wconf 84' lang='lat' dir='ltr'><strong>tuas,-</strong></span> 
     </span>
    </p>
   </div>
   <div class='ocr_carea' id='block_1_11' title="bbox 95 1119 1786 1194">
    <p class='ocr_par' dir='ltr' id='par_1_11' title="bbox 95 1119 1786 1194">
     <span class='ocr_line' id='line_1_11' title="bbox 95 1119 1786 1194; baseline 0.005 -25"><span class='ocrx_word' id='word_1_70' title='bbox 95 1119 251 1188; x_wconf 83' lang='lat' dir='ltr'><strong>quia</strong></span> <span class='ocrx_word' id='word_1_71' title='bbox 281 1120 652 1176; x_wconf 84' lang='lat' dir='ltr'><strong>commutari</strong></span> <span class='ocrx_word' id='word_1_72' title='bbox 682 1121 908 1177; x_wconf 77' lang='lat' dir='ltr'><strong>vitiosos</strong></span> <span class='ocrx_word' id='word_1_73' title='bbox 936 1121 1159 1178; x_wconf 70' lang='lat' dir='ltr'><strong>allectus</strong></span> <span class='ocrx_word' id='word_1_74' title='bbox 1190 1133 1385 1194; x_wconf 82' lang='lat' dir='ltr'><strong>potest,</strong></span> <span class='ocrx_word' id='word_1_75' title='bbox 1420 1123 1786 1193; x_wconf 85' lang='lat' dir='ltr'><strong>propositum-</strong></span> 
     </span>
    </p>
   </div>
   <div class='ocr_carea' id='block_1_12' title="bbox 101 1215 1785 1286">
    <p class='ocr_par' dir='ltr' id='par_1_12' title="bbox 101 1215 1785 1286">
     <span class='ocr_line' id='line_1_12' title="bbox 101 1215 1785 1286; baseline 0.004 -20"><span class='ocrx_word' id='word_1_76' title='bbox 101 1228 228 1282; x_wconf 87' lang='lat' dir='ltr'><strong>que</strong></span> <span class='ocrx_word' id='word_1_77' title='bbox 258 1225 627 1270; x_wconf 82' lang='lat' dir='ltr'><strong>convertere</strong></span> <span class='ocrx_word' id='word_1_78' title='bbox 672 1215 916 1272; x_wconf 88' lang='lat' dir='ltr'><strong>doctrina</strong></span> <span class='ocrx_word' id='word_1_79' title='bbox 949 1217 1209 1282; x_wconf 67' lang='lat' dir='ltr'><strong>ccclesiis,</strong></span> <span class='ocrx_word' id='word_1_80' title='bbox 1261 1227 1313 1272; x_wconf 89' lang='lat' dir='ltr'><strong>et</strong></span> <span class='ocrx_word' id='word_1_81' title='bbox 1339 1218 1585 1286; x_wconf 76' lang='lat' dir='ltr'><strong>Operatio</strong></span> <span class='ocrx_word' id='word_1_82' title='bbox 1607 1217 1785 1272; x_wconf 89' lang='lat' dir='ltr'><strong>divina</strong></span> 
     </span>
    </p>
   </div>
   <div class='ocr_carea' id='block_1_13' title="bbox 105 1305 1790 1380">
    <p class='ocr_par' dir='ltr' id='par_1_13' title="bbox 105 1305 1790 1380">
     <span class='ocr_line' id='line_1_13' title="bbox 105 1305 1790 1380; baseline 0.004 -22"><span class='ocrx_word' id='word_1_83' title='bbox 105 1305 446 1377; x_wconf 79' lang='lat' dir='ltr'><strong>sacrilegis</strong></span> <span class='ocrx_word' id='word_1_84' title='bbox 520 1310 830 1379; x_wconf 89' lang='lat' dir='ltr'><strong>pectoribus</strong></span> <span class='ocrx_word' id='word_1_85' title='bbox 883 1310 1060 1365; x_wconf 83' lang='lat' dir='ltr'><strong>studia</strong></span> <span class='ocrx_word' id='word_1_86' title='bbox 1117 1310 1335 1380; x_wconf 88' lang='lat' dir='ltr'><strong>pietatis</strong></span> <span class='ocrx_word' id='word_1_87' title='bbox 1377 1308 1697 1374; x_wconf 78' lang='lat' dir='ltr'><strong>infundere;</strong></span> <span class='ocrx_word' id='word_1_88' title='bbox 1732 1316 1790 1364; x_wconf 89' lang='lat' dir='ltr'><strong>ut</strong></span> 
     </span>
    </p>
   </div>
   <div class='ocr_carea' id='block_1_14' title="bbox 104 1397 1785 1474">
    <p class='ocr_par' dir='ltr' id='par_1_14' title="bbox 104 1397 1785 1474">
     <span class='ocr_line' id='line_1_14' title="bbox 104 1397 1785 1474; baseline 0.005 -22"><span class='ocrx_word' id='word_1_89' title='bbox 104 1397 173 1453; x_wconf 85' lang='lat' dir='ltr'><strong>lii</strong></span> <span class='ocrx_word' id='word_1_90' title='bbox 206 1401 317 1470; x_wconf 90' lang='lat' dir='ltr'><strong>qui</strong></span> <span class='ocrx_word' id='word_1_91' title='bbox 353 1401 498 1458; x_wconf 87' lang='lat' dir='ltr'><strong>sine</strong></span> <span class='ocrx_word' id='word_1_92' title='bbox 523 1404 640 1474; x_wconf 84' lang='lat' dir='ltr'><strong>lege</strong></span> <span class='ocrx_word' id='word_1_93' title='bbox 678 1404 954 1469; x_wconf 80' lang='lat' dir='ltr'><strong>vivebant,</strong></span> <span class='ocrx_word' id='word_1_94' title='bbox 979 1416 1375 1459; x_wconf 76' lang='lat' dir='ltr'><strong>convertantur</strong></span> <span class='ocrx_word' id='word_1_95' title='bbox 1400 1407 1466 1458; x_wconf 87' lang='lat' dir='ltr'><strong>ad</strong></span> <span class='ocrx_word' id='word_1_96' title='bbox 1500 1405 1785 1460; x_wconf 89' lang='lat' dir='ltr'><strong>Dominum</strong></span> 
     </span>
    </p>
   </div>
   <div class='ocr_carea' id='block_1_15' title="bbox 102 1499 1790 1569">
    <p class='ocr_par' dir='ltr' id='par_1_15' title="bbox 102 1499 1790 1569">
     <span class='ocr_line' id='line_1_15' title="bbox 102 1499 1790 1569; baseline 0.004 -22"><span class='ocrx_word' id='word_1_97' title='bbox 102 1508 369 1562; x_wconf 80' lang='lat' dir='ltr'><strong>verum,</strong></span> <span class='ocrx_word' id='word_1_98' title='bbox 405 1499 661 1568; x_wconf 84' lang='lat' dir='ltr'><strong>quiante</strong></span> <span class='ocrx_word' id='word_1_99' title='bbox 682 1499 1068 1554; x_wconf 86' lang='lat' dir='ltr'><strong>avertebantur</strong></span> <span class='ocrx_word' id='word_1_100' title='bbox 1096 1514 1110 1552; x_wconf 90' lang='lat'><strong>:</strong></span> <span class='ocrx_word' id='word_1_101' title='bbox 1144 1499 1341 1569; x_wconf 57' lang='lat' dir='ltr'><strong>regalis</strong></span> <span class='ocrx_word' id='word_1_102' title='bbox 1367 1514 1582 1569; x_wconf 88' lang='lat' dir='ltr'><strong>quoque</strong></span> <span class='ocrx_word' id='word_1_103' title='bbox 1605 1515 1790 1554; x_wconf 72' lang='lat' dir='ltr'><strong>exem-</strong></span> 
     </span>
    </p>
   </div>
   <div class='ocr_carea' id='block_1_16' title="bbox 113 1587 1791 1661">
    <p class='ocr_par' dir='ltr' id='par_1_16' title="bbox 113 1587 1791 1661">
     <span class='ocr_line' id='line_1_16' title="bbox 113 1587 1791 1661; baseline 0.003 -20"><span class='ocrx_word' id='word_1_104' title='bbox 113 1587 225 1656; x_wconf 87' lang='lat' dir='ltr'><strong>plo</strong></span> <span class='ocrx_word' id='word_1_105' title='bbox 262 1590 659 1658; x_wconf 66' lang='lat' dir='ltr'><strong>prenitentite,</strong></span> <span class='ocrx_word' id='word_1_106' title='bbox 692 1590 743 1644; x_wconf 92' lang='lat' dir='ltr'><strong>bi</strong></span> <span class='ocrx_word' id='word_1_107' title='bbox 767 1591 856 1660; x_wconf 87' lang='lat' dir='ltr'><strong>qtti</strong></span> <span class='ocrx_word' id='word_1_108' title='bbox 883 1590 1194 1661; x_wconf 72' lang='lat' dir='ltr'><strong>iniquitates</strong></span> <span class='ocrx_word' id='word_1_109' title='bbox 1222 1601 1276 1645; x_wconf 87' lang='lat' dir='ltr'><strong>et</strong></span> <span class='ocrx_word' id='word_1_110' title='bbox 1303 1590 1500 1645; x_wconf 87' lang='lat' dir='ltr'><strong>acerba</strong></span> <span class='ocrx_word' id='word_1_111' title='bbox 1528 1601 1791 1647; x_wconf 82' lang='lat' dir='ltr'><strong>exercent</strong></span> 
     </span>
    </p>
   </div>
   <div class='ocr_carea' id='block_1_17' title="bbox 119 1682 1787 1756">
    <p class='ocr_par' dir='ltr' id='par_1_17' title="bbox 119 1682 1787 1756">
     <span class='ocr_line' id='line_1_17' title="bbox 119 1682 1787 1756; baseline 0.001 -19"><span class='ocrx_word' id='word_1_112' title='bbox 119 1682 370 1753; x_wconf 75' lang='lat' dir='ltr'><strong>ﬂagitia</strong></span> <span class='ocrx_word' id='word_1_113' title='bbox 414 1687 803 1756; x_wconf 88' lang='lat' dir='ltr'><strong>corrigantur;</strong></span> <span class='ocrx_word' id='word_1_114' title='bbox 845 1697 899 1740; x_wconf 89' lang='lat' dir='ltr'><strong>et</strong></span> <span class='ocrx_word' id='word_1_115' title='bbox 930 1685 1034 1740; x_wconf 89' lang='lat' dir='ltr'><strong>lide</strong></span> <span class='ocrx_word' id='word_1_116' title='bbox 1088 1695 1250 1756; x_wconf 85' lang='lat' dir='ltr'><strong>atque</strong></span> <span class='ocrx_word' id='word_1_117' title='bbox 1301 1700 1469 1754; x_wconf 85' lang='lat' dir='ltr'><strong>Opere</strong></span> <span class='ocrx_word' id='word_1_118' title='bbox 1516 1687 1787 1751; x_wconf 77' lang='lat' dir='ltr'><strong>conversi,</strong></span> 
     </span>
    </p>
   </div>
   <div class='ocr_carea' id='block_1_18' title="bbox 118 1778 1793 1852">
    <p class='ocr_par' dir='ltr' id='par_1_18' title="bbox 118 1778 1793 1852">
     <span class='ocr_line' id='line_1_18' title="bbox 118 1778 1793 1852; baseline 0.004 -21"><span class='ocrx_word' id='word_1_119' title='bbox 118 1778 442 1836; x_wconf 71' lang='lat' dir='ltr'><strong>doctrina:</strong></span> <span class='ocrx_word' id='word_1_120' title='bbox 477 1781 778 1836; x_wconf 88' lang='lat' dir='ltr'><strong>remedium</strong></span> <span class='ocrx_word' id='word_1_121' title='bbox 808 1782 1067 1835; x_wconf 79' lang='lat' dir='ltr'><strong>salutaris</strong></span> <span class='ocrx_word' id='word_1_122' title='bbox 1092 1781 1387 1852; x_wconf 87' lang='lat' dir='ltr'><strong>accipiant,</strong></span> <span class='ocrx_word' id='word_1_123' title='bbox 1415 1782 1793 1848; x_wconf 79' lang='lat' dir='ltr'><strong>ingrediantur</strong></span> 
     </span>
    </p>
   </div>
   <div class='ocr_carea' id='block_1_19' title="bbox 1890 558 2698 636">
    <p class='ocr_par' dir='ltr' id='par_1_19' title="bbox 1890 558 2698 636">
     <span class='ocr_line' id='line_1_19' title="bbox 1890 558 2698 636; baseline 0.012 -24"><span class='ocrx_word' id='word_1_124' title='bbox 1890 558 2212 628; x_wconf 79' lang='lat' dir='ltr'><strong>imputatum</strong></span> <span class='ocrx_word' id='word_1_125' title='bbox 2246 579 2367 619; x_wconf 78' lang='lat' dir='ltr'><strong>esse</strong></span> <span class='ocrx_word' id='word_1_126' title='bbox 2390 579 2698 636; x_wconf 85' lang='lat' dir='ltr'><strong>peccatum.</strong></span> 
     </span>
    </p>
   </div>
   <div class='ocr_carea' id='block_1_20' title="bbox 1961 649 3491 732">
    <p class='ocr_par' dir='ltr' id='par_1_20' title="bbox 1961 649 3491 732">
     <span class='ocr_line' id='line_1_20' title="bbox 1961 649 3491 732; baseline 0.012 -28"><span class='ocrx_word' id='word_1_127' title='bbox 1961 649 2048 705; x_wconf 84' lang='lat'><strong>79.</strong></span> <span class='ocrx_word' id='word_1_128' title='bbox 2085 651 2152 708; x_wconf 89' lang='lat' dir='ltr'><strong>Et</strong></span> <span class='ocrx_word' id='word_1_129' title='bbox 2176 656 2381 711; x_wconf 79' lang='lat' dir='ltr'><strong>addidit</strong></span> <span class='ocrx_word' id='word_1_130' title='bbox 2411 676 2424 711; x_wconf 92' lang='lat'><strong>:</strong></span> <span class='ocrx_word' id='word_1_131' title='bbox 2454 658 2614 715; x_wconf 85' lang='lat' dir='ltr'><strong>Labia</strong></span> <span class='ocrx_word' id='word_1_132' title='bbox 2641 678 2754 717; x_wconf 88' lang='lat' dir='ltr'><strong>mea</strong></span> <span class='ocrx_word' id='word_1_133' title='bbox 2775 664 3005 732; x_wconf 85' lang='lat' dir='ltr'><strong>aperies,</strong></span> <span class='ocrx_word' id='word_1_134' title='bbox 3038 676 3084 719; x_wconf 84' lang='lat' dir='ltr'><strong>et</strong></span> <span class='ocrx_word' id='word_1_135' title='bbox 3122 681 3178 720; x_wconf 88' lang='lat' dir='ltr'><strong>os</strong></span> <span class='ocrx_word' id='word_1_136' title='bbox 3195 681 3363 720; x_wconf 88' lang='lat' dir='ltr'><strong>meum</strong></span> <span class='ocrx_word' id='word_1_137' title='bbox 3392 684 3491 722; x_wconf 86' lang='lat' dir='ltr'><strong>an-</strong></span> 
     </span>
    </p>
   </div>
   <div class='ocr_carea' id='block_1_21' title="bbox 1889 749 3492 827">
    <p class='ocr_par' dir='ltr' id='par_1_21' title="bbox 1889 749 3492 827">
     <span class='ocr_line' id='line_1_21' title="bbox 1889 749 3492 827; baseline 0.011 -27"><span class='ocrx_word' id='word_1_138' title='bbox 1889 749 2144 800; x_wconf 80' lang='lat' dir='ltr'><strong>nuntiabit</strong></span> <span class='ocrx_word' id='word_1_139' title='bbox 2199 751 2403 804; x_wconf 86' lang='lat' dir='ltr'><strong>laudem</strong></span> <span class='ocrx_word' id='word_1_140' title='bbox 2442 764 2602 810; x_wconf 81' lang='lat' dir='ltr'><strong>luant.</strong></span> <span class='ocrx_word' id='word_1_141' title='bbox 2634 757 2706 810; x_wconf 74' lang='lat'><strong>03</strong></span> <span class='ocrx_word' id='word_1_142' title='bbox 2739 761 3039 827; x_wconf 84' lang='lat' dir='ltr'><strong>peccatoris</strong></span> <span class='ocrx_word' id='word_1_143' title='bbox 3089 760 3231 815; x_wconf 86' lang='lat' dir='ltr'><strong>Deus</strong></span> <span class='ocrx_word' id='word_1_144' title='bbox 3260 761 3492 827; x_wconf 88' lang='lat' dir='ltr'><strong>claudit,</strong></span> 
     </span>
    </p>
   </div>
   <div class='ocr_carea' id='block_1_22' title="bbox 1890 842 3498 926">
    <p class='ocr_par' dir='ltr' id='par_1_22' title="bbox 1890 842 3498 926">
     <span class='ocr_line' id='line_1_22' title="bbox 1890 842 3498 926; baseline 0.012 -31"><span class='ocrx_word' id='word_1_145' title='bbox 1890 856 1960 896; x_wconf 88' lang='lat' dir='ltr'><strong>ne</strong></span> <span class='ocrx_word' id='word_1_146' title='bbox 1992 842 2239 912; x_wconf 84' lang='lat' dir='ltr'><strong>loquatur</strong></span> <span class='ocrx_word' id='word_1_147' title='bbox 2272 845 2510 914; x_wconf 61' lang='lat' dir='ltr'><strong>justitias</strong></span> <span class='ocrx_word' id='word_1_148' title='bbox 2544 851 2635 906; x_wconf 90' lang='lat' dir='ltr'><strong>Dei</strong></span> <span class='ocrx_word' id='word_1_149' title='bbox 2663 869 2676 916; x_wconf 86' lang='lat'><strong>;</strong></span> <span class='ocrx_word' id='word_1_150' title='bbox 2705 852 2836 920; x_wconf 82' lang='lat' dir='ltr'><strong>justi</strong></span> <span class='ocrx_word' id='word_1_151' title='bbox 2889 854 3085 921; x_wconf 87' lang='lat' dir='ltr'><strong>aperit,</strong></span> <span class='ocrx_word' id='word_1_152' title='bbox 3135 863 3194 910; x_wconf 88' lang='lat' dir='ltr'><strong>ut</strong></span> <span class='ocrx_word' id='word_1_153' title='bbox 3222 857 3498 926; x_wconf 82' lang='lat' dir='ltr'><strong>loquatur.</strong></span> 
     </span>
    </p>
   </div>
   <div class='ocr_carea' id='block_1_23' title="bbox 1889 934 3494 1016">
    <p class='ocr_par' dir='ltr' id='par_1_23' title="bbox 1889 934 3494 1016">
     <span class='ocr_line' id='line_1_23' title="bbox 1889 934 3494 1016; baseline 0.011 -28"><span class='ocrx_word' id='word_1_154' title='bbox 1889 934 2054 998; x_wconf 81' lang='lat' dir='ltr'><strong>Cujus</strong></span> <span class='ocrx_word' id='word_1_155' title='bbox 2085 952 2215 1004; x_wconf 84' lang='lat' dir='ltr'><strong>ergo</strong></span> <span class='ocrx_word' id='word_1_156' title='bbox 2246 937 2384 992; x_wconf 85' lang='lat' dir='ltr'><strong>labia</strong></span> <span class='ocrx_word' id='word_1_157' title='bbox 2411 944 2609 1009; x_wconf 88' lang='lat' dir='ltr'><strong>aperit,</strong></span> <span class='ocrx_word' id='word_1_158' title='bbox 2659 944 2799 1000; x_wconf 90' lang='lat' dir='ltr'><strong>hunc</strong></span> <span class='ocrx_word' id='word_1_159' title='bbox 2829 949 3034 1016; x_wconf 80' lang='lat' dir='ltr'><strong>peceati</strong></span> <span class='ocrx_word' id='word_1_160' title='bbox 3063 949 3293 1004; x_wconf 83' lang='lat' dir='ltr'><strong>absolvit</strong></span> <span class='ocrx_word' id='word_1_161' title='bbox 3318 963 3494 1006; x_wconf 90' lang='lat' dir='ltr'><strong>reatu.</strong></span> 
     </span>
    </p>
   </div>
   <div class='ocr_carea' id='block_1_24' title="bbox 1891 1028 3501 1115">
    <p class='ocr_par' dir='ltr' id='par_1_24' title="bbox 1891 1028 3501 1115">
     <span class='ocr_line' id='line_1_24' title="bbox 1891 1028 3501 1115; baseline 0.011 -33"><span class='ocrx_word' id='word_1_162' title='bbox 1891 1028 2041 1082; x_wconf 82' lang='lat' dir='ltr'><strong>Illius</strong></span> <span class='ocrx_word' id='word_1_163' title='bbox 2062 1040 2241 1084; x_wconf 88' lang='lat' dir='ltr'><strong>autem</strong></span> <span class='ocrx_word' id='word_1_164' title='bbox 2273 1033 2447 1100; x_wconf 86' lang='lat' dir='ltr'><strong>aperit</strong></span> <span class='ocrx_word' id='word_1_165' title='bbox 2477 1035 2616 1090; x_wconf 88' lang='lat' dir='ltr'><strong>labia</strong></span> <span class='ocrx_word' id='word_1_166' title='bbox 2674 1039 2952 1100; x_wconf 68' lang='lat' dir='ltr'><strong>Durnium.</strong></span> <span class='ocrx_word' id='word_1_167' title='bbox 2998 1041 3158 1114; x_wconf 76' lang='lat'><strong>702</strong></span> <span class='ocrx_word' id='word_1_168' title='bbox 3183 1049 3269 1111; x_wconf 85' lang='lat' dir='ltr'><strong>qui</strong></span> <span class='ocrx_word' id='word_1_169' title='bbox 3302 1046 3501 1115; x_wconf 90' lang='lat' dir='ltr'><strong>accipit</strong></span> 
     </span>
    </p>
   </div>
   <div class='ocr_carea' id='block_1_25' title="bbox 1893 1120 3499 1205">
    <p class='ocr_par' dir='ltr' id='par_1_25' title="bbox 1893 1120 3499 1205">
     <span class='ocr_line' id='line_1_25' title="bbox 1893 1120 3499 1205; baseline 0.013 -33"><span class='ocrx_word' id='word_1_170' title='bbox 1893 1120 2119 1174; x_wconf 78' lang='lat' dir='ltr'><strong>verbum</strong></span> <span class='ocrx_word' id='word_1_171' title='bbox 2175 1122 2225 1175; x_wconf 90' lang='lat' dir='ltr'><strong>in</strong></span> <span class='ocrx_word' id='word_1_172' title='bbox 2281 1125 2706 1192; x_wconf 88' lang='lat' dir='ltr'><strong>apertioneoris</strong></span> <span class='ocrx_word' id='word_1_173' title='bbox 2735 1133 2838 1185; x_wconf 89' lang='lat' dir='ltr'><strong>sui.</strong></span> <span class='ocrx_word' id='word_1_174' title='bbox 2895 1131 3050 1187; x_wconf 87' lang='lat' dir='ltr'><strong>Unde</strong></span> <span class='ocrx_word' id='word_1_175' title='bbox 3104 1143 3161 1188; x_wconf 86' lang='lat' dir='ltr'><strong>et</strong></span> <span class='ocrx_word' id='word_1_176' title='bbox 3205 1138 3499 1205; x_wconf 74' lang='lat' dir='ltr'><strong>Apostolus</strong></span> 
     </span>
    </p>
   </div>
   <div class='ocr_carea' id='block_1_26' title="bbox 1892 1212 3501 1295">
    <p class='ocr_par' dir='ltr' id='par_1_26' title="bbox 1892 1212 3501 1295">
     <span class='ocr_line' id='line_1_26' title="bbox 1892 1212 3501 1295; baseline 0.013 -32"><span class='ocrx_word' id='word_1_177' title='bbox 1892 1212 2025 1280; x_wconf 88' lang='lat' dir='ltr'><strong>petit</strong></span> <span class='ocrx_word' id='word_1_178' title='bbox 2051 1229 2110 1266; x_wconf 77' lang='lat' dir='ltr'><strong>se</strong></span> <span class='ocrx_word' id='word_1_179' title='bbox 2135 1214 2377 1282; x_wconf 87' lang='lat' dir='ltr'><strong>adjuvari</strong></span> <span class='ocrx_word' id='word_1_180' title='bbox 2408 1219 2746 1276; x_wconf 85' lang='lat' dir='ltr'><strong>orationibus</strong></span> <span class='ocrx_word' id='word_1_181' title='bbox 2775 1225 2968 1292; x_wconf 84' lang='lat' dir='ltr'><strong>plebis,</strong></span> <span class='ocrx_word' id='word_1_182' title='bbox 3005 1237 3061 1280; x_wconf 93' lang='lat' dir='ltr'><strong>ut</strong></span> <span class='ocrx_word' id='word_1_183' title='bbox 3089 1231 3369 1295; x_wconf 70' lang='lat' dir='ltr'><strong>aperiatur</strong></span> <span class='ocrx_word' id='word_1_184' title='bbox 3395 1230 3501 1284; x_wconf 91' lang='lat' dir='ltr'><strong>sibi</strong></span> 
     </span>
    </p>
   </div>
   <div class='ocr_carea' id='block_1_27' title="bbox 1892 1305 3502 1397">
    <p class='ocr_par' dir='ltr' id='par_1_27' title="bbox 1892 1305 3502 1397">
     <span class='ocr_line' id='line_1_27' title="bbox 1892 1305 3502 1397; baseline 0.013 -39"><span class='ocrx_word' id='word_1_185' title='bbox 1892 1305 2092 1359; x_wconf 85' lang='lat' dir='ltr'><strong>ostium</strong></span> <span class='ocrx_word' id='word_1_186' title='bbox 2143 1308 2293 1362; x_wconf 84' lang='lat' dir='ltr'><strong>verbi</strong></span> <span class='ocrx_word' id='word_1_187' title='bbox 2345 1310 2411 1365; x_wconf 87' lang='lat' dir='ltr'><strong>ad</strong></span> <span class='ocrx_word' id='word_1_188' title='bbox 2447 1313 2770 1382; x_wconf 83' lang='lat' dir='ltr'><strong>loquendum</strong></span> <span class='ocrx_word' id='word_1_189' title='bbox 2809 1321 3124 1389; x_wconf 86' lang='lat' dir='ltr'><strong>mysterium</strong></span> <span class='ocrx_word' id='word_1_190' title='bbox 3155 1321 3502 1397; x_wconf 78' lang='lat' dir='ltr'><strong>Chiisti(Co-</strong></span> 
     </span>
    </p>
   </div>
   <div class='ocr_carea' id='block_1_28' title="bbox 1894 1400 3496 1486">
    <p class='ocr_par' dir='ltr' id='par_1_28' title="bbox 1894 1400 3496 1486">
     <span class='ocr_line' id='line_1_28' title="bbox 1894 1400 3496 1486; baseline 0.013 -34"><span class='ocrx_word' id='word_1_191' title='bbox 1894 1400 1991 1452; x_wconf 84' lang='lat' dir='ltr'><strong>los.</strong></span> <span class='ocrx_word' id='word_1_192' title='bbox 2024 1415 2096 1465; x_wconf 88' lang='lat' dir='ltr'><strong>tv,</strong></span> <span class='ocrx_word' id='word_1_193' title='bbox 2115 1401 2189 1469; x_wconf 78' lang='grc' dir='ltr'><strong>Ξ).</strong></span> <span class='ocrx_word' id='word_1_194' title='bbox 2224 1401 2484 1472; x_wconf 79' lang='lat' dir='ltr'><strong>Linguam</strong></span> <span class='ocrx_word' id='word_1_195' title='bbox 2505 1422 2635 1462; x_wconf 77' lang='lat' dir='ltr'><strong>Vero</strong></span> <span class='ocrx_word' id='word_1_196' title='bbox 2653 1425 2745 1474; x_wconf 86' lang='lat' dir='ltr'><strong>pro</strong></span> <span class='ocrx_word' id='word_1_197' title='bbox 2768 1427 3022 1468; x_wconf 81' lang='lat' dir='ltr'><strong>sermone</strong></span> <span class='ocrx_word' id='word_1_198' title='bbox 3040 1416 3340 1484; x_wconf 83' lang='lat' dir='ltr'><strong>accipimus</strong></span> <span class='ocrx_word' id='word_1_199' title='bbox 3356 1419 3496 1486; x_wconf 84' lang='lat' dir='ltr'><strong>ejus,</strong></span> 
     </span>
    </p>
   </div>
   <div class='ocr_carea' id='block_1_29' title="bbox 1894 1493 3497 1566">
    <p class='ocr_par' dir='ltr' id='par_1_29' title="bbox 1894 1493 3497 1566">
     <span class='ocr_line' id='line_1_29' title="bbox 1894 1493 3497 1566; baseline 0.012 -22"><span class='ocrx_word' id='word_1_200' title='bbox 1894 1493 1983 1562; x_wconf 91' lang='lat' dir='ltr'><strong>qui</strong></span> <span class='ocrx_word' id='word_1_201' title='bbox 2014 1498 2249 1549; x_wconf 82' lang='lat' dir='ltr'><strong>exsultat</strong></span> <span class='ocrx_word' id='word_1_202' title='bbox 2282 1498 2334 1552; x_wconf 90' lang='lat' dir='ltr'><strong>in</strong></span> <span class='ocrx_word' id='word_1_203' title='bbox 2384 1499 2473 1553; x_wconf 89' lang='lat' dir='ltr'><strong>Dei</strong></span> <span class='ocrx_word' id='word_1_204' title='bbox 2502 1500 2772 1558; x_wconf 89' lang='lat' dir='ltr'><strong>laudibus.</strong></span> <span class='ocrx_word' id='word_1_205' title='bbox 2805 1505 2961 1562; x_wconf 84' lang='lat' dir='ltr'><strong>Unde</strong></span> <span class='ocrx_word' id='word_1_206' title='bbox 2990 1520 3040 1563; x_wconf 88' lang='lat' dir='ltr'><strong>et</strong></span> <span class='ocrx_word' id='word_1_207' title='bbox 3079 1510 3208 1564; x_wconf 89' lang='lat' dir='ltr'><strong>illud</strong></span> <span class='ocrx_word' id='word_1_208' title='bbox 3245 1512 3320 1565; x_wconf 70' lang='lat' dir='ltr'><strong>sic</strong></span> <span class='ocrx_word' id='word_1_209' title='bbox 3349 1513 3497 1566; x_wconf 65' lang='lat' dir='ltr'><strong>ami-</strong></span> 
     </span>
    </p>
   </div>
   <div class='ocr_carea' id='block_1_30' title="bbox 1896 1585 3502 1662">
    <p class='ocr_par' dir='ltr' id='par_1_30' title="bbox 1896 1585 3502 1662">
     <span class='ocr_line' id='line_1_30' title="bbox 1896 1585 3502 1662; baseline 0.015 -24"><span class='ocrx_word' id='word_1_210' title='bbox 1896 1597 2074 1640; x_wconf 88' lang='lat' dir='ltr'><strong>matur</strong></span> <span class='ocrx_word' id='word_1_211' title='bbox 2100 1607 2110 1638; x_wconf 90' lang='lat'><strong>:</strong></span> <span class='ocrx_word' id='word_1_212' title='bbox 2137 1585 2342 1660; x_wconf 84' lang='lat' dir='ltr'><strong>Lingua</strong></span> <span class='ocrx_word' id='word_1_213' title='bbox 2372 1609 2482 1647; x_wconf 86' lang='lat' dir='ltr'><strong>mea</strong></span> <span class='ocrx_word' id='word_1_214' title='bbox 2505 1597 2733 1652; x_wconf 86' lang='lat' dir='ltr'><strong>calamus</strong></span> <span class='ocrx_word' id='word_1_215' title='bbox 2762 1601 2944 1655; x_wconf 74' lang='lat' dir='ltr'><strong>scriba:</strong></span> <span class='ocrx_word' id='word_1_216' title='bbox 2975 1605 3211 1659; x_wconf 79' lang='lat' dir='ltr'><strong>velociter</strong></span> <span class='ocrx_word' id='word_1_217' title='bbox 3233 1607 3502 1662; x_wconf 82' lang='lat' dir='ltr'><strong>scribentis</strong></span> 
     </span>
    </p>
   </div>
   <div class='ocr_carea' id='block_1_31' title="bbox 1899 1679 3176 1767">
    <p class='ocr_par' dir='ltr' id='par_1_31' title="bbox 1899 1679 3176 1767">
     <span class='ocr_line' id='line_1_31' title="bbox 1899 1679 3176 1767; baseline 0.02 -36"><span class='ocrx_word' id='word_1_218' title='bbox 1899 1679 2076 1750; x_wconf 84' lang='lat' dir='ltr'><strong>(Psal.</strong></span> <span class='ocrx_word' id='word_1_219' title='bbox 2109 1699 2256 1750; x_wconf 79' lang='lat' dir='ltr'><strong>xmv,</strong></span> <span class='ocrx_word' id='word_1_220' title='bbox 2288 1685 2370 1758; x_wconf 69' lang='lat'><strong>‘2),</strong></span> <span class='ocrx_word' id='word_1_221' title='bbox 2399 1705 2581 1744; x_wconf 84' lang='lat' dir='ltr'><strong>sermo</strong></span> <span class='ocrx_word' id='word_1_222' title='bbox 2613 1693 2821 1748; x_wconf 84' lang='lat' dir='ltr'><strong>infusus</strong></span> <span class='ocrx_word' id='word_1_223' title='bbox 2867 1696 3176 1767; x_wconf 75' lang='lat' dir='ltr'><strong>Prophelze.</strong></span> 
     </span>
    </p>
   </div>
   <div class='ocr_carea' id='block_1_32' title="bbox 1967 1774 3501 1867">
    <p class='ocr_par' dir='ltr' id='par_1_32' title="bbox 1967 1774 3501 1867">
     <span class='ocr_line' id='line_1_32' title="bbox 1967 1774 3501 1867; baseline 0.016 -38"><span class='ocrx_word' id='word_1_224' title='bbox 1967 1774 2058 1830; x_wconf 88' lang='lat'><strong>80.</strong></span> <span class='ocrx_word' id='word_1_225' title='bbox 2101 1775 2255 1843; x_wconf 88' lang='lat' dir='ltr'><strong>Quod</strong></span> <span class='ocrx_word' id='word_1_226' title='bbox 2289 1783 2332 1833; x_wconf 86' lang='lat' dir='ltr'><strong>si</strong></span> <span class='ocrx_word' id='word_1_227' title='bbox 2359 1796 2423 1836; x_wconf 78' lang='lat' dir='ltr'><strong>ex</strong></span> <span class='ocrx_word' id='word_1_228' title='bbox 2448 1797 2678 1852; x_wconf 79' lang='lat' dir='ltr'><strong>persima</strong></span> <span class='ocrx_word' id='word_1_229' title='bbox 2703 1786 2901 1843; x_wconf 89' lang='lat' dir='ltr'><strong>Christi</strong></span> <span class='ocrx_word' id='word_1_230' title='bbox 2947 1791 3147 1846; x_wconf 86' lang='lat' dir='ltr'><strong>dictum</strong></span> <span class='ocrx_word' id='word_1_231' title='bbox 3181 1797 3501 1867; x_wconf 72' lang='lat' dir='ltr'><strong>accipimus,</strong></span> 
     </span>
    </p>
   </div>
   <div class='ocr_carea' id='block_1_33' title="bbox 123 1867 3504 1958">
    <p class='ocr_par' dir='ltr' id='par_1_33' title="bbox 123 1867 3504 1958">
     <span class='ocr_line' id='line_1_33' title="bbox 123 1867 3504 1958; baseline 0.011 -47"><span class='ocrx_word' id='word_1_232' title='bbox 123 1870 376 1926; x_wconf 68' lang='lat' dir='ltr'><strong>Domini</strong></span> <span class='ocrx_word' id='word_1_233' title='bbox 445 1874 599 1940; x_wconf 57' lang='lat' dir='ltr'><strong>vias,</strong></span> <span class='ocrx_word' id='word_1_234' title='bbox 650 1879 704 1928; x_wconf 71' lang='lat' dir='ltr'><strong>in</strong></span> <span class='ocrx_word' id='word_1_235' title='bbox 755 1875 951 1946; x_wconf 66' lang='lat' dir='ltr'><strong>quibus</strong></span> <span class='ocrx_word' id='word_1_236' title='bbox 995 1876 1173 1929; x_wconf 68' lang='lat' dir='ltr'><strong>nullos</strong></span> <span class='ocrx_word' id='word_1_237' title='bbox 1235 1875 1440 1930; x_wconf 66' lang='lat' dir='ltr'><strong>erroris</strong></span> <span class='ocrx_word' id='word_1_238' title='bbox 1479 1876 1784 1942; x_wconf 62' lang='grc' dir='ltr'><strong>τιηττηοιυς,</strong></span> <span class='ocrx_word' id='word_1_239' title='bbox 1827 1867 2021 1939; x_wconf 78' lang='lat' dir='ltr'><strong>Bvide</strong></span> <span class='ocrx_word' id='word_1_240' title='bbox 2053 1885 2119 1922; x_wconf 88' lang='lat' dir='ltr'><strong>ne</strong></span> <span class='ocrx_word' id='word_1_241' title='bbox 2149 1872 2325 1927; x_wconf 85' lang='lat' dir='ltr'><strong>scriba</strong></span> <span class='ocrx_word' id='word_1_242' title='bbox 2379 1875 2448 1928; x_wconf 89' lang='lat' dir='ltr'><strong>sit</strong></span> <span class='ocrx_word' id='word_1_243' title='bbox 2479 1877 2738 1934; x_wconf 75' lang='lat' dir='ltr'><strong>velociter</strong></span> <span class='ocrx_word' id='word_1_244' title='bbox 2787 1885 3030 1939; x_wconf 75' lang='lat' dir='ltr'><strong>scribens</strong></span> <span class='ocrx_word' id='word_1_245' title='bbox 3085 1885 3322 1944; x_wconf 79' lang='lat' dir='ltr'><strong>Verbum</strong></span> <span class='ocrx_word' id='word_1_246' title='bbox 3372 1890 3504 1958; x_wconf 87' lang='lat' dir='ltr'><strong>Dei,</strong></span> 
     </span>
    </p>
   </div>
   <div class='ocr_carea' id='block_1_34' title="bbox 123 1967 1783 2040">
    <p class='ocr_par' dir='ltr' id='par_1_34' title="bbox 123 1967 1783 2040">
     <span class='ocr_line' id='line_1_34' title="bbox 123 1967 1783 2040; baseline 0.002 -21"><span class='ocrx_word' id='word_1_247' title='bbox 123 1967 294 2021; x_wconf 84' lang='lat' dir='ltr'><strong>nulla</strong></span> <span class='ocrx_word' id='word_1_248' title='bbox 333 1967 674 2023; x_wconf 88' lang='lat' dir='ltr'><strong>diverticula</strong></span> <span class='ocrx_word' id='word_1_249' title='bbox 726 1969 1018 2039; x_wconf 80' lang='lat' dir='ltr'><strong>praecipitis</strong></span> <span class='ocrx_word' id='word_1_250' title='bbox 1069 1969 1430 2040; x_wconf 88' lang='lat' dir='ltr'><strong>prolapsiouis</strong></span> <span class='ocrx_word' id='word_1_251' title='bbox 1481 1968 1783 2024; x_wconf 67' lang='lat' dir='ltr'><strong>offendant.</strong></span> 
     </span>
    </p>
   </div>
   <div class='ocr_carea' id='block_1_35' title="bbox 122 2057 1788 2130">
    <p class='ocr_par' dir='ltr' id='par_1_35' title="bbox 122 2057 1788 2130">
     <span class='ocr_line' id='line_1_35' title="bbox 122 2057 1788 2130; baseline 0.004 -18"><span class='ocrx_word' id='word_1_252' title='bbox 122 2057 302 2114; x_wconf 84' lang='lat' dir='ltr'><strong>Sicut</strong></span> <span class='ocrx_word' id='word_1_253' title='bbox 339 2062 504 2115; x_wconf 90' lang='lat' dir='ltr'><strong>enim</strong></span> <span class='ocrx_word' id='word_1_254' title='bbox 551 2060 706 2115; x_wconf 79' lang='lat' dir='ltr'><strong>bonae</strong></span> <span class='ocrx_word' id='word_1_255' title='bbox 755 2060 881 2115; x_wconf 72' lang='lat' dir='ltr'><strong>vitae</strong></span> <span class='ocrx_word' id='word_1_256' title='bbox 912 2064 1213 2130; x_wconf 83' lang='lat' dir='ltr'><strong>Specimen,</strong></span> <span class='ocrx_word' id='word_1_257' title='bbox 1268 2071 1323 2116; x_wconf 90' lang='lat' dir='ltr'><strong>et</strong></span> <span class='ocrx_word' id='word_1_258' title='bbox 1353 2063 1568 2118; x_wconf 86' lang='lat' dir='ltr'><strong>virtutis</strong></span> <span class='ocrx_word' id='word_1_259' title='bbox 1603 2079 1788 2118; x_wconf 85' lang='lat' dir='ltr'><strong>exem-</strong></span> 
     </span>
    </p>
   </div>
   <div class='ocr_carea' id='block_1_36' title="bbox 131 2150 1786 2225">
    <p class='ocr_par' dir='ltr' id='par_1_36' title="bbox 131 2150 1786 2225">
     <span class='ocr_line' id='line_1_36' title="bbox 131 2150 1786 2225; baseline 0.004 -20"><span class='ocrx_word' id='word_1_260' title='bbox 131 2151 265 2220; x_wconf 85' lang='lat' dir='ltr'><strong>plar</strong></span> <span class='ocrx_word' id='word_1_261' title='bbox 301 2150 363 2204; x_wconf 90' lang='lat' dir='ltr'><strong>in</strong></span> <span class='ocrx_word' id='word_1_262' title='bbox 400 2150 476 2206; x_wconf 88' lang='lat' dir='ltr'><strong>iis</strong></span> <span class='ocrx_word' id='word_1_263' title='bbox 499 2152 629 2206; x_wconf 87' lang='lat' dir='ltr'><strong>viris</strong></span> <span class='ocrx_word' id='word_1_264' title='bbox 657 2161 762 2219; x_wconf 75' lang='lat' dir='ltr'><strong>est,</strong></span> <span class='ocrx_word' id='word_1_265' title='bbox 815 2153 906 2223; x_wconf 87' lang='lat' dir='ltr'><strong>qui</strong></span> <span class='ocrx_word' id='word_1_266' title='bbox 941 2153 1204 2209; x_wconf 77' lang='lat' dir='ltr'><strong>iuuﬂ&#39;ensa</strong></span> <span class='ocrx_word' id='word_1_267' title='bbox 1243 2156 1365 2209; x_wconf 80' lang='lat' dir='ltr'><strong>vita:</strong></span> <span class='ocrx_word' id='word_1_268' title='bbox 1393 2170 1506 2209; x_wconf 65' lang='lat' dir='ltr'><strong>suae</strong></span> <span class='ocrx_word' id='word_1_269' title='bbox 1539 2165 1786 2225; x_wconf 84' lang='lat' dir='ltr'><strong>tempora</strong></span> 
     </span>
    </p>
   </div>
   <div class='ocr_carea' id='block_1_37' title="bbox 133 2244 1784 2318">
    <p class='ocr_par' dir='ltr' id='par_1_37' title="bbox 133 2244 1784 2318">
     <span class='ocr_line' id='line_1_37' title="bbox 133 2244 1784 2318; baseline 0.004 -21"><span class='ocrx_word' id='word_1_270' title='bbox 133 2244 592 2312; x_wconf 86' lang='lat' dir='ltr'><strong>percurrerint:</strong></span> <span class='ocrx_word' id='word_1_271' title='bbox 624 2245 697 2299; x_wconf 87' lang='lat' dir='ltr'><strong>ita</strong></span> <span class='ocrx_word' id='word_1_272' title='bbox 730 2245 818 2315; x_wconf 89' lang='lat' dir='ltr'><strong>qui</strong></span> <span class='ocrx_word' id='word_1_273' title='bbox 849 2246 1115 2300; x_wconf 84' lang='lat' dir='ltr'><strong>anteactis</strong></span> <span class='ocrx_word' id='word_1_274' title='bbox 1146 2247 1525 2302; x_wconf 90' lang='lat' dir='ltr'><strong>renuntiantes</strong></span> <span class='ocrx_word' id='word_1_275' title='bbox 1542 2247 1784 2318; x_wconf 76' lang='lat' dir='ltr'><strong>ﬂagitiis,</strong></span> 
     </span>
    </p>
   </div>
   <div class='ocr_carea' id='block_1_38' title="bbox 139 2335 1787 2397">
    <p class='ocr_par' dir='ltr' id='par_1_38' title="bbox 139 2335 1787 2397">
     <span class='ocr_line' id='line_1_38' title="bbox 139 2335 1787 2397; baseline 0.007 -11"><span class='ocrx_word' id='word_1_276' title='bbox 139 2335 232 2389; x_wconf 88' lang='lat' dir='ltr'><strong>vel</strong></span> <span class='ocrx_word' id='word_1_277' title='bbox 297 2335 720 2392; x_wconf 88' lang='lat' dir='ltr'><strong>incrudelitatis</strong></span> <span class='ocrx_word' id='word_1_278' title='bbox 770 2341 1072 2396; x_wconf 82' lang='lat' dir='ltr'><strong>erroribus.</strong></span> <span class='ocrx_word' id='word_1_279' title='bbox 1107 2341 1518 2395; x_wconf 89' lang='lat' dir='ltr'><strong>emendaveriut</strong></span> <span class='ocrx_word' id='word_1_280' title='bbox 1566 2357 1787 2397; x_wconf 89' lang='lat' dir='ltr'><strong>cursum</strong></span> 
     </span>
    </p>
   </div>
   <div class='ocr_carea' id='block_1_39' title="bbox 137 2429 1784 2505">
    <p class='ocr_par' dir='ltr' id='par_1_39' title="bbox 137 2429 1784 2505">
     <span class='ocr_line' id='line_1_39' title="bbox 137 2429 1784 2505; baseline 0.005 -24"><span class='ocrx_word' id='word_1_281' title='bbox 137 2429 500 2496; x_wconf 89' lang='lat' dir='ltr'><strong>posterioris</strong></span> <span class='ocrx_word' id='word_1_282' title='bbox 535 2431 730 2495; x_wconf 74' lang='lat' dir='ltr'><strong>mlatis,</strong></span> <span class='ocrx_word' id='word_1_283' title='bbox 766 2431 849 2486; x_wconf 89' lang='lat' dir='ltr'><strong>his</strong></span> <span class='ocrx_word' id='word_1_284' title='bbox 876 2434 941 2485; x_wconf 88' lang='lat' dir='ltr'><strong>ad</strong></span> <span class='ocrx_word' id='word_1_285' title='bbox 977 2433 1298 2487; x_wconf 87' lang='lat' dir='ltr'><strong>imitandum</strong></span> <span class='ocrx_word' id='word_1_286' title='bbox 1342 2435 1604 2505; x_wconf 87' lang='lat' dir='ltr'><strong>propositi</strong></span> <span class='ocrx_word' id='word_1_287' title='bbox 1637 2445 1784 2503; x_wconf 87' lang='lat' dir='ltr'><strong>sunt,</strong></span> 
     </span>
    </p>
   </div>
   <div class='ocr_carea' id='block_1_40' title="bbox 137 2523 1346 2594">
    <p class='ocr_par' dir='ltr' id='par_1_40' title="bbox 137 2523 1346 2594">
     <span class='ocr_line' id='line_1_40' title="bbox 137 2523 1346 2594; baseline 0.008 -20"><span class='ocrx_word' id='word_1_288' title='bbox 137 2523 240 2592; x_wconf 88' lang='lat' dir='ltr'><strong>qui</strong></span> <span class='ocrx_word' id='word_1_289' title='bbox 277 2525 370 2578; x_wconf 87' lang='lat' dir='ltr'><strong>vel</strong></span> <span class='ocrx_word' id='word_1_290' title='bbox 399 2539 572 2594; x_wconf 91' lang='lat' dir='ltr'><strong>opere</strong></span> <span class='ocrx_word' id='word_1_291' title='bbox 601 2526 686 2580; x_wconf 86' lang='lat' dir='ltr'><strong>vel</strong></span> <span class='ocrx_word' id='word_1_292' title='bbox 715 2527 1047 2594; x_wconf 79' lang='lat' dir='ltr'><strong>cogitatimie</strong></span> <span class='ocrx_word' id='word_1_293' title='bbox 1075 2529 1346 2584; x_wconf 89' lang='lat' dir='ltr'><strong>labuntur.</strong></span> 
     </span>
    </p>
   </div>
   <div class='ocr_carea' id='block_1_41' title="bbox 223 2618 1784 2697">
    <p class='ocr_par' dir='ltr' id='par_1_41' title="bbox 223 2618 1784 2697">
     <span class='ocr_line' id='line_1_41' title="bbox 223 2618 1784 2697; baseline 0.005 -25"><span class='ocrx_word' id='word_1_294' title='bbox 223 2618 328 2672; x_wconf 90' lang='lat'><strong>77.</strong></span> <span class='ocrx_word' id='word_1_295' title='bbox 381 2618 650 2689; x_wconf 84' lang='lat' dir='ltr'><strong>Sequitur</strong></span> <span class='ocrx_word' id='word_1_296' title='bbox 690 2620 927 2676; x_wconf 87' lang='lat' dir='ltr'><strong>:Libera</strong></span> <span class='ocrx_word' id='word_1_297' title='bbox 975 2639 1055 2676; x_wconf 86' lang='lat' dir='ltr'><strong>me</strong></span> <span class='ocrx_word' id='word_1_298' title='bbox 1107 2623 1170 2676; x_wconf 88' lang='lat' dir='ltr'><strong>de</strong></span> <span class='ocrx_word' id='word_1_299' title='bbox 1221 2624 1587 2697; x_wconf 82' lang='lat' dir='ltr'><strong>sanguinibus,</strong></span> <span class='ocrx_word' id='word_1_300' title='bbox 1619 2623 1784 2691; x_wconf 85' lang='lat' dir='ltr'><strong>Deus,</strong></span> 
     </span>
    </p>
   </div>
   <div class='ocr_carea' id='block_1_42' title="bbox 145 2710 1786 2788">
    <p class='ocr_par' dir='ltr' id='par_1_42' title="bbox 145 2710 1786 2788">
     <span class='ocr_line' id='line_1_42' title="bbox 145 2710 1786 2788; baseline 0.005 -22"><span class='ocrx_word' id='word_1_301' title='bbox 145 2710 309 2766; x_wconf 84' lang='lat' dir='ltr'><strong>Deus</strong></span> <span class='ocrx_word' id='word_1_302' title='bbox 339 2714 534 2768; x_wconf 83' lang='lat' dir='ltr'><strong>salutis</strong></span> <span class='ocrx_word' id='word_1_303' title='bbox 577 2730 702 2768; x_wconf 71' lang='lat' dir='ltr'><strong>mea:</strong></span> <span class='ocrx_word' id='word_1_304' title='bbox 734 2714 906 2787; x_wconf 84' lang='lat' dir='ltr'><strong>(Psal.</strong></span> <span class='ocrx_word' id='word_1_305' title='bbox 948 2733 997 2780; x_wconf 83' lang='lat' dir='ltr'><strong>L,</strong></span> <span class='ocrx_word' id='word_1_306' title='bbox 1036 2715 1148 2788; x_wconf 80' lang='grc'><strong>16).</strong></span> <span class='ocrx_word' id='word_1_307' title='bbox 1184 2718 1249 2770; x_wconf 84' lang='lat' dir='ltr'><strong>Et</strong></span> <span class='ocrx_word' id='word_1_308' title='bbox 1275 2720 1340 2771; x_wconf 89' lang='lat' dir='ltr'><strong>ad</strong></span> <span class='ocrx_word' id='word_1_309' title='bbox 1373 2717 1514 2773; x_wconf 69' lang='lat' dir='ltr'><strong>Uria-2</strong></span> <span class='ocrx_word' id='word_1_310' title='bbox 1559 2730 1786 2774; x_wconf 85' lang='lat' dir='ltr'><strong>mortem</strong></span> 
     </span>
    </p>
   </div>
   <div class='ocr_carea' id='block_1_43' title="bbox 146 2805 1787 2879">
    <p class='ocr_par' dir='ltr' id='par_1_43' title="bbox 146 2805 1787 2879">
     <span class='ocr_line' id='line_1_43' title="bbox 146 2805 1787 2879; baseline 0.004 -19"><span class='ocrx_word' id='word_1_311' title='bbox 146 2814 352 2875; x_wconf 87' lang='lat' dir='ltr'><strong>potest</strong></span> <span class='ocrx_word' id='word_1_312' title='bbox 390 2805 622 2872; x_wconf 82' lang='lat' dir='ltr'><strong>referri,</strong></span> <span class='ocrx_word' id='word_1_313' title='bbox 679 2807 820 2876; x_wconf 91' lang='lat' dir='ltr'><strong>quod</strong></span> <span class='ocrx_word' id='word_1_314' title='bbox 849 2807 1118 2862; x_wconf 76' lang='lat' dir='ltr'><strong>mandatae</strong></span> <span class='ocrx_word' id='word_1_315' title='bbox 1147 2810 1296 2864; x_wconf 89' lang='lat' dir='ltr'><strong>necis</strong></span> <span class='ocrx_word' id='word_1_316' title='bbox 1343 2809 1460 2879; x_wconf 89' lang='lat' dir='ltr'><strong>ejus</strong></span> <span class='ocrx_word' id='word_1_317' title='bbox 1499 2811 1787 2879; x_wconf 89' lang='lat' dir='ltr'><strong>conscius,</strong></span> 
     </span>
    </p>
   </div>
   <div class='ocr_carea' id='block_1_44' title="bbox 149 2900 1791 2977">
    <p class='ocr_par' dir='ltr' id='par_1_44' title="bbox 149 2900 1791 2977">
     <span class='ocr_line' id='line_1_44' title="bbox 149 2900 1791 2977; baseline 0.005 -22"><span class='ocrx_word' id='word_1_318' title='bbox 149 2900 390 2957; x_wconf 87' lang='lat' dir='ltr'><strong>veniam</strong></span> <span class='ocrx_word' id='word_1_319' title='bbox 426 2902 558 2956; x_wconf 87' lang='lat' dir='ltr'><strong>tanti</strong></span> <span class='ocrx_word' id='word_1_320' title='bbox 586 2911 768 2969; x_wconf 63' lang='lat' dir='ltr'><strong>postrat</strong></span> <span class='ocrx_word' id='word_1_321' title='bbox 797 2904 1046 2966; x_wconf 87' lang='lat' dir='ltr'><strong>admissi,</strong></span> <span class='ocrx_word' id='word_1_322' title='bbox 1097 2911 1152 2959; x_wconf 88' lang='lat' dir='ltr'><strong>et</strong></span> <span class='ocrx_word' id='word_1_323' title='bbox 1181 2906 1428 2974; x_wconf 88' lang='lat' dir='ltr'><strong>quamvis</strong></span> <span class='ocrx_word' id='word_1_324' title='bbox 1457 2922 1550 2961; x_wconf 79' lang='lat' dir='ltr'><strong>rex</strong></span> <span class='ocrx_word' id='word_1_325' title='bbox 1575 2907 1791 2977; x_wconf 85' lang='lat' dir='ltr'><strong>legibus</strong></span> 
     </span>
    </p>
   </div>
   <div class='ocr_carea' id='block_1_45' title="bbox 150 2997 1791 3072">
    <p class='ocr_par' dir='ltr' id='par_1_45' title="bbox 150 2997 1791 3072">
     <span class='ocr_line' id='line_1_45' title="bbox 150 2997 1791 3072; baseline 0.002 -20"><span class='ocrx_word' id='word_1_326' title='bbox 150 2997 487 3062; x_wconf 78' lang='lat' dir='ltr'><strong>abSolutus,</strong></span> <span class='ocrx_word' id='word_1_327' title='bbox 539 3012 651 3052; x_wconf 72' lang='lat' dir='ltr'><strong>sum</strong></span> <span class='ocrx_word' id='word_1_328' title='bbox 683 3009 860 3053; x_wconf 90' lang='lat' dir='ltr'><strong>tamen</strong></span> <span class='ocrx_word' id='word_1_329' title='bbox 897 3015 1022 3053; x_wconf 88' lang='lat' dir='ltr'><strong>reus</strong></span> <span class='ocrx_word' id='word_1_330' title='bbox 1047 2999 1116 3054; x_wconf 90' lang='lat' dir='ltr'><strong>sit</strong></span> <span class='ocrx_word' id='word_1_331' title='bbox 1173 3001 1562 3066; x_wconf 70' lang='lat' dir='ltr'><strong>conscientim;</strong></span> <span class='ocrx_word' id='word_1_332' title='bbox 1596 3002 1791 3072; x_wconf 88' lang='lat' dir='ltr'><strong>quibus</strong></span> 
     </span>
    </p>
   </div>
   <div class='ocr_carea' id='block_1_46' title="bbox 154 3090 1792 3161">
    <p class='ocr_par' dir='ltr' id='par_1_46' title="bbox 154 3090 1792 3161">
     <span class='ocr_line' id='line_1_46' title="bbox 154 3090 1792 3161; baseline 0.003 -17"><span class='ocrx_word' id='word_1_333' title='bbox 154 3090 417 3145; x_wconf 83' lang='lat' dir='ltr'><strong>vinculis</strong></span> <span class='ocrx_word' id='word_1_334' title='bbox 441 3104 500 3145; x_wconf 93' lang='lat' dir='ltr'><strong>se</strong></span> <span class='ocrx_word' id='word_1_335' title='bbox 517 3090 740 3145; x_wconf 84' lang='lat' dir='ltr'><strong>enodari</strong></span> <span class='ocrx_word' id='word_1_336' title='bbox 765 3090 1103 3153; x_wconf 88' lang='lat' dir='ltr'><strong>desiderans,</strong></span> <span class='ocrx_word' id='word_1_337' title='bbox 1133 3091 1374 3146; x_wconf 75' lang='lat' dir='ltr'><strong>divinum</strong></span> <span class='ocrx_word' id='word_1_338' title='bbox 1404 3092 1504 3146; x_wconf 92' lang='lat' dir='ltr'><strong>sibi</strong></span> <span class='ocrx_word' id='word_1_339' title='bbox 1541 3103 1792 3161; x_wconf 84' lang='lat' dir='ltr'><strong>precatur</strong></span> 
     </span>
    </p>
   </div>
   <div class='ocr_carea' id='block_1_47' title="bbox 158 3183 1794 3254">
    <p class='ocr_par' dir='ltr' id='par_1_47' title="bbox 158 3183 1794 3254">
     <span class='ocr_line' id='line_1_47' title="bbox 158 3183 1794 3254; baseline 0.003 -17"><span class='ocrx_word' id='word_1_340' title='bbox 158 3183 471 3248; x_wconf 70' lang='lat' dir='ltr'><strong>auxilium,</strong></span> <span class='ocrx_word' id='word_1_341' title='bbox 504 3193 564 3238; x_wconf 90' lang='lat' dir='ltr'><strong>ut</strong></span> <span class='ocrx_word' id='word_1_342' title='bbox 590 3183 658 3237; x_wconf 92' lang='lat' dir='ltr'><strong>ab</strong></span> <span class='ocrx_word' id='word_1_343' title='bbox 697 3185 844 3238; x_wconf 90' lang='lat' dir='ltr'><strong>omni</strong></span> <span class='ocrx_word' id='word_1_344' title='bbox 896 3183 1140 3238; x_wconf 88' lang='lat' dir='ltr'><strong>criminis</strong></span> <span class='ocrx_word' id='word_1_345' title='bbox 1173 3185 1470 3254; x_wconf 85' lang='lat' dir='ltr'><strong>perpetrati</strong></span> <span class='ocrx_word' id='word_1_346' title='bbox 1499 3184 1794 3242; x_wconf 89' lang='lat' dir='ltr'><strong>Iabemnn-</strong></span> 
     </span>
    </p>
   </div>
   <div class='ocr_carea' id='block_1_48' title="bbox 1893 1963 3503 2048">
    <p class='ocr_par' dir='ltr' id='par_1_48' title="bbox 1893 1963 3503 2048">
     <span class='ocr_line' id='line_1_48' title="bbox 1893 1963 3503 2048; baseline 0.016 -34"><span class='ocrx_word' id='word_1_347' title='bbox 1893 1963 2037 2031; x_wconf 89' lang='lat' dir='ltr'><strong>quod</strong></span> <span class='ocrx_word' id='word_1_348' title='bbox 2063 1965 2256 2020; x_wconf 67' lang='lat' dir='ltr'><strong>animm</strong></span> <span class='ocrx_word' id='word_1_349' title='bbox 2283 1967 2486 2023; x_wconf 85' lang='lat' dir='ltr'><strong>viscera</strong></span> <span class='ocrx_word' id='word_1_350' title='bbox 2532 1983 2816 2040; x_wconf 85' lang='lat' dir='ltr'><strong>percurrat</strong></span> <span class='ocrx_word' id='word_1_351' title='bbox 2844 1987 2896 2030; x_wconf 88' lang='lat' dir='ltr'><strong>et</strong></span> <span class='ocrx_word' id='word_1_352' title='bbox 2921 1992 3188 2048; x_wconf 85' lang='lat' dir='ltr'><strong>penetret.</strong></span> <span class='ocrx_word' id='word_1_353' title='bbox 3215 1993 3272 2037; x_wconf 91' lang='lat' dir='ltr'><strong>et</strong></span> <span class='ocrx_word' id='word_1_354' title='bbox 3305 1985 3503 2040; x_wconf 89' lang='lat' dir='ltr'><strong>inscri-</strong></span> 
     </span>
    </p>
   </div>
   <div class='ocr_carea' id='block_1_49' title="bbox 1892 2055 3503 2148">
    <p class='ocr_par' dir='ltr' id='par_1_49' title="bbox 1892 2055 3503 2148">
     <span class='ocr_line' id='line_1_49' title="bbox 1892 2055 3503 2148; baseline 0.017 -40"><span class='ocrx_word' id='word_1_355' title='bbox 1892 2055 1985 2110; x_wconf 88' lang='lat' dir='ltr'><strong>bat</strong></span> <span class='ocrx_word' id='word_1_356' title='bbox 2014 2057 2064 2112; x_wconf 91' lang='lat' dir='ltr'><strong>in</strong></span> <span class='ocrx_word' id='word_1_357' title='bbox 2107 2074 2172 2113; x_wconf 86' lang='lat' dir='ltr'><strong>ea</strong></span> <span class='ocrx_word' id='word_1_358' title='bbox 2200 2063 2278 2114; x_wconf 82' lang='lat' dir='ltr'><strong>vel</strong></span> <span class='ocrx_word' id='word_1_359' title='bbox 2311 2072 2516 2118; x_wconf 65' lang='lat' dir='ltr'><strong>naturie</strong></span> <span class='ocrx_word' id='word_1_360' title='bbox 2547 2066 2687 2123; x_wconf 88' lang='lat' dir='ltr'><strong>dona</strong></span> <span class='ocrx_word' id='word_1_361' title='bbox 2721 2073 2802 2124; x_wconf 88' lang='lat' dir='ltr'><strong>vel</strong></span> <span class='ocrx_word' id='word_1_362' title='bbox 2848 2075 3037 2142; x_wconf 80' lang='lat' dir='ltr'><strong>gratia.-</strong></span> <span class='ocrx_word' id='word_1_363' title='bbox 3064 2094 3076 2129; x_wconf 92' lang='lat'><strong>:</strong></span> <span class='ocrx_word' id='word_1_364' title='bbox 3113 2077 3288 2148; x_wconf 80' lang='lat' dir='ltr'><strong>lingua</strong></span> <span class='ocrx_word' id='word_1_365' title='bbox 3321 2092 3503 2135; x_wconf 91' lang='lat' dir='ltr'><strong>autem</strong></span> 
     </span>
    </p>
   </div>
   <div class='ocr_carea' id='block_1_50' title="bbox 1891 2150 3506 2243">
    <p class='ocr_par' dir='ltr' id='par_1_50' title="bbox 1891 2150 3506 2243">
     <span class='ocr_line' id='line_1_50' title="bbox 1891 2150 3506 2243; baseline 0.017 -41"><span class='ocrx_word' id='word_1_366' title='bbox 1891 2150 1960 2203; x_wconf 84' lang='lat' dir='ltr'><strong>sit</strong></span> <span class='ocrx_word' id='word_1_367' title='bbox 1992 2162 2236 2208; x_wconf 88' lang='lat' dir='ltr'><strong>sanctum</strong></span> <span class='ocrx_word' id='word_1_368' title='bbox 2297 2155 2427 2212; x_wconf 86' lang='lat' dir='ltr'><strong>illud</strong></span> <span class='ocrx_word' id='word_1_369' title='bbox 2468 2175 2667 2229; x_wconf 84' lang='lat' dir='ltr'><strong>corpus</strong></span> <span class='ocrx_word' id='word_1_370' title='bbox 2696 2175 2871 2220; x_wconf 90' lang='lat' dir='ltr'><strong>ortum</strong></span> <span class='ocrx_word' id='word_1_371' title='bbox 2905 2185 2970 2222; x_wconf 78' lang='lat' dir='ltr'><strong>ex</strong></span> <span class='ocrx_word' id='word_1_372' title='bbox 2999 2169 3238 2241; x_wconf 82' lang='lat' dir='ltr'><strong>Virgine,</strong></span> <span class='ocrx_word' id='word_1_373' title='bbox 3273 2190 3382 2243; x_wconf 91' lang='lat' dir='ltr'><strong>quo</strong></span> <span class='ocrx_word' id='word_1_374' title='bbox 3416 2189 3506 2229; x_wconf 88' lang='lat' dir='ltr'><strong>va-</strong></span> 
     </span>
    </p>
   </div>
   <div class='ocr_carea' id='block_1_51' title="bbox 1892 2257 3504 2334">
    <p class='ocr_par' dir='ltr' id='par_1_51' title="bbox 1892 2257 3504 2334">
     <span class='ocr_line' id='line_1_51' title="bbox 1892 2257 3504 2334; baseline 0.016 -36"><span class='ocrx_word' id='word_1_375' title='bbox 1892 2257 2048 2298; x_wconf 85' lang='lat' dir='ltr'><strong>cuata</strong></span> <span class='ocrx_word' id='word_1_376' title='bbox 2077 2258 2204 2302; x_wconf 91' lang='lat' dir='ltr'><strong>sunt</strong></span> <span class='ocrx_word' id='word_1_377' title='bbox 2231 2265 2434 2305; x_wconf 89' lang='lat' dir='ltr'><strong>venena</strong></span> <span class='ocrx_word' id='word_1_378' title='bbox 2459 2258 2750 2321; x_wconf 71' lang='lat' dir='ltr'><strong>serpentis,</strong></span> <span class='ocrx_word' id='word_1_379' title='bbox 2797 2269 2848 2314; x_wconf 88' lang='lat' dir='ltr'><strong>et</strong></span> <span class='ocrx_word' id='word_1_380' title='bbox 2894 2262 3166 2332; x_wconf 71' lang='lat' dir='ltr'><strong>Evangelii</strong></span> <span class='ocrx_word' id='word_1_381' title='bbox 3199 2281 3360 2334; x_wconf 83' lang='lat' dir='ltr'><strong>Opera</strong></span> <span class='ocrx_word' id='word_1_382' title='bbox 3391 2277 3504 2322; x_wconf 88' lang='lat' dir='ltr'><strong>toto</strong></span> 
     </span>
    </p>
   </div>
   <div class='ocr_carea' id='block_1_52' title="bbox 1892 2339 3504 2415">
    <p class='ocr_par' dir='ltr' id='par_1_52' title="bbox 1892 2339 3504 2415">
     <span class='ocr_line' id='line_1_52' title="bbox 1892 2339 3504 2415; baseline 0.014 -23"><span class='ocrx_word' id='word_1_383' title='bbox 1892 2339 2026 2393; x_wconf 90' lang='lat' dir='ltr'><strong>orhc</strong></span> <span class='ocrx_word' id='word_1_384' title='bbox 2066 2343 2388 2398; x_wconf 84' lang='lat' dir='ltr'><strong>celebranda</strong></span> <span class='ocrx_word' id='word_1_385' title='bbox 2421 2347 2650 2402; x_wconf 87' lang='lat' dir='ltr'><strong>decursa</strong></span> <span class='ocrx_word' id='word_1_386' title='bbox 2683 2362 2826 2407; x_wconf 89' lang='lat' dir='ltr'><strong>sunt.</strong></span> <span class='ocrx_word' id='word_1_387' title='bbox 2873 2356 3096 2410; x_wconf 77' lang='lat' dir='ltr'><strong>Accedit</strong></span> <span class='ocrx_word' id='word_1_388' title='bbox 3137 2359 3203 2411; x_wconf 89' lang='lat' dir='ltr'><strong>ad</strong></span> <span class='ocrx_word' id='word_1_389' title='bbox 3236 2375 3504 2415; x_wconf 83' lang='lat' dir='ltr'><strong>evacuati-</strong></span> 
     </span>
    </p>
   </div>
   <div class='ocr_carea' id='block_1_53' title="bbox 1893 2433 3513 2522">
    <p class='ocr_par' dir='ltr' id='par_1_53' title="bbox 1893 2433 3513 2522">
     <span class='ocr_line' id='line_1_53' title="bbox 1893 2433 3513 2522; baseline 0.015 -36"><span class='ocrx_word' id='word_1_390' title='bbox 1893 2433 2022 2488; x_wconf 87' lang='lat' dir='ltr'><strong>dum</strong></span> <span class='ocrx_word' id='word_1_391' title='bbox 2051 2449 2355 2504; x_wconf 76' lang='lat' dir='ltr'><strong>peet-atum,</strong></span> <span class='ocrx_word' id='word_1_392' title='bbox 2385 2442 2526 2511; x_wconf 89' lang='lat' dir='ltr'><strong>quod</strong></span> <span class='ocrx_word' id='word_1_393' title='bbox 2560 2446 2916 2503; x_wconf 83' lang='lat' dir='ltr'><strong>humilitatem</strong></span> <span class='ocrx_word' id='word_1_394' title='bbox 2940 2452 3217 2522; x_wconf 82' lang='lat' dir='ltr'><strong>suscepit;</strong></span> <span class='ocrx_word' id='word_1_395' title='bbox 3251 2457 3513 2511; x_wconf 86' lang='lat' dir='ltr'><strong>contrivit</strong></span> 
     </span>
    </p>
   </div>
   <div class='ocr_carea' id='block_1_54' title="bbox 1892 2532 3502 2617">
    <p class='ocr_par' dir='ltr' id='par_1_54' title="bbox 1892 2532 3502 2617">
     <span class='ocr_line' id='line_1_54' title="bbox 1892 2532 3502 2617; baseline 0.014 -37"><span class='ocrx_word' id='word_1_396' title='bbox 1892 2540 1990 2580; x_wconf 90' lang='lat' dir='ltr'><strong>cor</strong></span> <span class='ocrx_word' id='word_1_397' title='bbox 2033 2543 2224 2593; x_wconf 90' lang='lat' dir='ltr'><strong>suum,</strong></span> <span class='ocrx_word' id='word_1_398' title='bbox 2259 2532 2402 2601; x_wconf 93' lang='lat' dir='ltr'><strong>quod</strong></span> <span class='ocrx_word' id='word_1_399' title='bbox 2435 2534 2607 2605; x_wconf 89' lang='lat' dir='ltr'><strong>magis</strong></span> <span class='ocrx_word' id='word_1_400' title='bbox 2637 2539 2962 2596; x_wconf 75' lang='lat' dir='ltr'><strong>sacrificium</strong></span> <span class='ocrx_word' id='word_1_401' title='bbox 3015 2543 3273 2598; x_wconf 79' lang='lat' dir='ltr'><strong>Dominus</strong></span> <span class='ocrx_word' id='word_1_402' title='bbox 3308 2547 3502 2617; x_wconf 87' lang='lat' dir='ltr'><strong>elegit,</strong></span> 
     </span>
    </p>
   </div>
   <div class='ocr_carea' id='block_1_55' title="bbox 1893 2621 3502 2712">
    <p class='ocr_par' dir='ltr' id='par_1_55' title="bbox 1893 2621 3502 2712">
     <span class='ocr_line' id='line_1_55' title="bbox 1893 2621 3502 2712; baseline 0.016 -42"><span class='ocrx_word' id='word_1_403' title='bbox 1893 2633 2054 2688; x_wconf 89' lang='lat' dir='ltr'><strong>quam</strong></span> <span class='ocrx_word' id='word_1_404' title='bbox 2082 2621 2392 2678; x_wconf 84' lang='lat' dir='ltr'><strong>holocausta</strong></span> <span class='ocrx_word' id='word_1_405' title='bbox 2428 2640 2526 2694; x_wconf 88' lang='lat' dir='ltr'><strong>pro</strong></span> <span class='ocrx_word' id='word_1_406' title='bbox 2549 2631 2806 2698; x_wconf 75' lang='lat' dir='ltr'><strong>peccatis,</strong></span> <span class='ocrx_word' id='word_1_407' title='bbox 2831 2648 2952 2704; x_wconf 74' lang='lat' dir='ltr'><strong>qua:</strong></span> <span class='ocrx_word' id='word_1_408' title='bbox 2982 2640 3281 2694; x_wconf 89' lang='lat' dir='ltr'><strong>secumlum</strong></span> <span class='ocrx_word' id='word_1_409' title='bbox 3303 2638 3502 2712; x_wconf 83' lang='lat' dir='ltr'><strong>Legem</strong></span> 
     </span>
    </p>
   </div>
   <div class='ocr_carea' id='block_1_56' title="bbox 1894 2713 3504 2800">
    <p class='ocr_par' dir='ltr' id='par_1_56' title="bbox 1894 2713 3504 2800">
     <span class='ocr_line' id='line_1_56' title="bbox 1894 2713 3504 2800; baseline 0.016 -36"><span class='ocrx_word' id='word_1_410' title='bbox 1894 2713 2076 2767; x_wconf 69' lang='lat' dir='ltr'><strong>offerri</strong></span> <span class='ocrx_word' id='word_1_411' title='bbox 2093 2716 2359 2771; x_wconf 84' lang='lat' dir='ltr'><strong>solebant.</strong></span> <span class='ocrx_word' id='word_1_412' title='bbox 2388 2720 2628 2790; x_wconf 75' lang='lat' dir='ltr'><strong>Denique</strong></span> <span class='ocrx_word' id='word_1_413' title='bbox 2648 2739 2813 2794; x_wconf 88' lang='lat' dir='ltr'><strong>supra</strong></span> <span class='ocrx_word' id='word_1_414' title='bbox 2843 2727 2956 2783; x_wconf 88' lang='lat' dir='ltr'><strong>ait:</strong></span> <span class='ocrx_word' id='word_1_415' title='bbox 2992 2728 3311 2787; x_wconf 82' lang='lat' dir='ltr'><strong>llolocausta</strong></span> <span class='ocrx_word' id='word_1_416' title='bbox 3335 2745 3382 2788; x_wconf 84' lang='lat' dir='ltr'><strong>et</strong></span> <span class='ocrx_word' id='word_1_417' title='bbox 3408 2753 3504 2800; x_wconf 86' lang='lat' dir='ltr'><strong>pro</strong></span> 
     </span>
    </p>
   </div>
   <div class='ocr_carea' id='block_1_57' title="bbox 1895 2815 3502 2900">
    <p class='ocr_par' dir='ltr' id='par_1_57' title="bbox 1895 2815 3502 2900">
     <span class='ocr_line' id='line_1_57' title="bbox 1895 2815 3502 2900; baseline 0.017 -42"><span class='ocrx_word' id='word_1_418' title='bbox 1895 2818 2103 2874; x_wconf 82' lang='lat' dir='ltr'><strong>peccato</strong></span> <span class='ocrx_word' id='word_1_419' title='bbox 2131 2826 2230 2863; x_wconf 84' lang='lat' dir='ltr'><strong>non</strong></span> <span class='ocrx_word' id='word_1_420' title='bbox 2273 2815 2566 2882; x_wconf 80' lang='lat' dir='ltr'><strong>postulasti,</strong></span> <span class='ocrx_word' id='word_1_421' title='bbox 2619 2825 2743 2871; x_wconf 83' lang='lat' dir='ltr'><strong>tunc</strong></span> <span class='ocrx_word' id='word_1_422' title='bbox 2773 2819 3083 2876; x_wconf 72' lang='lat' dir='ltr'><strong>dixi:Ecce</strong></span> <span class='ocrx_word' id='word_1_423' title='bbox 3132 2827 3273 2880; x_wconf 85' lang='lat' dir='ltr'><strong>venio</strong></span> <span class='ocrx_word' id='word_1_424' title='bbox 3324 2827 3502 2900; x_wconf 79' lang='lat' dir='ltr'><strong>(l’sal.</strong></span> 
     </span>
    </p>
   </div>
   <div class='ocr_carea' id='block_1_58' title="bbox 1897 2903 3504 2981">
    <p class='ocr_par' dir='ltr' id='par_1_58' title="bbox 1897 2903 3504 2981">
     <span class='ocr_line' id='line_1_58' title="bbox 1897 2903 3504 2981; baseline 0.017 -29"><span class='ocrx_word' id='word_1_425' title='bbox 1897 2915 2085 2967; x_wconf 68' lang='lat' dir='ltr'><strong>nux,</strong></span> <span class='ocrx_word' id='word_1_426' title='bbox 2116 2903 2147 2956; x_wconf 88' lang='lat'><strong>7</strong></span> <span class='ocrx_word' id='word_1_427' title='bbox 2174 2913 2222 2957; x_wconf 88' lang='lat' dir='ltr'><strong>et</strong></span> <span class='ocrx_word' id='word_1_428' title='bbox 2254 2906 2334 2975; x_wconf 90' lang='lat'><strong>8),</strong></span> <span class='ocrx_word' id='word_1_429' title='bbox 2395 2907 2447 2962; x_wconf 88' lang='lat' dir='ltr'><strong>id</strong></span> <span class='ocrx_word' id='word_1_430' title='bbox 2475 2918 2591 2974; x_wconf 80' lang='lat' dir='ltr'><strong>est,</strong></span> <span class='ocrx_word' id='word_1_431' title='bbox 2640 2928 2745 2966; x_wconf 87' lang='lat' dir='ltr'><strong>non</strong></span> <span class='ocrx_word' id='word_1_432' title='bbox 2779 2917 3022 2981; x_wconf 86' lang='lat' dir='ltr'><strong>rapinam</strong></span> <span class='ocrx_word' id='word_1_433' title='bbox 3053 2919 3349 2976; x_wconf 70' lang='lat' dir='ltr'><strong>arbitratus</strong></span> <span class='ocrx_word' id='word_1_434' title='bbox 3381 2939 3504 2980; x_wconf 87' lang='lat' dir='ltr'><strong>esse</strong></span> 
     </span>
    </p>
   </div>
   <div class='ocr_carea' id='block_1_59' title="bbox 1899 2997 3504 3082">
    <p class='ocr_par' dir='ltr' id='par_1_59' title="bbox 1899 2997 3504 3082">
     <span class='ocr_line' id='line_1_59' title="bbox 1899 2997 3504 3082; baseline 0.016 -36"><span class='ocrx_word' id='word_1_435' title='bbox 1899 3009 1986 3048; x_wconf 90' lang='lat' dir='ltr'><strong>me</strong></span> <span class='ocrx_word' id='word_1_436' title='bbox 2013 2997 2274 3065; x_wconf 66' lang='lat' dir='ltr'><strong>{l‘tllldlcnl</strong></span> <span class='ocrx_word' id='word_1_437' title='bbox 2297 3000 2430 3067; x_wconf 87' lang='lat' dir='ltr'><strong>Deo,</strong></span> <span class='ocrx_word' id='word_1_438' title='bbox 2459 3005 2622 3058; x_wconf 89' lang='lat' dir='ltr'><strong>venio</strong></span> <span class='ocrx_word' id='word_1_439' title='bbox 2650 3005 2879 3062; x_wconf 76' lang='lat' dir='ltr'><strong>formam</strong></span> <span class='ocrx_word' id='word_1_440' title='bbox 2907 3012 3051 3065; x_wconf 81' lang='lat' dir='ltr'><strong>servi</strong></span> <span class='ocrx_word' id='word_1_441' title='bbox 3076 3013 3383 3082; x_wconf 68' lang='lat' dir='ltr'><strong>accipiens;</strong></span> <span class='ocrx_word' id='word_1_442' title='bbox 3414 3033 3504 3072; x_wconf 88' lang='lat' dir='ltr'><strong>ve-</strong></span> 
     </span>
    </p>
   </div>
   <div class='ocr_carea' id='block_1_60' title="bbox 1901 3087 3503 3165">
    <p class='ocr_par' dir='ltr' id='par_1_60' title="bbox 1901 3087 3503 3165">
     <span class='ocr_line' id='line_1_60' title="bbox 1901 3087 3503 3165; baseline 0.014 -23"><span class='ocrx_word' id='word_1_443' title='bbox 1901 3087 1993 3143; x_wconf 88' lang='lat' dir='ltr'><strong>nio</strong></span> <span class='ocrx_word' id='word_1_444' title='bbox 2023 3092 2074 3144; x_wconf 91' lang='lat' dir='ltr'><strong>in</strong></span> <span class='ocrx_word' id='word_1_445' title='bbox 2108 3093 2289 3159; x_wconf 85' lang='lat' dir='ltr'><strong>specie</strong></span> <span class='ocrx_word' id='word_1_446' title='bbox 2320 3097 2682 3163; x_wconf 75' lang='lat' dir='ltr'><strong>susceptinnis</strong></span> <span class='ocrx_word' id='word_1_447' title='bbox 2714 3101 2982 3165; x_wconf 63' lang='lat' dir='ltr'><strong>humanae,</strong></span> <span class='ocrx_word' id='word_1_448' title='bbox 3036 3105 3090 3159; x_wconf 90' lang='lat' dir='ltr'><strong>in</strong></span> <span class='ocrx_word' id='word_1_449' title='bbox 3122 3109 3349 3164; x_wconf 86' lang='lat' dir='ltr'><strong>veritate</strong></span> <span class='ocrx_word' id='word_1_450' title='bbox 3375 3124 3503 3164; x_wconf 88' lang='lat' dir='ltr'><strong>cru-</strong></span> 
     </span>
    </p>
   </div>
   <div class='ocr_carea' id='block_1_61' title="bbox 1898 3179 3500 3266">
    <p class='ocr_par' dir='ltr' id='par_1_61' title="bbox 1898 3179 3500 3266">
     <span class='ocr_line' id='line_1_61' title="bbox 1898 3179 3500 3266; baseline 0.016 -33"><span class='ocrx_word' id='word_1_451' title='bbox 1898 3179 1997 3244; x_wconf 91' lang='lat' dir='ltr'><strong>cis,</strong></span> <span class='ocrx_word' id='word_1_452' title='bbox 2030 3184 2219 3236; x_wconf 77' lang='lat' dir='ltr'><strong>mortis</strong></span> <span class='ocrx_word' id='word_1_453' title='bbox 2250 3186 2548 3244; x_wconf 86' lang='lat' dir='ltr'><strong>humilitate</strong></span> <span class='ocrx_word' id='word_1_454' title='bbox 2577 3190 2945 3250; x_wconf 86' lang='lat' dir='ltr'><strong>obedientiam</strong></span> <span class='ocrx_word' id='word_1_455' title='bbox 2970 3196 3331 3266; x_wconf 89' lang='lat' dir='ltr'><strong>probaturus;</strong></span> <span class='ocrx_word' id='word_1_456' title='bbox 3367 3213 3424 3256; x_wconf 92' lang='lat' dir='ltr'><strong>ut</strong></span> <span class='ocrx_word' id='word_1_457' title='bbox 3447 3202 3500 3258; x_wconf 93' lang='lat' dir='ltr'><strong>in</strong></span> 
     </span>
    </p>
   </div>
   <div class='ocr_carea' id='block_1_62' title="bbox 163 3271 2496 3341">
    <p class='ocr_par' dir='ltr' id='par_1_62' title="bbox 163 3271 2496 3341">
     <span class='ocr_line' id='line_1_62' title="bbox 163 3271 2496 3341; baseline 0.003 -12"><span class='ocrx_word' id='word_1_458' title='bbox 163 3276 362 3331; x_wconf 86' lang='lat' dir='ltr'><strong>detur.</strong></span> <span class='ocrx_word' id='word_1_459' title='bbox 426 3275 492 3330; x_wconf 87' lang='lat' dir='ltr'><strong>Et</strong></span> <span class='ocrx_word' id='word_1_460' title='bbox 543 3294 601 3331; x_wconf 90' lang='lat' dir='ltr'><strong>re</strong></span> <span class='ocrx_word' id='word_1_461' title='bbox 624 3292 749 3333; x_wconf 90' lang='lat' dir='ltr'><strong>vera</strong></span> <span class='ocrx_word' id='word_1_462' title='bbox 787 3293 909 3331; x_wconf 91' lang='lat' dir='ltr'><strong>cum</strong></span> <span class='ocrx_word' id='word_1_463' title='bbox 943 3276 1088 3331; x_wconf 84' lang='lat' dir='ltr'><strong>milis</strong></span> <span class='ocrx_word' id='word_1_464' title='bbox 1142 3287 1198 3330; x_wconf 83' lang='lat' dir='ltr'><strong>et</strong></span> <span class='ocrx_word' id='word_1_465' title='bbox 1249 3277 1414 3332; x_wconf 91' lang='lat' dir='ltr'><strong>corde</strong></span> <span class='ocrx_word' id='word_1_466' title='bbox 1471 3287 1790 3334; x_wconf 86' lang='lat' dir='ltr'><strong>mansuetus</strong></span> <span class='ocrx_word' id='word_1_467' title='bbox 1817 3279 1862 3341; x_wconf 85' lang='lat' dir='ltr'>C</span> <span class='ocrx_word' id='word_1_468' title='bbox 1897 3271 2210 3330; x_wconf 78' lang='lat' dir='ltr'><strong>obedielltia</strong></span> <span class='ocrx_word' id='word_1_469' title='bbox 2232 3277 2496 3335; x_wconf 85' lang='lat' dir='ltr'><strong>deleatur.</strong></span> 
     </span>
    </p>
   </div>
   <div class='ocr_carea' id='block_1_63' title="bbox 162 3370 1791 3442">
    <p class='ocr_par' dir='ltr' id='par_1_63' title="bbox 162 3370 1791 3442">
     <span class='ocr_line' id='line_1_63' title="bbox 162 3370 1791 3442; baseline 0.003 -19"><span class='ocrx_word' id='word_1_470' title='bbox 162 3371 399 3440; x_wconf 84' lang='lat' dir='ltr'><strong>egregia</strong></span> <span class='ocrx_word' id='word_1_471' title='bbox 441 3385 658 3440; x_wconf 88' lang='lat' dir='ltr'><strong>semper</strong></span> <span class='ocrx_word' id='word_1_472' title='bbox 687 3371 896 3426; x_wconf 90' lang='lat' dir='ltr'><strong>dederit</strong></span> <span class='ocrx_word' id='word_1_473' title='bbox 939 3382 1157 3425; x_wconf 88' lang='lat' dir='ltr'><strong>sanetus</strong></span> <span class='ocrx_word' id='word_1_474' title='bbox 1200 3370 1470 3442; x_wconf 83' lang='lat' dir='ltr'><strong>Propheta</strong></span> <span class='ocrx_word' id='word_1_475' title='bbox 1494 3388 1608 3428; x_wconf 67' lang='lat' dir='ltr'><strong>sua:</strong></span> <span class='ocrx_word' id='word_1_476' title='bbox 1637 3389 1791 3428; x_wconf 84' lang='lat' dir='ltr'><strong>man-</strong></span> 
     </span>
    </p>
   </div>
   <div class='ocr_carea' id='block_1_64' title="bbox 166 3466 1789 3536">
    <p class='ocr_par' dir='ltr' id='par_1_64' title="bbox 166 3466 1789 3536">
     <span class='ocr_line' id='line_1_64' title="bbox 166 3466 1789 3536; baseline 0.001 -14"><span class='ocrx_word' id='word_1_477' title='bbox 166 3466 488 3523; x_wconf 78' lang='lat' dir='ltr'><strong>suetudinis</strong></span> <span class='ocrx_word' id='word_1_478' title='bbox 517 3477 569 3523; x_wconf 90' lang='lat' dir='ltr'><strong>et</strong></span> <span class='ocrx_word' id='word_1_479' title='bbox 599 3468 812 3536; x_wconf 90' lang='lat' dir='ltr'><strong>pietatis</strong></span> <span class='ocrx_word' id='word_1_480' title='bbox 845 3466 1094 3531; x_wconf 82' lang='lat' dir='ltr'><strong>insignia,</strong></span> <span class='ocrx_word' id='word_1_481' title='bbox 1129 3467 1200 3522; x_wconf 91' lang='lat' dir='ltr'><strong>ita</strong></span> <span class='ocrx_word' id='word_1_482' title='bbox 1235 3477 1289 3520; x_wconf 90' lang='lat' dir='ltr'><strong>ttt</strong></span> <span class='ocrx_word' id='word_1_483' title='bbox 1320 3467 1648 3523; x_wconf 88' lang='lat' dir='ltr'><strong>adversariis</strong></span> <span class='ocrx_word' id='word_1_484' title='bbox 1673 3469 1789 3524; x_wconf 89' lang='lat' dir='ltr'><strong>suis</strong></span> 
     </span>
    </p>
   </div>
   <div class='ocr_carea' id='block_1_65' title="bbox 169 3561 1792 3632">
    <p class='ocr_par' dir='ltr' id='par_1_65' title="bbox 169 3561 1792 3632">
     <span class='ocr_line' id='line_1_65' title="bbox 169 3561 1792 3632; baseline 0.001 -17"><span class='ocrx_word' id='word_1_485' title='bbox 169 3561 506 3630; x_wconf 80' lang='lat' dir='ltr'><strong>frequenter</strong></span> <span class='ocrx_word' id='word_1_486' title='bbox 533 3561 820 3631; x_wconf 78' lang='lat' dir='ltr'><strong>ignoverit,</strong></span> <span class='ocrx_word' id='word_1_487' title='bbox 843 3571 1005 3632; x_wconf 89' lang='lat' dir='ltr'><strong>atque</strong></span> <span class='ocrx_word' id='word_1_488' title='bbox 1032 3561 1100 3616; x_wconf 90' lang='lat' dir='ltr'><strong>ab</strong></span> <span class='ocrx_word' id='word_1_489' title='bbox 1136 3576 1324 3615; x_wconf 89' lang='lat' dir='ltr'><strong>eorum</strong></span> <span class='ocrx_word' id='word_1_490' title='bbox 1351 3577 1486 3616; x_wconf 89' lang='lat' dir='ltr'><strong>nece</strong></span> <span class='ocrx_word' id='word_1_491' title='bbox 1520 3563 1792 3630; x_wconf 86' lang='lat' dir='ltr'><strong>putaverit</strong></span> 
     </span>
    </p>
   </div>
   <div class='ocr_carea' id='block_1_66' title="bbox 169 3654 1791 3726">
    <p class='ocr_par' dir='ltr' id='par_1_66' title="bbox 169 3654 1791 3726">
     <span class='ocr_line' id='line_1_66' title="bbox 169 3654 1791 3726; baseline -0.001 -15"><span class='ocrx_word' id='word_1_492' title='bbox 169 3655 609 3720; x_wconf 86' lang='lat' dir='ltr'><strong>abstinendum;</strong></span> <span class='ocrx_word' id='word_1_493' title='bbox 642 3672 746 3711; x_wconf 91' lang='lat' dir='ltr'><strong>non</strong></span> <span class='ocrx_word' id='word_1_494' title='bbox 771 3667 854 3711; x_wconf 91' lang='lat' dir='ltr'><strong>est</strong></span> <span class='ocrx_word' id='word_1_495' title='bbox 878 3657 1073 3711; x_wconf 90' lang='lat' dir='ltr'><strong>mirum</strong></span> <span class='ocrx_word' id='word_1_496' title='bbox 1105 3654 1246 3725; x_wconf 90' lang='lat' dir='ltr'><strong>quod</strong></span> <span class='ocrx_word' id='word_1_497' title='bbox 1282 3666 1388 3708; x_wconf 89' lang='lat' dir='ltr'><strong>tam</strong></span> <span class='ocrx_word' id='word_1_498' title='bbox 1427 3659 1666 3726; x_wconf 78' lang='lat' dir='ltr'><strong>graviter</strong></span> <span class='ocrx_word' id='word_1_499' title='bbox 1695 3656 1791 3711; x_wconf 86' lang='lat' dir='ltr'><strong>du-</strong></span> 
     </span>
    </p>
   </div>
   <div class='ocr_carea' id='block_1_67' title="bbox 173 3747 1788 3819">
    <p class='ocr_par' dir='ltr' id='par_1_67' title="bbox 173 3747 1788 3819">
     <span class='ocr_line' id='line_1_67' title="bbox 173 3747 1788 3819; baseline 0.002 -17"><span class='ocrx_word' id='word_1_500' title='bbox 173 3749 291 3804; x_wconf 88' lang='lat' dir='ltr'><strong>leat</strong></span> <span class='ocrx_word' id='word_1_501' title='bbox 336 3747 599 3803; x_wconf 69' lang='lat' dir='ltr'><strong>fundi-udi</strong></span> <span class='ocrx_word' id='word_1_502' title='bbox 652 3749 930 3818; x_wconf 79' lang='lat' dir='ltr'><strong>sanguinis</strong></span> <span class='ocrx_word' id='word_1_503' title='bbox 956 3749 1159 3804; x_wconf 82' lang='lat' dir='ltr'><strong>innoxii</strong></span> <span class='ocrx_word' id='word_1_504' title='bbox 1192 3748 1294 3802; x_wconf 91' lang='lat' dir='ltr'><strong>sibi</strong></span> <span class='ocrx_word' id='word_1_505' title='bbox 1319 3749 1630 3817; x_wconf 87' lang='lat' dir='ltr'><strong>obrepsisse</strong></span> <span class='ocrx_word' id='word_1_506' title='bbox 1656 3765 1788 3819; x_wconf 58' lang='lat' dir='ltr'><strong>pec-</strong></span> 
     </span>
    </p>
   </div>
   <div class='ocr_carea' id='block_1_68' title="bbox 169 3843 1788 3913">
    <p class='ocr_par' dir='ltr' id='par_1_68' title="bbox 169 3843 1788 3913">
     <span class='ocr_line' id='line_1_68' title="bbox 169 3843 1788 3913; baseline 0.001 -16"><span class='ocrx_word' id='word_1_507' title='bbox 169 3853 386 3897; x_wconf 88' lang='lat' dir='ltr'><strong>catum.</strong></span> <span class='ocrx_word' id='word_1_508' title='bbox 437 3843 562 3897; x_wconf 83' lang='lat' dir='ltr'><strong>Ideo</strong></span> <span class='ocrx_word' id='word_1_509' title='bbox 615 3843 831 3898; x_wconf 86' lang='lat' dir='ltr'><strong>liberari</strong></span> <span class='ocrx_word' id='word_1_510' title='bbox 879 3858 938 3896; x_wconf 87' lang='lat' dir='ltr'><strong>se</strong></span> <span class='ocrx_word' id='word_1_511' title='bbox 989 3859 1016 3894; x_wconf 90' lang='lat' dir='ltr'><strong>a</strong></span> <span class='ocrx_word' id='word_1_512' title='bbox 1049 3843 1435 3913; x_wconf 86' lang='lat' dir='ltr'><strong>sanguinibus,</strong></span> <span class='ocrx_word' id='word_1_513' title='bbox 1492 3843 1596 3898; x_wconf 94' lang='lat' dir='ltr'><strong>hoc</strong></span> <span class='ocrx_word' id='word_1_514' title='bbox 1627 3852 1711 3898; x_wconf 91' lang='lat' dir='ltr'><strong>est</strong></span> <span class='ocrx_word' id='word_1_515' title='bbox 1757 3860 1788 3898; x_wconf 90' lang='lat' dir='ltr'><strong>a</strong></span> 
     </span>
    </p>
   </div>
   <div class='ocr_carea' id='block_1_69' title="bbox 177 3935 1788 4003">
    <p class='ocr_par' dir='ltr' id='par_1_69' title="bbox 177 3935 1788 4003">
     <span class='ocr_line' id='line_1_69' title="bbox 177 3935 1788 4003; baseline 0.003 -16"><span class='ocrx_word' id='word_1_516' title='bbox 177 3935 426 4000; x_wconf 83' lang='lat' dir='ltr'><strong>peccatis</strong></span> <span class='ocrx_word' id='word_1_517' title='bbox 454 3935 806 4000; x_wconf 87' lang='lat' dir='ltr'><strong>mortalibus,</strong></span> <span class='ocrx_word' id='word_1_518' title='bbox 841 3936 1151 4003; x_wconf 83' lang='lat' dir='ltr'><strong>postulavit.</strong></span> <span class='ocrx_word' id='word_1_519' title='bbox 1203 3935 1467 3990; x_wconf 86' lang='lat' dir='ltr'><strong>Laudavit</strong></span> <span class='ocrx_word' id='word_1_520' title='bbox 1497 3936 1788 3991; x_wconf 91' lang='lat' dir='ltr'><strong>Dominum</strong></span> 
     </span>
    </p>
   </div>
   <div class='ocr_carea' id='block_1_70' title="bbox 179 4025 1790 4099">
    <p class='ocr_par' dir='ltr' id='par_1_70' title="bbox 179 4025 1790 4099">
     <span class='ocr_line' id='line_1_70' title="bbox 179 4025 1790 4099; baseline 0.003 -20"><span class='ocrx_word' id='word_1_521' title='bbox 179 4025 359 4079; x_wconf 86' lang='lat' dir='ltr'><strong>Deum</strong></span> <span class='ocrx_word' id='word_1_522' title='bbox 385 4041 565 4091; x_wconf 88' lang='lat' dir='ltr'><strong>suum,</strong></span> <span class='ocrx_word' id='word_1_523' title='bbox 593 4027 857 4094; x_wconf 86' lang='lat' dir='ltr'><strong>justitiam</strong></span> <span class='ocrx_word' id='word_1_524' title='bbox 910 4026 1120 4081; x_wconf 87' lang='lat' dir='ltr'><strong>Domini</strong></span> <span class='ocrx_word' id='word_1_525' title='bbox 1161 4028 1513 4098; x_wconf 56' lang='lat' dir='ltr'><strong>praedicavit;</strong></span> <span class='ocrx_word' id='word_1_526' title='bbox 1560 4027 1790 4099; x_wconf 82' lang='lat' dir='ltr'><strong>ideoque</strong></span> 
     </span>
    </p>
   </div>
   <div class='ocr_carea' id='block_1_71' title="bbox 175 4118 1562 4194">
    <p class='ocr_par' dir='ltr' id='par_1_71' title="bbox 175 4118 1562 4194">
     <span class='ocr_line' id='line_1_71' title="bbox 175 4118 1562 4194; baseline 0.001 -21"><span class='ocrx_word' id='word_1_527' title='bbox 175 4119 393 4176; x_wconf 84' lang='lat' dir='ltr'><strong>addidit</strong></span> <span class='ocrx_word' id='word_1_528' title='bbox 418 4138 433 4176; x_wconf 91' lang='lat'><strong>:</strong></span> <span class='ocrx_word' id='word_1_529' title='bbox 467 4118 760 4176; x_wconf 73' lang='lat' dir='ltr'><strong>Exsultabit</strong></span> <span class='ocrx_word' id='word_1_530' title='bbox 783 4121 961 4191; x_wconf 80' lang='lat' dir='ltr'><strong>lingua</strong></span> <span class='ocrx_word' id='word_1_531' title='bbox 985 4137 1095 4174; x_wconf 85' lang='lat' dir='ltr'><strong>mea</strong></span> <span class='ocrx_word' id='word_1_532' title='bbox 1110 4121 1372 4194; x_wconf 82' lang='lat' dir='ltr'><strong>justitiam</strong></span> <span class='ocrx_word' id='word_1_533' title='bbox 1403 4130 1562 4175; x_wconf 81' lang='lat' dir='ltr'><strong>luant.</strong></span> 
     </span>
    </p>
   </div>
   <div class='ocr_carea' id='block_1_72' title="bbox 811 4254 1234 4313">
    <p class='ocr_par' dir='ltr' id='par_1_72' title="bbox 811 4254 1234 4313">
     <span class='ocr_line' id='line_1_72' title="bbox 811 4254 1234 4313; baseline 0.009 -4"><span class='ocrx_word' id='word_1_534' title='bbox 811 4254 1042 4311; x_wconf 76' lang='lat' dir='ltr'><strong>CAPUT</strong></span> <span class='ocrx_word' id='word_1_535' title='bbox 1072 4254 1234 4313; x_wconf 79' lang='lat' dir='ltr'><strong>XVII.</strong></span> 
     </span>
    </p>
   </div>
   <div class='ocr_carea' id='block_1_73' title="bbox 185 4371 1792 4445">
    <p class='ocr_par' dir='ltr' id='par_1_73' title="bbox 185 4371 1792 4445">
     <span class='ocr_line' id='line_1_73' title="bbox 185 4371 1792 4445; baseline -0.001 -18"><span class='ocrx_word' id='word_1_536' title='bbox 185 4371 437 4428; x_wconf 86' lang='lat' dir='ltr'><strong>Davidem</strong></span> <span class='ocrx_word' id='word_1_537' title='bbox 474 4374 638 4428; x_wconf 79' lang='lat' dir='ltr'><strong>verbis</strong></span> <span class='ocrx_word' id='word_1_538' title='bbox 665 4374 770 4426; x_wconf 85' lang='lat' dir='ltr'><strong>suis</strong></span> <span class='ocrx_word' id='word_1_539' title='bbox 815 4383 1078 4445; x_wconf 85' lang='lat' dir='ltr'><strong>peccatum</strong></span> <span class='ocrx_word' id='word_1_540' title='bbox 1131 4372 1228 4426; x_wconf 83' lang='lat' dir='ltr'><strong>sibi</strong></span> <span class='ocrx_word' id='word_1_541' title='bbox 1283 4371 1550 4426; x_wconf 84' lang='lat' dir='ltr'><strong>dimissum</strong></span> <span class='ocrx_word' id='word_1_542' title='bbox 1590 4374 1792 4444; x_wconf 79' lang='lat' dir='ltr'><strong>signiﬁ-</strong></span> 
     </span>
    </p>
   </div>
   <div class='ocr_carea' id='block_1_74' title="bbox 257 4464 1792 4529">
    <p class='ocr_par' dir='ltr' id='par_1_74' title="bbox 257 4464 1792 4529">
     <span class='ocr_line' id='line_1_74' title="bbox 257 4464 1792 4529; baseline 0.002 -10"><span class='ocrx_word' id='word_1_543' title='bbox 257 4483 394 4529; x_wconf 83' lang='lat' dir='ltr'><strong>care,</strong></span> <span class='ocrx_word' id='word_1_544' title='bbox 424 4484 539 4520; x_wconf 87' lang='lat' dir='ltr'><strong>cum</strong></span> <span class='ocrx_word' id='word_1_545' title='bbox 569 4465 712 4521; x_wconf 74' lang='lat' dir='ltr'><strong>Deus</strong></span> <span class='ocrx_word' id='word_1_546' title='bbox 734 4468 989 4526; x_wconf 79' lang='lat' dir='ltr'><strong>peccatori</strong></span> <span class='ocrx_word' id='word_1_547' title='bbox 1019 4484 1076 4520; x_wconf 86' lang='lat' dir='ltr'><strong>os</strong></span> <span class='ocrx_word' id='word_1_548' title='bbox 1103 4467 1360 4520; x_wconf 87' lang='lat' dir='ltr'><strong>occludat.</strong></span> <span class='ocrx_word' id='word_1_549' title='bbox 1415 4464 1610 4521; x_wconf 81' lang='lat' dir='ltr'><strong>Eadem</strong></span> <span class='ocrx_word' id='word_1_550' title='bbox 1642 4470 1792 4522; x_wconf 82' lang='lat' dir='ltr'><strong>verba</strong></span> 
     </span>
    </p>
   </div>
   <div class='ocr_carea' id='block_1_75' title="bbox 256 4558 1792 4628">
    <p class='ocr_par' dir='ltr' id='par_1_75' title="bbox 256 4558 1792 4628">
     <span class='ocr_line' id='line_1_75' title="bbox 256 4558 1792 4628; baseline 0.001 -16"><span class='ocrx_word' id='word_1_551' title='bbox 256 4562 407 4614; x_wconf 82' lang='lat' dir='ltr'><strong>etiam</strong></span> <span class='ocrx_word' id='word_1_552' title='bbox 435 4559 638 4616; x_wconf 79' lang='lat' dir='ltr'><strong>Christo</strong></span> <span class='ocrx_word' id='word_1_553' title='bbox 667 4561 968 4623; x_wconf 79' lang='lat' dir='ltr'><strong>convenire,</strong></span> <span class='ocrx_word' id='word_1_554' title='bbox 1012 4561 1204 4627; x_wconf 86' lang='lat' dir='ltr'><strong>quippe</strong></span> <span class='ocrx_word' id='word_1_555' title='bbox 1251 4561 1338 4628; x_wconf 87' lang='lat' dir='ltr'><strong>qui</strong></span> <span class='ocrx_word' id='word_1_556' title='bbox 1384 4576 1531 4614; x_wconf 70' lang='lat' dir='ltr'><strong>verus</strong></span> <span class='ocrx_word' id='word_1_557' title='bbox 1584 4560 1649 4613; x_wconf 87' lang='lat' dir='ltr'><strong>sit</strong></span> <span class='ocrx_word' id='word_1_558' title='bbox 1687 4558 1792 4613; x_wconf 88' lang='lat' dir='ltr'><strong>Da-</strong></span> 
     </span>
    </p>
   </div>
   <div class='ocr_carea' id='block_1_76' title="bbox 259 4652 1557 4723">
    <p class='ocr_par' dir='ltr' id='par_1_76' title="bbox 259 4652 1557 4723">
     <span class='ocr_line' id='line_1_76' title="bbox 259 4652 1557 4723; baseline 0.002 -20"><span class='ocrx_word' id='word_1_559' title='bbox 259 4653 372 4708; x_wconf 82' lang='lat' dir='ltr'><strong>vid.</strong></span> <span class='ocrx_word' id='word_1_560' title='bbox 419 4670 449 4706; x_wconf 80' lang='grc' dir='ltr'><strong>(ι</strong></span> <span class='ocrx_word' id='word_1_561' title='bbox 477 4670 577 4722; x_wconf 88' lang='lat' dir='ltr'><strong>quo</strong></span> <span class='ocrx_word' id='word_1_562' title='bbox 619 4652 792 4719; x_wconf 75' lang='lat' dir='ltr'><strong>futura</strong></span> <span class='ocrx_word' id='word_1_563' title='bbox 845 4654 1071 4722; x_wconf 72' lang='lat' dir='ltr'><strong>gentium</strong></span> <span class='ocrx_word' id='word_1_564' title='bbox 1121 4656 1468 4723; x_wconf 74' lang='lat' dir='ltr'><strong>congregatio,</strong></span> <span class='ocrx_word' id='word_1_565' title='bbox 1510 4664 1557 4708; x_wconf 90' lang='lat' dir='ltr'><strong>et</strong></span> 
     </span>
    </p>
   </div>
   <div class='ocr_carea' id='block_1_77' title="bbox 261 4744 1791 4816">
    <p class='ocr_par' dir='ltr' id='par_1_77' title="bbox 261 4744 1791 4816">
     <span class='ocr_line' id='line_1_77' title="bbox 261 4744 1791 4816; baseline 0.004 -20"><span class='ocrx_word' id='word_1_566' title='bbox 261 4744 451 4797; x_wconf 86' lang='lat' dir='ltr'><strong>siarum</strong></span> <span class='ocrx_word' id='word_1_567' title='bbox 477 4746 714 4815; x_wconf 76' lang='lat' dir='ltr'><strong>[nudatio</strong></span> <span class='ocrx_word' id='word_1_568' title='bbox 742 4746 1099 4816; x_wconf 74' lang='lat' dir='ltr'><strong>prazsignetur,</strong></span> <span class='ocrx_word' id='word_1_569' title='bbox 1136 4755 1390 4811; x_wconf 84' lang='lat' dir='ltr'><strong>postremo</strong></span> <span class='ocrx_word' id='word_1_570' title='bbox 1433 4748 1695 4802; x_wconf 85' lang='lat' dir='ltr'><strong>nonnullis</strong></span> <span class='ocrx_word' id='word_1_571' title='bbox 1725 4748 1791 4802; x_wconf 75' lang='lat' dir='ltr'><strong>de</strong></span> 
     </span>
    </p>
   </div>
   <div class='ocr_carea' id='block_1_78' title="bbox 259 4834 1789 4912">
    <p class='ocr_par' dir='ltr' id='par_1_78' title="bbox 259 4834 1789 4912">
     <span class='ocr_line' id='line_1_78' title="bbox 259 4834 1789 4912; baseline 0.007 -26"><span class='ocrx_word' id='word_1_572' title='bbox 259 4835 513 4898; x_wconf 77' lang='lat' dir='ltr'><strong>sacriﬁcio</strong></span> <span class='ocrx_word' id='word_1_573' title='bbox 553 4834 742 4889; x_wconf 81' lang='lat' dir='ltr'><strong>Christi</strong></span> <span class='ocrx_word' id='word_1_574' title='bbox 791 4848 942 4906; x_wconf 88' lang='lat' dir='ltr'><strong>atque</strong></span> <span class='ocrx_word' id='word_1_575' title='bbox 991 4837 1305 4909; x_wconf 69' lang='lat' dir='ltr'><strong>Martyrum</strong></span> <span class='ocrx_word' id='word_1_576' title='bbox 1335 4841 1612 4912; x_wconf 71' lang='lat' dir='ltr'><strong>propositis</strong></span> <span class='ocrx_word' id='word_1_577' title='bbox 1659 4859 1789 4905; x_wconf 84' lang='lat' dir='ltr'><strong>opus</strong></span> 
     </span>
    </p>
   </div>
   <div class='ocr_carea' id='block_1_79' title="bbox 261 4925 539 4982">
    <p class='ocr_par' dir='ltr' id='par_1_79' title="bbox 261 4925 539 4982">
     <span class='ocr_line' id='line_1_79' title="bbox 261 4925 539 4982; baseline 0.014 -4"><span class='ocrx_word' id='word_1_578' title='bbox 261 4925 539 4982; x_wconf 82' lang='lat' dir='ltr'><strong>clauditur.</strong></span> 
     </span>
    </p>
   </div>
   <div class='ocr_carea' id='block_1_80' title="bbox 265 5036 1790 5109">
    <p class='ocr_par' dir='ltr' id='par_1_80' title="bbox 265 5036 1790 5109">
     <span class='ocr_line' id='line_1_80' title="bbox 265 5036 1790 5109; baseline 0.009 -19"><span class='ocrx_word' id='word_1_579' title='bbox 265 5036 351 5094; x_wconf 85' lang='lat'><strong>78.</strong></span> <span class='ocrx_word' id='word_1_580' title='bbox 387 5036 622 5102; x_wconf 86' lang='lat' dir='ltr'><strong>Domine,</strong></span> <span class='ocrx_word' id='word_1_581' title='bbox 639 5040 776 5094; x_wconf 86' lang='lat' dir='ltr'><strong>labia</strong></span> <span class='ocrx_word' id='word_1_582' title='bbox 790 5058 899 5095; x_wconf 86' lang='lat' dir='ltr'><strong>mea</strong></span> <span class='ocrx_word' id='word_1_583' title='bbox 916 5043 1136 5109; x_wconf 84' lang='lat' dir='ltr'><strong>aperies,</strong></span> <span class='ocrx_word' id='word_1_584' title='bbox 1153 5053 1199 5096; x_wconf 88' lang='lat' dir='ltr'><strong>et</strong></span> <span class='ocrx_word' id='word_1_585' title='bbox 1213 5058 1268 5098; x_wconf 85' lang='lat' dir='ltr'><strong>os</strong></span> <span class='ocrx_word' id='word_1_586' title='bbox 1281 5061 1449 5099; x_wconf 88' lang='lat' dir='ltr'><strong>meum</strong></span> <span class='ocrx_word' id='word_1_587' title='bbox 1462 5047 1790 5104; x_wconf 83' lang='lat' dir='ltr'><strong>annuntiabt&#39;t</strong></span> 
     </span>
    </p>
   </div>
   <div class='ocr_carea' id='block_1_81' title="bbox 196 5129 1791 5205">
    <p class='ocr_par' dir='ltr' id='par_1_81' title="bbox 196 5129 1791 5205">
     <span class='ocr_line' id='line_1_81' title="bbox 196 5129 1791 5205; baseline 0.007 -21"><span class='ocrx_word' id='word_1_588' title='bbox 196 5131 396 5185; x_wconf 85' lang='lat' dir='ltr'><strong>laudem</strong></span> <span class='ocrx_word' id='word_1_589' title='bbox 427 5142 570 5184; x_wconf 88' lang='lat' dir='ltr'><strong>tuam</strong></span> <span class='ocrx_word' id='word_1_590' title='bbox 599 5129 772 5202; x_wconf 84' lang='lat' dir='ltr'><strong>(Psal.</strong></span> <span class='ocrx_word' id='word_1_591' title='bbox 809 5151 861 5196; x_wconf 83' lang='lat' dir='ltr'><strong>L,</strong></span> <span class='ocrx_word' id='word_1_592' title='bbox 894 5134 1007 5203; x_wconf 75' lang='grc'><strong>17).</strong></span> <span class='ocrx_word' id='word_1_593' title='bbox 1032 5133 1136 5203; x_wconf 84' lang='lat' dir='ltr'><strong>Qui</strong></span> <span class='ocrx_word' id='word_1_594' title='bbox 1162 5135 1344 5190; x_wconf 86' lang='lat' dir='ltr'><strong>laudat</strong></span> <span class='ocrx_word' id='word_1_595' title='bbox 1377 5137 1659 5192; x_wconf 88' lang='lat' dir='ltr'><strong>Dominum</strong></span> <span class='ocrx_word' id='word_1_596' title='bbox 1679 5181 1693 5205; x_wconf 92' lang='lat'><strong>,</strong></span> <span class='ocrx_word' id='word_1_597' title='bbox 1722 5140 1791 5195; x_wconf 87' lang='lat' dir='ltr'><strong>ab</strong></span> 
     </span>
    </p>
   </div>
   <div class='ocr_carea' id='block_1_82' title="bbox 197 5221 1783 5301">
    <p class='ocr_par' dir='ltr' id='par_1_82' title="bbox 197 5221 1783 5301">
     <span class='ocr_line' id='line_1_82' title="bbox 197 5221 1783 5301; baseline 0.008 -25"><span class='ocrx_word' id='word_1_598' title='bbox 197 5221 426 5278; x_wconf 90' lang='lat' dir='ltr'><strong>inimicis</strong></span> <span class='ocrx_word' id='word_1_599' title='bbox 458 5223 572 5278; x_wconf 62' lang='lat' dir='ltr'><strong>suis</strong></span> <span class='ocrx_word' id='word_1_600' title='bbox 600 5224 705 5278; x_wconf 88' lang='lat' dir='ltr'><strong>erit</strong></span> <span class='ocrx_word' id='word_1_601' title='bbox 736 5225 935 5293; x_wconf 80' lang='lat' dir='ltr'><strong>salvus,</strong></span> <span class='ocrx_word' id='word_1_602' title='bbox 969 5241 1020 5281; x_wconf 92' lang='lat' dir='ltr'><strong>ut</strong></span> <span class='ocrx_word' id='word_1_603' title='bbox 1045 5228 1306 5296; x_wconf 86' lang='lat' dir='ltr'><strong>scriptum</strong></span> <span class='ocrx_word' id='word_1_604' title='bbox 1329 5239 1415 5284; x_wconf 89' lang='lat' dir='ltr'><strong>est</strong></span> <span class='ocrx_word' id='word_1_605' title='bbox 1445 5229 1619 5301; x_wconf 81' lang='lat' dir='ltr'><strong>(Psal.</strong></span> <span class='ocrx_word' id='word_1_606' title='bbox 1645 5247 1783 5300; x_wconf 80' lang='lat' dir='ltr'><strong>xvtt,</strong></span> 
     </span>
    </p>
   </div>
   <div class='ocr_carea' id='block_1_83' title="bbox 196 5312 1783 5393">
    <p class='ocr_par' dir='ltr' id='par_1_83' title="bbox 196 5312 1783 5393">
     <span class='ocr_line' id='line_1_83' title="bbox 196 5312 1783 5393; baseline 0.009 -27"><span class='ocrx_word' id='word_1_607' title='bbox 196 5312 271 5383; x_wconf 66' lang='lat'><strong>4).</strong></span> <span class='ocrx_word' id='word_1_608' title='bbox 335 5315 399 5369; x_wconf 85' lang='lat' dir='ltr'><strong>Et</strong></span> <span class='ocrx_word' id='word_1_609' title='bbox 457 5324 606 5369; x_wconf 90' lang='lat' dir='ltr'><strong>certe</strong></span> <span class='ocrx_word' id='word_1_610' title='bbox 630 5330 789 5383; x_wconf 84' lang='lat' dir='ltr'><strong>supra</strong></span> <span class='ocrx_word' id='word_1_611' title='bbox 818 5315 1026 5373; x_wconf 79' lang='lat' dir='ltr'><strong>dixerat</strong></span> <span class='ocrx_word' id='word_1_612' title='bbox 1060 5321 1111 5374; x_wconf 92' lang='lat' dir='ltr'><strong>in</strong></span> <span class='ocrx_word' id='word_1_613' title='bbox 1160 5321 1580 5393; x_wconf 87' lang='lat' dir='ltr'><strong>quadragesimo</strong></span> <span class='ocrx_word' id='word_1_614' title='bbox 1636 5340 1783 5382; x_wconf 85' lang='lat' dir='ltr'><strong>nono</strong></span> 
     </span>
    </p>
   </div>
   <div class='ocr_carea' id='block_1_84' title="bbox 201 5406 1791 5482">
    <p class='ocr_par' dir='ltr' id='par_1_84' title="bbox 201 5406 1791 5482">
     <span class='ocr_line' id='line_1_84' title="bbox 201 5406 1791 5482; baseline 0.008 -22"><span class='ocrx_word' id='word_1_615' title='bbox 201 5407 438 5477; x_wconf 89' lang='lat' dir='ltr'><strong>psalmo:</strong></span> <span class='ocrx_word' id='word_1_616' title='bbox 465 5406 737 5462; x_wconf 87' lang='lat' dir='ltr'><strong>Peccatori</strong></span> <span class='ocrx_word' id='word_1_617' title='bbox 759 5418 926 5462; x_wconf 85' lang='lat' dir='ltr'><strong>autem</strong></span> <span class='ocrx_word' id='word_1_618' title='bbox 951 5411 1082 5466; x_wconf 76' lang='lat' dir='ltr'><strong>dixit</strong></span> <span class='ocrx_word' id='word_1_619' title='bbox 1118 5412 1252 5468; x_wconf 82' lang='lat' dir='ltr'><strong>Deus</strong></span> <span class='ocrx_word' id='word_1_620' title='bbox 1271 5429 1292 5468; x_wconf 88' lang='lat'><strong>:</strong></span> <span class='ocrx_word' id='word_1_621' title='bbox 1309 5416 1479 5482; x_wconf 76' lang='lat' dir='ltr'><strong>Quare</strong></span> <span class='ocrx_word' id='word_1_622' title='bbox 1496 5426 1547 5470; x_wconf 90' lang='lat' dir='ltr'><strong>tu</strong></span> <span class='ocrx_word' id='word_1_623' title='bbox 1577 5434 1791 5473; x_wconf 85' lang='lat' dir='ltr'><strong>enarras</strong></span> 
     </span>
    </p>
   </div>
   <div class='ocr_carea' id='block_1_85' title="bbox 191 5497 1792 5578">
    <p class='ocr_par' dir='ltr' id='par_1_85' title="bbox 191 5497 1792 5578">
     <span class='ocr_line' id='line_1_85' title="bbox 191 5497 1792 5578; baseline 0.007 -26"><span class='ocrx_word' id='word_1_624' title='bbox 191 5501 420 5573; x_wconf 81' lang='lat' dir='ltr'><strong>justitias</strong></span> <span class='ocrx_word' id='word_1_625' title='bbox 478 5516 615 5552; x_wconf 88' lang='lat' dir='ltr'><strong>meas</strong></span> <span class='ocrx_word' id='word_1_626' title='bbox 667 5497 844 5569; x_wconf 80' lang='lat' dir='ltr'><strong>(Psal.</strong></span> <span class='ocrx_word' id='word_1_627' title='bbox 873 5517 1024 5568; x_wconf 72' lang='grc' dir='ltr'><strong>χιιι,</strong></span> <span class='ocrx_word' id='word_1_628' title='bbox 1078 5505 1203 5573; x_wconf 77' lang='lat' dir='ltr'><strong>i7)?</strong></span> <span class='ocrx_word' id='word_1_629' title='bbox 1232 5504 1365 5560; x_wconf 90' lang='lat' dir='ltr'><strong>Cum</strong></span> <span class='ocrx_word' id='word_1_630' title='bbox 1412 5523 1540 5578; x_wconf 82' lang='lat' dir='ltr'><strong>ergo</strong></span> <span class='ocrx_word' id='word_1_631' title='bbox 1593 5524 1689 5577; x_wconf 87' lang='lat' dir='ltr'><strong>per</strong></span> <span class='ocrx_word' id='word_1_632' title='bbox 1730 5526 1792 5564; x_wconf 89' lang='lat' dir='ltr'><strong>os</strong></span> 
     </span>
    </p>
   </div>
   <div class='ocr_carea' id='block_1_86' title="bbox 200 5594 1792 5668">
    <p class='ocr_par' dir='ltr' id='par_1_86' title="bbox 200 5594 1792 5668">
     <span class='ocr_line' id='line_1_86' title="bbox 200 5594 1792 5668; baseline 0.007 -19"><span class='ocrx_word' id='word_1_633' title='bbox 200 5610 349 5649; x_wconf 83' lang='lat' dir='ltr'><strong>suum</strong></span> <span class='ocrx_word' id='word_1_634' title='bbox 377 5594 574 5650; x_wconf 79' lang='lat' dir='ltr'><strong>dixerit</strong></span> <span class='ocrx_word' id='word_1_635' title='bbox 592 5595 734 5664; x_wconf 90' lang='lat' dir='ltr'><strong>quod</strong></span> <span class='ocrx_word' id='word_1_636' title='bbox 770 5608 1106 5665; x_wconf 83' lang='lat' dir='ltr'><strong>peccatoretu</strong></span> <span class='ocrx_word' id='word_1_637' title='bbox 1133 5601 1468 5668; x_wconf 89' lang='lat' dir='ltr'><strong>prohibuerit</strong></span> <span class='ocrx_word' id='word_1_638' title='bbox 1496 5603 1640 5659; x_wconf 89' lang='lat' dir='ltr'><strong>Deus</strong></span> <span class='ocrx_word' id='word_1_639' title='bbox 1665 5621 1792 5660; x_wconf 88' lang='lat' dir='ltr'><strong>suas</strong></span> 
     </span>
    </p>
   </div>
   <div class='ocr_carea' id='block_1_87' title="bbox 202 5689 1817 5766">
    <p class='ocr_par' dir='ltr' id='par_1_87' title="bbox 202 5689 1817 5766">
     <span class='ocr_line' id='line_1_87' title="bbox 202 5689 1817 5766; baseline 0.006 -23"><span class='ocrx_word' id='word_1_640' title='bbox 202 5704 451 5744; x_wconf 86' lang='lat' dir='ltr'><strong>enarrare</strong></span> <span class='ocrx_word' id='word_1_641' title='bbox 486 5689 746 5758; x_wconf 85' lang='lat' dir='ltr'><strong>justitias,</strong></span> <span class='ocrx_word' id='word_1_642' title='bbox 793 5690 977 5762; x_wconf 89' lang='lat' dir='ltr'><strong>utique</strong></span> <span class='ocrx_word' id='word_1_643' title='bbox 1027 5691 1145 5761; x_wconf 91' lang='lat' dir='ltr'><strong>ipse</strong></span> <span class='ocrx_word' id='word_1_644' title='bbox 1185 5695 1489 5750; x_wconf 88' lang='lat' dir='ltr'><strong>euarrando</strong></span> <span class='ocrx_word' id='word_1_645' title='bbox 1524 5695 1817 5766; x_wconf 85' lang='lat' dir='ltr'><strong>justitiam&#39;</strong></span> 
     </span>
    </p>
   </div>
   <div class='ocr_carea' id='block_1_88' title="bbox 279 5861 1683 5953">
    <p class='ocr_par' dir='ltr' id='par_1_88' title="bbox 279 5861 1683 5953">
     <span class='ocr_line' id='line_1_88' title="bbox 279 5861 1683 5953; baseline 0.004 -29"><span class='ocrx_word' id='word_1_646' title='bbox 279 5881 299 5905; x_wconf 73' lang='grc' dir='ltr'><strong>ει</strong></span> <span class='ocrx_word' id='word_1_647' title='bbox 339 5870 461 5927; x_wconf 77' lang='lat' dir='ltr'><strong>Mss.</strong></span> <span class='ocrx_word' id='word_1_648' title='bbox 494 5885 604 5926; x_wconf 89' lang='lat' dir='ltr'><strong>non</strong></span> <span class='ocrx_word' id='word_1_649' title='bbox 627 5869 805 5940; x_wconf 86' lang='lat' dir='ltr'><strong>pauci,</strong></span> <span class='ocrx_word' id='word_1_650' title='bbox 832 5861 926 5927; x_wconf 83' lang='lat' dir='ltr'><strong>suo</strong></span> <span class='ocrx_word' id='word_1_651' title='bbox 968 5872 1423 5953; x_wconf 68' lang='lat' dir='ltr'><strong>imputatumrsse</strong></span> <span class='ocrx_word' id='word_1_652' title='bbox 1450 5886 1683 5948; x_wconf 77' lang='lat' dir='ltr'><strong>peccato;</strong></span> 
     </span>
    </p>
   </div>
   <div class='ocr_carea' id='block_1_89' title="bbox 1967 3368 3500 3457">
    <p class='ocr_par' dir='ltr' id='par_1_89' title="bbox 1967 3368 3500 3457">
     <span class='ocr_line' id='line_1_89' title="bbox 1967 3368 3500 3457; baseline 0.015 -35"><span class='ocrx_word' id='word_1_653' title='bbox 1967 3368 2056 3423; x_wconf 79' lang='lat' dir='ltr'><strong>8i.</strong></span> <span class='ocrx_word' id='word_1_654' title='bbox 2102 3369 2292 3424; x_wconf 82' lang='lat' dir='ltr'><strong>Merito</strong></span> <span class='ocrx_word' id='word_1_655' title='bbox 2323 3389 2455 3446; x_wconf 87' lang='lat' dir='ltr'><strong>ergo</strong></span> <span class='ocrx_word' id='word_1_656' title='bbox 2476 3392 2528 3432; x_wconf 88' lang='lat' dir='ltr'><strong>et</strong></span> <span class='ocrx_word' id='word_1_657' title='bbox 2560 3378 2646 3434; x_wconf 90' lang='lat' dir='ltr'><strong>hic</strong></span> <span class='ocrx_word' id='word_1_658' title='bbox 2672 3379 2841 3436; x_wconf 90' lang='lat' dir='ltr'><strong>dicit:</strong></span> <span class='ocrx_word' id='word_1_659' title='bbox 2877 3382 3135 3450; x_wconf 76' lang='lat' dir='ltr'><strong>Quoniam</strong></span> <span class='ocrx_word' id='word_1_660' title='bbox 3161 3387 3206 3440; x_wconf 83' lang='lat' dir='ltr'><strong>si</strong></span> <span class='ocrx_word' id='word_1_661' title='bbox 3232 3388 3500 3457; x_wconf 77' lang='lat' dir='ltr'><strong>voluisses,</strong></span> 
     </span>
    </p>
   </div>
   <div class='ocr_carea' id='block_1_90' title="bbox 1895 3460 3502 3541">
    <p class='ocr_par' dir='ltr' id='par_1_90' title="bbox 1895 3460 3502 3541">
     <span class='ocr_line' id='line_1_90' title="bbox 1895 3460 3502 3541; baseline 0.017 -32"><span class='ocrx_word' id='word_1_662' title='bbox 1895 3460 2212 3530; x_wconf 80' lang='lat' dir='ltr'><strong>sacriﬁcium</strong></span> <span class='ocrx_word' id='word_1_663' title='bbox 2246 3463 2502 3522; x_wconf 83' lang='lat' dir='ltr'><strong>dedissem</strong></span> <span class='ocrx_word' id='word_1_664' title='bbox 2533 3472 2732 3541; x_wconf 84' lang='lat' dir='ltr'><strong>utique,</strong></span> <span class='ocrx_word' id='word_1_665' title='bbox 2781 3474 3094 3532; x_wconf 80' lang='lat' dir='ltr'><strong>holocaustis</strong></span> <span class='ocrx_word' id='word_1_666' title='bbox 3125 3495 3228 3533; x_wconf 85' lang='lat' dir='ltr'><strong>non</strong></span> <span class='ocrx_word' id='word_1_667' title='bbox 3278 3480 3502 3535; x_wconf 73' lang='lat' dir='ltr'><strong>delecta-</strong></span> 
     </span>
    </p>
   </div>
   <div class='ocr_carea' id='block_1_91' title="bbox 1896 3551 3502 3634">
    <p class='ocr_par' dir='ltr' id='par_1_91' title="bbox 1896 3551 3502 3634">
     <span class='ocr_line' id='line_1_91' title="bbox 1896 3551 3502 3634; baseline 0.017 -28"><span class='ocrx_word' id='word_1_668' title='bbox 1896 3551 2050 3608; x_wconf 83' lang='lat' dir='ltr'><strong>beris.</strong></span> <span class='ocrx_word' id='word_1_669' title='bbox 2079 3555 2414 3625; x_wconf 85' lang='lat' dir='ltr'><strong>Sacri/icium</strong></span> <span class='ocrx_word' id='word_1_670' title='bbox 2433 3561 2546 3617; x_wconf 89' lang='lat' dir='ltr'><strong>Deo</strong></span> <span class='ocrx_word' id='word_1_671' title='bbox 2576 3568 2788 3634; x_wconf 77' lang='lat' dir='ltr'><strong>spiritus</strong></span> <span class='ocrx_word' id='word_1_672' title='bbox 2811 3573 3184 3628; x_wconf 84' lang='lat' dir='ltr'><strong>contribulatus</strong></span> <span class='ocrx_word' id='word_1_673' title='bbox 3206 3591 3226 3629; x_wconf 90' lang='lat'><strong>:</strong></span> <span class='ocrx_word' id='word_1_674' title='bbox 3246 3593 3336 3630; x_wconf 88' lang='lat' dir='ltr'><strong>cor</strong></span> <span class='ocrx_word' id='word_1_675' title='bbox 3376 3594 3502 3632; x_wconf 81' lang='lat' dir='ltr'><strong>con-</strong></span> 
     </span>
    </p>
   </div>
   <div class='ocr_carea' id='block_1_92' title="bbox 1896 3648 3502 3739">
    <p class='ocr_par' dir='ltr' id='par_1_92' title="bbox 1896 3648 3502 3739">
     <span class='ocr_line' id='line_1_92' title="bbox 1896 3648 3502 3739; baseline 0.017 -40"><span class='ocrx_word' id='word_1_676' title='bbox 1896 3648 2072 3701; x_wconf 87' lang='lat' dir='ltr'><strong>tritum</strong></span> <span class='ocrx_word' id='word_1_677' title='bbox 2103 3659 2150 3702; x_wconf 86' lang='lat' dir='ltr'><strong>et</strong></span> <span class='ocrx_word' id='word_1_678' title='bbox 2181 3653 2513 3710; x_wconf 77' lang='lat' dir='ltr'><strong>Itumiliatum</strong></span> <span class='ocrx_word' id='word_1_679' title='bbox 2545 3655 2684 3714; x_wconf 88' lang='lat' dir='ltr'><strong>Deus</strong></span> <span class='ocrx_word' id='word_1_680' title='bbox 2739 3678 2840 3716; x_wconf 86' lang='lat' dir='ltr'><strong>non</strong></span> <span class='ocrx_word' id='word_1_681' title='bbox 2893 3669 3087 3734; x_wconf 85' lang='lat' dir='ltr'><strong>spernit</strong></span> <span class='ocrx_word' id='word_1_682' title='bbox 3140 3667 3314 3739; x_wconf 81' lang='lat' dir='ltr'><strong>(Psal.</strong></span> <span class='ocrx_word' id='word_1_683' title='bbox 3347 3685 3397 3734; x_wconf 78' lang='grc' dir='ltr'><strong>ι,</strong></span> <span class='ocrx_word' id='word_1_684' title='bbox 3435 3669 3502 3726; x_wconf 79' lang='grc'><strong>18</strong></span> 
     </span>
    </p>
   </div>
   <div class='ocr_carea' id='block_1_93' title="bbox 1897 3745 3502 3831">
    <p class='ocr_par' dir='ltr' id='par_1_93' title="bbox 1897 3745 3502 3831">
     <span class='ocr_line' id='line_1_93' title="bbox 1897 3745 3502 3831; baseline 0.013 -33"><span class='ocrx_word' id='word_1_685' title='bbox 1897 3751 1952 3798; x_wconf 88' lang='lat' dir='ltr'><strong>et</strong></span> <span class='ocrx_word' id='word_1_686' title='bbox 1976 3745 2090 3810; x_wconf 82' lang='grc'><strong>19).</strong></span> <span class='ocrx_word' id='word_1_687' title='bbox 2116 3746 2183 3800; x_wconf 86' lang='grc' dir='ltr'><strong>Ει</strong></span> <span class='ocrx_word' id='word_1_688' title='bbox 2209 3750 2350 3802; x_wconf 87' lang='lat' dir='ltr'><strong>sicut</strong></span> <span class='ocrx_word' id='word_1_689' title='bbox 2379 3766 2539 3821; x_wconf 85' lang='lat' dir='ltr'><strong>supra</strong></span> <span class='ocrx_word' id='word_1_690' title='bbox 2573 3753 2704 3819; x_wconf 72' lang='lat' dir='ltr'><strong>dixi,</strong></span> <span class='ocrx_word' id='word_1_691' title='bbox 2731 3767 2939 3813; x_wconf 91' lang='lat' dir='ltr'><strong>certum</strong></span> <span class='ocrx_word' id='word_1_692' title='bbox 2974 3771 3056 3816; x_wconf 84' lang='lat' dir='ltr'><strong>est</strong></span> <span class='ocrx_word' id='word_1_693' title='bbox 3079 3764 3338 3831; x_wconf 79' lang='lat' dir='ltr'><strong>mysterio</strong></span> <span class='ocrx_word' id='word_1_694' title='bbox 3368 3779 3502 3819; x_wconf 90' lang='lat' dir='ltr'><strong>con-</strong></span> 
     </span>
    </p>
   </div>
   <div class='ocr_carea' id='block_1_94' title="bbox 1896 3839 3500 3926">
    <p class='ocr_par' dir='ltr' id='par_1_94' title="bbox 1896 3839 3500 3926">
     <span class='ocr_line' id='line_1_94' title="bbox 1896 3839 3500 3926; baseline 0.016 -38"><span class='ocrx_word' id='word_1_695' title='bbox 1896 3839 2083 3893; x_wconf 90' lang='lat' dir='ltr'><strong>venire</strong></span> <span class='ocrx_word' id='word_1_696' title='bbox 2105 3840 2244 3908; x_wconf 90' lang='lat' dir='ltr'><strong>quod</strong></span> <span class='ocrx_word' id='word_1_697' title='bbox 2279 3841 2394 3912; x_wconf 78' lang='lat' dir='ltr'><strong>ipse</strong></span> <span class='ocrx_word' id='word_1_698' title='bbox 2426 3845 2684 3902; x_wconf 86' lang='lat' dir='ltr'><strong>Dominus</strong></span> <span class='ocrx_word' id='word_1_699' title='bbox 2712 3848 2870 3906; x_wconf 86' lang='lat' dir='ltr'><strong>Jesus</strong></span> <span class='ocrx_word' id='word_1_700' title='bbox 2916 3853 3135 3909; x_wconf 82' lang='lat' dir='ltr'><strong>videtur</strong></span> <span class='ocrx_word' id='word_1_701' title='bbox 3168 3856 3253 3910; x_wconf 91' lang='lat' dir='ltr'><strong>hic</strong></span> <span class='ocrx_word' id='word_1_702' title='bbox 3280 3871 3500 3926; x_wconf 89' lang='lat' dir='ltr'><strong>quoque</strong></span> 
     </span>
    </p>
   </div>
   <div class='ocr_carea' id='block_1_95' title="bbox 1897 3939 3501 4019">
    <p class='ocr_par' dir='ltr' id='par_1_95' title="bbox 1897 3939 3501 4019">
     <span class='ocr_line' id='line_1_95' title="bbox 1897 3939 3501 4019; baseline 0.014 -35"><span class='ocrx_word' id='word_1_703' title='bbox 1897 3946 1963 3985; x_wconf 80' lang='lat' dir='ltr'><strong>ex</strong></span> <span class='ocrx_word' id='word_1_704' title='bbox 1996 3948 2092 3986; x_wconf 89' lang='lat' dir='ltr'><strong>sua</strong></span> <span class='ocrx_word' id='word_1_705' title='bbox 2127 3950 2355 4003; x_wconf 86' lang='lat' dir='ltr'><strong>persona</strong></span> <span class='ocrx_word' id='word_1_706' title='bbox 2378 3939 2543 4010; x_wconf 88' lang='lat' dir='ltr'><strong>loqui,</strong></span> <span class='ocrx_word' id='word_1_707' title='bbox 2565 3943 2652 4011; x_wconf 91' lang='lat' dir='ltr'><strong>qui</strong></span> <span class='ocrx_word' id='word_1_708' title='bbox 2680 3945 2929 4011; x_wconf 87' lang='lat' dir='ltr'><strong>superius</strong></span> <span class='ocrx_word' id='word_1_709' title='bbox 2949 3948 3080 4002; x_wconf 91' lang='lat' dir='ltr'><strong>illud</strong></span> <span class='ocrx_word' id='word_1_710' title='bbox 3108 3964 3353 4019; x_wconf 75' lang='lat' dir='ltr'><strong>personm</strong></span> <span class='ocrx_word' id='word_1_711' title='bbox 3384 3967 3501 4007; x_wconf 60' lang='lat' dir='ltr'><strong>sua;</strong></span> 
     </span>
    </p>
   </div>
   <div class='ocr_carea' id='block_1_96' title="bbox 1896 4027 3500 4112">
    <p class='ocr_par' dir='ltr' id='par_1_96' title="bbox 1896 4027 3500 4112">
     <span class='ocr_line' id='line_1_96' title="bbox 1896 4027 3500 4112; baseline 0.013 -32"><span class='ocrx_word' id='word_1_712' title='bbox 1896 4027 2132 4082; x_wconf 89' lang='lat' dir='ltr'><strong>evidenti</strong></span> <span class='ocrx_word' id='word_1_713' title='bbox 2162 4031 2543 4090; x_wconf 78' lang='lat' dir='ltr'><strong>testiﬁcatione</strong></span> <span class='ocrx_word' id='word_1_714' title='bbox 2590 4036 2944 4107; x_wconf 86' lang='lat' dir='ltr'><strong>deprompsit.</strong></span> <span class='ocrx_word' id='word_1_715' title='bbox 3000 4041 3118 4112; x_wconf 84' lang='lat' dir='ltr'><strong>Ipse</strong></span> <span class='ocrx_word' id='word_1_716' title='bbox 3162 4043 3306 4098; x_wconf 90' lang='lat' dir='ltr'><strong>enim</strong></span> <span class='ocrx_word' id='word_1_717' title='bbox 3336 4060 3500 4101; x_wconf 87' lang='lat' dir='ltr'><strong>verus</strong></span> 
     </span>
    </p>
   </div>
   <div class='ocr_carea' id='block_1_97' title="bbox 1898 4118 3497 4208">
    <p class='ocr_par' dir='ltr' id='par_1_97' title="bbox 1898 4118 3497 4208">
     <span class='ocr_line' id='line_1_97' title="bbox 1898 4118 3497 4208; baseline 0.013 -36"><span class='ocrx_word' id='word_1_718' title='bbox 1898 4118 2089 4187; x_wconf 83' lang='lat' dir='ltr'><strong>David,</strong></span> <span class='ocrx_word' id='word_1_719' title='bbox 2125 4140 2284 4178; x_wconf 88' lang='lat' dir='ltr'><strong>manu</strong></span> <span class='ocrx_word' id='word_1_720' title='bbox 2318 4126 2492 4193; x_wconf 79' lang='lat' dir='ltr'><strong>fortis,</strong></span> <span class='ocrx_word' id='word_1_721' title='bbox 2519 4146 2675 4184; x_wconf 87' lang='lat' dir='ltr'><strong>verus</strong></span> <span class='ocrx_word' id='word_1_722' title='bbox 2707 4131 2945 4196; x_wconf 89' lang='lat' dir='ltr'><strong>humilis,</strong></span> <span class='ocrx_word' id='word_1_723' title='bbox 2969 4142 3129 4205; x_wconf 87' lang='lat' dir='ltr'><strong>atque</strong></span> <span class='ocrx_word' id='word_1_724' title='bbox 3158 4149 3497 4208; x_wconf 89' lang='lat' dir='ltr'><strong>mansuetus,</strong></span> 
     </span>
    </p>
   </div>
   <div class='ocr_carea' id='block_1_98' title="bbox 1900 4213 3501 4296">
    <p class='ocr_par' dir='ltr' id='par_1_98' title="bbox 1900 4213 3501 4296">
     <span class='ocr_line' id='line_1_98' title="bbox 1900 4213 3501 4296; baseline 0.014 -32"><span class='ocrx_word' id='word_1_725' title='bbox 1900 4213 2104 4278; x_wconf 85' lang='lat' dir='ltr'><strong>primus</strong></span> <span class='ocrx_word' id='word_1_726' title='bbox 2131 4225 2187 4269; x_wconf 92' lang='lat' dir='ltr'><strong>et</strong></span> <span class='ocrx_word' id='word_1_727' title='bbox 2211 4218 2556 4286; x_wconf 71' lang='lat' dir='ltr'><strong>noviSsimus,</strong></span> <span class='ocrx_word' id='word_1_728' title='bbox 2588 4223 2892 4278; x_wconf 75' lang='lat' dir='ltr'><strong>teteruitate</strong></span> <span class='ocrx_word' id='word_1_729' title='bbox 2923 4227 3157 4296; x_wconf 91' lang='lat' dir='ltr'><strong>primus,</strong></span> <span class='ocrx_word' id='word_1_730' title='bbox 3197 4229 3342 4284; x_wconf 90' lang='lat' dir='ltr'><strong>humi</strong></span> <span class='ocrx_word' id='word_1_731' title='bbox 3371 4230 3501 4286; x_wconf 82' lang='lat' dir='ltr'><strong>itate</strong></span> 
     </span>
    </p>
   </div>
   <div class='ocr_carea' id='block_1_99' title="bbox 1899 4304 3500 4397">
    <p class='ocr_par' dir='ltr' id='par_1_99' title="bbox 1899 4304 3500 4397">
     <span class='ocr_line' id='line_1_99' title="bbox 1899 4304 3500 4397; baseline 0.014 -38"><span class='ocrx_word' id='word_1_732' title='bbox 1899 4304 2126 4363; x_wconf 89' lang='lat' dir='ltr'><strong>ultimus</strong></span> <span class='ocrx_word' id='word_1_733' title='bbox 2173 4325 2188 4364; x_wconf 90' lang='lat'><strong>:</strong></span> <span class='ocrx_word' id='word_1_734' title='bbox 2233 4326 2328 4380; x_wconf 88' lang='lat' dir='ltr'><strong>per</strong></span> <span class='ocrx_word' id='word_1_735' title='bbox 2353 4314 2505 4384; x_wconf 91' lang='lat' dir='ltr'><strong>cujus</strong></span> <span class='ocrx_word' id='word_1_736' title='bbox 2567 4317 2930 4375; x_wconf 86' lang='lat' dir='ltr'><strong>obedientiam</strong></span> <span class='ocrx_word' id='word_1_737' title='bbox 3009 4324 3224 4379; x_wconf 82' lang='lat' dir='ltr'><strong>humani</strong></span> <span class='ocrx_word' id='word_1_738' title='bbox 3281 4327 3500 4397; x_wconf 83' lang='lat' dir='ltr'><strong>generis</strong></span> 
     </span>
    </p>
   </div>
   <div class='ocr_carea' id='block_1_100' title="bbox 1896 4399 3500 4487">
    <p class='ocr_par' dir='ltr' id='par_1_100' title="bbox 1896 4399 3500 4487">
     <span class='ocr_line' id='line_1_100' title="bbox 1896 4399 3500 4487; baseline 0.014 -35"><span class='ocrx_word' id='word_1_739' title='bbox 1896 4399 2048 4468; x_wconf 89' lang='lat' dir='ltr'><strong>culpa</strong></span> <span class='ocrx_word' id='word_1_740' title='bbox 2077 4400 2281 4468; x_wconf 86' lang='lat' dir='ltr'><strong>deleta,</strong></span> <span class='ocrx_word' id='word_1_741' title='bbox 2308 4406 2484 4462; x_wconf 76' lang='lat' dir='ltr'><strong>refusa</strong></span> <span class='ocrx_word' id='word_1_742' title='bbox 2505 4407 2716 4478; x_wconf 90' lang='lat' dir='ltr'><strong>justitia</strong></span> <span class='ocrx_word' id='word_1_743' title='bbox 2742 4421 2844 4466; x_wconf 85' lang='lat' dir='ltr'><strong>est.</strong></span> <span class='ocrx_word' id='word_1_744' title='bbox 2879 4413 2998 4483; x_wconf 90' lang='lat' dir='ltr'><strong>Ipse</strong></span> <span class='ocrx_word' id='word_1_745' title='bbox 3019 4457 3033 4482; x_wconf 96' lang='lat'><strong>,</strong></span> <span class='ocrx_word' id='word_1_746' title='bbox 3065 4416 3305 4487; x_wconf 78' lang='lat' dir='ltr'><strong>inquam,</strong></span> <span class='ocrx_word' id='word_1_747' title='bbox 3339 4419 3500 4475; x_wconf 81' lang='lat' dir='ltr'><strong>Jesus</strong></span> 
     </span>
    </p>
   </div>
   <div class='ocr_carea' id='block_1_101' title="bbox 1897 4494 3501 4575">
    <p class='ocr_par' dir='ltr' id='par_1_101' title="bbox 1897 4494 3501 4575">
     <span class='ocr_line' id='line_1_101' title="bbox 1897 4494 3501 4575; baseline 0.013 -29"><span class='ocrx_word' id='word_1_748' title='bbox 1897 4494 2102 4549; x_wconf 74' lang='lat' dir='ltr'><strong>umbra:</strong></span> <span class='ocrx_word' id='word_1_749' title='bbox 2135 4497 2256 4552; x_wconf 89' lang='lat' dir='ltr'><strong>linis</strong></span> <span class='ocrx_word' id='word_1_750' title='bbox 2287 4509 2338 4553; x_wconf 91' lang='lat' dir='ltr'><strong>et</strong></span> <span class='ocrx_word' id='word_1_751' title='bbox 2371 4499 2530 4570; x_wconf 85' lang='lat' dir='ltr'><strong>Legis</strong></span> <span class='ocrx_word' id='word_1_752' title='bbox 2561 4545 2574 4565; x_wconf 89' lang='lat'><strong>,</strong></span> <span class='ocrx_word' id='word_1_753' title='bbox 2622 4505 2835 4559; x_wconf 89' lang='lat' dir='ltr'><strong>advenit</strong></span> <span class='ocrx_word' id='word_1_754' title='bbox 2889 4507 3208 4564; x_wconf 87' lang='lat' dir='ltr'><strong>humilitatis</strong></span> <span class='ocrx_word' id='word_1_755' title='bbox 3240 4514 3501 4575; x_wconf 75' lang='lat' dir='ltr'><strong>magister</strong></span> 
     </span>
    </p>
   </div>
   <div class='ocr_carea' id='block_1_102' title="bbox 1895 4584 3497 4662">
    <p class='ocr_par' dir='ltr' id='par_1_102' title="bbox 1895 4584 3497 4662">
     <span class='ocr_line' id='line_1_102' title="bbox 1895 4584 3497 4662; baseline 0.012 -22"><span class='ocrx_word' id='word_1_756' title='bbox 1895 4584 2094 4644; x_wconf 89' lang='lat' dir='ltr'><strong>docere</strong></span> <span class='ocrx_word' id='word_1_757' title='bbox 2123 4592 2388 4660; x_wconf 88' lang='lat' dir='ltr'><strong>superbos</strong></span> <span class='ocrx_word' id='word_1_758' title='bbox 2414 4610 2599 4662; x_wconf 89' lang='lat' dir='ltr'><strong>sensu,</strong></span> <span class='ocrx_word' id='word_1_759' title='bbox 2625 4608 2679 4651; x_wconf 84' lang='lat' dir='ltr'><strong>et</strong></span> <span class='ocrx_word' id='word_1_760' title='bbox 2721 4611 2930 4656; x_wconf 85' lang='lat' dir='ltr'><strong>tumore</strong></span> <span class='ocrx_word' id='word_1_761' title='bbox 2974 4603 3153 4658; x_wconf 75' lang='lat' dir='ltr'><strong>cordis</strong></span> <span class='ocrx_word' id='word_1_762' title='bbox 3187 4604 3403 4660; x_wconf 67' lang='lat' dir='ltr'><strong>inﬂatos</strong></span> <span class='ocrx_word' id='word_1_763' title='bbox 3429 4607 3497 4660; x_wconf 89' lang='lat' dir='ltr'><strong>ad</strong></span> 
     </span>
    </p>
   </div>
   <div class='ocr_carea' id='block_1_103' title="bbox 1610 4651 3494 4764">
    <p class='ocr_par' dir='ltr' id='par_1_103' title="bbox 1610 4651 3494 4764">
     <span class='ocr_line' id='line_1_103' title="bbox 1610 4651 3494 4764; baseline 0.001 -14"><span class='ocrx_word' id='word_1_764' title='bbox 1610 4651 1789 4764; x_wconf 53' lang='grc' dir='ltr'><strong>ξῗτηῗ</strong></span> <span class='ocrx_word' id='word_1_765' title='bbox 1817 4687 1871 4748; x_wconf 88' lang='grc' dir='ltr'><strong>Ι)</strong></span> <span class='ocrx_word' id='word_1_766' title='bbox 1897 4685 2366 4742; x_wconf 61' lang='lat' dir='ltr'><strong>mansuetudinem</strong></span> <span class='ocrx_word' id='word_1_767' title='bbox 2414 4695 2470 4740; x_wconf 83' lang='lat' dir='ltr'><strong>et</strong></span> <span class='ocrx_word' id='word_1_768' title='bbox 2514 4689 2915 4758; x_wconf 74' lang='lat' dir='ltr'><strong>simplicitatem</strong></span> <span class='ocrx_word' id='word_1_769' title='bbox 2953 4709 3077 4749; x_wconf 85' lang='lat' dir='ltr'><strong>esse</strong></span> <span class='ocrx_word' id='word_1_770' title='bbox 3131 4697 3494 4764; x_wconf 85' lang='lat' dir='ltr'><strong>migrandum.</strong></span> 
     </span>
    </p>
   </div>
   <div class='ocr_carea' id='block_1_104' title="bbox 1893 4773 3498 4859">
    <p class='ocr_par' dir='ltr' id='par_1_104' title="bbox 1893 4773 3498 4859">
     <span class='ocr_line' id='line_1_104' title="bbox 1893 4773 3498 4859; baseline 0.012 -34"><span class='ocrx_word' id='word_1_771' title='bbox 1893 4773 2178 4839; x_wconf 78' lang='lat' dir='ltr'><strong>Quomodo</strong></span> <span class='ocrx_word' id='word_1_772' title='bbox 2211 4777 2370 4846; x_wconf 80' lang='lat' dir='ltr'><strong>igitur</strong></span> <span class='ocrx_word' id='word_1_773' title='bbox 2424 4780 2475 4835; x_wconf 92' lang='lat' dir='ltr'><strong>in</strong></span> <span class='ocrx_word' id='word_1_774' title='bbox 2507 4791 2634 4853; x_wconf 78' lang='lat' dir='ltr'><strong>typo</strong></span> <span class='ocrx_word' id='word_1_775' title='bbox 2663 4792 2781 4855; x_wconf 86' lang='lat' dir='ltr'><strong>ejus</strong></span> <span class='ocrx_word' id='word_1_776' title='bbox 2810 4789 3052 4859; x_wconf 67' lang='lat' dir='ltr'><strong>mysterii</strong></span> <span class='ocrx_word' id='word_1_777' title='bbox 3086 4805 3360 4856; x_wconf 86' lang='lat' dir='ltr'><strong>peccatum</strong></span> <span class='ocrx_word' id='word_1_778' title='bbox 3396 4791 3498 4845; x_wconf 85' lang='lat' dir='ltr'><strong>itit-</strong></span> 
     </span>
    </p>
   </div>
   <div class='ocr_carea' id='block_1_105' title="bbox 1897 4866 3499 4950">
    <p class='ocr_par' dir='ltr' id='par_1_105' title="bbox 1897 4866 3499 4950">
     <span class='ocr_line' id='line_1_105' title="bbox 1897 4866 3499 4950; baseline 0.013 -32"><span class='ocrx_word' id='word_1_779' title='bbox 1897 4866 2071 4934; x_wconf 89' lang='lat' dir='ltr'><strong>putari</strong></span> <span class='ocrx_word' id='word_1_780' title='bbox 2102 4880 2304 4937; x_wconf 82' lang='lat' dir='ltr'><strong>poteSI,</strong></span> <span class='ocrx_word' id='word_1_781' title='bbox 2335 4886 2454 4926; x_wconf 93' lang='lat' dir='ltr'><strong>cum</strong></span> <span class='ocrx_word' id='word_1_782' title='bbox 2491 4875 2541 4928; x_wconf 90' lang='lat' dir='ltr'><strong>in</strong></span> <span class='ocrx_word' id='word_1_783' title='bbox 2576 4877 2692 4943; x_wconf 91' lang='lat' dir='ltr'><strong>ipso</strong></span> <span class='ocrx_word' id='word_1_784' title='bbox 2724 4880 2982 4950; x_wconf 77' lang='lat' dir='ltr'><strong>mysterio</strong></span> <span class='ocrx_word' id='word_1_785' title='bbox 3012 4883 3082 4936; x_wconf 89' lang='lat' dir='ltr'><strong>sit</strong></span> <span class='ocrx_word' id='word_1_786' title='bbox 3104 4881 3351 4936; x_wconf 55' lang='lat' dir='ltr'><strong>rrmissio</strong></span> <span class='ocrx_word' id='word_1_787' title='bbox 3377 4897 3499 4950; x_wconf 87' lang='lat' dir='ltr'><strong>pec-</strong></span> 
     </span>
    </p>
   </div>
   <div class='ocr_carea' id='block_1_106' title="bbox 1893 4958 3495 5039">
    <p class='ocr_par' dir='ltr' id='par_1_106' title="bbox 1893 4958 3495 5039">
     <span class='ocr_line' id='line_1_106' title="bbox 1893 4958 3495 5039; baseline 0.01 -30"><span class='ocrx_word' id='word_1_788' title='bbox 1893 4967 2176 5016; x_wconf 81' lang='lat' dir='ltr'><strong>catorum?</strong></span> <span class='ocrx_word' id='word_1_789' title='bbox 2226 4958 2337 5016; x_wconf 83' lang='lat' dir='ltr'><strong>Nisi</strong></span> <span class='ocrx_word' id='word_1_790' title='bbox 2379 4961 2518 5020; x_wconf 82' lang='lat' dir='ltr'><strong>forte</strong></span> <span class='ocrx_word' id='word_1_791' title='bbox 2561 4965 2683 5022; x_wconf 89' lang='lat' dir='ltr'><strong>ideo</strong></span> <span class='ocrx_word' id='word_1_792' title='bbox 2729 4970 2892 5024; x_wconf 89' lang='lat' dir='ltr'><strong>David</strong></span> <span class='ocrx_word' id='word_1_793' title='bbox 2930 4971 3264 5039; x_wconf 88' lang='lat' dir='ltr'><strong>iniquitatem</strong></span> <span class='ocrx_word' id='word_1_794' title='bbox 3308 4987 3495 5036; x_wconf 87' lang='lat' dir='ltr'><strong>suam,</strong></span> 
     </span>
    </p>
   </div>
   <div class='ocr_carea' id='block_1_107' title="bbox 1897 5057 3497 5135">
    <p class='ocr_par' dir='ltr' id='par_1_107' title="bbox 1897 5057 3497 5135">
     <span class='ocr_line' id='line_1_107' title="bbox 1897 5057 3497 5135; baseline 0.015 -37"><span class='ocrx_word' id='word_1_795' title='bbox 1897 5059 2284 5122; x_wconf 82' lang='lat' dir='ltr'><strong>peccatumque</strong></span> <span class='ocrx_word' id='word_1_796' title='bbox 2325 5057 2610 5115; x_wconf 78' lang='lat' dir='ltr'><strong>confessus</strong></span> <span class='ocrx_word' id='word_1_797' title='bbox 2646 5071 2730 5117; x_wconf 89' lang='lat' dir='ltr'><strong>est</strong></span> <span class='ocrx_word' id='word_1_798' title='bbox 2758 5064 2876 5132; x_wconf 85' lang='lat' dir='ltr'><strong>ejus</strong></span> <span class='ocrx_word' id='word_1_799' title='bbox 2919 5064 3175 5130; x_wconf 85' lang='lat' dir='ltr'><strong>admissi;</strong></span> <span class='ocrx_word' id='word_1_800' title='bbox 3212 5077 3266 5118; x_wconf 89' lang='lat' dir='ltr'><strong>ut</strong></span> <span class='ocrx_word' id='word_1_801' title='bbox 3297 5074 3354 5119; x_wconf 87' lang='lat' dir='ltr'><strong>et</strong></span> <span class='ocrx_word' id='word_1_802' title='bbox 3382 5067 3497 5135; x_wconf 89' lang='lat' dir='ltr'><strong>ipse</strong></span> 
     </span>
    </p>
   </div>
   <div class='ocr_carea' id='block_1_108' title="bbox 1901 5140 3502 5228">
    <p class='ocr_par' dir='ltr' id='par_1_108' title="bbox 1901 5140 3502 5228">
     <span class='ocr_line' id='line_1_108' title="bbox 1901 5140 3502 5228; baseline 0.013 -35"><span class='ocrx_word' id='word_1_803' title='bbox 1901 5140 1966 5196; x_wconf 90' lang='lat' dir='ltr'><strong>ad</strong></span> <span class='ocrx_word' id='word_1_804' title='bbox 1999 5143 2374 5204; x_wconf 85' lang='lat' dir='ltr'><strong>remissionem</strong></span> <span class='ocrx_word' id='word_1_805' title='bbox 2409 5156 2644 5221; x_wconf 86' lang='lat' dir='ltr'><strong>peccati,</strong></span> <span class='ocrx_word' id='word_1_806' title='bbox 2697 5168 2750 5211; x_wconf 92' lang='lat' dir='ltr'><strong>et</strong></span> <span class='ocrx_word' id='word_1_807' title='bbox 2776 5159 3002 5228; x_wconf 82' lang='lat' dir='ltr'><strong>gratiam</strong></span> <span class='ocrx_word' id='word_1_808' title='bbox 3044 5158 3286 5228; x_wconf 87' lang='lat' dir='ltr'><strong>mysterii</strong></span> <span class='ocrx_word' id='word_1_809' title='bbox 3335 5160 3502 5227; x_wconf 85' lang='lat' dir='ltr'><strong>perti-</strong></span> 
     </span>
    </p>
   </div>
   <div class='ocr_carea' id='block_1_109' title="bbox 1896 5248 2071 5294">
    <p class='ocr_par' dir='ltr' id='par_1_109' title="bbox 1896 5248 2071 5294">
     <span class='ocr_line' id='line_1_109' title="bbox 1896 5248 2071 5294; baseline 0.006 -2"><span class='ocrx_word' id='word_1_810' title='bbox 1896 5248 2071 5294; x_wconf 86' lang='lat' dir='ltr'><strong>neret.</strong></span> 
     </span>
    </p>
   </div>
   <div class='ocr_carea' id='block_1_110' title="bbox 1965 5333 3499 5418">
    <p class='ocr_par' dir='ltr' id='par_1_110' title="bbox 1965 5333 3499 5418">
     <span class='ocr_line' id='line_1_110' title="bbox 1965 5333 3499 5418; baseline 0.01 -29"><span class='ocrx_word' id='word_1_811' title='bbox 1965 5333 2058 5388; x_wconf 77' lang='lat'><strong>82.</strong></span> <span class='ocrx_word' id='word_1_812' title='bbox 2093 5335 2224 5392; x_wconf 87' lang='lat' dir='ltr'><strong>Nam</strong></span> <span class='ocrx_word' id='word_1_813' title='bbox 2241 5341 2367 5411; x_wconf 90' lang='lat' dir='ltr'><strong>quid</strong></span> <span class='ocrx_word' id='word_1_814' title='bbox 2388 5344 2488 5398; x_wconf 92' lang='lat' dir='ltr'><strong>sibi</strong></span> <span class='ocrx_word' id='word_1_815' title='bbox 2507 5344 2770 5415; x_wconf 89' lang='lat' dir='ltr'><strong>vultquod</strong></span> <span class='ocrx_word' id='word_1_816' title='bbox 2788 5349 2869 5400; x_wconf 90' lang='lat' dir='ltr'><strong>vir</strong></span> <span class='ocrx_word' id='word_1_817' title='bbox 2896 5356 3175 5418; x_wconf 79' lang='lat' dir='ltr'><strong>peccatum</strong></span> <span class='ocrx_word' id='word_1_818' title='bbox 3195 5362 3349 5400; x_wconf 88' lang='lat' dir='ltr'><strong>suum</strong></span> <span class='ocrx_word' id='word_1_819' title='bbox 3365 5361 3499 5404; x_wconf 86' lang='lat' dir='ltr'><strong>con-</strong></span> 
     </span>
    </p>
   </div>
   <div class='ocr_carea' id='block_1_111' title="bbox 1895 5423 3498 5508">
    <p class='ocr_par' dir='ltr' id='par_1_111' title="bbox 1895 5423 3498 5508">
     <span class='ocr_line' id='line_1_111' title="bbox 1895 5423 3498 5508; baseline 0.008 -29"><span class='ocrx_word' id='word_1_820' title='bbox 1895 5423 2077 5493; x_wconf 81' lang='lat' dir='ltr'><strong>ﬁtens,</strong></span> <span class='ocrx_word' id='word_1_821' title='bbox 2108 5429 2175 5484; x_wconf 88' lang='lat' dir='ltr'><strong>de</strong></span> <span class='ocrx_word' id='word_1_822' title='bbox 2203 5431 2332 5487; x_wconf 84' lang='lat' dir='ltr'><strong>Sinti</strong></span> <span class='ocrx_word' id='word_1_823' title='bbox 2371 5445 2424 5489; x_wconf 89' lang='lat' dir='ltr'><strong>et</strong></span> <span class='ocrx_word' id='word_1_824' title='bbox 2447 5436 2781 5490; x_wconf 85' lang='lat' dir='ltr'><strong>Hierusalem</strong></span> <span class='ocrx_word' id='word_1_825' title='bbox 2805 5437 3185 5506; x_wconf 82' lang='lat' dir='ltr'><strong>psallitdiceus</strong></span> <span class='ocrx_word' id='word_1_826' title='bbox 3213 5456 3223 5487; x_wconf 73' lang='grc' dir='ltr'>ε</span> <span class='ocrx_word' id='word_1_827' title='bbox 3253 5437 3498 5508; x_wconf 72' lang='lat' dir='ltr'><strong>Beitctac,</strong></span> 
     </span>
    </p>
   </div>
   <div class='ocr_carea' id='block_1_112' title="bbox 1901 5517 3502 5594">
    <p class='ocr_par' dir='ltr' id='par_1_112' title="bbox 1901 5517 3502 5594">
     <span class='ocr_line' id='line_1_112' title="bbox 1901 5517 3502 5594; baseline 0.01 -25"><span class='ocrx_word' id='word_1_828' title='bbox 1901 5517 2141 5586; x_wconf 86' lang='lat' dir='ltr'><strong>Domine,</strong></span> <span class='ocrx_word' id='word_1_829' title='bbox 2187 5524 2241 5577; x_wconf 84' lang='lat' dir='ltr'><strong>in</strong></span> <span class='ocrx_word' id='word_1_830' title='bbox 2269 5524 2401 5580; x_wconf 86' lang='lat' dir='ltr'><strong>bona</strong></span> <span class='ocrx_word' id='word_1_831' title='bbox 2442 5529 2703 5581; x_wconf 76' lang='lat' dir='ltr'><strong>voluntate</strong></span> <span class='ocrx_word' id='word_1_832' title='bbox 2751 5538 2840 5581; x_wconf 87' lang='lat' dir='ltr'><strong>tua</strong></span> <span class='ocrx_word' id='word_1_833' title='bbox 2870 5529 2999 5583; x_wconf 85' lang='lat' dir='ltr'><strong>Sion</strong></span> <span class='ocrx_word' id='word_1_834' title='bbox 3023 5570 3036 5590; x_wconf 95' lang='lat'><strong>,</strong></span> <span class='ocrx_word' id='word_1_835' title='bbox 3072 5539 3127 5582; x_wconf 88' lang='lat' dir='ltr'><strong>ut</strong></span> <span class='ocrx_word' id='word_1_836' title='bbox 3178 5529 3502 5594; x_wconf 64' lang='lat' dir='ltr'><strong>a’dt/icentur</strong></span> 
     </span>
    </p>
   </div>
   <div class='ocr_carea' id='block_1_113' title="bbox 1895 5613 3499 5692">
    <p class='ocr_par' dir='ltr' id='par_1_113' title="bbox 1895 5613 3499 5692">
     <span class='ocr_line' id='line_1_113' title="bbox 1895 5613 3499 5692; baseline 0.013 -31"><span class='ocrx_word' id='word_1_837' title='bbox 1895 5613 2034 5665; x_wconf 88' lang='lat' dir='ltr'><strong>muri</strong></span> <span class='ocrx_word' id='word_1_838' title='bbox 2077 5613 2408 5671; x_wconf 82' lang='lat' dir='ltr'><strong>Hierusalem</strong></span> <span class='ocrx_word' id='word_1_839' title='bbox 2434 5618 2621 5691; x_wconf 83' lang='lat' dir='ltr'><strong>(lbid.,</strong></span> <span class='ocrx_word' id='word_1_840' title='bbox 2667 5621 2800 5691; x_wconf 66' lang='lat'><strong>99);</strong></span> <span class='ocrx_word' id='word_1_841' title='bbox 2837 5624 2938 5676; x_wconf 86' lang='lat' dir='ltr'><strong>nisi</strong></span> <span class='ocrx_word' id='word_1_842' title='bbox 2971 5624 3092 5692; x_wconf 89' lang='lat' dir='ltr'><strong>quia</strong></span> <span class='ocrx_word' id='word_1_843' title='bbox 3121 5625 3415 5678; x_wconf 78' lang='lat' dir='ltr'><strong>accelerari</strong></span> <span class='ocrx_word' id='word_1_844' title='bbox 3444 5627 3499 5682; x_wconf 89' lang='lat' dir='ltr'><strong>ei</strong></span> 
     </span>
    </p>
   </div>
   <div class='ocr_carea' id='block_1_114' title="bbox 1897 5703 3505 5786">
    <p class='ocr_par' dir='ltr' id='par_1_114' title="bbox 1897 5703 3505 5786">
     <span class='ocr_line' id='line_1_114' title="bbox 1897 5703 3505 5786; baseline 0.011 -29"><span class='ocrx_word' id='word_1_845' title='bbox 1897 5703 2078 5772; x_wconf 86' lang='lat' dir='ltr'><strong>placet</strong></span> <span class='ocrx_word' id='word_1_846' title='bbox 2102 5707 2359 5762; x_wconf 68' lang='lat' dir='ltr'><strong>Ecclesia:</strong></span> <span class='ocrx_word' id='word_1_847' title='bbox 2377 5712 2850 5780; x_wconf 78' lang='lat' dir='ltr'><strong>congregationem</strong></span> <span class='ocrx_word' id='word_1_848' title='bbox 2873 5729 2974 5785; x_wconf 90' lang='lat' dir='ltr'><strong>per</strong></span> <span class='ocrx_word' id='word_1_849' title='bbox 3003 5715 3342 5769; x_wconf 83' lang='lat' dir='ltr'><strong>vocationem</strong></span> <span class='ocrx_word' id='word_1_850' title='bbox 3368 5731 3505 5786; x_wconf 68' lang='lat' dir='ltr'><strong>gen~</strong></span> 
     </span>
    </p>
   </div>
  </div>
