4042 6378
535 259 643 316 885

1873 257 2124 327 SANCTI
2163 259 2486 330 Αῃηιιοςη

3781 283 3864 338 Si“

533 373 708 440 tium;
745 390 864 446 quae
889 393 996 431 non
1025 379 1235 433 ancillas
1263 379 1396 444 ﬁlii,
1433 380 1528 434 Sed
1559 381 1742 436 liberatl
1767 381 2130 450 Hierusalem,
2161 397 2206 456 Α
2237 391 2505 461 patiuntur
2555 401 2762 464 propter
2799 395 3066 466 justitiam
3109 396 3346 466 (Matth.
3405 411 3464 462 ν,
3507 397 3624 468 10).
3674 395 3864 456 Justiris

541 467 712 534 illius,
743 485 862 539 qua)
909 471 960 525 in
979 471 1119 526 caelo
1141 483 1241 536 est,
1265 473 1390 528 ﬁdei
1403 489 1515 529 suae
1541 476 1846 544 prosapiam
1865 485 1980 532 toto
2003 479 2135 535 orbe

537 561 866 620 diffunderet
913 573 970 620 et
1003 566 1328 636 spiritalium
1367 579 1518 638 septa
1565 585 1840 624 tutu-orum
1871 571 2136 630 doctrinae

541 656 854 724 apostolicae
875 657 1134 714 fundaret
1159 661 1504 716 assertione?

606 747 696 802 83.
739 747 876 803 Muri
927 751 1110 820 itaque
1147 752 1490 808 Hierusalem
1524 753 1646 810 ﬁdei
1699 757 2138 827 propugnacula,

535 837 962 909 disputationum
1009 844 1342 900 ninnimenta
1366 889 1380 912 ,
1433 848 1690 902 virtutum
1721 849 1960 904 culmina
1983 861 2135 916 sunt;

535 931 676 986 muri
727 931 1066 990 Hierusalem
1113 937 1478 994 Ecclesiarum
1531 951 1830 996 conventus
1873 949 2001 997 sunt
2029 953 2142 1000 toto

533 1035 670 1088 orbe
695 1031 927 1089 fundati.
979 1034 1226 1090 Ecclesia
1268 1037 1412 1090 enim
1453 1037 1628 1092 dicit:
1669 1037 1778 1110 Ego
1831 1055 2035 1104 murus,
2089 1050 2140 1096 et

533 1129 690 1182 ubera
727 1143 840 1180 mea
867 1131 1026 1183 turris
1056 1127 1234 1202 (Cant.
1277 1147 1389 1194 vm,
1425 1129 1537 1202 10).
1595 1131 1661 1186 Et
1687 1133 1824 1186 bene
1853 1135 1990 1188 muri
2017 1133 2144 1190 Hie-

533 1219 773 1274 rusalem
819 1221 1188 1276 Ecclesiarum
1243 1225 1621 1280 conventicula
1675 1235 1828 1292 sunt;
1881 1228 2136 1297 quoniam

541 1311 788 1382 quisquis
817 1314 956 1370 bona
979 1314 1084 1370 [ide
1113 1325 1276 1386 alque
1303 1331 1468 1386 Opere
1493 1317 1793 1388 ingreditur
1815 1319 2141 1386 Ecclesium,

535 1405 599 1460 sit
641 1419 892 1477 supernae
939 1407 1084 1462 illius
1125 1407 1260 1466 civis
1291 1423 1345 1465 et
1373 1411 1546 1466 incola
1597 1413 1830 1467 civitatis
1879 1429 2001 1485 quze
2045 1415 2144 1470 de-

535 1497 748 1552 scendit
775 1497 846 1554 de
871 1499 1032 1556 cmlo.
1065 1499 1172 1556 llos
1197 1517 1379 1556 muros
1409 1501 1646 1572 lapidum
1690 1505 1922 1562 :edilieat
1961 1517 2144 1564 struc-

537 1599 656 1644 tura
685 1592 954 1648 vivorum.

609 1684 772 1755 703
799 1684 889 1740 84.
935 1685 1134 1742 Videns
1153 1688 1316 1758 igitur
1369 1691 1702 1747 Hierusalem
1733 1705 1987 1750 veramet
2015 1695 2144 1752 Sion

2241 479 2488 536 Christus
2545 493 2648 540 est.
2700 483 3036 542 Sacriﬁcium
3085 505 3224 560 ergo
3275 489 3496 544 Christi
3547 495 3864 560 acceptabzls

2247 575 2484 628 laturum
2513 575 2654 630 Patri
2699 579 2914 634 asserit.
2949 579 3062 634 Hoc
3091 593 3180 636 est
3207 597 3348 650 ergo
3381 581 3456 637 de
3499 599 3616 653 quo
3647 597 3704 638 et
3731 595 3862 654 supra

2242 667 2318 722 ait
2349 687 2360 722 :
2397 667 2712 737 Sacriﬁco“tl
2731 673 3046 742 sacriﬁcium
3075 677 3330 747 justitite,
3371 685 3424 728 et
3455 687 3674 747 sperate
3701 677 3752 730 in
3781 677 3866 731 Do-

2243 763 2382 817 mino
2405 763 2575 829 (Psal.
2605 781 2686 828 tv,
2715 765 2794 836 6).
2833 767 2956 822 llaec
2981 769 3314 840 estjnstitize
3347 771 3640 840 spiritalis
3675 771 3867 834 oblatis.

2243 865 2298 908 et
2349 855 2726 911 ltolocamtuiti
2759 857 3018 916 ferventis
3071 859 3434 926 devotionis,
3493 875 3554 916 et
3607 863 3870 923 infusinuis

2247 948 2483 1019 Spiritus
2513 953 2682 1006 sancti
2709 994 2722 1016 ,
2755 952 2898 1022 quod
2949 953 3078 1008 dicit
3111 953 3360 1011 futurum
3391 1001 3408 1022 ,
3475 973 3614 1012 cum
3647 959 3718 1012 ad
3769 963 3868 1017 ilius}-

2245 1045 2490 1114 Spiritale
2543 1045 2758 1101 Demini
2805 1049 2974 1104 altare
3025 1053 3302 1120 coeperint
3371 1053 3688 1106 admoveri
3743 1055 3870 1128 705

2246 1139 2442 1192 animus
2472 1137 2842 1204 credentium,
2893 1157 3012 1212 qua:
3063 1145 3462 1199 renuntiantes
3523 1147 3868 1214 voluptatiims

2247 1239 2408 1300 atque
2461 1231 2701 1296 deliciis,
2753 1243 3023 1304 tulitquam
3054 1249 3300 1290 aratrum
3328 1237 3388 1292 in
3425 1241 3756 1294 visceribus
3791 1245 3866 1296 scis

2247 1324 2466 1389 ducant,
2497 1337 2552 1378 ut
2583 1323 2788 1380 fructus
2819 1329 3022 1394 possint
3053 1331 3198 1384 ferre
3234 1333 3340 1398 piro
3369 1331 3662 1386 culturae.

2323 1417 2411 1472 85.
2457 1417 2552 1473 Vel
2581 1430 2732 1474 certe
2757 1421 2862 1474 ita:
2889 1421 3020 1474 Cum
3067 1421 3434 1478 benedixeris
3469 1425 3794 1479 Ecclesiam
3823 1445 3858 1481 rt

2248 1515 2498 1584 gentibus
2519 1513 2870 1584 acquisitam,
2919 1527 2972 1570 et
3003 1511 3252 1584 Spiritale
3285 1517 3656 1573 sar-oriﬁcium
3685 1519 3860 1588 justiti:

2250 1609 2476 1678 eruperit
2497 1609 2847 1678 frequentari,
2871 1619 2998 1662 tunc
3015 1619 3068 1663 et
3091 1619 3372 1682 martyres
3399 1613 3604 1666 sancti
3627 1617 3728 1682 qui
3753 1629 3854 1666 sese

2251 1715 2350 1771 pro
2375 1699 2592 1755 Christo
2621 1716 2822 1770 eorpus
2848 1701 3142 1756 obtulerint
3171 1703 3570 1768 exarandum,
3627 1713 3844 1774 tamqur.

541 1775 703 1829 dixit:
725 1785 750 1812 ε
775 1777 906 1832 Cum
933 1778 1338 1836 benedixerisin
1366 1783 1502 1838 bona
1527 1785 1802 1842 voluntate
1829 1797 1916 1840 tua
1951 1787 2144 1843 llieru—
2173 1803 2220 1864 Β
2248 1795 2400 1848 vituli
2447 1795 2614 1848 sacris
2647 1794 2906 1848 altaribus
2961 1793 3268 1849 otl'erentur
3295 1812 3312 1860 ;
3373 1798 3536 1850 sicut
3587 1797 3644 1850 in

539 1871 944 1938 salemetSion,
970 1877 1384 1946 tuncacceptabis
1399 1880 1708 1949 sacriﬁcium
1727 1881 1950 1954 justitite
1973 1881 2148 1952 (Psal.
2255 1889 2394 1958 lypsi
2424 1887 2644 1942 Joannis
2677 1887 2936 1956 scriptum
2977 1889 3284 1942 invenimus
3311 1887 3522 1960 (Apoc.
3555 1907 3638 1957 rt,
3669 1889 3756 1961 9),
3787 1911 3832 1942 aa

545 1965 943 2036 L,2l),hocest
967 1971 2144 2046 sacrificiumcorporisChristi,quiuit,cum
2251 1983 2354 2036 sub
2393 1983 2544 2036 altari
2573 1991 2728 2035 erant
2756 1981 2950 2034 animo:
2979 1997 3190 2046 eormn,
3213 1984 3308 2050 qui
3343 1997 3460 2052 pro
3509 1985 3748 2039 Domini
3787 1983 3844 2038 is.

538 2056 606 2111 de
639 2061 849 2128 propria
886 2063 1134 2130 passione
1163 2064 1478 2135 loqueretur
1511 2085 1522 2120 :
1555 2067 1766 2136 Aperite
1807 2069 1934 2122 mihi
1965 2081 2140 2138 portus
2251 2075 2474 2128 nomine
2501 2087 2728 2142 corpora
2751 2088 2842 2127 sua
2875 2075 3194 2128 obtulerunt
3229 2075 3524 2148 martyrio
3549 2119 3568 2141 ,
3631 2089 3694 2131 ut
3715 2075 3852 2132 Clusi

530 2152 778 2222 justitiw,
808 2163 856 2208 et
887 2155 1149 2225 ingressus
1175 2159 1228 2212 in
1261 2175 1346 2212 cas
1373 2159 1654 2228 conﬁtebor
1699 2159 1926 2215 Domino
1961 2161 2136 2228 (Psal.
2251 2165 2354 2220 sibi
2402 2166 2634 2238 gratiam
2679 2175 3050 2220 mercarentur
3083 2168 3209 2220 :cui
3247 2178 3334 2222 est
3387 2170 3594 2224 honor
3623 2181 3684 2226 et
3718 2173 3852 2240 gloria

535 2261 702 2312 cxvn,
757 2249 870 2320 l9).
915 2251 981 2306 Et
1027 2253 1082 2306 in
1131 2253 1428 2326 Evangelio
1459 2259 1534 2312 ait
1563 2259 1628 2311 ad
1679 2257 1942 2314 Joannem
1972 2277 1984 2312 :
2019 2259 2148 2314 Sine
2255 2259 2393 2324 laus,
2449 2259 2782 2330 perpetuitas
2805 2275 2924 2312 cum
2959 2259 3066 2312 Deo
3097 2257 3262 2312 Patre
3295 2269 3358 2314 et
3385 2259 3626 2331 Spiritu
3655 2272 3854 2316 sancto:

538 2341 732 2406 modo;
763 2344 839 2396 sic
881 2346 1022 2399 enim
1051 2357 1250 2416 Oportet
1305 2365 1400 2403 nos
1425 2351 1644 2420 implere
1664 2367 1867 2406 omnem
1887 2353 2148 2425 justitiam
2252 2352 2467 2406 saeculis
2493 2359 2548 2404 et
2575 2366 2718 2406 nunc
2742 2359 2798 2406 et
2821 2365 3056 2422 semper,
3089 2361 3144 2407 et
3175 2353 3228 2406 in
3258 2355 3465 2408 omnia
3495 2356 3710 2412 saecula
3735 2371 3858 2410 sera»

535 2433 760 2502 (Matth.
803 2452 882 2505 tu,
931 2438 1058 2510 15).
1093 2441 1157 2496 Et
1194 2441 1332 2497 infra
1370 2443 1566 2499 :Beati
1615 2447 1702 2515 qui
1747 2447 2150 2516 persecutionem
2255 2443 2455 2498 lorum.
2491 2443 2683 2498 Amen.

610 2579 636 2609 ἰ
659 2569 879 2646 Aliquot
901 2593 1060 2646 mss.,
1108 2595 1223 2633 cum
1247 2579 1440 2637 dixeris
1463 2583 1518 2638 in
1542 2583 1804 2638 voluntate
1831 2593 1940 2638 tua.
1985 2641 1988 2646 ,

1203 2731 1228 2738 ί.
1643 2733 1648 2738 .
3022 2741 3165 2766 πε,
3233 2731 3521 2768 1m”,
3571 2737 3808 2768 ΕΞ

773 2853 896 2946 ΙΝ
971 2864 1538 2950 ALTERAM
1610 2865 2088 2952 DAVIDIS
2165 2859 2864 2949 APOLOGIAM
2941 2859 3686 2947 ADMONITIO.
3923 2853 3937 3084 It

1995 3015 2420 3046 aII——

601 3123 778 3194 Hujus
801 3124 919 3178 libri
957 3125 1094 3180 idem”
1123 3139 1194 3181 est
1222 3135 1373 3197 atque
1393 3129 1681 3197 superioris
1711 3137 2096 3201 argumentum.
2135 3125 2200 3180 In
2229 3143 2286 3180 eo
2323 3127 2512 3198 quippe
2557 3125 2864 3190 ostenditur,
2897 3121 3036 3194 quod
3063 3121 3200 3176 sacri
3227 3122 3446 3178 codices
3483 3121 3740 3178 Doridem
3767 3139 3844 3186 prs-

531 3213 655 3269 dant
691 3215 746 3268 in
771 3215 1032 3288 geminum
1059 3217 1247 3268 crimen
1270 3216 1534 3280 incidisse,
1567 3219 1814 3270 adulterii
1851 3217 2045 3271 scilicet
2073 3227 2224 3286 atque
2268 3215 2552 3280 homicidii,
2585 3233 2686 3268 non
2733 3231 2840 3268 esse
2877 3231 2966 3267 cur
2996 3213 3268 3284 quisquam
3293 3213 3638 3278 offendatur.
3687 3213 3844 3266 Fertur-

531 3317 704 3360 tamen
732 3309 836 3361 sire
859 3307 980 3377 styli
1008 3309 1316 3380 elegantia»:
1359 3320 1574 3379 spectes,
1627 3313 1729 3363 sive
1761 3311 2010 3364 tractandi
2043 3313 2315 3375 rationem,
2351 3319 2396 3364 et
2421 3311 2776 3374 wronontiam,
2811 3319 3082 3376 utrumque
3103 3324 3234 3374 opus
3268 3309 3405 3362 inter
3433 3327 3498 3363 se
3527 3307 3682 3362 haud
3707 3323 3842 3376 partes

529 3402 782 3456 dissidere
809 3401 1410 3468 comperiessEnimvero
1438 3399 1660 3457 studiose
1691 3415 2027 3475 accurateque
2059 3405 2152 3458 hoc
2176 3408 2230 3458 in
2257 3417 2356 3458 tres
2387 3415 2556 3477 partes
2587 3405 2649 3458 ub
2673 3404 2893 3458 Auctare
2913 3421 3006 3456 suo
3038 3403 3256 3455 divisum
3291 3403 3414 3472 fuit.
3482 3395 3560 3457 In
3613 3405 3766 3476 prima

532 3495 832 3566 disputatur
867 3501 1046 3547 contra”
1079 3493 1302 3548 Gentiles
1381 3495 1510 3562 Cap.
1542 3491 1602 3562 ii,
1637 3509 1774 3550 num.
1827 3495 1942 3569 51),
1976 3507 2028 3548 ut
2053 3497 2229 3568 lapsus
2257 3499 2538 3550 conditioni
2578 3497 2864 3556 tribuatur,
2919 3493 3204 3548 emendatio
3259 3495 3442 3580 virtuti
3463 3505 3488 3560 ;‘
3553 3497 3612 3548 in
3667 3493 3832 3546 sectas}:

529 3585 778 3639 adversus
803 3579 1017 3638 Iudicas
1059 3583 1439 3639 demonstratur
1471 3587 1592 3640 ideo
1647 3587 1856 3655 lapsum
1890 3603 2010 3642 esse.
2040 3599 2284 3642 sanctum
2319 3587 2484 3642 David
2507 3630 2520 3650 ,
2572 3605 2640 3642 ne
2667 3587 2896 3656 aliiplius
2928 3585 3238 3640 Judaaorum
3273 3579 3504 3655 perﬁdia
3540 3587 3818 3640 claudicanti

527 3678 763 3751 (lbid.);
793 3679 844 3732 in
876 3679 1026 3732 tertia
1055 3677 1306 3732 docentur
1326 3676 1608 3732 Christiani
1638 3679 1808 3732 hacin
1833 3677 2052 3732 historia
2079 3681 2239 3733 inesse
2265 3679 2426 3732 multa
2455 3681 2694 3748 mysteria
2723 3687 2770 3731 et
2799 3677 3016 3748 ﬁguras,
3043 3693 3162 3745 qu:e
3207 3675 3438 3746 gratiam
3496 3693 3710 3748 quoque
3733 3691 3814 3742 pti-

529 3773 752 3825 missum
775 3770 1090 3840 jamdudum
1133 3769 1423 3824 conciliant
1455 3769 1671 3842 (lbid.).
1719 3771 1788 3824 In
1837 3771 2006 3840 prima
2037 3780 2182 3840 parte
2228 3771 2422 3824 Auctor
2449 3771 2648 3838 [utilem
2675 3771 2992 3824 ethnicorum
3032 3769 3366 3842 objectionem
3393 3771 3600 3840 refellit
3653 3771 3818 3841 (Capit.

527 3881 676 3917 num.
703 3864 736 3917 6
763 3873 810 3915 et
835 3861 966 3934 seq.)
997 3877 1098 3933 qua
1137 3859 1217 3914 illi
1243 3860 1632 3916 deblaterabant
1673 3863 1787 3915 vita?
1844 3861 2190 3915 innocentium
2233 3861 2568 3931 nequicquam
2581 3861 2776 3934 jactari
2797 3877 2827 3912 α
2851 3859 3184 3922 Christianis,
3214 3859 3426 3930 quando
3455 3879 3650 3916 eorum
3679 3865 3824 3933 prieri-

525 3974 618 4028 pes
647 3956 923 4011 adulteriis
951 3965 1102 4026 atque
1148 3955 1441 4008 homicidiis
1477 3955 1658 4024 foedati
1687 3955 2122 4024 contaminatique
2147 3955 2464 4008 exstitissent
2489 3971 2506 4020 ;
2554 3955 2606 4007 in
2634 3953 2796 4007 altera
2825 3951 3046 4020 Judwis,
3081 3955 3167 4024 qui
3201 3947 3454 4007 Doridem
3478 3965 3579 4010 aut
3629 3959 3814 4014 Salona-

529 4067 648 4103 nem
695 4051 854 4120 fuisse
886 4061 1060 4102 verum
1091 4046 1336 4102 Messium
1363 4049 1674 4114 astrucbant,
1733 4045 1856 4116 falsi
1887 4045 2132 4100 convictis
2161 4043 2315 4114 (Cap.
2343 4043 2400 4104 4,
2437 4061 2578 4098 num.
2619 4043 2685 4098 21
2715 4053 2762 4097 et
2807 4040 2962 4116 seq.),
2989 4043 3214 4097 validam
3237 4043 3424 4115 adjicit
3451 4047 3815 4118 confutatiorat

537 4143 692 4213 (Cap.
715 4141 770 4209 4,
800 4159 942 4197 num.
967 4143 1039 4198 illi
1065 4153 1114 4197 et
1136 4145 1270 4214 seq.)
1293 4146 1670 4208 lueretiroru'm,
1696 4143 1783 4213 qui
1811 4139 2130 4196 divinitatem
2159 4139 2346 4195 Christi
2376 4139 2664 4206 inﬁcientes
2695 4136 3344 4207 ipsorummetludrcorum
3369 4140 3650 4208 wquabant
3672 4145 3744 4195 ee!
3761 4159 3820 4190 s2-

535 4234 782 4302 pcrabant
806 4233 1083 4303 perﬁdiam
1107 4249 1122 4297 ;
1169 4235 1222 4285 in
1245 4245 1502 4302 postrema
1529 4235 1766 4300 denique,
1801 4233 1886 4286 ubi
1915 4241 2135 4302 quatuor
2181 4247 2370 4302 magna
2399 4239 2640 4300 mysteria
2667 4230 2761 4283 sub
2808 4229 2902 4282 hac
2932 4229 3148 4282 historia
3173 4225 3392 4282 Davidis
3425 4231 3644 4287 latentia
3665 4235 3822 4304 aperuit

531 4323 692 4398 (Cap.
721 4326 776 4392 7,
823 4343 966 4380 num.
1011 4327 1080 4380 57
1111 4335 1156 4380 et
1205 4331 1359 4396 teq.),
1409 4329 1670 4398 propheta:
1725 4325 1940 4381 Nathan
1988 4327 2291 4398 parabolam
2315 4327 2540 4398 explicat
2566 4326 2718 4400 (Cap.
2761 4327 2849 4393 Η,
2899 4343 3042 4380 num.
3073 4328 3143 4382 55
3175 4337 3221 4381 et
3251 4327 3411 4400 seq.),
3445 4331 3636 4401 quibus
3660 4333 3824 4384 deorum

531 4417 764 4486 priorum
779 4417 966 4488 psalmi
983 4418 1389 4487 quinquagesimi
1416 4433 1653 4472 versuum
1678 4419 1914 4488 adjungit
1939 4417 2306 4488 expositionem
2327 4417 2477 4490 (Cap.
2509 4417 2595 4482 12,
2622 4435 2762 4472 num.
2787 4417 2848 4474 61
2883 4427 2929 4471 et
2954 4415 3107 4488 seq.).
3137 4417 3384 4486 Quamvis
3411 4431 3586 4475 antem
3607 4423 3822 4492 signiﬁcet

537 4505 791 4560 Doridem
817 4507 927 4560 illic
948 4523 1040 4577 pro
1062 4523 1116 4559 se
1140 4505 1278 4576 loqui
1302 4525 1361 4560 ac
1386 4525 1440 4561 se
1457 4509 1624 4578 ipsum
1655 4507 1929 4577 defendere
1955 4510 2173 4580 ingenue
2188 4519 2358 4562 tamen
2383 4507 2646 4578 fatendum
2674 4517 2750 4562 est
2777 4507 3028 4578 quidquid
3054 4509 3122 4562 ibi
3144 4509 3337 4564 dicitur
3363 4523 3511 4565 extra
3541 4516 3820 4584 prepositcu

537 4600 720 4670 vagari
747 4600 1040 4664 materiam,
1091 4615 1152 4652 ac
1193 4599 1514 4666 potissimum
1533 4598 1588 4651 in
1614 4599 1932 4654 revincendis
1961 4599 2168 4652 Arionis
2215 4609 2365 4670 atque
2406 4597 2708 4653 Manichteis
2757 4601 2970 4652 versari.
3002 4599 3254 4654 Craterum
3281 4617 3384 4654 non
3414 4603 3535 4658 licet
3563 4617 3700 4658 certo
3729 4621 3821 4672 pro-

533 4694 774 4747 nuntiare
789 4691 915 4760 quid
929 4707 1098 4745 causte
1128 4691 1217 4755 sit,
1246 4707 1338 4744 cur
1365 4691 1614 4761 integram
1644 4691 1833 4760 psalmi
1863 4707 1966 4744 non
2002 4690 2280 4744 habeamus
2312 4691 2724 4760 explanationem
2751 4709 2770 4758 ;
2802 4703 2977 4745 utrum
3025 4691 3220 4746 scilicet
3244 4695 3438 4765 injuria
3483 4701 3744 4765 temporis,
3771 4717 3818 4751 at!

529 4787 797 4858 scriptoris
825 4787 1157 4859 negligentia,
1189 4802 1258 4839 an
1291 4786 1508 4855 denique
1559 4787 1769 4856 ipsemet
1797 4785 1989 4840 Auctor
2016 4803 2107 4858 per
2128 4788 2263 4841 vocis
2293 4785 2604 4840 debilitatem
2635 4787 2698 4841 de
2725 4805 2824 4858 qua
2852 4787 2908 4842 in
2929 4789 3022 4842 hoc
3039 4805 3191 4860 apere
3234 4794 3572 4860 conqueritur
3604 4792 3742 4866 (Cap.
3771 4793 3816 4858 5,

531 4893 676 4932 num.
705 4877 827 4947 28),
860 4893 1118 4931 sermones
1148 4877 1445 4930 continuare
1471 4878 1626 4948 fuerit
1661 4875 1968 4947 prohibitus.

598 4968 804 5024 Etenim
823 4978 970 5024 extra
991 4969 1388 5023 controversiam
1412 4979 1482 5022 est
1505 4967 1906 5022 lucubratione»:
1931 4969 2064 5021 hanc
2088 4967 2406 5021 sermonibus
2427 4969 2586 5038 quiab
2613 4985 2671 5023 eo
2709 4987 2809 5024 non
2836 4967 2993 5025 semel
3023 4969 3319 5026 indicantur
3344 4973 3513 5044 (Ibid.
3540 4985 3592 5030 et
3621 4994 3726 5048 cap,
3747 4977 3812 5041 ll,

524 5079 670 5118 num.
707 5063 824 5136 55),
854 5073 1108 5121 constare.
1147 5063 1258 5117 Hos
1287 5064 1373 5118 ille
1405 5063 1461 5117 in
1497 5061 1734 5116 Ecclesia
1759 5061 1936 5116 diebus
1989 5059 2183 5133 (lbid.)
2211 5061 2424 5114 diversis
2449 5061 2630 5115 habuit
2657 5071 2770 5131 post
2811 5063 2993 5116 ueteris
3039 5061 3349 5118 Testumenti
3377 5077 3534 5135 atque
3578 5065 3816 5139 Evangelii

526 5154 941 5229 lectiones(Cap.
975 5174 1013 5224 ι,
1033 5173 1176 5211 num.
1197 5157 1249 5223 l,
1276 5167 1319 5210 et
1345 5173 1462 5228 cap.
1498 5157 1553 5220 7,
1577 5151 1848 5224 num.38).
1885 5153 2000 5220 Quo
2029 5154 2128 5206 loci
2150 5169 2250 5206 non
2279 5153 2367 5206 abs
2398 5168 2452 5205 re
2480 5155 2592 5223 fore
2620 5153 2931 5222 putavimus,
2961 5155 3003 5206 si
3033 5153 3237 5210 lectoris
3266 5157 3436 5227 gratia
3467 5153 3812 5212 observat-emus

525 5251 797 5306 Auctorem
831 5253 970 5306 [tunc
990 5269 1094 5307 non
1113 5265 1260 5306 secus
1289 5267 1348 5306 ac
1369 5251 1540 5320 ipsum
1572 5247 1898 5300 Ambrosium
1919 5247 1972 5298 in
1998 5245 2152 5298 certis
2181 5245 2290 5298 suis
2309 5244 2544 5314 operibus
2561 5261 2706 5298 voces
2733 5247 2929 5300 lectum
2958 5255 3006 5299 et
3034 5247 3318 5301 lectionem
3352 5264 3552 5320 semper
3575 5259 3807 5319 usurpare,

522 5358 626 5396 non
655 5355 774 5398 vero
804 5359 948 5398 voces
963 5353 1238 5398 cantatum
1271 5349 1360 5395 aut
1383 5340 1576 5394 similes
1611 5355 1637 5390 :-
1656 5337 1792 5390 unde
1822 5336 2038 5407 forsitan
2059 5333 2233 5405 colligi
2268 5337 2426 5404 possit
2475 5335 2714 5388 lectiones
2761 5337 2810 5388 et
2855 5333 3135 5407 Evangelia
3179 5338 3231 5391 in
3281 5339 3506 5409 liturgiis
3533 5355 3592 5392 eo
3625 5348 3809 5407 tempore

523 5437 720 5490 cantari
764 5453 1084 5508 nequaquam
1146 5435 1335 5500 solita,
1400 5433 1488 5486 sed
1532 5429 1784 5494 recitari;
1821 5439 2087 5497 postquam
2123 5426 2474 5480 recitationem
2529 5427 2752 5496 populus
2813 5427 2966 5494 ﬁdem
3026 5443 3173 5481 suam
3228 5429 3491 5498 animique
3543 5430 3798 5498 obsequium

522 5530 746 5592 quadam
787 5531 932 5601 quasi
982 5529 1352 5584 acclamatione
1379 5525 1686 5590 testabatur,
1720 5521 1857 5592 quod
1898 5521 2104 5590 signant
2145 5519 2238 5574 illa
2262 5519 2500 5572 Auctoris
2545 5521 2706 5573 nostri
2735 5521 2917 5584 verba,
2979 5535 3139 5591 quam
3168 5521 3286 5592 pio,
3343 5522 3540 5593 inquit,
3573 5521 3802 5594 prosecuti

515 5617 659 5671 .estis
687 5633 912 5675 assensu
941 5619 1106 5690 (Cap.
1141 5619 1198 5684 7,
1227 5633 1370 5672 num.
1395 5615 1514 5686 58).

598 5708 767 5762 Porro
793 5713 1092 5779 simpliciter
1111 5711 1386 5764 Auctorem
1407 5718 1640 5760 nostrum
1670 5704 1922 5767 dicimus;
1953 5711 2026 5756 est
2055 5703 2188 5756 enim
2214 5719 2316 5757 non
2340 5703 2462 5757 levis
2492 5703 2839 5756 controversia
2860 5703 3088 5774 possitne
3121 5705 3214 5758 hoc
3246 5723 3374 5776 opus
3407 5722 3520 5761 vere
3550 5703 3798 5776 adjudirari

526 5796 811 5855 Ambrosio.
842 5800 1094 5858 Erasmus
1122 5815 1272 5871 aquo
1292 5799 1459 5874 primo
1495 5796 1626 5854 illud
1665 5793 1856 5867 publici
1885 5793 2026 5866 juris
2057 5797 2252 5866 factum
2280 5805 2352 5850 est
2377 5837 2392 5864 ,
2449 5793 2645 5848 monuit
2669 5792 2862 5866 (Epist.
2892 5795 3010 5854 huic
3049 5797 3191 5870 aperi
3215 5795 3462 5875 praeﬁxa)
3490 5797 3683 5854 etiamsi
3705 5797 3794 5850 huic
