4042 6378
602 312 705 368 887
1943 323 2192 382 SANCTI
2231 325 2556 386 AHBROSII
3797 347 3867 403 ω

599 425 776 494 aliis),
815 431 1086 489 Auctorem
1110 445 1226 505 post
1262 445 1494 492 exortam
1523 435 1981 498 Monothelitarum
2007 444 2242 502 heresim
2267 447 2326 502 in
2353 449 2478 504 riuis
2497 451 2680 524 egisse.
2735 453 2798 510 lu
2819 472 2882 512 ea
2911 469 3082 514 autem
3103 462 3380 516 sententia
3409 461 3614 514 clarum
3639 471 3704 516 est
3721 465 3864 532 ipsum,

600 519 816 590 quisque
845 523 934 576 ille
955 525 1042 587 sit,
1069 525 1458 582 Ambrosianam
1483 529 1788 604 Apalogiam
1817 535 1914 588 sibi
1941 538 2270 608 praposuissc
2309 519 2644 610 imitandam,
2685 557 2735 600 et
2773 563 2872 602 non
2899 551 3068 604 solum
3093 569 3162 608 ea:
3189 569 3254 608 ea
3287 554 3348 606 in
3373 569 3516 618 opus
3539 569 3680 609 suum
3707 519 3872 624 pistrini

596 625 712 676 qua:
749 613 1062 684 ampliﬁcata
1091 617 1225 687 style
1255 635 1347 672 suo
1373 621 1724 678 accomodnt-it
1754 623 1772 696 (
1799 625 1924 699 Cap.
1961 629 1994 681 5
2019 629 2036 692 )
2061 671 2075 688 .
2103 633 2428 688 transtulisse
2463 651 2482 700 ;
2527 635 2618 690 sed
2647 639 2798 692 etiam
2827 657 2890 694 ea:
2919 643 3038 698 aliis
3061 649 3232 700 sancti
3265 645 3534 700 Doctoris
3563 655 3872 706 cosanis-atatis-

594 700 764 766 nibus,
795 707 1016 758 maxime
1039 723 1103 761 ea:
1132 725 1190 762 eo
1226 709 1336 762 loco
1367 706 1650 767 Comment.
1685 716 1736 767 in
1769 712 2114 786 Euangelium
2145 717 2302 776 Luca:
2323 765 2338 789 ,
2379 723 2466 776 ubi
2507 741 2602 778 cur
2635 744 2662 780 e
2699 731 3050 798 peccatoribus
3077 737 3344 808 originem
3377 737 3574 792 ducere
3599 737 3780 794 Chris'o
3803 745 3876 808 pis-

592 793 770 858 cuerit,
820 796 1116 863 inquiritur.
1169 797 1236 854 Et
1293 801 1386 854 hoc
1431 813 1792 872 argumentum
1843 807 2102 863 videretur
2151 829 2312 864 unum
2351 815 2591 884 sufficere
2615 819 2682 872 ad
2725 821 3088 878 vindicandam
3137 829 3440 882 Ambrosio
3483 831 3878 888 secundamillan

593 883 899 957 Apologium
925 931 939 954 ,
979 907 1096 943 cum
1138 908 1240 944 non
1287 893 1448 948 multo
1493 905 1606 962 post
1647 897 1862 952 lectores
1903 899 1972 952 ad
2017 902 2346 966 scriptionem
2389 883 2667 978 quamdam
2712 915 2978 982 remittat,
3025 935 3178 988 quam
3209 921 3336 988 ipse
3371 923 3428 974 in
3475 921 3736 976 historiam
3757 922 3878 982 Desit

585 975 966 1033 elucubraverat
999 998 1016 1046 ;
1047 981 1137 1036 sed
1163 984 1210 1036 ei
1231 985 1422 1038 rationi
1447 985 1580 1040 istuc
1607 989 1760 1058 ofﬁcit
1783 1033 1797 1054 ,
1830 991 1968 1058 quod
2005 1009 2119 1062 qua:
2149 997 2382 1062 proxime
2409 1011 2528 1054 ante
2565 1015 2896 1062 memoratam
2919 1011 3214 1068 citationem
3237 1019 3533 1086 leguntur,
3569 1021 3624 1074 in
3663 1023 3806 1090 prima
3821 1042 3878 1078 re-

587 1069 854 1136 periuntur
881 1073 1156 1144 Apologia.
1211 1073 1309 1128 His
1350 1077 1510 1149 igitur
1547 1081 1718 1134 causis
1743 1081 1958 1136 adducti
1985 1083 2198 1140 liberum
2221 1091 2286 1142 de
2311 1090 2532 1146 Auctore
2571 1095 2730 1168 hujus
2757 1097 2916 1152 libelli
2947 1099 3208 1174 judicium
3869 1137 3880 1180 ;

585 1175 799 1232 cumque
837 1165 1018 1218 saltent
1034 1169 1128 1239 jus
1157 1167 1221 1220 sit
1247 1168 1302 1222 in
1323 1169 1566 1241 ambiguo
1589 1211 1604 1236 ,
1639 1175 2014 1242 possessionem
2037 1193 2152 1246 qua?
2187 1181 2433 1236 hactenus
2461 1199 2616 1254 penes
2637 1165 2970 1246 idnebrosium
2999 1195 3126 1264 fuit,
3169 1197 3352 1252 eidem
3387 1214 3502 1252 non
3535 1202 3804 1272 putavimus
3823 1209 3882 1257 sb-

583 1253 889 1322 rogandum.

939 1527 1970 1696 SANCTI
2185 1539 3614 1804 AMBROSII

1747 1791 2326 1884 MEDIOLANENSIS
2393 1802 2729 1888 EPISCOPI

1067 1989 2304 2146 APOLOGIA
2477 2005 3394 2159 ALTERA

1659 2238 2324 2330 PROPHET/E
2399 2245 2806 2332 DAVID.

589 1383 688 1402 ..ι-ο

693 1389 2182 1418 ——-——.—__.___._______._______,__

2185 1405 3284 1432 Ἥ

1568 2439 2890 2472 ἦ

2215 2565 2268 2624 Α
2294 2559 2369 2614 vit
2407 2559 2566 2618 hodie
2597 2567 2942 2636 prophetavit
2970 2573 3194 2632 dicens:
3235 2578 3568 2652 lntclligite,
3599 2585 3866 2653 insipiente.

1005 2557 1166 2628 που]
1204 2555 1435 2613 CAPUT
1473 2555 1764 2612 pamun.

576 2669 842 2736 Quosdam
887 2669 1082 2739 offendi
1122 2688 1271 2742 posse
1316 2673 1456 2744 quod
1500 2675 1552 2727 in
1581 2673 1893 2729 adulterium
1937 2673 2174 2728 inciderit

643 2762 817 2816 David
839 2806 852 2826 ,
877 2773 925 2818 et
952 2763 1190 2820 Christus
1238 2766 1464 2822 oblatam
1496 2768 1592 2822 sibi
1623 2767 1918 2824 adulteram
1947 2771 2178 2824 absolve-

640 2855 748 2921 rit;
775 2857 998 2910 maxime
1019 2873 1135 2912 vero
1155 2861 1291 2929 quod
1313 2860 1447 2914 idem
1467 2861 1715 2932 prapheta
1743 2871 2002 2932 peccatum
2030 2863 2174 2916 euul-

643 2950 836 3016 garerit
859 2967 1026 3004 suum.
1060 2949 1192 3016 Sed,
1223 2963 1280 3007 ut
1309 2952 1478 3007 David
1501 2958 1774 3020 erraverit,
1806 2953 2066 3010 Christum
2095 2975 2176 3010 er-

641 3056 704 3095 ra
723 3057 762 3090 '9
809 3058 910 3096 non
954 3045 1182 3114 potuisse
1237 3047 1568 3114 ostenditur;
1627 3049 1940 3120 proindeque
1994 3051 2176 3118 explo-

645 3132 840 3188 dendos
863 3151 948 3190 eos
970 3178 984 3204 ,
1020 3137 1110 3208 qui
1141 3135 1240 3192 Dei
1271 3141 1510 3209 potentia:
1535 3181 1550 3206 ,
1583 3140 1665 3195 vel
1691 3141 2056 3212 providentiae,
2084 3143 2176 3195 de-

640 3237 702 3282 tr:
724 3227 872 3283 hunt.

640 3341 694 3395 1.
737 3341 994 3398 Fortasse
1025 3343 1315 3416 plerosque
1372 3345 1564 3414 psalmi
1621 3349 1809 3404 titulus
1861 3351 2168 3422 offenderit,

566 3448 726 3504 quem
745 3434 974 3489 audistis
1003 3436 1128 3508 legi;
1152 3439 1293 3506 quod
1318 3440 1606 3493 veneritad
1631 3441 1796 3498 David
1817 3443 2028 3500 Nathan
2047 3462 2169 3516 pro-

567 3525 753 3597 phela,
770 3543 892 3582 cum
919 3529 1143 3606 intravit
1163 3530 1228 3583 ad
1249 3529 1550 3586 Bethsabee
1567 3551 1580 3586 :
1595 3533 1868 3606 simulque
1883 3538 2044 3592 etiam
2063 3555 2168 3594 non

567 3621 898 3676 mediocrem
923 3625 1236 3692 scrupulum
1262 3640 1482 3680 movere
1503 3626 1678 3695 potuit
1701 3628 1966 3700 imperitis
1991 3633 2171 3686 Evan-

564 3715 688 3784 gelii
721 3715 880 3771 lectio
909 3717 1089 3788 (Joan.
1120 3735 1234 3784 vm,
1265 3719 1379 3792 11),
1419 3734 1542 3790 qute
1571 3720 1800 3777 decursa
1833 3737 1910 3780 cst
1931 3768 1946 3794 ,
1977 3727 2028 3782 in
2059 3741 2169 3798 quo

566 3808 882 3866 advertistis
913 3812 1212 3868 adulteram
1247 3814 1462 3874 Chrism
1491 3815 1730 3872 oblatam
1761 3859 1778 3882 ,
1812 3819 2168 3890 eamdemque

563 3902 682 3957 sine
709 3903 1054 3960 damnatione
1077 3905 1378 3964 dimissam.
1421 3910 1553 3966 Nam
1601 3913 1845 3981 profecto
1872 3912 1916 3966 si
1947 3913 2068 3982 quis
2101 3928 2164 3968 ea

2287 2653 2454 2727 708
2481 2669 2528 2710 et
2553 2659 2697 2716 stulti
2723 2663 3004 2734 aliquando
3043 2671 3208 2740 sapite
3233 2671 3254 2743 (
3275 2671 3458 2740 Ibid.,
3495 2677 3592 2748 8).
3637 2675 3864 2745 Quomodo

2283 2749 2428 2801 enim
2453 2749 2701 2808 Christus
2741 2759 2912 2825 potuit
2939 2763 3170 2818 errare?
3193 2763 3300 2820 Fas
3329 2783 3444 2822 non
3478 2779 3596 2834 est,
3617 2783 3676 2824 ut
3701 2769 3788 2824 hoc
3807 2787 3866 2822 ve-

2283 2839 2392 2892 niat
2423 2843 2475 2896 in
2503 2858 2696 2901 sensus
2721 2859 2956 2906 nostros.
3001 2853 3392 2924 Quiplantauit
3423 2879 3620 2916 aurem
3669 2881 3763 2918 non
3799 2879 3862 2914 au-

2281 2931 2356 2984 dit
2379 2949 2397 2986 :
2418 2946 2508 2987 aut
2539 2940 2626 3006 qui
2669 2941 2818 3008 ﬁnxit
2845 2947 3074 3012 oculum,
3111 2965 3214 3003 non
3235 2954 3600 3009 considerat?
3625 2955 3721 3023 Qui
3745 2955 3864 3008 corri-

2280 3026 2356 3094 pit
2381 3041 2555 3100 gentes
2577 3073 2590 3097 ,
2627 3049 2728 3088 non
2755 3050 2936 3110 arguet
2961 3057 2980 3094 :
3021 3045 3112 3110 qui
3144 3043 3294 3098 docet
3337 3047 3618 3103 hominem
3643 3049 3858 3104 scientias:

2281 3119 2300 3190 (
2325 3117 2488 3188 Ibid,
2515 3124 2547 3178 9
2571 3137 2622 3180 et
2647 3128 2754 3202 10)
2787 3130 2810 3182 ‘l
2839 3130 3089 3189 Christus
3119 3152 3253 3208 ergo
3286 3139 3648 3213 interrogare
3675 3144 3856 3213 culpam.

2277 3221 2331 3266 et
2357 3219 2754 3276 accusationem
2777 3223 2978 3294 justam
3011 3229 3200 3284 audire
3227 3235 3470 3289 nescivit
3489 3241 3518 3290 Υ
3544 3235 3775 3290 Christus
3792 3251 3854 3304 pe

2278 3305 2562 3365 tulantiam
2611 3317 2782 3383 potuit
2829 3321 3180 3388 approbare?
3243 3325 3508 3384 Christus
3549 3333 3642 3402 qui
3682 3329 3852 3398 corripit

2275 3414 2489 3472 gentes,
2523 3413 2851 3478 arguendam
2881 3417 3180 3475 adulteram
3219 3439 3330 3478 non
3355 3429 3582 3494 putavit
3607 3429 3632 3483 ?
3659 3428 3846 3484 Christus

2276 3498 2368 3564 qui
2399 3499 2552 3554 novit
2579 3505 3002 3577 uniuscujusque
3027 3513 3210 3568 cordis
3239 3515 3454 3573 interna
3481 3562 3500 3586 ,
3537 3529 3596 3574 et
3623 3521 3842 3574 scientiam

2274 3589 2436 3646 docet
2461 3593 2620 3666 Legis
2643 3639 2656 3664 ,
2685 3609 2777 3655 aut
2802 3601 2913 3658 falli
2946 3607 3118 3674 potuit
3145 3621 3328 3666 errato
3349 3656 3365 3680 ,
3397 3625 3501 3671 aut
3523 3626 3714 3671 cotttra
3737 3615 3838 3678 Lens

2273 3688 2778 3758 scriemjudicare?
2816 3695 2880 3750 Et
2907 3701 3179 3767 qttomodo
3207 3705 3323 3769 ipse
3361 3707 3512 3763 dixit
3553 3729 3568 3762 :
3625 3709 3740 3762 Non
3767 3707 3830 3760 reri

2277 3777 2467 3850 Legem
2493 3785 2707 3854 solvere,
2736 3791 2828 3844 sed
2849 3793 3139 3862 adimplere
3161 3795 3180 3869 (
3205 3795 3398 3854 Matth.
3427 3817 3460 3856 ν
3493 3846 3510 3870 ,
3549 3805 3618 3858 i7
3645 3803 3664 3874 )
3695 3799 3830 3856 281ιὴ-

2271 3879 2386 3924 stus
2417 3877 2505 3944 qui
2537 3879 2860 3936 condemnat
2889 3886 3099 3940 occulta
3125 3930 3141 3955 ,
3193 3891 3364 3959 potuit
3393 3893 3744 3952 dissimulare
3761 3891 3835 3944 τυὶ·

563 3995 785 4052 auribus
812 3998 1042 4068 accipiat
1067 4001 1278 4067 otiosis,
1313 4004 1642 4060 incentivum
1673 4007 1876 4061 erroris
1905 4007 2162 4073 incurrit,
2196 4005 2245 4064 B
2270 3975 2392 4033 gata
2413 3967 2707 4073 risms
2735 3991 2822 4073 (im
2857 3978 2983 4032 rem
3008 3989 3274 4050 tempora’
3305 3995 3492 4054 pale“
3521 3997 3838 4044 negarem,

561 4103 684 4144 cum
713 4092 851 4160 leget
881 4093 1054 4146 sancti
1083 4095 1180 4150 viri
1209 4097 1534 4154 adulterium
1561 4143 1575 4166 ,
1623 4111 1679 4154 ct
1711 4100 1971 4156 adulterae
1998 4101 2164 4156 abso-

559 4181 819 4239 lutionem
859 4202 874 4251 ;
919 4187 1156 4242 humano
1200 4195 1588 4262 propemodum
1637 4192 1928 4267 divinaque
1982 4195 2163 4266 lapsus

562 4280 815 4346 exentplo
836 4320 852 4344 ,
899 4281 1040 4350 quod
1085 4292 1139 4336 et
1185 4282 1347 4337 homo
1376 4288 1648 4354 putaverit
1682 4288 2006 4344 adulterium
2039 4305 2162 4346 esse

560 4367 869 4424 iaciendum
896 4411 911 4435 ,
959 4381 1014 4426 et
1041 4373 1186 4428 Deus
1226 4377 1501 4432 censuerit
1529 4379 1856 4436 adulterium
1901 4399 2008 4436 non
2037 4397 2162 4438 esse

560 4459 950 4520 damnandum.
981 4465 1210 4522 Lubrica
1239 4468 1400 4540 igitur
1419 4471 1485 4526 ad
1507 4471 1718 4543 lapsum
1739 4474 1826 4530 via
1855 4477 1938 4532 vel
1963 4478 2157 4544 veniuc,

555 4555 641 4609 vel
669 4559 1146 4626 concupiscentiae.

630 4647 684 4702 2.
718 4651 944 4706 Accedit
973 4651 1104 4708 illud
1126 4695 1141 4716 ,
1188 4657 1328 4726 quod
1361 4662 1506 4729 ipsas
1545 4661 1691 4716 faces
1717 4660 1973 4732 juvenilis
2001 4664 2160 4720 lasci-

557 4744 658 4798 vite
685 4745 897 4800 videtur
936 4747 1270 4817 accendere;
1317 4755 1440 4822 quia
1485 4753 1809 4812 adulterium
1847 4773 2002 4814 suum
2049 4777 2153 4815 non

555 4838 858 4904 erubuerit,
885 4857 994 4895 non
1018 4843 1274 4898 celaverit
1298 4863 1312 4900 :
1336 4848 1430 4902 sed
1458 4849 1688 4919 quadam
1717 4851 1880 4908 divini
1899 4853 2156 4910 carminis

553 4931 940 4998 prtedicatinne
969 4935 1220 5007 volgarit.
1247 4937 1384 5006 Quid
1414 4957 1544 5012 ergo
1571 4953 1680 4999 tam
1705 4946 2012 5016 impudens,
2043 4957 2150 5002 tam

548 5019 887 5092 improvidus
916 5038 1137 5082 sanctus
1169 5030 1335 5085 David
1367 5032 1463 5088 luit
1484 5075 1499 5100 ,
1543 5047 1600 5089 ut
1627 5037 1742 5106 ipse
1783 5055 1940 5093 suum
1968 5049 2152 5095 canta-

549 5121 636 5168 ret
673 5117 1024 5186 opprobrium
1049 5137 1067 5174 :
1107 5123 1346 5180 tuaxime
1374 5143 1496 5180 cum
1533 5129 1648 5198 ipse
1679 5131 1730 5184 in
1759 5131 1866 5186 alio
1895 5149 2110 5203 quoque
2131 5176 2144 5199 ,

551 5209 640 5279 qui
677 5210 838 5266 hodie
863 5212 1122 5269 decursus
1161 5227 1278 5282 est,
1323 5221 1532 5288 psalmo
1573 5221 1772 5278 dixerit
1809 5241 1822 5276 :
1876 5223 2148 5296 Usquequo

544 5313 863 5370 peccatores,
893 5305 1113 5362 Domine
1132 5351 1146 5376 ,
1177 5327 1433 5382 usquequo
1463 5325 1760 5384 peccatores
1783 5317 2145 5390 gloriabuntur

545 5393 715 5464 (Ρεαι-
747 5411 901 5464 XCIII,
935 5396 1036 5472 5)?
1084 5401 1234 5459 Alios
1259 5405 1326 5459 de
1353 5418 1574 5475 peccato
1601 5409 1822 5478 gloriari
1853 5411 2140 5480 prohibet,
2172 5395 2218 5458 C

541 5499 597 5544 et
627 5492 744 5560 ipse
771 5492 936 5547 etiam
980 5497 1193 5551 'sacrato
1237 5501 1478 5558 carmine
1521 5503 1802 5572 gloriatur.
1853 5503 2141 5572 Quomodo

540 5579 704 5650 igitur
736 5586 835 5638 ista
865 5585 1246 5658 distinguimus
1273 5592 1298 5645 *ἒ

611 5673 665 5727 5.
699 5674 828 5730 Esto
857 5685 1068 5746 tamen,
1101 5683 1262 5738 David
1293 5687 1598 5755 petulanter
1617 5691 1881 5747 erraverit
1914 5711 1929 5746 :
1976 5709 2134 5749 num~

540 5761 668 5834 ijuid
711 5779 766 5821 et
793 5769 1037 5828 Christus
1063 5773 1262 5853 erravit
1295 5823 1308 5842 ,
1358 5791 1415 5835 ut
1455 5783 1706 5853 putemus
1748 5785 1870 5842 eum
1903 5789 2008 5844 non
2047 5805 2134 5845 re-

535 5849 680 5911 l‘ttun
711 5851 1430 5932 habuissejtuiieiuni‘chne
1458 5875 1586 5944 ergo
1614 5881 1764 5944 quasi
1797 5877 1864 5933 ad
1895 5877 1992 5936 eos
2017 5883 2122 5938 Da-

2273 4063 2448 4127 pora?
2493 4065 2596 4134 Qui
2637 4071 2786 4123 novit
2830 4073 3185 4143 cogitationes
3225 4077 3516 4138 hon'tinum
3544 4099 3739 4150 vanas,
3763 4095 3836 4135 n00

2269 4157 2420 4212 novit
2446 4161 2606 4214 etiam
2637 4161 2962 4220 criminosas
2985 4165 3009 4220 ?
3543 4237 3550 4244 ι

2339 4251 2392 4306 4.
2429 4251 2496 4306 Et
2523 4253 2644 4309 ideo
2675 4257 2807 4312 satis
2837 4257 2948 4314 illis
2975 4277 3300 4332 responsum
3331 4271 3423 4338 sit,
3453 4273 3554 4341 qui
3584 4290 3695 4328 cum
3722 4286 3832 4326 crea-

2267 4351 2441 4400 torem
2469 4362 2667 4418 negare
2696 4365 2802 4404 non
2836 4355 3084 4420 possint,
3125 4373 3324 4430 negant
3369 4373 3557 4421 tamen
3587 4363 3830 4438 potentiam

2265 4439 2532 4494 creatoris
2578 4458 2592 4493 :
2638 4443 2724 4512 qui
2757 4457 2879 4498 cum
2907 4447 3226 4516 sapientiora
3269 4453 3587 4524 fateantur,
3621 4455 3826 4526 insipien-

2263 4535 2390 4588 tiam
2417 4546 2670 4591 asscrunt
2699 4581 2713 4605 ,
2758 4539 3066 4610 objiciendo
3108 4545 3158 4600 ei
3199 4547 3628 4620 imprudentiam
3659 4553 3826 4608 futuro.

2261 4643 2400 4683 rum.
2439 4629 2515 4685 De
2543 4647 2650 4700 quo
2685 4648 2966 4702 possemus
2993 4637 3153 4692 latius
3183 4641 3366 4699 dicere
3405 4663 3418 4698 :
3453 4649 3552 4702 sed
3587 4648 3712 4702 alius
3733 4656 3822 4713 pro-

2261 4723 2470 4791 positus
2501 4725 2655 4779 nobis
2685 4725 2898 4783 videtur
2916 4746 3037 4786 esse
3069 4744 3345 4792 tractatus.
3375 4739 3446 4794 Et
3475 4741 3602 4798 licet
3629 4741 3821 4795 diversa-

2259 4831 2376 4869 rmn
2411 4818 2580 4873 series
2614 4819 2842 4875 decursa
2871 4825 2942 4878 sit
2963 4825 3292 4894 lectionum,
3323 4831 3376 4885 in
3406 4835 3652 4890 eamdem
3676 4842 3816 4887 tamen

2257 4911 2615 4967 assertionem
2645 4917 2952 4984 proﬁciunt,
2984 4931 3038 4974 ct
3067 4923 3300 4979 maxime
3334 4927 3525 4994 psnlmi
3582 4927 3746 4983 titulus
3779 4931 3817 4976 et

2255 5001 2578 5073 Evangelica
2625 5006 2807 5062 lectio.
2855 5009 2961 5066 Sed
3011 5017 3255 5083 quamvis
3301 5021 3591 5076 conueniat
3637 5035 3723 5074 una
3747 5031 3810 5067 35-

2253 5100 2443 5165 sertio,
2475 5108 2654 5156 tamen
2675 5102 2830 5174 juxta
2857 5106 3105 5165 ordinem
3138 5109 3435 5168 lectionum
3471 5117 3542 5171 sit
3576 5115 3698 5172 ordo
3733 5121 3810 5164 tra-

2251 5201 2462 5258 ctatus;
2489 5204 2543 5248 et
2571 5195 2692 5251 ideo
2721 5197 2790 5254 de
2822 5199 2979 5256 titulo
3009 5203 3199 5271 psalmi
3230 5207 3380 5276 prius
3411 5209 3732 5266 tractandum
3751 5202 3806 5256 vi-

2252 5281 2431 5339 detur.

2869 5387 3098 5444 CAPUT
3135 5389 3200 5445 ll.

2251 5491 2534 5566 Proposito
2553 5510 2859 5568 argumento
2887 5514 3070 5560 auctor
3087 5504 3170 5560 hic
3193 5524 3296 5562 non
3317 5511 3474 5582 facile
3507 5507 3800 5587 judicandum

2315 5589 2514 5644 scribit.
2545 5589 2674 5646 Tum
2695 5610 2796 5664 quo
2820 5595 3005 5652 ordine
3025 5641 3040 5664 ,
3081 5611 3130 5654 et
3157 5603 3298 5673 apud
3325 5619 3452 5673 quos
3473 5604 3690 5660 homines
3713 5597 3794 5652 υθ-

2313 5683 2400 5736 uid
2429 5687 2650 5740 errantis
2671 5705 2880 5744 causam
2902 5693 2972 5748 sit
2995 5695 3322 5766 defensurus,
3349 5697 3596 5767 explicet.

2309 5795 2363 5851 5.
2413 5797 2702 5869 Proposita
2731 5811 2816 5856 est
2845 5804 3069 5860 historia
3096 5849 3110 5872 ,
3143 5823 3262 5876 ηυδε
3291 5807 3616 5866 adulterium
3647 5805 3791 5864 habent

2234 5897 2291 5944 et
2313 5881 2684 5947 homicidium.
2719 5895 2853 5950 Nam
2884 5898 2952 5950 ita
2985 5887 3288 5968 reperimus
3319 5901 3372 5956 in
3415 5903 3554 5958 lib’ro
3581 5897 3788 5968 scriptum

3963 3472 3970 3714 τ
