4042 6378
109 373 250 432 889
1335 373 1681 429 APOLOGIA
1724 375 1936 432 DAVID
1974 376 2278 434 ALTERA.
3344 373 3452 432 890

111 509 272 549 esse
304 495 613 564 Regnorum
637 494 658 570 (
680 494 723 551 ll
759 493 886 564 Reg.
917 508 969 548 XI
997 535 1011 561 ,
1042 492 1078 547 2
1107 505 1155 548 et
1184 508 1291 562 seq.
1319 491 1337 566 )
1367 507 1382 557 ;
1421 491 1547 562 quia
1590 489 1756 545 David
1786 496 1839 558 Α
1864 492 2051 556 David.
2085 505 2137 550 et
2168 494 2301 552 nihil
2325 495 2520 552 mirum
2551 515 2564 551 :
2594 511 2834 567 agnosco
2863 509 3173 562 commune,
3205 503 3261 551 ut
3290 492 3459 550 homo

114 603 242 645 rex
277 603 403 644 cum
434 589 803 644 deambularet
833 590 884 642 in
914 587 1076 642 domo
1104 602 1223 653 sua,
1252 587 1518 641 lavantem
1542 600 1600 639 se
1616 583 1762 640 Uria:
1863 597 2072 658 peccet.
2107 587 2215 646 Nec
2243 592 2388 646 enim
2418 607 2555 647 nova
2589 590 2878 648 infirmitas
2909 591 3238 647 conditionis
3269 592 3461 645 buma-

113 683 286 738 vidit
311 700 533 738 uxorem
560 726 574 746 ,
622 687 926 752 atuavitque
955 681 1104 736 illico
1127 723 1142 747 ,
1197 690 1252 735 et
1276 682 1437 748 jussit
1483 678 1758 734 accersiri.

119 773 364 832 Deinde
389 775 564 831 virttm
596 775 712 844 ejus
747 775 1108 835 innocentem,
1147 781 1203 827 ut.
1229 773 1501 841 Scriptura
1536 771 1758 837 inducit,

122 869 512 929 bellatoribus
536 870 693 939 objici
717 867 876 938 jussit
901 869 1202 930 acerrimis,
1234 877 1290 921 ut
1318 867 1368 920 vi
1390 866 1554 938 709
1581 865 1767 936 oppri-

127 975 399 1020 meretur
430 963 632 1018 hostili.
662 962 785 1018 Hicc
813 962 947 1017 facta
979 971 1124 1028 sunt,
1154 977 1253 1016 nec
1287 970 1552 1031 negantur
1578 978 1591 1012 :
1625 975 1764 1029 quo-

128 1057 322 1114 modo
354 1057 513 1126 igitur
537 1055 943 1110 defenduntur?
987 1054 1134 1109 Bene
1160 1054 1414 1108 admouet
1443 1052 1766 1122 Evangelica

129 1149 322 1206 lectio
356 1148 536 1220 (Joan.
570 1165 680 1213 vtn,
719 1149 842 1218 11),
874 1149 1038 1203 etiam
1067 1163 1188 1203 cum
1230 1158 1507 1217 peccatum
1539 1156 1563 1183 ⁸
1595 1163 1764 1216 appa-

131 1253 270 1298 reat
298 1243 651 1312 subreptum;
679 1251 859 1296 tamen
883 1240 1084 1295 debere
1112 1254 1232 1294 esse
1255 1238 1449 1308 judicis
1468 1237 1763 1308 judicium:

128 1349 212 1390 ac
246 1350 546 1390 memorem
579 1351 1019 1407 unumquemque
1047 1348 1169 1389 esse
1199 1343 1452 1401 oportere
1495 1347 1608 1386 suae
1637 1347 1768 1386 COD-

128 1427 379 1483 ditionis
431 1440 485 1483 et
531 1431 731 1484 meriti.
789 1429 944 1498 Saepe
991 1429 1137 1483 enim
1185 1426 1347 1481 etiam
1378 1426 1430 1480 in
1477 1425 1768 1495 judicando

129 1524 333 1594 majus
364 1536 646 1594 peccatum
673 1523 866 1593 judicii
912 1532 1036 1587 est,
1081 1538 1242 1594 quam
1285 1530 1559 1592 peccatum
1597 1520 1769 1588 ipsius

134 1619 224 1675 de
265 1636 376 1690 quo
408 1621 568 1674 tuerit
600 1618 920 1689 judieatum.
975 1617 1108 1672 Nam
1139 1618 1183 1672 si
1225 1617 1602 1688 praiscriptum
1630 1624 1715 1670 cst
1738 1629 1768 1669 a

135 1714 480 1784 quibusdam
507 1713 534 1752 ι)
567 1714 900 1784 sapientibus
941 1712 1127 1767 tuundi
1158 1755 1172 1779 ,
1202 1723 1259 1766 ut
1288 1711 1340 1766 in
1365 1710 1656 1782 judieando
1682 1725 1771 1764 ca-
1872 1716 2082 1786 diligat,
2109 1717 2322 1786 culpam
2348 1715 2885 1785 prtedicet,’_criinina
2910 1712 3186 1775 defendat;
3211 1708 3470 1778 quiputet

135 1817 370 1874 veatur,
400 1825 468 1864 ue
499 1809 672 1878 major
701 1823 857 1878 ptena
882 1824 1042 1878 quam
1071 1808 1228 1876 culpa
1256 1807 1325 1860 sit
1351 1848 1366 1872 ,
1399 1805 1558 1876 idque
1583 1818 1770 1857 serva-
1873 1810 1976 1864 sibi
2010 1809 2156 1878 quod
2186 1824 2291 1864 non
2323 1808 2482 1864 decet
2502 1850 2518 1873 ,
2550 1823 2656 1862 non
2685 1808 2850 1862 licere
2883 1823 2898 1861 ;
2929 1806 3021 1876 qui
3053 1819 3113 1858 se
3137 1801 3347 1872 legibus
3368 1797 3470 1853 ob-

139 1907 290 1954 tur:
323 1909 531 1970 quanto
559 1901 729 1970 magis
784 1900 835 1954 id
879 1901 1206 1954 servandum
1240 1899 1486 1962 videtur,
1520 1906 1578 1950 ut
1606 1912 1771 1950 unus-
1798 1906 1846 1966 Β
1875 1901 2265 1972 stringatsuis;
2290 1901 2503 1972 etquod
2533 1917 2628 1972 per
2653 1901 2917 1968 justitiam
2947 1914 3054 1954 non
3075 1897 3221 1961 licet,
3254 1908 3352 1949 nec
3375 1907 3473 1963 per

1866 695 1972 745 ηω,
1995 683 2273 752 magisque
2296 687 2492 740 mirum
2525 685 2739 741 videtur
2765 688 2809 742 si
2840 687 3002 740 homo
3031 699 3248 755 peccato
3277 689 3462 737 careat

1870 786 1890 813 ε
1923 792 2084 846 quam
2111 779 2156 831 si
2182 789 2462 847 peccatum
2495 781 2712 851 aliquod
2745 781 2984 837 aflectet.
3027 780 3193 850 Igitur
3222 775 3464 848 peccavit

1865 880 2088 923 sanctus
2118 871 2305 930 David.
2331 872 2478 926 nullo
2495 874 2748 943 ambiguo
2772 888 2867 927 vos
2897 871 3090 927 tenebo
3115 914 3130 935 ,
3159 871 3282 925 fecit
3309 867 3461 922 adul-

1869 965 2086 1031 terium,
2117 977 2456 1021 commentus
2486 976 2569 1021 est
2596 949 2942 1022 homicidium
2971 1008 2985 1031 ,
3039 974 3093 1019 et
3122 971 3463 1019 commentus

1867 1069 1946 1114 est
1977 1068 2030 1113 et
2063 1059 2289 1129 peregit.
2335 1058 2587 1114 Peccavit
2613 1059 2757 1129 quod
2783 1059 2962 1113 solent
3005 1071 3194 1126 reges;
3227 1054 3321 1111 sed
3346 1068 3466 1125 pa:-

1870 1154 2148 1208 nitentiam
2177 1154 2346 1224 gessit
2367 1163 2417 1208 et
2443 1153 2612 1218 ﬂevit,
2645 1153 2787 1223 quod
2816 1169 2923 1207 non
2948 1152 3122 1205 solent
3151 1163 3328 1220 regis.
3356 1147 3462 1201 lto-

1868 1249 2012 1319 gavit
2039 1248 2284 1314 veniam,
2317 1263 2421 1303 non
2455 1263 2716 1318 arrogans
2750 1245 3057 1317 potestatis,
3105 1243 3198 1297 sed
3241 1239 3467 1295 111111·ιηὶ-

1871 1344 1996 1397 tatis
2045 1357 2157 1397 sum
2197 1344 2482 1407 conscius;
2537 1350 2842 1411 prostratus
2883 1341 2934 1394 iii
2979 1349 3178 1394 terram
3201 1335 3380 1390 cilicio
3407 1349 3466 1388 se

1869 1436 2108 1506 Operuit,
2141 1435 2342 1490 oblitus
2368 1435 2605 1506 imperii,
2639 1443 2695 1490 et
2724 1449 2932 1488 memor
2950 1431 3142 1500 culpae.

1943 1528 1994 1583 8.
2038 1527 2209 1596 Quem
2240 1525 2370 1581 mihi
2401 1529 2624 1595 hujusce
2664 1526 2808 1580 modi
2837 1523 3078 1594 reperias
3109 1522 3280 1578 virum
3303 1517 3468 1590 710

1871 1623 1962 1692 qui
2009 1622 2060 1676 in
2117 1630 2384 1691 potestate
2423 1621 2750 1675 constitutus
2778 1635 2886 1674 non
2917 1617 3088 1687 magis
3121 1624 3341 1687 peccata
3369 1627 3467 1666 sua

135 1989 388 2060 quisque
414 1991 480 2045 de
512 1991 622 2045 alio
648 1991 1006 2059 judicaturus,
1043 1991 1110 2046 de
1141 2004 1200 2045 se
1228 1990 1345 2060 ipso
1377 1986 1764 2058 priusjudicct,

139 2097 259 2138 nec
317 2083 529 2138 minora
576 2083 630 2138 in
688 2084 797 2138 alio
843 2092 1021 2140 errata
1067 2082 1430 2145 condemnet,
1483 2095 1606 2134 cum
1655 2080 1768 2149 ipse

142 2174 408 2248 graviora
455 2175 836 2231 commiserit?
876 2176 1009 2244 Quis
1035 2191 1094 2230 es
1121 2176 1282 2246 igitur
1323 2185 1376 2229 tu
1403 2215 1417 2238 ,
1464 2174 1555 2244 qui
1603 2171 1769 2226 David

146 2277 406 2321 sanctum
432 2268 608 2322 virum
636 2268 892 2337 judiCaS?
925 2268 1126 2323 Ceutili
1168 2266 1290 2322 dico
1320 2310 1334 2331 ,
1383 2265 1576 2320 Judieo
1604 2265 1724 2320 dico
1749 2307 1764 2331 ,

145 2357 472 2415 Christiano
494 2361 618 2416 dico
643 2381 657 2426 ;
685 2371 740 2415 et
771 2361 892 2418 idco
909 2362 1178 2432 tripertito
1192 2361 1324 2416 mihi
1351 2360 1766 2430 distingttendus

144 2469 280 2509 esse
311 2453 527 2510 videtur
557 2465 820 2512 tractatus
844 2497 861 2524 ,
893 2473 1033 2511 unus
1058 2455 1314 2511 adversus
1342 2456 1606 2525 gentiles,
1631 2455 1766 2511 alius

143 2548 420 2604 adversus
445 2549 688 2618 Judmos,
723 2551 914 2606 tertius
944 2549 1084 2620 apud
1117 2550 1472 2604 Christianos.

781 2686 1010 2742 CAPUT
1049 2685 1135 2740 ΙΙΙ.

150 2804 392 2860 Gentiles
421 2817 592 2861 monet
619 2849 632 2872 ,
684 2823 745 2860 ne
772 2817 873 2860 tant
901 2817 1190 2873 errantem,
1245 2825 1401 2877 quam
1438 2809 1765 2880 pienitentem

234 2900 408 2958 David
436 2903 737 2972 respiciant,
761 2903 881 2973 quia
908 2903 1038 2955 sicut
1066 2903 1200 2956 illud
1219 2911 1289 2955 est
1311 2902 1601 2956 hominibus
1633 2919 1770 2955 com-

234 3011 418 3060 mune,
440 2997 512 3049 ita
536 2997 633 3050 hoc
664 3012 836 3048 rarum
866 2995 917 3047 in
950 2995 1171 3066 regibus.
1213 2994 1343 3047 Tum
1367 3011 1520 3058 quam
1547 2996 1769 3066 proclive

233 3091 300 3142 sit
328 3089 461 3143 vinci
498 3087 731 3150 libidine,
777 3087 1035 3155 declarat,
1086 3098 1132 3140 et
1186 3086 1424 3141 adductis
1472 3097 1768 3141 sanctorum

237 3183 466 3237 virorum
498 3182 748 3251 exemplis
771 3183 1064 3248 confirmat.

1875 2007 2197 2066 potestatein
2230 1997 2398 2052 licere
2441 1997 2734 2068 agnoscat?
2781 1995 2898 2050 Non
2935 1995 3080 2050 enim
3117 1991 3277 2048 solvit
3317 1996 3471 2060 pote-

1872 2100 1983 2145 stas
2006 2091 2296 2161 justitiam,
2350 2092 2447 2146 sed
2491 2091 2704 2162 justitia
2729 2099 3085 2160 potestatem;
3120 2103 3222 2142 nec
3264 2085 3473 2155 legibus

1871 2197 1965 2237 rex
1997 2181 2206 2236 solutus
2254 2191 2375 2246 est,
2427 2182 2522 2238 sed
2568 2182 2717 2251 leges
2745 2197 2846 2234 suo
2877 2179 3042 2233 solvit
3085 2176 3356 2247 exemplo.
3389 2175 3470 2228 An

1872 2276 1988 2331 lieri
2020 2286 2236 2347 potest,
2272 2277 2438 2347 utqui
2469 2276 2536 2330 de
2561 2275 2682 2331 aliis
2704 2272 2917 2344 judicat
2937 2314 2950 2335 ,
2980 2287 3080 2327 suo
3104 2272 3218 2341 ipse
3246 2269 3316 2323 sit
3336 2266 3472 2322 liber

1863 2369 2073 2435 judicio
2094 2409 2110 2433 ,
2142 2381 2196 2424 et
2228 2370 2278 2424 in
2306 2386 2366 2425 se
2391 2370 2677 2440 suscipiat,
2709 2368 2891 2438 inquo
2923 2377 2977 2421 et
3007 2365 3147 2419 alios
3175 2360 3475 2431 astringat?

1942 2462 1997 2515 9.
2039 2461 2219 2515 Bonus
2245 2477 2376 2532 ergo
2409 2461 2571 2515 David
2597 2503 2612 2526 ,
2664 2469 2720 2515 et
2765 2458 2937 2513 multo
2982 2452 3359 2511 admirabilior
3379 2449 3471 2520 qtti

1870 2562 2196 2624 potestatem
2224 2554 2349 2609 vicit
2375 2599 2388 2619 ,
2431 2571 2591 2625 qttam
2620 2554 2708 2624 qui
2740 2567 3008 2608 amorem.
3061 2548 3298 2605 Castitas
3328 2543 3473 2598 enim

1871 2647 2088 2718 corpori
2130 2664 2538 2719 nonnumquam
2579 2647 2862 2712 defertur,
2917 2645 3234 2713 frequenter
3256 2637 3475 2699 errori;

1869 2751 2110 2812 potestas
2142 2742 2252 2796 Deo
2293 2742 2579 2805 sobditur;
2613 2750 2668 2796 et
2698 2739 2909 2794 facilius
2948 2737 3070 2808 quis
3093 2752 3152 2791 se
3203 2737 3254 2790 in
3285 2745 3474 2788 amore

1871 2835 2162 2899 cohibeat,
2217 2851 2378 2905 quam
2431 2835 2481 2888 in
2517 2844 2789 2904 potestate
2832 2832 3166 2887 moderetur.
3199 2829 3317 2886 Non
3349 2840 3480 2889 ergo

1872 2927 2107 2998 ignoscis
2145 2927 2287 2998 quod
2339 2929 2668 2992 minusest,
2731 2929 2784 2982 in
2840 2943 2947 2996 quo
2978 2927 3182 2995 majora
3236 2923 3471 2978 miraris.

1872 3019 2099 3075 Lubrica
2149 3019 2294 3074 enim
2352 3020 2404 3075 iit
2463 3019 2717 3074 omnibus
2755 3019 3071 3073 hominibus
3100 3028 3153 3071 et
3187 3031 3354 3087 prona
3381 3029 3477 3068 na-

1875 3121 1990 3166 tura
2023 3112 2315 3181 pcccandi;
2355 3112 2558 3168 lubrica
2587 3115 2750 3167 etiam
2785 3114 2836 3166 itt
2865 3112 3019 3166 bouis
3042 3110 3280 3165 moribus
3307 3109 3470 3162 licen-

1874 3204 1942 3258 tia
1977 3207 2288 3274 potestatis,
2340 3216 2394 3260 et
2425 3205 2628 3260 oblatio
2662 3204 2956 3259 facultatis.
2991 3203 3108 3257 Non
3140 3201 3282 3257 enirn
3313 3200 3482 3254 distat

239 3294 291 3349 ὓ.
336 3293 552 3348 Primus
573 3310 702 3364 ergo
737 3294 1000 3348 adversus
1027 3294 1261 3364 gentiles
1292 3295 1421 3349 tnihi
1447 3310 1628 3350 sermo
1657 3305 1765 3362 est,
1796 3301 1840 3364 C
1876 3299 1952 3354 ira
1982 3300 2124 3370 regis
2153 3300 2222 3354 ab
2251 3302 2330 3354 ira
2358 3301 2568 3366 leonis;
2600 3300 2694 3355 sed
2726 3301 2816 3370 qui
2844 3299 3085 3353 stimulat
3115 3299 3268 3351 illum
3297 3306 3352 3350 et
3374 3301 3473 3350 ad-

160 3388 257 3458 qui
292 3387 614 3457 pleruinque
660 3387 940 3457 objectare
989 3397 1434 3443 consueverunt:
1466 3388 1606 3443 Ecce
1638 3406 1776 3459 quo-

163 3483 330 3538 modo
360 3481 651 3538 Christiani
683 3483 1047 3537 innocentiam
1081 3495 1408 3553 sequuntur,
1443 3483 1600 3538 fidem
1636 3499 1770 3553 pra:-

164 3576 367 3640 fcrunt,
415 3575 732 3644 religionem
782 3585 1116 3629 venerantur
1148 3619 1162 3641 ,
1213 3578 1519 3631 castitatem
1545 3577 1768 3642 docent,

163 3689 394 3744 quorum
446 3673 715 3742 principes
758 3684 812 3727 et
861 3672 1149 3729 homicidia
1196 3685 1249 3727 et
1280 3673 1547 3728 adulteria
1577 3674 1769 3728 fecisse

167 3767 510 3836 produntur?
565 3767 683 3836 Ipse
707 3767 873 3821 David
901 3768 971 3823 de
1006 3768 1164 3836 cujus
1195 3784 1396 3838 genere
1424 3811 1438 3833 ,
1484 3777 1540 3820 ut
1561 3768 1766 3836 dicitis,

167 3859 318 3913 nasci
347 3857 596 3913 Christus
625 3859 811 3928 elegit,
845 3859 1139 3914 homicidia
1166 3874 1260 3912 Stta
1289 3869 1343 3914 ct
1371 3859 1638 3915 adulteria
1669 3860 1768 3915 de-

166 3950 424 4004 cantavit.
461 3949 527 4004 Et
553 3951 743 4021 quales
781 3965 1007 4021 possunt
1037 3969 1161 4009 esse
1194 3952 1447 4023 discipuli
1477 3994 1492 4018 ,
1534 3968 1764 4023 quorum

168 4041 305 4096 tales
338 4043 576 4113 magistri
618 4044 787 4098 sunt?

241 4137 291 4189 7.
333 4135 471 4204 Quid
494 4135 696 4206 igitur?
731 4136 1002 4208 Negamus
1028 4139 1228 4194 factum
1258 4182 1272 4203 ,
1318 4156 1384 4193 an
1416 4138 1771 4209 repudiamus

166 4231 506 4303 n'iagistrum?
534 4231 674 4286 Nihil
725 4232 944 4288 horum.
997 4233 1104 4289 Sed
1159 4233 1249 4304 qui
1299 4233 1771 4302 speciemobjicit,

167 4325 611 4380 communitatem
663 4327 1000 4382 consideret.
1045 4327 1267 4397 Species
1300 4327 1574 4390 facticst,
1626 4342 1775 4381 com-

169 4418 398 4472 munitas
419 4429 647 4474 uaturm.
672 4418 829 4475 .Nihil
859 4437 995 4490 ergo
1025 4419 1222 4475 mirum
1256 4424 1301 4474 si
1328 4421 1466 4475 intra
1497 4421 1774 4490 generali-

170 4521 331 4567 tatem
372 4514 582 4583 species
629 4524 734 4570 est.
790 4515 1041 4585 Agnosco
1085 4516 1228 4570 enim
1283 4515 1558 4570 hominem
1603 4513 1772 4571 luisse

1876 3394 2153 3458 miscetur,
2203 3404 2388 3464 peccat
2428 3394 2477 3447 in
2525 3395 2760 3447 animam
2807 3407 2984 3446 suam.
3011 3391 3211 3446 Caveat
3253 3404 3475 3459 ergone

1877 3486 2119 3542 stimulet
2145 3487 2341 3557 aliquis
2371 3496 2715 3557 pmestatem,
2761 3501 2828 3539 ue
2859 3484 3106 3538 cassibus
3136 3482 3315 3537 anima
3344 3483 3478 3535 irre-

1876 3581 1970 3635 tita
1993 3580 2273 3650 corporeis
2299 3623 2316 3646 ,
2369 3581 2499 3633 vitio
2526 3595 2584 3634 se
2610 3595 2715 3632 non
2751 3579 2915 3649 possit
2947 3594 3170 3632 exuere.
3197 3575 3314 3630 Non
3343 3589 3475 3645 ergo

1880 3675 2074 3730 mirum
2099 3675 2141 3728 si
2170 3675 2332 3729 etiam
2365 3675 2532 3728 David
2570 3673 2752 3743 specie
2799 3675 2982 3739 lapsus
3022 3684 3105 3727 est
3147 3671 3472 3741 potestatis;

1876 3767 1972 3821 sed
2003 3767 2172 3821 multo
2202 3767 2433 3834 amplius
2462 3766 2863 3827 admirandum,
2896 3763 3041 3836 quod
3073 3763 3199 3819 Itdei
3229 3775 3476 3819 contem~

1878 3859 2114 3930 platione
2138 3872 2442 3914 revocatur.

1951 3953 2038 4007 10.
2083 3951 2290 4006 Videtis
2338 3953 2500 4022 igitur
2552 3952 2695 4021 quod
2739 3960 2979 4020 potestas
3025 3950 3142 4004 luce
3194 3945 3476 4002 surcularis

1879 4042 2192 4113 frequenter
2232 4043 2364 4098 nihil
2412 4045 2604 4114 prosit,
2658 4053 2713 4099 et
2759 4044 3076 4113 plerumque
3103 4043 3277 4107 obsit;
3329 4057 3474 4110 saepe

1877 4140 2019 4193 enim
2047 4137 2218 4204 cultae
2265 4139 2444 4191 exitus
2472 4137 2523 4191 iu
2569 4138 2892 4190 auctoritate
2915 4145 2998 4190 est
3031 4137 3334 4205 potestatis.
3357 4133 3480 4188 Noli

1878 4233 2046 4301 igitur
2095 4233 2423 4302 quicumque
2475 4249 2534 4288 es
2573 4249 2687 4296 rex,
2744 4232 2810 4288 de
2859 4233 3097 4302 potentia
3139 4242 3193 4285 et
3230 4231 3480 4286 facultate

1880 4340 2246 4396 prazsumere;
2281 4340 2375 4379 cor
2405 4326 2548 4379 enim
2598 4324 2742 4394 regis
2784 4327 2835 4378 iu
2879 4341 3040 4378 manu
3089 4323 3327 4377 Domini.
3364 4321 3488 4376 Noli

1881 4421 1973 4494 tibi
2020 4419 2089 4474 de
2132 4419 2464 4490 p0pulorum
2516 4420 2857 4490 subjectione
2907 4419 3168 4483 blandiri;
3198 4418 3338 4489 {quia
3369 4433 3476 4471 non

1881 4516 2184 4571 salvabitur
2231 4531 2325 4570 rex
2375 4530 2474 4584 per
2517 4516 2917 4571 multitudinem
2962 4516 3179 4570 virtutis
3205 4530 3352 4578 suae,
3387 4527 3488 4568 nec

247 4725 271 4750 ιι
301 4715 436 4768 Ιίιίἰι.
474 4715 601 4771 Gill.
637 4717 688 4769 in
719 4714 982 4785 margine,
1011 4728 1074 4767 ac
1106 4712 1263 4766 Rom.
1293 4713 1345 4765 in
1369 4719 1559 4785 textu,
1581 4726 1764 4781 pecca-
1789 4719 1845 4779 Ῑ)
1869 4721 1957 4763 aut
1987 4709 2269 4785 severitatis
2293 4717 2384 4785 aut
2411 4707 2698 4761 clementia:
2726 4705 2896 4777 gloria
2925 4704 3216 4785 a/fectanda
3237 4715 3309 4758 est
3337 4721 3355 4757 :
3387 4705 3476 4757 sed

181 4797 282 4840 tum
310 4798 582 4856 appareat;
615 4784 852 4839 sobrium
892 4797 1082 4846 tamen,
1136 4795 1242 4839 etc.
1283 4787 1348 4856 At
1377 4785 1508 4838 edit.
1548 4784 1674 4836 lira.
1706 4790 1763 4834 et

181 4857 360 4913 eadem
388 4856 514 4909 Gill.
546 4862 594 4910 in
623 4872 850 4924 corpore
874 4873 994 4909 cum
1026 4871 1156 4908 mss.
1189 4855 1459 4919 omnibus,
1495 4864 1761 4922 peccatum

183 4938 418 4996 appareat
446 4928 770 4996 subreptum;
825 4938 1015 4988 tamen,
1067 4939 1172 4979 etc.
1214 4928 1366 4991 Quod
1403 4924 1620 4995 quidem
1653 4942 1759 4977 non

185 5004 378 5054 malum
403 5014 620 5052 sensum
661 4998 858 5052 efﬁciet
887 4999 954 5050 ita
993 4999 1362 5065 interpretanti
1399 5015 1412 5050 :
1443 4999 1603 5049 etiam
1637 5012 1760 5049 cum

186 5083 737 5142 appareatpeccauun
769 5070 1003 5139 cuipiam
1048 5068 1356 5142 Obrepsisse
1377 5085 1416 5142 ;_
1446 5085 1552 5142 non
1585 5079 1760 5142 tamen

186 5139 265 5198 est
289 5141 574 5208 cujuslibet
600 5143 923 5198 sententiam
952 5140 1225 5203 l'erre,sed
1251 5139 1473 5208 judicis,
1502 5139 1759 5192 nimirum

185 5213 396 5270 Christi.

251 5285 275 5323 ι)
301 5283 526 5354 Quando
541 5283 765 5354 quidem
784 5300 932 5350 poena
953 5294 1024 5337 est
1045 5299 1195 5338 noxa:
1218 5282 1478 5347 vindicta,
1501 5281 1605 5350 leg.
1631 5281 1756 5348 151,

190 5357 298 5426 Dig.
328 5353 410 5410 tit.
437 5357 504 5410 dc
533 5356 696 5409 Verb.
727 5353 932 5423 signif.,
973 5356 1076 5409 col.
1104 5356 1242 5410 1855
1261 5396 1274 5416 ,
1302 5367 1448 5409 recte
1475 5355 1759 5422 consequi-

191 5439 274 5483 tur
299 5431 435 5483 inter
471 5437 756 5498 utramque
805 5441 916 5498 rem
951 5427 1174 5480 inveniri
1225 5428 1427 5481 debere
1456 5427 1762 5496 proportio-

192 5516 323 5554 nem.
355 5497 693 5568 Quapropter
714 5497 1024 5552 conditores
1051 5500 1224 5567 Iegum
1248 5499 1424 5552 varias
1454 5511 1641 5568 poenas
1672 5512 1763 5548 va-

191 5571 275 5626 riis
315 5571 631 5625 criminibus
662 5568 988 5638 assignaudo
1011 5611 1026 5635 ,
1073 5584 1417 5638 summopere
1453 5583 1506 5622 ut
1540 5569 1621 5622 his
1654 5568 1760 5623 illa:

191 5643 568 5711 responderent
590 5685 603 5705 ,
656 5651 1070 5710 prospexerant.
1113 5640 1218 5694 Sed
1251 5642 1351 5696 hac
1381 5641 1448 5696 de
1480 5641 1610 5694 rein
1639 5642 1761 5693 lmi-

195 5726 389 5768 versinn
420 5712 822 5779 sapientissime
860 5713 1187 5780 jirzecipitur,
1239 5723 1366 5767 tom.
1398 5715 1450 5778 3,
1507 5712 1675 5765 Paud.
1701 5712 1755 5766 π.

195 5787 287 5846 leg.
325 5784 414 5845 A8.
453 5786 531 5836 tit.
561 5783 628 5838 de
652 5784 846 5853 pmuis,
897 5783 1002 5836 Col.
1042 5783 1202 5850 1556,
1249 5785 1298 5837 in
1328 5786 1467 5838 hunc
1494 5783 1709 5836 modum
1745 5801 1757 5836 :

199 5855 706 5930 Perspiciendumest
726 5854 990 5930 iudicanti
1010 5896 1022 5917 ,
1073 5871 1134 5908 ne
1156 5859 1278 5924 quid
1298 5856 1595 5930 anularius
1615 5895 1630 5922 ,
1673 5867 1762 5930 aut

199 5925 442 5982 remissius
484 5925 853 5991 constituatur,
904 5941 1053 5995 quam
1096 5944 1248 5980 causa
1269 5929 1450 5997 poscit.
1484 5925 1597 5979 Nec
1626 5927 1760 5980 enim

1871 4799 2120 4852 perpensa
2134 4782 2362 4853 judicio,
2393 4791 2545 4853 prout
2569 4795 2783 4853 quisque
2804 4778 3210 4853 resrexpostulat,
3246 4785 3476 4853 statuen-

1865 4847 1989 4906 dum
2014 4865 2110 4907 est.
2134 4847 2312 4906 'Plane
2343 4854 2394 4904 in
2425 4847 2707 4904 levioribus
2749 4852 2923 4902 causis
2955 4847 3220 4913 proniores
3251 4847 3318 4897 ad
3347 4847 3478 4899 leni-

1867 4935 2021 4978 tatem
2044 4926 2240 4988 iudices
2267 4939 2376 4975 esse
2407 4924 2588 4975 debent
2618 4941 2635 4975 :
2675 4923 2727 4975 in
2761 4921 3080 4993 gravioribus
3107 4919 3265 4993 panis
3293 4919 3478 4993 severi-

1867 5007 2021 5050 tatem
2045 4996 2216 5064 legum
2245 5011 2358 5046 cum
2382 4995 2555 5064 aliquo
2585 4989 2980 5064 temperamento
3009 4989 3334 5064 benignitatis
3359 4989 3479 5041 sub-

1867 5014 2021 5050 tatem
2045 5014 2112 5049 ter.
2131 5014 2216 5048 um
2245 5014 2358 5046 cum
2382 5014 2555 5064 attquo
2585 5014 2980 5064 temperamento
3009 5014 3333 5058 ucmgmtmu
3359 5014 3468 5041 Jun-

1863 5069 2027 5137 sequi.
2059 5014 2240 5135 Nicque
2271 5065 2756 5120 hisahsonatradit
2785 5065 3037 5118 Horatius
3084 5061 3178 5116 lib.
3229 5060 3246 5113 Ι
3290 5061 3468 5116 Serm.

1865 5151 1968 5194 sat.
2003 5139 2181 5208 5,_ubi
2207 5139 2285 5192 sic
2319 5139 2476 5192 habet
2503 5156 2516 5191 :

3068 5221 3165 5274 Cur
3190 5235 3285 5269 non

1994 5292 2304 5342 Ponderibus
2330 5292 2650 5353 modulisque
2663 5291 2764 5353 suis
2781 5288 2905 5353 ratio
2928 5287 3114 5344 utitur;
3152 5297 3216 5353 ac
3228 5298 3312 5332 res

1997 5355 2060 5406 Ut
2081 5368 2291 5418 quaeque
2309 5363 2415 5415 est,
2432 5357 2498 5405 ita
2515 5347 2766 5416 suppliciis
2782 5350 2962 5399 delicta
2985 5347 3220 5398 coercet?

1871 5448 1938 5504 Et
1969 5447 2106 5504 infra
2136 5465 2151 5502 :

2999 5533 3125 5580 adsit

2999 5546 3024 5580 a
3061 5533 3125 5580 sit

1993 5599 2202 5666 Regula,
2223 5603 2440 5664 peccatis
2461 5611 2573 5662 quae
2596 5608 2764 5659 poenas
2789 5597 2976 5656 irrogei‘.
2999 5532 3181 5658 atilquas.

1947 5723 1968 5749 ε
2013 5709 2152 5764 Edit.
2205 5710 2350 5767 Era..
2382 5722 2532 5774 quam
2555 5705 2602 5756 si
2634 5712 2896 5772 peccatum
2922 5700 3164 5774 iniquitas
3187 5699 3325 5768 fecit.
3359 5696 3473 5767 lgi-

1870 5793 1953 5837 tur
1975 5793 2173 5854 peccat,
2207 5771 2483 5854 ete.Bom.
2513 5791 2578 5828 ac
2602 5771 2733 5829 mss.
2754 5777 2882 5836 duo,
2899 5789 3053 5854 Quam
3073 5771 3118 5826 si
3141 5773 3195 5837 in
3209 5780 3470 5854 pet-patum

1868 5841 2086 5909 incidat.
2112 5841 2256 5906 Fecit
2278 5853 2434 5926 igitur
2454 5853 2744 5918 peccatmn,
2768 5855 2872 5901 etc.
2898 5841 3026 5898 Glll.
3056 5851 3111 5900 et
3128 5841 3309 5900 cmteri
3335 5841 3468 5897 msSl

1869 5935 1931 5981 111,
1962 5927 2015 5979 lu
2045 5934 2214 5980 tetttu.
