4042 6378
120 323 256 383 89?)

1436 331 1775 392 APOLOGIA
1829 331 2039 394 DAVID
2077 337 2378 396 ALTERA.

3451 337 3559 396 δέω

119 443 328 510 dere,
395 446 556 516 quia
629 450 789 504 oculi
823 450 896 504 tui
945 453 1034 520 qui
1064 465 1188 504 cum
1225 449 1458 506 viderint
1495 451 1752 517 alienam,
1790 463 1852 505 os
1878 453 1928 513 Α
1957 453 2218 508 adversus
2270 454 2487 510 Judaeos
2515 498 2530 522 ,
2581 454 2793 511 tertiam
2845 455 2986 524 apud
3045 455 3341 511 Ecclesiam
3369 473 3383 520 ;
3416 470 3560 510 nunc

127 545 322 593 tuum
363 541 687 611 loquetur
716 558 988 614 perversa,
1031 551 1084 598 et
1117 545 1264 612 jac-ts
1299 553 1568 614 tamquam
1603 544 1656 597 in
1684 542 1852 598 corde

129 633 348 689 maris
375 679 395 703 ,
461 647 533 692 et
600 639 760 695 sicut
785 637 1117 710 gubernator
1149 638 1202 692 in
1234 651 1436 708 magno
1466 638 1704 692 turbine.
1737 638 1853 692 Ma-

139 741 346 798 gnam
409 731 594 786 enim
635 730 846 787 faciunt
877 741 1250 802 tempestatem
1285 732 1664 787 multitudines
1695 734 1850 802 cupi-

143 820 433 877 ditatum
477 867 495 890 ,
565 841 706 896 quae
735 826 882 881 velut
910 827 1144 895 quodam
1173 827 1225 880 in
1255 825 1396 880 freto
1421 825 1669 895 corporis
1700 824 1853 878 navi-

145 926 420 986 gantem
479 918 640 979 hinc
687 931 848 991 atque
888 919 1012 974 inde
1043 920 1385 988 perturbant,
1433 927 1492 975 ut
1517 919 1852 988 gubernator

142 1009 245 1062 sui
287 1011 556 1065 animus
596 1027 730 1067 esse
757 1029 863 1066 non
899 1013 1100 1081 possit,
1135 1021 1162 1050 ⁸
1210 1012 1352 1068 diem
1386 1027 1448 1067 ac
1471 1021 1690 1067 noctem
1720 1013 1851 1069 cali-

153 1101 306 1169 gine
341 1104 589 1157 amoris
640 1104 916 1174 ignorans.

247 1192 357 1248 18.
409 1192 642 1250 Oculis
682 1196 848 1266 igitur
889 1197 1156 1252 excitatur
1204 1198 1393 1266 libido,
1441 1198 1536 1254 sed
1586 1199 1850 1255 ebrietate

161 1289 622 1344 succenditur.
677 1290 867 1345 Omnis
915 1291 1061 1346 enim
1115 1292 1362 1346 ebriosus
1413 1301 1469 1347 et
1525 1292 1846 1360 fornicator,

159 1393 416 1450 panper
451 1381 589 1462 ﬁet.
640 1382 748 1437 Nec
782 1385 876 1438 tibi
906 1384 972 1438 de
1007 1384 1240 1454 potentia
1273 1384 1571 1439 blandiaris
1603 1386 1845 1453 potandi.

165 1471 310 1528 Noe
342 1474 629 1530 ebriatns
658 1483 772 1543 est,
823 1488 874 1532 et
906 1479 994 1547 qui
1025 1495 1130 1532 non
1161 1479 1458 1534 inebriatus
1495 1491 1577 1535 est
1613 1480 1846 1552 diluvio,

175 1567 543 1624 inebriatus
579 1580 663 1626 est
693 1572 838 1625 vino.
871 1571 979 1627 Sed
1011 1571 1103 1627 ille
1126 1583 1372 1628 naturam
1394 1573 1504 1627 vini
1537 1575 1846 1644 ignorabat,

179 1676 315 1715 non
353 1663 531 1718 enim
587 1676 712 1718 ante
746 1673 1026 1735 potaverat
1060 1686 1072 1720 :
1107 1676 1160 1720 tu
1190 1669 1239 1720 in
1275 1667 1367 1721 illo
1388 1668 1623 1723 didicisti
1653 1685 1849 1727 cavere

181 1756 334 1825 quid
372 1757 625 1813 debeas.
662 1759 763 1813 Lot
802 1775 900 1829 per
926 1774 1172 1814 somnum
1198 1761 1456 1831 deceptus
1479 1773 1560 1818 est
1585 1805 1598 1828 ,
1641 1771 1696 1818 ct
1725 1774 1776 1817 tu
1804 1765 1846 1818 si

1955 554 2146 598 contra
2173 543 2392 600 Judzcos
2422 547 2632 603 videtur
2674 562 2793 604 esse
2842 548 3204 602 tractandum.
3233 547 3370 615 Quid
3400 547 3562 615 igitur

1955 637 2112 694 nobis
2147 644 2481 711 propositum
2513 647 2584 698 sit
2635 657 3035 700 recenseamus.
3063 644 3091 682 δ
3120 642 3342 704 Titulus.
3367 642 3559 710 inquit,

1956 733 2144 803 psalmi
2199 733 2371 789 David
2399 735 2706 804 intellectus,
2759 755 2876 792 cum
2927 738 3059 792 venit
3107 738 3176 791 ad
3203 753 3319 790 cum
3349 735 3563 790 Nathan

1956 827 2247 895 prapltela:
2271 843 2384 881 cum
2431 829 2640 884 intravit
2679 832 2748 884 ad
2790 828 3077 885 Bethsabee
3102 834 3115 880 l
3128 829 3220 882 Ps.
3265 847 3316 894 L,
3351 830 3372 882 l
3406 838 3452 881 et
3478 827 3559 898 ἓ).

1953 919 2158 989 Nempe
2190 919 2415 975 historia
2462 922 2577 976 haec
2609 933 2662 977 et
2703 923 3011 995 adulterum
3073 921 3238 977 David
3272 920 3479 975 inducit
3505 925 3562 974 et

1956 1013 2304 1081 homicidam,
2335 1024 2388 1069 et
2429 1015 2572 1070 hunc
2616 1031 2736 1081 vos,
2769 1017 2962 1082 Judaei,
3014 1016 3194 1072 dicitis
3223 1031 3343 1071 esse
3383 1015 3474 1068 Dei
3501 1014 3562 1066 li-

1953 1106 2259 1162 liutn‘lScd
2294 1107 2431 1162 Deus
2459 1110 2719 1162 virtutum
2766 1123 2870 1174 est,
2896 1126 3004 1164 non
3050 1109 3359 1163 criminum.
3395 1106 3462 1162 Et
3491 1105 3559 1161 de

1954 1198 2058 1253 hoc
2098 1199 2229 1254 dicit
2273 1199 2419 1252 Deus
2472 1199 2668 1254 Pater:
2702 1199 2941 1255 Thronus
2989 1202 3099 1271 ejus
3151 1201 3284 1254 sicut
3311 1199 3418 1254 dies
3450 1198 3562 1252 coeli

1953 1290 2070 1364 (Ps.
2101 1303 2357 1356 Lxxxvm,
2392 1289 2487 1362 ’50)
2513 1308 2527 1356 ;
2557 1293 2648 1362 qtti
2689 1292 2870 1346 dolum
2901 1277 3111 1354 iecerit,
3149 1302 3169 1329 ε
3202 1302 3416 1362 peccata
3449 1305 3556 1343 non

1951 1385 2145 1439 vicerit
2173 1385 2196 1436 ?
2224 1384 2290 1436 Et
2336 1385 2612 1452 quomodo
2663 1387 2921 1455 scriptum
2955 1395 3071 1440 est:
3097 1384 3265 1440 Nemo
3287 1384 3404 1438 sine
3437 1398 3559 1453 pec-

1953 1483 2101 1542 cato,
2136 1476 2238 1530 nisi
2272 1490 2412 1528 unus
2447 1475 2589 1530 Deus
2617 1474 2773 1543 (Lac.
2805 1491 2957 1540 xvttt,
2995 1475 3125 1543 19)?
3155 1477 3212 1528 Si
3261 1475 3420 1545 igitur
3449 1491 3555 1530 non

1951 1576 2133 1640 potest
2161 1585 2268 1624 non
2316 1585 2438 1625 esse
2464 1570 2630 1637 Deus,
2689 1572 2778 1640 qui
2813 1570 2906 1625 Dei
2937 1570 3076 1623 tilius
3119 1580 3223 1632 est,
3249 1569 3433 1637 utique
3463 1567 3558 1621 Dei

1953 1662 2093 1714 lilins
2117 1663 2559 1731 arbiterjustitite
2586 1671 2692 1727 est,
2729 1678 2834 1716 non
2865 1663 3133 1717 obnoxius
3163 1661 3352 1729 cnlpte.

2021 1758 2113 1812 ‘29.
2148 1758 2261 1826 Qua
2292 1768 2470 1813 autent
2496 1757 2754 1829 opinione
2782 1759 2866 1813 vel
2898 1758 3060 1812 David
3095 1757 3188 1811 Dei
3222 1758 3388 1811 lilium
3413 1755 3557 1824 judi.

186 1867 317 1905 non
377 1854 478 1907 vis
521 1853 749 1922 decepi,
806 1869 1056 1909 somnum
1090 1857 1288 1910 mentis
1330 1865 1434 1911 tua:
1486 1857 1694 1912 discute
1718 1899 1732 1920 ,
1783 1871 1850 1912 ne
1879 1845 1924 1904 Β
1954 1852 2110 1918 catis,
2134 1855 2216 1906 vel
2251 1852 2598 1907 Salomoncm
2632 1851 2960 1923 ptttatisiAn
2993 1853 3115 1922 quia
3145 1851 3406 1919 scviptum
3435 1843 3553 1913 est;

191 1943 374 2000 ebrio
404 1946 608 2000 illudut
631 1947 774 2001 illius
803 1957 893 2002 attt
923 1949 1352 2004 liliatlormienti.
1375 1949 1492 2005 Non
1517 1948 1686 2020 pietas
1714 1951 1842 2018 illic,

191 2039 303 2092 sed
339 2039 608 2095 ebrietas
639 2041 847 2096 reditur
877 2058 891 2094 :
923 2057 1021 2097 nec
1053 2051 1205 2112 pater
1253 2043 1363 2097 illic
1389 2087 1404 2110 ,
1431 2043 1528 2098 sed
1571 2045 1846 2099 dormiens

197 2133 730 2189 circumscribitur.
763 2134 856 2189 Vis
884 2149 989 2189 non
1018 2135 1205 2189 aduri?
1231 2135 1351 2190 Noli
1381 2136 1446 2190 ad
1480 2136 1657 2206 ignem
1690 2151 1847 2192 accc-

200 2225 371 2281 derc.
406 2227 514 2282 Vis
559 2246 663 2283 non
688 2229 1046 2300 praecipitari?
1075 2230 1327 2285 Nutantia
1372 2230 1516 2302 fuge,
1576 2243 1843 2303 praerupta

202 2333 378 2383 cave,
413 2322 631 2375 caduca
658 2321 868 2377 declina
899 2332 955 2378 et
985 2323 1240 2378 labantia.

287 2413 390 2468 19.
444 2413 612 2469 Vides
645 2416 805 2486 igitur
832 2416 884 2470 in
916 2417 1018 2470 illis
1040 2418 1129 2487 qui
1155 2417 1289 2488 justi
1329 2431 1454 2471 esse
1503 2426 1838 2482 meruerunt,

211 2520 334 2558 non
364 2507 607 2561 alterum
639 2506 807 2564 fuisse
853 2521 1100 2564 naturam
1128 2553 1142 2574 ,
1199 2509 1294 2565 sed
1334 2510 1558 2564 alteram
1606 2510 1845 2579 discipli-

214 2615 382 2654 nam.
419 2599 555 2656 Post
579 2603 735 2672 primi
763 2603 997 2658 hominis
1026 2605 1258 2674 lapsum,
1283 2605 1594 2674 iustamque
1625 2613 1845 2659 senten—

219 2691 396 2760 tiam,
456 2709 580 2750 cum
635 2696 686 2750 in
738 2711 846 2749 uno
889 2697 1071 2750 carnis
1099 2697 1388 2751 damnatus
1430 2697 1500 2752 sit
1546 2696 1839 2768 appetitus.

220 2783 432 2838 vitium
471 2786 634 2839 traxit
653 2788 914 2853 conditio,
941 2786 1125 2842 infecit
1154 2789 1308 2857 culpa
1334 2800 1600 2854 naturam;
1634 2789 1727 2844 sed
1750 2805 1844 2843 na-

221 2884 378 2931 turae
410 2879 582 2948 ipsius
610 2879 794 2934 vitium
820 2879 952 2935 ﬁdes
985 2883 1323 2951 temperavit,
1349 2891 1406 2937 et
1433 2884 1740 2939 devotionis
1762 2885 1842 2939 iu-

219 2970 413 3026 tentio
442 2971 707 3042 mitigavit
737 2973 1026 3028 oli‘ensam.

297 3063 399 3117 2.0.
443 3062 835 3120 Convertimini
887 3067 1050 3137 igitur
1085 3067 1151 3122 ad
1190 3069 1470 3123 Dominum
1497 3079 1704 3140 gentes,
1739 3071 1842 3125 sci-

222 3166 351 3212 tote
382 3159 640 3213 nnoniam
675 3160 935 3216 Dominus
976 3162 1120 3217 Dens
1145 3174 1230 3218 est
1259 3182 1273 3218 :
1301 3165 1414 3234 ipse
1455 3163 1585 3221 fecit
1617 3180 1737 3230 nos,
1786 3175 1839 3221 et

1951 1944 2096 2000 Deus
2140 1947 2406 2019 judicium
2447 1956 2590 2000 tuum
2629 1948 2736 2017 regi
2781 1948 2869 2011 da,
2903 1960 2949 1999 et
2985 1947 3250 2019 justitiam
3279 1955 3419 1996 tuam
3445 1942 3558 2011 [ilio

1949 2040 2084 2111 regis
2109 2039 2226 2110 (Ps.
2261 2056 2414 2106 usi,
2443 2039 2502 2112 2)
2536 2051 2628 2105 ;et
2674 2041 2796 2110 quia
2825 2037 2850 2074 ἀ
2883 2039 3068 2092 titulus
3090 2037 3282 2108 psalmi
3314 2038 3366 2091 in
3401 2038 3557 2090 Salo-

1951 2143 2166 2186 monem
2214 2133 2478 2201 psalmum
2514 2147 2640 2187 1.3m
2667 2133 2798 2186 dicit
2850 2146 2972 2186 esse
3018 2129 3554 2197 compositnm78ed

1949 2242 2111 2294 quem
2147 2228 2492 2282 Salomonem
2547 2227 2714 2290 dicat,
2760 2217 3044 2280 advertite.
3099 2226 3354 2282 Salomon
3409 2225 3552 2278 enim

1946 2321 2204 2389 paeilicus
2259 2328 2360 2386 est,
2425 2322 2526 2375 hoc
2585 2321 2746 2374 habet
2779 2321 3170 2390 interpretatio.
3222 2318 3469 2372 Psalmns
3500 2317 3552 2372 in

1945 2426 2070 2466 eum
2100 2413 2319 2480 dicitur,
2351 2429 2510 2484 quem
2545 2430 2674 2469 vere
2704 2415 2904 2469 scimus
2929 2429 3050 2469 esse
3081 2415 3229 2484 pacis
3249 2423 3551 2468 auctorem.

1944 2504 2228 2570 Quomodo
2257 2514 2438 2559 autem
2481 2505 2735 2560 Salomon
2785 2504 3041 2576 pacificus
3063 2506 3088 2558 Ἰ
3117 2506 3231 2558 Non
3284 2504 3388 2558 hoc
3416 2503 3554 2559 Joab

1944 2604 2166 2672 sanguis
2189 2603 2450 2668 05tendit,
2483 2617 2644 2673 quem
2679 2603 2816 2658 inter
2841 2603 3030 2658 altaria
3064 2602 3250 2672 templi
3276 2600 3436 2672 jussit
3461 2615 3552 2652 oc-

1943 2696 2080 2760 cidi;
2114 2711 2220 2750 non
2251 2696 2476 2751 Adnuite
2507 2711 2682 2766 poma,
2705 2712 2864 2766 quem
2897 2695 3177 2750 at‘linitatis
3203 2697 3368 2766 regite
3397 2710 3548 2749 reum

1944 2787 2197 2858 perculit,
2229 2804 2328 2843 nec
2357 2788 2544 2843 matris
2568 2789 2945 2844 obsecratione
2973 2789 3040 2842 ab
3071 2789 3439 2858 indignatione
3463 2801 3551 2840 re—

1943 2893 2184 2938 vocatus.
2208 2883 2488 2950 Quomodo
2518 2894 2694 2938 autem
2722 2884 2773 2936 in
2808 2884 3154 2938 Salomouem
3191 2881 3356 2936 David
3378 2880 3546 2934 lilium

1942 2977 2222 3031 existimas
2265 2977 2558 3030 convenire
2605 2976 2748 3046 quod
2778 2967 3036 3044 scriptum
3065 2983 3169 3039 est,
3195 2976 3316 3044 quia
3347 2989 3553 3044 perma-

1942 3072 2076 3124 nebit
2131 3088 2246 3124 cum
2297 3069 2404 3126 sole
2454 3081 2500 3124 et
2530 3080 2649 3124 ante
2675 3072 2889 3137 lunam,
2931 3071 2985 3124 in
3027 3071 3216 3124 swcula
3239 3070 3549 3122 saeculorum

1946 3165 2062 3239 (Ps.
2097 3182 2243 3232 uxr,
2277 3166 2334 3238 5)
2363 3183 2376 3228 ς
2410 3181 2533 3220 cum
2569 3166 2658 3221 ille
2687 3166 2867 3220 brevis
2893 3168 3016 3220 vitae
3048 3167 3276 3236 adeptus
3304 3181 3545 3231 usuram,

226 3265 342 3305 non
374 3253 477 3323 ipsi
503 3269 622 3309 nos.
663 3254 871 3310 Scitote
904 3259 1161 3328 quoniam
1192 3274 1321 3313 caro
1342 3276 1526 3317 sumus
1557 3272 1611 3318 et
1638 3263 1834 3332 pulvis,
1867 3233 1911 3296 Ο
1943 3259 2185 3327 angustis
2210 3259 2451 3312 terminis
2481 3260 2694 3313 vivendi
2724 3262 2954 3328 spatium
2999 3258 3370 3328 transegerit?
3401 3260 3548 3325 Quo-

226 3343 635 3414 Relinquannts
665 3362 797 3413 ergo
824 3365 941 3418 qmc
961 3350 1224 3417 fecimus,
1250 3359 1307 3406 et
1330 3354 1501 3422 ipsum
1537 3357 1704 3410 nostri
1738 3373 1831 3412 ve-

224 3452 494 3491 neremur
519 3449 795 3494 auctorem
818 3481 832 3506 ,
880 3443 969 3510 qui
999 3443 1160 3495 vitam
1187 3445 1358 3510 dedit,
1411 3461 1630 3516 peccata
1660 3449 1830 3502 dona-

223 3531 326 3595 vit,
362 3532 452 3601 qui
478 3532 625 3585 solus
651 3543 827 3602 potest
858 3533 1040 3590 dicere
1073 3551 1086 3590 :
1117 3534 1229 3607 Ego
1260 3556 1395 3604 sum,
1443 3555 1536 3609 ego
1567 3557 1700 3606 sum,
1744 3544 1833 3612 qui

221 3621 374 3672 deleo
396 3621 691 3689 iniquitates
714 3633 929 3690 vestras,
957 3637 1002 3679 et
1028 3643 1224 3681 memor
1249 3647 1349 3683 non
1377 3631 1648 3702 ero(Esai.
1674 3649 1827 3698 nm,

221 3713 344 3782 ‘25).
378 3714 600 3784 Magnus
649 3717 806 3786 plane
835 3729 888 3773 et
921 3721 1230 3778 misericors
1264 3725 1400 3779 Deus
1429 3767 1443 3789 ,
1504 3728 1592 3796 qtti
1625 3729 1831 3782 benefi-

221 3807 370 3858 cium
395 3809 629 3871 confert,
669 3825 770 3864 ncc
802 3811 1050 3868 beneﬁcii
1086 3831 1278 3869 tnuous
1310 3818 1623 3885 exprobrat.
1667 3819 1826 3891 713

227 3896 500 3951 Miramini
551 3901 694 3968 quod
746 3903 910 3956 David
958 3920 1140 3974 regem
1180 3906 1366 3962 fecerit
1397 3951 1411 3974 ,
1459 3911 1826 3980 victoremque

226 3989 516 4043 multarum
580 3993 860 4060 gentium?
906 3994 997 4049 Sic
1063 4001 1310 4052 servulos
1362 4015 1492 4054 suos
1546 4003 1826 4057 consuevit

227 4083 480 4138 evehere.
506 4084 620 4140 Non
643 4101 840 4142 avarus
862 4105 1167 4154 munerum,
1200 4108 1301 4148 nec
1331 4095 1574 4150 bcnellcii
1606 4112 1822 4166 parcus,

225 4191 326 4230 nec
354 4179 542 4247 gratia:
569 4190 830 4251 angustus
856 4194 911 4238 et
946 4185 1122 4254 l‘rugi;
1152 4189 1246 4242 sed
1275 4189 1508 4260 0pnlens
1535 4191 1819 4261 largitatis,

226 4282 357 4338 quas
404 4271 629 4326 redemit
653 4288 684 4326 a
715 4284 970 4344 peccato,
1025 4289 1184 4349 auget
1217 4279 1270 4334 in
1299 4282 1542 4350 praemio.
1573 4282 1698 4340 nam
1728 4286 1824 4339 ad-

229 4376 436 4421 verSttnt
468 4367 728 4436 gentiles.

857 4563 1086 4626 CAPUT
1126 4570 1215 4628 IV.

227 4695 428 4750 Judtcos
482 4715 750 4771 perperam
781 4703 1044 4761 credentes
1071 4707 1266 4777 David,
1295 4714 1384 4784 qui
1416 4714 1671 4775 obnoxius
1720 4724 1818 4793 fuit

294 4800 516 4858 peccato,
548 4793 623 4846 vel
656 4792 1011 4861 Salomonem,
1047 4802 1130 4853 cui
1170 4802 1309 4856 dicta
1352 4805 1416 4859 de
1466 4807 1674 4866 Christo
1717 4792 1818 4872 non

291 4885 607 4946 conveniunt,
648 4901 758 4939 esse
798 4885 997 4941 Filium
1032 4890 1146 4957 Dei,
1192 4895 1504 4967 redarguit;
1531 4913 1577 4956 et
1605 4922 1817 4975 pravam

290 4976 625 5045 quorumdam
651 4976 1011 5036 hwreticorum
1045 4985 1110 5038 de
1139 4984 1280 5042 Filio
1310 4989 1408 5044 Dei
1429 4993 1812 5065 interpretatio-

289 5085 396 5122 nem
417 5072 675 5139 confluat.

288 5185 370 5240 2L
393 5186 498 5242 Sed
529 5188 781 5256 quoniam
831 5192 1152 5261 tripartitam
1193 5197 1516 5257 divisionem
1547 5214 1810 5266 tractatus

229 5274 370 5347 hujus
399 5279 620 5348 polliciti
652 5297 856 5347 sumus,
889 5300 1046 5342 unatn
1077 5289 1341 5348 adversus
1369 5298 1618 5369 gentiles,
1648 5305 1806 5360 aliatn

545 5450 607 5491 ac
649 5439 1067 5524 mss_._a.l.iquot.
1119 5446 1211 5524 die
1253 5460 1490 5524 ac_noc_te
1534 5454 1808 5524 caliginem

231 5509 400 5591 ant‘ofis
450 5509 716 5578 ignorans.
759 5509 948 5591 melius
989 5531 1118 5591 mss.
1152 5517 1386 5586 Theod.,
1425 5521 1603 5591 Diou.,
1637 5509 1805 5581 tolli.

231 5577 442 5656 stilus,
475 5588 675 5632 noctem
705 5597 764 5632 ac
792 5582 926 5635 diem
947 5584 1192 5656 caligine,
1220 5600 1326 5645 etc.

288 5645 401 5733 liba
425 5664 567 5733 mss.
601 5666 892 5733 omnesnac
935 5645 1432 5733 etlit:_l£ra._atque
1457 5663 1612 5731 Gill.;
1645 5668 1801 5724 Rom.

231 5718 650 5809 antennl’itullus,
694 5723 745 5809 in
777 5723 929 5793 ﬁnem
949 5729 1200 5809 psalmus
1230 5718 1398 5788 David
1425 5718 1806 5809 criminarech

234 5799 369 5883 ret-ar,
401 5800 535 5874 etc.,
565 5793 839 5883 fatentium
872 5797 1086 5865 quidem
1117 5801 1257 5857 hunc
1283 5807 1496 5863 titulum
1522 5811 1589 5863 ita
1621 5793 1721 5883 regi
1748 5793 1798 5868 iu

233 5859 451 5920 Psaltcrii
499 5859 903 5938 exemplaribus
957 5887 1078 5944 qua:
1119 5889 1258 5932 nunc
1286 5859 1799 5950 exstant,'sedvi:uiii

1939 3349 2100 3404 tnodo
2129 3364 2309 3408 :tutcttt
2366 3351 2432 3406 de
2463 3365 2530 3406 eo
2576 3351 2774 3406 dicitur
2803 3371 2814 3404 :
2851 3351 3216 3405 Dominabitur
3247 3369 3278 3405 a
3303 3351 3434 3404 mari
3461 3367 3548 3403 us-

1935 3461 2032 3516 que
2055 3446 2122 3498 ad
2144 3462 2284 3498 mare
2315 3445 2500 3517 (Ibid.,
2523 3445 2579 3515 8)
2608 3463 2620 3510 ;
2655 3461 2774 3499 ('lllll
2811 3446 2897 3500 ille
2931 3445 3068 3499 intra
3102 3445 3310 3517 Syriam
3339 3448 3546 3499 consti-

1936 3549 2102 3604 tutus,
2126 3541 2225 3593 hoc
2252 3550 2354 3605 est,
2383 3541 2518 3595 intra
2564 3541 2724 3594 unius
2768 3539 3007 3610 regionis
3054 3541 3410 3610 provinciam,
3437 3543 3544 3594 cir-

1933 3634 2294 3702 cumscriptus
2350 3633 2483 3687 lines
2528 3633 2776 3686 habuerit
2855 3635 3090 3702 imperii.
3146 3633 3306 3688 Solus
3361 3643 3538 3688 autem

1929 3723 2180 3779 Christus
2229 3739 2398 3793 uSque
2457 3727 2507 3780 in
2550 3727 2698 3781 orbis
2730 3729 2891 3780 totius
2933 3728 3196 3781 terminos
3230 3741 3382 3779 suum
3416 3742 3540 3795 pro-

1931 3820 2138 3886 pagavit
2181 3820 2465 3887 imperium
2494 3819 2516 3872 ?
2547 3819 2705 3874 Solus
2736 3819 2878 3872 enim
2914 3821 3016 3873 iste
3039 3827 3142 3882 est,
3175 3819 3242 3870 de
3271 3833 3377 3886 quo
3403 3820 3539 3871 bene

1931 3913 2123 3979 pSaltni
2154 3913 2322 3964 series
2356 3911 2719 3979 prolihetavil,
2748 3911 2869 3980 quia
2909 3927 3050 3983 rcges
3073 3909 3295 3962 Arabum
3318 3921 3367 3962 et
3399 3909 3539 3964 Saba

1929 4001 2066 4056 dona
2096 4004 2376 4068 adducent,
2416 4013 2463 4058 et
2504 3993 2792 4057 adorabunt
2823 4020 2938 4056 cum
2974 4020 3146 4056 omnes
3174 4019 3317 4073 reges
3347 4013 3534 4057 terra':

1929 4111 2101 4148 onmes
2151 4105 2328 4166 gentes
2377 4097 2594 4150 servient
2625 4096 2668 4148 ci
2719 4094 2835 4166 (Ps.
2888 4111 3032 4156 Lut,
3064 4094 3132 4148 10
3162 4103 3208 4148 et
3236 4093 3351 4166 ll).
3385 4094 3537 4149 Hunc

1927 4187 2071 4242 enim
2099 4190 2350 4244 novintus
2379 4190 2629 4260 gentibus
2656 4188 2921 4243 universis
2941 4198 2993 4242 et
3024 4187 3333 4241 nationibus
3362 4188 3535 4257 impe-

1925 4289 2165 4349 rantem,
2201 4284 2679 4354 incircumscripto
2712 4285 2965 4354 imperio,
3002 4283 3346 4338 interminata
3383 4293 3535 4352 pote-

1923 4375 2363 4447 statc.Nonergo
2383 4377 2636 4432 Salomon
2667 4377 2759 4432 Dei
2789 4376 2951 4431 illius.

1994 4465 2086 4522 25.
2111 4467 2218 4522 Sed
2248 4482 2351 4538 qua
2379 4469 2590 4522 ratione
2612 4484 2734 4523 eum
2770 4469 2860 4524 Dei
2890 4469 3060 4523 lilium
3095 4469 3382 4540 putavistis
3405 4468 3428 4521 ?
3449 4469 3532 4523 An

1921 4561 2046 4630 quia
2097 4563 2315 4631 sapiens
2368 4562 2652 4619 luit‘!Sed
2697 4565 2783 4617 hic
2836 4563 3158 4633 sapientiam
3219 4565 3531 4633 postulavit,

1843 4627 1897 4688 D
1921 4627 2088 4729 ’114
2119 4627 2358 4728 utquam
2392 4673 2498 4712 non
2526 4659 2782 4725 habebat,
2811 4627 3084 4728 acciperet
3109 4676 3121 4710 :
3143 4627 3392 4712 Christus
3417 4627 3531 4727 ipse

1920 4752 2184 4821 sapientia
2219 4761 2321 4815 est,
2355 4753 2668 4806 naturaliter
2701 4753 2753 4807 in
2781 4753 3095 4807 universum
3133 4751 3359 4813 habens,
3384 4749 3528 4820 quod

1921 4843 1974 4896 in
2010 4845 2172 4898 rebus
2201 4844 2451 4898 hmuanis
2498 4844 2755 4900 Salomon
2784 4845 2993 4914 accepit
3026 4859 3121 4913 per
3145 4845 3395 4911 gratiam.
3430 4842 3529 4894 De-

1923 4938 2086 5005 nique
2135 4937 2275 5008 quod
2329 4940 2591 5009 accipitur
2631 4955 2694 4993 ex
2740 4951 3005 5008 tempore,
3037 4937 3092 4991 in
3125 4947 3366 5002 tempore
3401 4949 3527 5004 pos-

1913 5029 2140 5084 sidetur.
2175 5030 2431 5086 Salomon
2485 5033 2629 5087 enim
2679 5033 3000 5102 sapientiam
3046 5043 3145 5083 nec
3174 5029 3224 5081 in
3261 5026 3527 5096 principio

1913 5125 1995 5177 sui
2027 5122 2234 5192 habuit,
2265 5139 2364 5180 nec
2408 5126 2460 5180 itt
2507 5128 2612 5180 line
2644 5125 2904 5194 possedit.
2931 5122 3118 5193 Neque
3145 5121 3287 5176 enim
3320 5121 3524 5175 habere

1909 5232 1972 5273 se
1999 5218 2230 5273 credidit
2283 5220 2424 5290 quod
2472 5221 2718 5291 poposcit
2747 5236 2761 5284 ;
2789 5227 2843 5273 et
2870 5229 3054 5287 postea
3113 5229 3339 5270 aversus
3369 5230 3396 5268 a
3422 5215 3519 5270 Dei

1909 5311 2084 5378 cultu,
2118 5327 2223 5368 nou
2247 5313 2400 5383 quasi
2438 5315 2678 5384 sapiens,
2712 5313 2807 5368 sed
2838 5309 2992 5381 quasi
3033 5310 3296 5379 insipiens
3339 5308 3522 5377 lapsus

1913 5461 2040 5514 olim
2073 5479 2263 5532 magna
2298 5462 2458 5517 fuerit
2486 5463 2535 5514 in
2567 5460 2734 5514 titulis
2784 5459 3116 5532 psalmorum
3146 5453 3454 5518 diversitas,
3485 5474 3515 5512 τι

1911 5549 2043 5588 mss.
2068 5545 2124 5588 et
2153 5529 2338 5603 priscis
2359 5535 2488 5588 edit.
2524 5547 2626 5585 non
2653 5529 3063 5586 discedendum.

1986 5615 2006 5643 ε
2038 5595 2194 5660 Rom.
2221 5607 2353 5660 edit.
2384 5605 2515 5661 sola.
2543 5611 2748 5668 peccata
2803 5619 2903 5654 non
2927 5603 3123 5664 vicerit,
3154 5595 3410 5670 quomodo
3433 5598 3518 5652 di-

1907 5677 2042 5730 citur
2067 5676 2236 5731 Filius
2265 5677 2384 5738 Dei,
2414 5677 2534 5741 quia
2563 5675 2812 5743 scriptum
2841 5683 2934 5726 est.

1979 5747 2002 5785 ί¹
2036 5750 2234 5803 Eadem
2263 5747 2604 5820 Rottt._e_tlit.,
2641 5741 2832 5820 ttquia
2869 5743 3049 5820 titulus
3087 5741 3269 5808 psalmi
3297 5751 3512 5820 septua-

1905 5822 2085 5888 gesimi
2110 5821 2262 5888 primi
2309 5821 2360 5872 in
2395 5817 2726 5888 Salomonem
2781 5814 2970 5867 dicitur
3023 5831 3129 5867 esse
3173 5816 3502 5885 Composttus.

1904 5885 2062 5960 Αιιω,
2092 5885 2153 5948 ac
2175 5906 2306 5948 mss.
2332 5903 2521 5944 omnes
2553 5897 2607 5940 ut
2629 5885 2683 5945 in
2716 5896 2884 5942 textu.
