4042 6378
548 239 652 300 895

1899 235 2144 296 SANCTI
2181 197 2532 294 sunttosu'
3739 234 3812 292 sit

546 374 654 434 est,
681 374 741 422 ut
771 364 1090 422 otl‘euderet.
1119 359 1357 420 Oﬁendit
1381 358 1436 414 in
1465 367 1694 429 tantum,
1725 358 1972 416 utetiam
2003 356 2146 430 quod
2175 361 2224 422 Α
2253 365 2424 412 teram
2469 353 2564 411 Dei
2613 351 3000 424 omnipotentis
3045 354 3354 410 mortalem
3411 349 3674 406 hominem
3697 351 3812 408 loces.

547 471 845 524 meruerat,
869 462 1160 516 amitteret.
1183 459 1294 516 Cur
1339 463 1500 533 igitur
1524 459 1670 512 hunc
1711 455 1806 511 Dei
1839 454 2008 510 tilium
2029 467 2150 508 cre-

548 554 806 611 didistis?
833 553 916 609 An
965 554 1092 624 quia
1125 553 1384 624 templum
1415 553 1528 608 Deo
1571 548 1858 606 condidit?
1889 547 1994 604 Sed
2023 545 2152 600 hinc

550 647 833 703 Dominum
861 657 916 702 et
945 646 1114 702 Deum
1149 664 1257 702 non
1299 663 1421 703 esse
1466 644 1694 702 credere
1717 641 2008 704 debuistis,
2027 639 2150 708 quia

547 739 807 809 scriptum
839 748 962 794 est:
999 737 1118 794 Nisi
1141 737 1398 794 Dominus
1443 735 1778 804 wdiﬁcaverit
1799 733 1898 786 sibi
1921 731 2148 796 danaum,

543 835 806 886 incanum
833 831 1192 886 laboraverunt
1245 833 1333 902 qui
1381 831 1647 898 aediﬁcant
1671 843 1782 881 eam
1813 823 1936 898 (Ps.
1963 837 2150 886 cxxvt,

545 925 622 999 1).
648 925 705 981 in
737 941 932 981 vanum
985 925 1269 989 laboravit,
1322 925 1413 995 qui
1445 921 1736 978 mdilicavit
1782 919 1832 974 id
1867 917 2150 984 templum,

544 1017 688 1090 quod
739 1017 1018 1089 subjectus
1069 1019 1210 1090 ignis
1261 1016 1487 1073 exussit.
1533 1015 1614 1070 An
1643 1013 1766 1082 quia
1817 1009 1982 1066 David
2013 1010 2154 1081 patri

543 1111 714 1182 ipsius
739 1111 940 1166 dictuut
981 1123 1066 1168 est
1091 1125 1106 1168 :
1143 1110 1264 1166 Non
1287 1121 1340 1164 tu
1363 1107 1644 1179 wdiﬁeabis
1670 1103 1797 1160 mihi
1823 1104 2148 1158 damum.....

544 1205 635 1260 sed
665 1223 782 1260 cum
818 1217 874 1260 tu
917 1206 1214 1271 dormieris,
1252 1205 1484 1258 excitabo
1525 1217 1696 1256 semen
1725 1209 1870 1254 tuum
1919 1207 2030 1268 post
2059 1207 2154 1264 te;

545 1309 592 1352 et
609 1298 717 1370 ipse
741 1299 1017 1368 wdiﬁcabit
1043 1299 1252 1352 domum
1299 1296 1495 1350 nomini
1549 1311 1660 1348 meo
1689 1291 1756 1366 (Il
1805 1291 1933 1362 Reg.
1963 1307 2059 1356 vn,
2087 1290 2155 1346 12

543 1401 592 1447 et
619 1391 732 1462 15).
769 1391 966 1448 Verum
1017 1391 1091 1446 ibi
1143 1403 1358 1460 quoque
1391 1386 1656 1456 templum
1685 1401 1792 1440 non
1843 1383 2150 1454 corporale,

544 1500 652 1540 non
693 1486 978 1542 materiale
1007 1485 1366 1555 promittitur,
1397 1497 1572 1553 neque
1621 1481 1766 1538 enim
1799 1481 1940 1536 Deus
1959 1481 2010 1536 in
2037 1494 2153 1532 ma-

545 1577 781 1634 nufactis
820 1577 1028 1634 habitat
1057 1619 1072 1643 ,
1117 1577 1212 1631 sed
1251 1575 1509 1646 templum
1538 1585 1623 1630 est
1669 1581 1860 1629 sancta
1889 1570 2151 1636 Ecclesia,

544 1687 669 1742 qua:
699 1672 888 1743 utique
929 1686 1036 1727 non
1064 1671 1324 1738 humana,
1375 1669 1470 1726 sed
1499 1669 1710 1726 cmlesti
1737 1671 1935 1724 virtute
1963 1667 2154 1724 funda-

553 1773 662 1819 tur.

622 1857 713 1912 24.
737 1856 872 1912 Nam
895 1857 940 1912 si
965 1855 1360 1928 praestantioris
1380 1855 1530 1921 licet,
1560 1855 1656 1912 sed
1687 1855 1938 1910 humana;
1977 1861 2154 1908 tamen

547 1949 766 2004 virtutis
795 1963 961 2021 opera
993 1951 1276 2016 miremur,
1323 1949 1522 2004 multos
1551 1946 1926 2018 hujuscemodi
1953 1946 2159 2016 reperi-

551 2059 694 2110 mus,
727 2058 865 2114 quos
889 2058 1012 2099 cum
1043 2043 1211 2099 David
1257 2052 1314 2098 et
1349 2043 1644 2100 Salomone
1687 2055 2014 2112 comparare
2037 2055 2162 2111 pos-

549 2151 761 2192 sumus.
789 2137 854 2192 Et
881 2137 1002 2192 ideo
1025 2137 1116 2192 ubi
1139 2139 1322 2208 operis
1347 2136 1626 2208 aequalitas
1679 2145 1784 2201 est,
1817 2151 1925 2190 non
1955 2145 2042 2190 est
2061 2149 2160 2190 ex-

549 2231 801 2287 cellentia
827 2232 1133 2302 potestatis.
1160 2230 1270 2286 Nec
1311 2230 1494 2302 plures
1545 2243 1834 2301 possumus
1855 2229 2038 2286 dicere
2067 2227 2160 2284 Dei

553 2323 716 2391 illius,
738 2339 860 2379 cum
909 2340 1072 2379 unum
1109 2325 1204 2380 Dei
1261 2323 1430 2379 lilium
1479 2323 1804 2394 legerimus;
1837 2322 1930 2376 sed
1959 2337 2064 2376 non
2095 2337 2162 2376 ett

551 2417 831 2474 beneﬁciis
861 2419 973 2473 suis
1002 2433 1122 2489 quae
1169 2417 1224 2472 in
1269 2427 1526 2486 parentes
1555 2428 1774 2472 nostros
1803 2415 2055 2480 contulit,
2079 2413 2162 2468 fa-

555 2509 748 2564 cienda
775 2519 858 2564 est
883 2508 1080 2576 injuria
1101 2509 1196 2566 Dei
1226 2508 1359 2563 ﬁlio.
1385 2508 1540 2564 Multi
1569 2509 1714 2564 enim
1747 2507 1996 2578 prteclari
2027 2507 2159 2562 viri:

557 2602 654 2656 sed
683 2618 778 2670 per
821 2617 984 2656 unum
1011 2600 1198 2657 Jesum
1251 2601 1401 2656 Nave
1449 2601 1601 2657 stetit
1630 2643 1646 2668 ,
1678 2601 1852 2671 inquit
1901 2600 2084 2674 (Iosue
2105 2617 2160 2667 ι,

563 2693 674 2764 15),
705 2693 784 2748 sol
816 2703 1006 2749 contra
1037 2692 1282 2749 Gabaou.
1315 2692 1526 2748 Videtis
1557 2709 1680 2748 eum
1711 2693 1851 2748 ultra
1885 2691 2048 2746 David
2077 2709 2164 2748 re-

557 2788 640 2858 gis
671 2791 1004 2857 processisse
1035 2787 1289 2842 virtutem
1318 2805 1332 2854 ;
1365 2787 1599 2842 terrenis
1655 2788 1804 2842 enim
1833 2787 2022 2852 David,
2057 2801 2162 2841 non

558 2880 828 2937 sideribus
854 2881 1162 2952 imperavit.
1207 2881 1413 2937 Videtis
1447 2885 1606 2936 etiam
1641 2882 1812 2938 solem
1859 2883 2164 2936 ministrum

559 2990 700 3041 esse,
722 2991 826 3032 non
851 2977 1156 3042 dominum,
1175 2977 1266 3048 qui
1289 2977 1454 3032 etiam
1475 2977 1590 3032 voci
1617 2978 1866 3032 servierit
1893 2979 2162 3032 humanae.

563 3070 726 3128 Stetit
753 3081 956 3134 tamen,
983 3072 1106 3141 quia
1160 3072 1212 3127 in
1266 3071 1392 3128 Jesu
1420 3082 1474 3126 et
1501 3082 1686 3144 typum
1717 3071 1880 3126 futuri
1905 3087 2170 3142 agnosce-

2253 449 2406 504 Alius
2435 457 2518 504 est
2549 447 2642 504 ille
2685 448 2776 518 qui
2805 447 2961 514 sedet
2989 446 3058 502 ad
3079 446 3410 511 dexteram,
3437 442 3534 514 qui
3553 458 3726 510 corpus
3741 460 3819 500 sns-

2253 543 2418 612 cepit,
2445 559 2552 597 non
2605 541 2700 612 qui
2732 527 2900 611 coepit
2927 557 2954 594 a
2987 555 3270 610 corpore;
3307 539 3410 608 qui
3445 545 3576 592 ante
3603 537 3820 594 luciferum

2253 636 2468 708 genitus
2497 645 2604 700 est,
2659 633 2712 688 id
2765 647 2868 700 ess,
2911 645 3040 688 ante
3061 634 3320 688 omnium
3359 629 3632 684 luminum
3670 629 3826 686 clariu-

2257 739 2364 784 tetn
2387 747 2400 790 ;
2426 727 2681 800 quoniam
2715 727 2832 796 ipse
2859 728 3066 781 ereavit
3103 727 3410 780 variorum
3441 723 3828 791 lutniuutndigni-

2253 831 2392 878 tates
2419 837 2574 876 :uam
2607 821 2866 876 Salomon
2915 821 3100 890 utique
3157 828 3284 890 post
3317 815 3624 872 luciferum
3661 817 3830 871 eus:-

2257 917 2438 972 lomon
2485 915 2742 970 sacerdos
2793 930 2898 970 non
2951 913 3084 980 fuit;
3121 923 3179 968 et
3229 914 3364 968 ideo
3395 911 3636 966 dicicia
3665 911 3832 966 DDIItiiiO

2255 1011 2632 1080 omnipotente
2665 1024 2769 1063 nou
2800 1009 2968 1077 potuit
2999 1026 3012 1060 :
3045 1006 3132 1062 Ea:
3165 1023 3324 1060 utero
3351 1015 3490 1058 ante
3521 1005 3764 1074 luciferam
3781 1023 3834 1076 ge—

2256 1105 2348 1160 nui
2377 1113 2424 1156 te
2443 1101 2638 1176 (Ibid.,
2683 1101 2738 1172 5)
2767 1119 2780 1166 ;
2811 1101 2916 1156 dici
2949 1101 2998 1154 ei
3035 1119 3142 1154 non
3197 1097 3390 1168 putuit
3423 1117 3435 1150 :
3473 1095 3558 1150 Tu
3583 1113 3634 1148 es
3661 1099 3834 1150 sacriﬁca

2255 1199 2310 1253 in
2329 1209 2576 1252 retentum
2599 1195 2880 1249 secundum
2910 1193 3144 1248 ordinem
3176 1188 3596 1246 Melchisedech
3617 1185 3774 1256 (Ibid,
3793 1191 3834 1258 Si;

2257 1291 2494 1348 maxime
2525 1307 2648 1346 cum
2683 1289 2778 1344 illo
2803 1299 3046 1358 tempore
3091 1303 3205 1358 quo
3235 1286 3528 1341 Salomon
3563 1282 3684 1346 fuit,
3707 1299 3836 1337 arcua-

2257 1385 2386 1440 dum
2415 1383 2660 1438 ordinem
2717 1383 2918 1442 Aaron,
2949 1395 3054 1433 non
3105 1378 3434 1432 secundum
3492 1375 3734 1428 ordinem
3757 1374 3836 1428 iid-

2257 1475 2574 1538 cltiscdech,
2605 1473 2808 1528 fuerint
2831 1471 3168 1526 sacerdotes.
3195 1469 3412 1526 Adhuc
3445 1469 3600 1523 enim
3659 1469 3836 1520 sacerdt-

2259 1579 2340 1625 tes
2370 1569 2690 1638 sanguinem
2725 1565 2996 1620 hircorum
3041 1575 3208 1631 atque
3239 1573 3554 1618 taurorum
3595 1575 3692 1630 pro
3717 1573 3836 1626 peru-

2260 1661 2328 1716 tis
2351 1660 2526 1732 plebis
2575 1669 2631 1714 et
2663 1657 2942 1714 erroribus
2964 1654 3272 1710 oll‘erebant
3301 1673 3315 1707 :
3355 1661 3574 1724 postea
3593 1666 3724 1705 vero
3739 1666 3832 1718 quia

2187 1767 2234 1828 B
2261 1755 2511 1812 Christus
2539 1751 2780 1816 advenit,
2801 1751 2892 1821 qui
2941 1752 3296 1819 semetipsum
3333 1763 3450 1814 pro
3501 1745 3686 1800 salute
3715 1747 3828 1796 obiri:

2263 1847 2446 1903 mundi
2475 1847 2556 1920 (ut
2585 1859 2720 1916 quos
2749 1853 3022 1898 taurorum
3043 1841 3270 1912 sanguis
3295 1842 3504 1895 lavare
3541 1854 3652 1892 non
3675 1847 3810 1906 potes.

2261 1939 2464 1996 Christi
2485 1938 2706 2010 sanguis
2727 1935 3000 2008 ablueret)
3017 1935 3356 2004 semetipsos
3383 1941 3694 2002 cmperunt
3713 1927 3810 1982 oliu-

2265 2051 2364 2107 pro
2393 2033 2586 2090 bestiis
2613 2031 2950 2088 sacerdotes.

2335 2131 2426 2184 9.6.
2461 2129 2648 2198 Itaque
2689 2143 2798 2184 una
2839 2125 3140 2196 quaestione
3171 2125 3456 2180 Dominus
3509 2131 3704 2178 noster
3747 2119 3828 2174 issu

2263 2222 2512 2280 Christus
2539 2222 2780 2276 omnium
2809 2221 3192 2276 haereticorum
3241 2234 3340 2274 ora
3375 2217 3592 2288 sepsit,
3625 2213 3828 2280 sacrilega

2267 2317 2556 2374 conclusit.
2581 2314 2698 2370 Non
2729 2314 2906 2368 solum
2936 2315 3080 2368 ettiut
3123 2311 3376 2374 Judmos,
3413 2309 3522 2366 sed
3575 2310 3732 2365 etiam
3755 2305 3832 2358 Pii.-

2268 2412 2532 2474 tittiauos,
2545 2423 2602 2466 et
2619 2408 2872 2472 Arianos,
2889 2419 2938 2464 et
2961 2407 3306 2463 Sabelliattos
3323 2405 3441 2462 hac
3461 2401 3736 2472 redarguit
3751 2415 3830 2466 qua

2266 2507 2473 2565 stione:
2504 2517 2558 2562 et
2589 2507 2710 2562 ideo
2739 2505 2896 2560 nobis
2919 2503 3198 2574 (quoniam
3228 2500 3466 2556 Judaeos
3495 2492 3832 2560 defecissejaa

2268 2605 2570 2671 cernimus,
2594 2615 2648 2658 et
2679 2605 2824 2658 illam
2875 2599 3274 2658 exsecrabilem
3308 2597 3618 2669 perﬁdiam
3651 2593 3833 2648 immitti!-

2271 2699 2406 2768 tam)
2447 2699 2558 2768 jaut
2597 2697 2668 2752 de
2700 2697 2936 2762 Arianis,
2959 2695 3050 2766 qui
3085 2709 3194 2748 non
3239 2695 3484 2748 multum
3511 2709 3544 2746 a
3573 2685 3834 2745 .ludatisdi.L

2269 2793 2470 2860 ferunt,
2503 2793 2954 2862 Pltotiniauisque
2983 2799 3036 2845 et
3067 2789 3406 2844 Sabellianis
3439 2787 3628 2856 aliqua
3661 2783 3710 2837 in
3733 2778 3828 2832 istizs

2271 2889 2588 2959 qu:usli0ttis
2637 2896 2866 2940 tractatu
2901 2883 3310 2954 perstringenda
3341 2893 3506 2938 sunt.
3551 2880 3831 2940 Taceatergo

2271 2982 2556 3048 Pb0tinus,
2581 2983 2676 3052 qui
2703 2981 2982 3036 Christum
3033 2978 3196 3034 ltmid
3231 2979 3438 3042 lilium,
3468 2992 3580 3033 non
3611 2975 3696 3028 Dei
3713 2970 3824 3026 dicit;

2271 3081 2330 3130 et
2357 3080 2554 3136 taceat,
2581 3073 2867 3128 damnatus
2903 3087 3032 3128 voce
3059 3071 3292 3126 caelesti.
3317 3068 3624 3137 Quomodo
3645 3065 3760 3120 enim
3779 3060 3826 3113 ἀξ-
3887 3060 3896 3122 l

563 3164 674 3226 bat,
707 3173 992 3219 etnomen.
1023 3164 1205 3234 Neque
1227 3167 1371 3221 enim
1403 3166 1455 3220 in
1479 3181 1576 3220 sua
1601 3166 1798 3220 virtute
1825 3165 1985 3220 Jesus
1999 3164 2166 3232 Nave,
2199 3167 2245 3231 C
2275 3166 2348 3222 cit
2373 3165 2646 3221 Christum
2680 3164 2846 3220 lilium
2879 3165 3042 3220 David
3067 3179 3210 3230 esse,
3243 3179 3367 3220 cum
3395 3166 3522 3234 ipse
3549 3157 3708 3216 David
3729 3155 3822 3208 dixe-

563 3259 657 3314 sed
687 3257 883 3316 Christi
904 3260 1162 3331 mysterio
1183 3261 1502 3316 οωιεειίϋυε
1520 3259 1812 3314 luminibus
1827 3259 2126 3330 imperabat
2155 3277 2170 3325 ;

562 3349 950 3422 designabatur
979 3354 1126 3407 enim
1161 3354 1250 3408 Dei
1299 3353 1468 3408 tilium
1519 3353 1572 3407 in
1625 3352 1729 3408 hoc
1761 3353 2020 3406 sacculum
2049 3366 2172 3406 esse

570 3455 855 3498 venturum
887 3485 903 3508 ,
953 3444 1042 3515 qui
1099 3445 1356 3500 mundani
1391 3445 1606 3500 luminis
1651 3445 1951 3500 occidentis
1981 3453 2036 3498 et
2057 3443 2170 3514 jam

569 3539 845 3604 vergentis
875 3538 926 3592 in
971 3537 1242 3602 tenebras,
1279 3539 1478 3594 virtute
1508 3538 1692 3593 divina
1741 3536 1990 3592 differret
2017 3554 2174 3592 occa-

569 3645 713 3696 sum,
747 3629 924 3685 lucem
977 3630 1251 3696 redderet,
1287 3629 1569 3685 iuvelteret
1597 3629 1928 3686 claritatem.
1987 3630 2171 3685 Euocb

569 3740 784 3796 quoque
809 3734 996 3796 raptus
1027 3735 1110 3779 est
1139 3725 1205 3779 ad
1255 3724 1454 3780 caelum
1482 3744 1496 3778 :
1531 3725 1626 3780 sed
1651 3736 1832 3780 tamen
1865 3724 1956 3780 ille
1986 3735 2174 3796 raptus

565 3821 646 3865 est
665 3852 680 3876 ,
709 3809 796 3865 hic
824 3826 1124 3880 regressus.
1157 3811 1362 3882 Raptus
1384 3811 1601 3879 estille,
1630 3828 1698 3867 ne
1717 3811 1919 3866 malitia
1943 3821 2176 3868 mutaret

565 3921 662 3962 cor
689 3909 846 3976 ejus;
873 3907 960 3962 hic
993 3908 1162 3978 ipsam
1215 3907 1476 3962 malitiam
1507 3907 1694 3962 saeculi
1729 3907 1886 3976 hujus
1913 3907 2170 3964 abolevit.

572 3999 720 4056 Elias
747 4016 908 4055 curru
932 4011 1094 4072 atque
1123 4002 1278 4069 equis
1297 4001 1546 4057 ascendit
1569 4002 1635 4056 ad
1654 4002 1851 4058 caelum
1882 4017 1898 4066 ;
1928 3998 2174 4056 Christus

567 4105 747 4150 autem
778 4095 1060 4151 descendit
1091 4113 1122 4154 e
1172 4097 1333 4161 caelo,
1365 4112 1465 4152 nec
1494 4111 1656 4152 curru
1705 4106 1760 4152 et
1796 4097 1972 4166 equis,
2009 4108 2066 4150 ut
2087 4095 2176 4152 ille

569 4189 915 4256 conscendit,
965 4190 1090 4261 quia
1125 4192 1216 4246 ille
1243 4192 1404 4246 aliter
1458 4190 1824 4262 nequivisset;
1856 4191 1941 4246 hic
1992 4199 2173 4246 autem

573 4283 794 4353 propria
836 4283 1038 4338 virtute
1065 4283 1350 4338 remeavit.
1379 4283 1617 4338 Elismus
1648 4283 1702 4338 itt
1729 4281 1968 4338 Jordane
1999 4283 2178 4354 lepro—

569 4391 689 4432 sum
735 4378 916 4432 lavare
941 4377 1222 4448 praecepit,
1254 4387 1312 4431 ut
1343 4377 1412 4431 ab
1432 4375 1584 4432 omni
1608 4378 1930 4446 contagione
1952 4378 2176 4432 munda-

571 4478 722 4526 retur
748 4486 764 4533 ;
804 4467 889 4522 hic
911 4470 967 4524 in
997 4467 1240 4524 Jordane
1262 4477 1433 4524 totum
1467 4467 1625 4522 diluit
1653 4467 1934 4524 mundum.
1965 4469 2176 4540 Moyses

2273 3261 2344 3316 rit
2369 3262 2419 3314 in
2447 3260 2935 3315 IibroPsalmorum
2963 3277 2976 3312 :
3011 3257 3156 3314 Dixit
3195 3257 3464 3314 Dominus
3498 3255 3820 3310 Dominarum:

2272 3355 2391 3408 sede
2411 3371 2442 3407 a
2467 3353 2666 3407 dextris
2703 3354 2868 3418 meis;
2915 3352 3080 3408 donec
3109 3369 3298 3420 ponam
3339 3353 3594 3405 inimicos
3619 3357 3720 3400 luas
3749 3353 3812 3391 se

2273 3446 2464 3502 bellum
2497 3447 2682 3512 pedum
2713 3457 2918 3501 tuorum
2959 3445 3080 3518 (Ps.
3103 3462 3212 3510 Ctx,
3244 3447 3300 3514 l)
3326 3446 3350 3498 ?
3373 3445 3444 3500 Si
3477 3441 3666 3504 David,
3693 3433 3808 3504 impii.

2275 3539 2560 3596 Dominum
2597 3539 2744 3594 illum
2807 3551 2978 3604 vocat,
3007 3540 3263 3610 quomodo
3289 3540 3406 3610 ejus
3443 3539 3592 3608 ﬁlius
3619 3543 3686 3588 est
3721 3526 3808 3590 (Lar.

2275 3651 2370 3700 xx,
2405 3635 2470 3690 15
2495 3646 2542 3688 et
2577 3634 2712 3703 l4)?
2741 3633 2859 3688 Non
2905 3648 3036 3704 ergo
3071 3633 3238 3688 David
3291 3634 3462 3700 lilitts,
3493 3631 3590 3687 sed
3621 3625 3706 3684 Dei
3731 3623 3814 3674 ﬁlilﬁ

2275 3728 2547 3786 Christus.
2575 3727 2774 3782 Taceat
2798 3727 2959 3782 etiam
2991 3725 3366 3790 Sabellianus;
3397 3736 3604 3781 etcum
3635 3713 3812 3787 legitDv'

2278 3825 2486 3878 mittunt
2535 3822 2766 3876 Domino
2793 3821 3020 3886 dixisse,
3061 3819 3326 3890 inlelligal
3379 3835 3494 3874 non
3545 3813 3758 3871 eumdem
3785 3815 3815 3858 El

2278 3917 2453 3985 ipsum
2483 3929 2626 3982 esse,
2659 3915 2748 3984 qui
2781 3914 2931 3976 dicit,
2975 3923 3032 3969 et
3059 3914 3146 3968 cui
3195 3913 3396 3968 dicitur
3423 3929 3438 3964 :
3487 3927 3590 3966 nec
3613 3907 3734 3962 enim
3754 3897 3815 3953 sibi

2277 4009 2438 4065 Pater
2455 4007 2595 4062 dixit
2628 4026 2640 4060 :
2673 4007 2810 4062 Sede
2843 4025 2874 4061 α
2901 4007 3096 4060 dextris
3119 4007 3286 4072 meis;
3309 4021 3408 4060 nec
3439 4005 3548 4060 sibi
3579 3991 3814 4056 dixitzPe

2278 4118 2398 4156 nam
2445 4101 2680 4154 inimicos
2709 4111 2840 4154 tuos.
2899 4101 2964 4154 Et
3009 4099 3302 4170 aliquando
3359 4099 3810 4167 intelligautomne:

2279 4211 2402 4252 eum
2435 4193 2630 4250 Filium
2680 4209 2826 4260 esse,
2853 4196 2944 4264 qui
2991 4209 3020 4248 a
3051 4194 3253 4250 dextris
3307 4195 3488 4250 sedet.
3521 4194 3582 4250 Et
3610 4191 3726 4246 hanc
3743 4180 3809 4236 dis-

2279 4289 2597 4344 tiuctionem
2629 4290 2773 4343 inter
2799 4287 3014 4343 Patrem
3035 4286 3344 4356 Filiumque
3370 4285 3693 4344 custodiant,
3711 4284 3753 4330 ut
3770 4270 3810 4324 sit

2280 4381 2556 4438 distinctio
2593 4380 2771 4436 Patris
2797 4391 2853 4436 et
2889 4379 3036 4442 Filii,
3067 4379 3208 4450 quod
3236 4380 3378 4434 alius
3405 4379 3588 4440 Pater,
3627 4362 3808 4428 aliusi‘i-

2281 4476 2410 4540 lius,
2441 4477 2568 4546 quia
2601 4491 2704 4530 una
2737 4475 2790 4528 in
2841 4473 2994 4541 sede,
3035 4490 3138 4526 una
3190 4472 3478 4542 majestate
3509 4473 3759 4544 potiuntur,
3777 4462 3808 4508 ei

571 4563 690 4632 ipse
714 4562 799 4618 cui
831 4561 1024 4617 crediti
1070 4571 1197 4616 sunt
1229 4561 1410 4631 populi
1449 4559 1786 4628 Judaeorum,
1817 4575 2011 4632 aquam
2039 4562 2178 4616 di\'i-
2209 4561 2260 4623 D
2285 4569 2497 4635 sedem,
2531 4584 2638 4624 non
2675 4583 2774 4640 pro
2799 4566 3166 4624 discerniculo
3207 4567 3512 4636 dignitatis,
3551 4577 3638 4619 nec
3666 4563 3805 4628 pr00f'

571 4656 644 4711 sit
673 4673 688 4722 ;
721 4665 774 4710 et
803 4655 893 4711 ille
922 4654 1140 4724 quidem
1171 4653 1352 4709 divisit
1381 4653 1674 4722 elementa,
1699 4655 1824 4725 quia
1854 4669 1961 4708 non
1988 4654 2176 4710 divisit

573 4751 870 4821 potentiam
926 4749 1248 4816 Trinitatis;
1307 4749 1578 4820 separavit
1629 4749 1803 4806 moles
1864 4765 2168 4822 aquarum,

573 4846 700 4918 quia
752 4847 965 4902 Patrem
997 4860 1103 4902 non
1137 4846 1408 4916 separavit
1437 4863 1465 4898 a
1499 4843 1658 4900 Filio.

643 4939 736 4996 ‘25.
765 4939 974 4996 Videtis
1025 4941 1210 5010 quanti
1262 4939 1401 5004 viri,
1457 4947 1515 4993 et
1566 4939 1805 5008 qualium
1851 4938 2176 4994 documenta

575 5049 800 5106 operum
841 5032 1269 5103 dereliquerunt.
1315 5030 1781 5100 Quemadmodum
1823 5030 1988 5102 igitur
2015 5032 2176 5104 715

581 5145 718 5200 quos
761 5143 916 5198 pares
951 5129 1113 5183 David
1160 5127 1271 5198 regi
1305 5127 1388 5182 vel
1437 5126 1716 5182 Salomoni
1753 5126 1950 5181 virtute
1975 5141 2180 5196 cogno-

573 5223 746 5288 scitis,
779 5222 1092 5278 couditione
1141 5225 1373 5294 impares
1407 5222 1682 5292 judicatis,
1718 5233 1775 5275 ut
1829 5221 2180 5276 Salomoncm

573 5318 737 5374 David
755 5318 828 5373 iili
839 5335 924 5373 um
942 5319 1140 5387 putetis
1153 5319 1218 5373 ad
1237 5320 1328 5374 Dei
1346 5319 1537 5375 sedere
1551 5316 1856 5373 dexteram?
1869 5317 2178 5373 Praesertim

577 5427 697 5468 cum
721 5413 836 5482 ipse
858 5413 1020 5466 David
1035 5411 1314 5468 evidenter
1330 5413 1398 5467 de
1421 5427 1528 5483 quo
1543 5411 1744 5467 dictum
1766 5423 1931 5474 esset,
1951 5426 2175 5481 expres-

581 5505 738 5571 serit;
757 5521 937 5577 neque
966 5507 1110 5562 enim
1141 5506 1210 5562 de
1241 5505 1354 5560 tilio
1383 5521 1482 5561 suo
1509 5505 1742 5560 diceret:
1761 5501 1910 5558 Dixit
1931 5503 2178 5558 Dominus

583 5594 810 5650 Domino
831 5613 962 5652 meo:
981 5598 1116 5654 Sede
1128 5599 1196 5652 ad
1207 5598 1468 5653 dexteram
1485 5615 1651 5652 uteam
1673 5596 1794 5670 (Ps.
1809 5613 1918 5660 Ctx,
1937 5598 2014 5666 ι).
2037 5598 2182 5663 Quo-

583 5686 746 5776 modo
777 5689 920 5776 enim
943 5689 1109 5774 lilium
1141 5706 1322 5774 suum:
1351 5689 1635 5768 Dominum
1685 5687 2044 5770 nominaret?
2069 5686 2179 5774 Lex

584 5765 852 5854 pi'Olribét,
885 5765 1149 5856 repugnat
1174 5769 1388 5856 religio,
1417 5765 1673 5842 ahltorrei
1706 5771 1858 5842 ﬁdes.
1877 5793 1932 5842 ut
1955 5767 2019 5841 ad
2052 5769 2180 5840 deii-

2280 4667 2408 4722 dine
2463 4667 2749 4734 potestatis
2781 4707 2796 4731 ,
2845 4663 2939 4718 sed
2999 4677 3097 4732 pro
3138 4662 3332 4731 copula
3365 4656 3805 4716 charitatiszuuam

2279 4761 2456 4815 Patris
2511 4769 2566 4815 et
2617 4758 2739 4812 Filii
2801 4756 3104 4824 intelligant
3158 4763 3522 4824 potesmtetu,
3565 4753 3733 4814 inquo
3771 4741 3802 4785 εί

2280 4853 2442 4908 Arius
2475 4854 2833 4916 conticescat,
2867 4850 2956 4919 qui
2987 4849 3256 4903 contraria
3289 4847 3538 4903 Sabellio
3563 4842 3730 4900 erroris
3749 4843 3802 4882 ur-

2279 4957 2370 5017 get
2393 4945 2858 5016 vestigia.Audiat
2888 4942 3172 4997 Dominum
3222 4941 3456 4996 Domino
3479 4923 3797 5017 dicereaudial

2281 5011 2348 5094 ad
2387 5011 2668 5094 dexteram
2699 5037 2878 5093 Patris
2911 5035 3109 5091 Filium
3135 5033 3330 5090 sedere
3361 5051 3376 5100 ;
3403 5043 3458 5088 et
3483 5031 3667 5089 desinat
3693 5011 3800 5093 716

2281 5133 2350 5188 de
2377 5146 2630 5186 sermone
2655 5140 2820 5200 atque
2867 5127 3058 5184 ordine
3087 5127 3364 5182 hominum
3413 5121 3660 5182 divinitati
3681 5117 3796 5169 facere

2283 5225 2657 5296 quaestionem.
2687 5225 2798 5280 Nec
2829 5231 3238 5295 argumentatur
3259 5221 3369 5289 hic,
3395 5223 3518 5292 quia
3551 5205 3795 5277 Patcrdicit,

2281 5319 2437 5384 sede;
2472 5318 2699 5388 legimus
2729 5318 2870 5372 enim
2900 5328 2955 5370 et
2999 5315 3147 5381 alibi,
3183 5316 3346 5370 etiam
3394 5317 3512 5371 sine
3541 5308 3682 5370 Patris
3700 5299 3792 5388 diem

2285 5409 2476 5465 sedere
2506 5387 2725 5468 Filium.
2776 5411 2918 5463 sicut
2952 5407 3212 5476 scriptum
3248 5416 3331 5460 est
3362 5424 3375 5458 :
3408 5405 3474 5460 Et
3495 5405 3619 5462 sedet
3645 5395 3696 5450 ad

2285 5514 2450 5557 teram
2493 5500 2592 5555 Dei
2614 5501 2806 5572 (Marc.
2841 5499 3084 5564 “1.20).
3117 5499 3182 5554 Et
3209 5498 3342 5554 alibi
3375 5519 3390 5554 :
3418 5500 3608 5553 Amodo
3637 5479 3787 5545 videbitis

2289 5593 2490 5651 Filium
2501 5593 2548 5648 Η
2553 5596 2738 5650 ominis
2752 5595 3004 5650 sedentem
3015 5592 3082 5647 ad
3096 5595 3358 5646 dexteram
3378 5591 3476 5646 Dei
3491 5592 3570 5664 (Μ
3578 5583 3676 5644 atth.
3695 5583 3787 5670 ﬂii»

2289 5689 2404 5764 64).
2439 5689 2560 5761 Ipse
2581 5699 2664 5746 est
2692 5688 2835 5744 enim
2863 5687 2954 5764 cui
2982 5687 3201 5764 dicitur,
3231 5687 3372 5752 sede,
3398 5687 3494 5764 (qui
3517 5673 3784 5764 Filius

2293 5755 2700 5839 humiliantur
2733 5800 2744 5838 :
2775 5757 2924 5838 audii
2945 5781 3096 5852 quasi
3128 5755 3312 5850 homo,
3333 5755 3490 5837 sedet
3514 5774 3644 5852 quasi
3665 5755 3785 5824 Dci‘l‘
