4042 6378
123 341 264 406 897

1373 348 1716 410 APOLOGIA
1753 344 1962 408 DAVID
2003 347 2302 408 ALTERA.

3378 350 3483 408 898

118 465 298 520 lius.
333 468 475 536 Quid
525 467 624 522 hac
671 473 849 537 potest
889 466 994 524 dici
1047 466 1457 538 praecellentius
1491 476 1775 537 potestate,
1806 473 1855 532 Α
1884 469 2284 536 susceptionem
2315 465 2514 530 carnis,
2545 465 2595 519 in
2625 466 2799 520 Patris
2832 466 3026 521 throno
3053 465 3259 522 caelesti
3290 466 3485 522 sedere

125 575 296 628 qua:
326 565 489 616 eti:un
510 577 727 617 carnem
759 563 994 617 hominis
1023 561 1087 617 ad
1104 562 1382 618 dexteram
1425 563 1514 617 Dei
1546 563 1781 619 colloca-

127 653 237 705 vit
262 669 278 716 ;
308 664 360 708 et
385 657 654 708 inlirmum
679 653 811 708 illud
832 654 1160 709 conditionis
1189 656 1465 721 humante,
1492 664 1778 723 postquam

134 753 360 802 tamen
393 747 630 803 Verbum
663 762 792 802 caro
825 747 1020 803 factum
1070 757 1170 813 est,
1207 747 1478 804 divinitati
1509 747 1782 818 copulavit

123 842 449 896 auertite?

217 936 344 990 9.7.
379 935 486 994 Sed
527 936 651 1008 quid
697 938 800 993 hoc
849 938 969 992 est?
997 938 1350 1009 Posteaquam
1401 936 1664 993 Photinus
1692 936 1782 991 oh.

134 1031 398 1095 mutuit,
458 1030 618 1085 Arius
645 1029 928 1095 conticuit,
981 1030 1254 1086 Sabellius
1285 1045 1474 1086 vocem
1503 1029 1779 1100 perdidit;

143 1121 354 1176 adhuc
385 1131 559 1175 tamen
591 1120 842 1177 hzeresim
894 1123 1111 1178 diversa
1135 1135 1323 1179 contra
1366 1124 1662 1179 Ecclesiam
1689 1139 1784 1179 ex-

143 1218 436 1268 citautem
469 1229 562 1268 ora
591 1213 890 1286 conspicio.
921 1214 1056 1269 Nam
1085 1232 1214 1272 ecce
1242 1215 1575 1272 Manichmus
1602 1225 1656 1271 et
1675 1215 1783 1270 Va-

140 1307 527 1376 lentinianus,
552 1316 608 1364 et
637 1310 816 1364 omnis
846 1309 1110 1364 derivatio
1132 1308 1551 1364 Manichaeorum
1582 1309 1634 1362 in
1667 1316 1693 1344 ἰ
1716 1323 1782 1363 eo

142 1403 284 1457 telo
315 1403 528 1468 nititur,
575 1419 683 1474 quo
713 1404 806 1458 alii
835 1412 961 1456 sunt
998 1403 1261 1472 perempti
1288 1425 1302 1469 ,
1331 1414 1386 1458 et
1436 1402 1561 1458 lidei
1587 1401 1784 1472 praeiu-

141 1495 376 1550 dicium
399 1537 413 1559 ,
448 1495 573 1550 ﬁdei
623 1495 1007 1552 testiﬁcatione
1059 1498 1298 1550 molitur.
1327 1496 1419 1551 Ait
1447 1497 1590 1552 enim
1620 1496 1775 1551 dete-

148 1589 365 1642 standa
396 1589 652 1644 haeresis:
688 1589 830 1644 Ecce
863 1591 1074 1660 negavit
1096 1589 1345 1644 Christus
1379 1589 1543 1644 lilium
1576 1605 1635 1644 se
1661 1604 1784 1646 esse

56 1735 66 1750 ,
153 1681 347 1737 David
379 1681 530 1754 (Luc.
566 1699 655 1744 xx,
690 1682 780 1753 15)
810 1699 824 1747 ;
857 1692 915 1737 et
941 1683 1083 1748 ideo,
1111 1683 1305 1754 inquit,
1334 1683 1670 1739 credendum
1699 1691 1785 1737 est

152 1777 319 1844 quod
354 1793 462 1830 non
491 1776 794 1845 susceperit
821 1792 1061 1832 carnem.
1095 1777 1306 1844 Quibus
1344 1777 1687 1846 apertissime
1728 1775 1782 1830 in

1884 575 1989 612 non
2013 559 2248 615 dubites.
2276 559 2462 629 Neque
2485 563 2630 613 cuitu
2658 559 2908 614 Christus
2932 559 3118 615 sedem
3145 561 3376 630 aliquam
3400 575 3488 614 re-

1881 654 2055 723 galem
2081 653 2183 708 hoc
2226 654 2412 709 habuit
2439 658 2490 710 in
2519 655 2753 720 saaculo,
2797 663 2854 709 ut
2897 666 3054 726 putes
3093 653 3250 709 aliam
3296 653 3484 708 sedem

1882 747 2049 802 David
2080 761 2102 788 ο
2132 750 2366 805 similem
2419 765 2541 806 esse
2576 751 2932 816 promissam;
2959 750 3193 804 maxime
3217 763 3338 804 cum
3371 747 3488 819 ipse

1882 838 2081 895 dixerit
2137 840 2398 897 Dominus
2435 860 2450 896 :
2493 843 2732 916 Regnum
2799 858 2968 897 meum
3011 859 3112 899 non
3157 851 3233 896 est
3283 842 3347 897 de
3394 842 3488 897 hoc

1882 933 2074 988 mundo
2105 932 2285 1005 (Joan.
2315 953 2466 1001 xvut,
2496 934 2611 1008 56).

1953 1025 2045 1078 29.
2071 1023 2325 1080 Conclusi
2356 1027 2533 1098 itaque
2559 1027 2831 1098 undique,
2860 1043 2928 1084 eo
2959 1027 3202 1099 perﬁdia:
3229 1043 3343 1084 sua:
3366 1036 3454 1082 ten

1883 1128 2126 1175 tamenla
2146 1119 2418 1186 derivant,
2442 1131 2501 1175 ut
2523 1121 2840 1178 incredibile
2875 1136 2996 1178 esse
3029 1131 3312 1186 asset-ant,
3342 1133 3486 1192 quoa

1886 1213 2027 1269 Deus
2081 1215 2387 1285 susceperit
2432 1230 2653 1272 carnem
2691 1234 2705 1272 :
2737 1232 2841 1287 qua
2892 1217 3105 1272 ratione
3145 1224 3324 1271 autem
3378 1229 3486 1268 non

1887 1309 2124 1378 potuerit
2167 1309 2484 1381 suscipere,
2535 1310 2809 1380 explicare
2849 1325 2955 1364 non
3005 1319 3248 1380 possunt.
3293 1308 3489 1375 Quaero

1886 1401 2030 1456 enim
2061 1410 2238 1456 utrum
2273 1401 2748 1472 impossibilitatis,
2777 1419 2843 1457 an
2875 1402 3085 1473 injuria:
3108 1418 3268 1458 causa
3300 1402 3491 1457 existi-

1888 1501 2038 1547 ment
2083 1507 2300 1548 carnem
2329 1510 2358 1548 a
2390 1494 2502 1550 Deo
2540 1495 2740 1565 suscipi
2774 1495 3128 1564 nequivisse?
3158 1497 3212 1552 Si
3238 1494 3491 1567 impossi-

1885 1584 2143 1653 bilitatis,
2183 1586 2384 1657 aliquid
2426 1603 2556 1658 ergo
2603 1587 2940 1657 impossibile
2982 1588 3090 1642 Deo
3121 1605 3134 1642 :
3165 1587 3299 1642 nihil
3343 1588 3488 1644 enim

1886 1689 1971 1735 est
2017 1680 2162 1751 quod
2209 1680 2386 1737 facere
2432 1682 2699 1747 voluerit,
2740 1691 2794 1738 et
2824 1681 3005 1738 facere
3032 1682 3356 1752 nequiverit.
3387 1683 3493 1738 Su-

1889 1782 2076 1844 perest
2114 1789 2246 1844 ergo
2293 1783 2349 1830 ut
2388 1786 2479 1829 aut
2517 1775 2786 1841 voluisse,
2817 1785 2908 1828 aut
2949 1775 3186 1830 noluisse
3205 1774 3490 1831 doceatur.

150 1868 295 1936 ipso
339 1870 603 1938 principio
650 1869 926 1938 Evangelii
978 1869 1256 1938 Scriptura
1304 1870 1618 1938 respondet,
1656 1884 1778 1924 cum
1812 1873 1858 1935 Β
1887 1867 2040 1932 Quod
2074 1876 2253 1922 autem
2291 1867 2465 1938 majus
2495 1867 2752 1923 indicium
2793 1867 3121 1930 Voluntatis,
3156 1884 3316 1938 quam
3347 1866 3493 1939 quod

151 1960 308 2015 dicit
323 1980 335 2014 :
353 1960 504 2015 Liber
522 1962 869 2032 generationis
888 1959 1015 2014 Iesu
1044 1959 1236 2016 Citriin
1259 1962 1357 2031 ﬁlii
1373 1961 1541 2016 David
1562 1959 1780 2031 (Matt/1.

157 2073 203 2120 ι,
238 2057 439 2125 l).t2ur
461 2055 623 2125 igitur
650 2065 742 2110 aut
763 2057 887 2111 alibi
918 2056 1084 2110 David
1115 2056 1258 2111 lilius
1285 2057 1503 2120 dicitur,
1537 2065 1629 2109 aut
1651 2054 1785 2110 alibi

160 2151 347 2206 David
376 2151 514 2206 illius
541 2151 879 2222 denegatur;
911 2153 1016 2206 nisi
1068 2163 1126 2208 ut
1165 2152 1436 2224 intelligas
1483 2152 1628 2207 aliud
1660 2167 1784 2208 esse

161 2244 476 2300 secundum
504 2245 861 2300 substantiam
891 2245 1129 2300 divinam
1158 2261 1284 2301 esse
1306 2245 1496 2310 lilium,
1529 2245 1674 2299 aliud
1695 2259 1783 2299 se-

159 2341 410 2396 cundum
456 2342 634 2394 carnis
679 2341 1124 2410 susceptionem?
1152 2339 1285 2395 Nam
1321 2340 1619 2395 secundum
1659 2339 1786 2394 sub-

167 2435 434 2490 stantiam
467 2433 728 2499 divinam,
765 2434 858 2487 Dei
890 2433 1057 2488 Filius
1078 2442 1200 2501 est;
1237 2433 1533 2488 secundum
1562 2448 1782 2487 carnem

163 2530 318 2584 Illius
349 2527 536 2582 David.
575 2527 758 2597 itaque
789 2526 878 2580 ubi
932 2528 1210 2597 generatio
1239 2529 1534 2582 secundum
1565 2542 1784 2582 carnem

164 2621 508 2678 descrilntur
536 2619 860 2684 Salvatoris,
909 2619 1072 2674 David
1125 2620 1267 2674 (ilius
1314 2621 1663 2674 nominatur:
1693 2619 1784 2675 ubi

164 2729 311 2770 vero
339 2713 616 2784 plenitudo
636 2713 994 2768 confessionis
1043 2714 1298 2783 exigitur,
1327 2728 1449 2768 cum
1475 2713 1787 2784 designatur

172 2807 466 2878 generatio
497 2805 936 2871 Salvatoris,non
959 2807 1072 2860 vult
1096 2821 1153 2860 se
1175 2805 1341 2860 David
1373 2805 1667 2872 litinm,sed
1694 2806 1786 2860 Dei

174 2901 489 2966 nominari;
512 2898 540 2938 δ
569 2899 869 2968 designatio
895 2898 1042 2953 enim
1067 2898 1368 2968 majestatis
1395 2899 1515 2968 ejus
1539 2910 1784 2953 naturam

175 2993 593 3062 interpretatur.
648 2993 754 3049 Sed
779 2992 891 3063 jam
945 2993 1248 3065 redargutis
1301 3009 1568 3047 saevorum
1620 2994 1788 3049 inter-

175 3086 604 3159 pretationibus,
623 3085 689 3141 ad
717 3086 1011 3142 Ecclesium
1041 3101 1222 3142 sermo
1246 3086 1543 3142 vertendus
1573 3095 1674 3142 est.

834 3218 1058 3276 CAPUT
1107 3218 1170 3274 ν.

181 3337 475 3411 Conﬁrmat
494 3341 721 3394 ratione:
771 3338 1014 3394 adversus
1046 3337 1256 3393 Judtcos
1284 3349 1435 3410 atque
1460 3338 1672 3409 gentiles
1694 3338 1788 3392 ad-

331 3435 537 3498 ductas,
563 3443 611 3488 et
631 3450 915 3488 sermonem
941 3432 1012 3485 ad
1062 3431 1347 3487 Ecclesium
1377 3434 1640 3487 convertit.

259 3548 557 3603 28.Verum
575 3547 716 3620 quod
737 3562 882 3618 saepe
909 3548 1120 3603 titulum
1145 3549 1570 3619 quinquagesimi
1596 3547 1788 3618 psalmi

190 3644 514 3708 repetimus,
551 3658 656 3695 non
683 3642 1146 3711 pr:esutnptionis,
1191 3641 1284 3696 sed
1337 3641 1661 3696 inlirmitatis
1705 3650 1792 3698 est

190 3735 516 3803 exemplum.
551 3733 671 3790 Uno
721 3735 866 3789 enim
895 3735 983 3789 die
1026 3734 1106 3789 vel
1142 3749 1236 3803 per
1261 3736 1535 3803 angustias
1565 3734 1820 3805 ingenii,

188 3829 273 3882 vel
319 3844 413 3896 per
443 3829 783 3897 fragilitatem
806 3828 960 3882 vocis
979 3841 1195 3882 omnem
1220 3828 1414 3882 seriem
1450 3845 1553 3882 non
1574 3843 1791 3897 possum

192 3921 416 3990 explere
450 3930 727 3976 tractatus.
759 3922 821 3975 Et
852 3920 974 3975 ideo
995 3922 1252 3992 quoniam
1281 3921 1548 3990 superiori
1583 3920 1669 3976 die
1689 3921 1789 3975 ad-

200 4027 386 4068 versus
409 4011 629 4066 Judmos
657 4021 846 4066 noster
880 4027 1062 4067 sermo
1093 4013 1331 4067 directus
1380 4021 1482 4077 est,
1515 4027 1650 4082 quos
1672 4012 1793 4081 qui-

197 4105 314 4161 dem
342 4122 406 4157 eo
429 4120 602 4172 usque
628 4105 950 4160 documenta
979 4106 1104 4160 ﬁdei
1143 4106 1496 4175 subegerunt,
1526 4115 1584 4159 ut
1609 4104 1792 4159 Chris-

195 4208 280 4254 tus
303 4201 352 4254 in
384 4199 593 4255 emit-sti
641 4201 781 4256 solio
811 4201 1200 4256 collocaretur:
1233 4199 1377 4270 quod
1403 4200 1586 4270 utique
1614 4200 1665 4254 in
1694 4199 1794 4254 ho-

197 4294 392 4349 minem
424 4309 528 4347 non
563 4302 745 4364 pctest
769 4294 1082 4348 convenire.
1115 4292 1296 4364 Neque
1323 4293 1469 4346 enim
1503 4292 1667 4346 alium
1692 4293 1794 4346 nisi

201 4384 289 4439 Dei
320 4384 512 4439 Filium
538 4385 603 4440 ad
637 4386 917 4441 dexteram
941 4385 1036 4439 Dei
1066 4385 1258 4440 sedere
1273 4383 1533 4441 credibile
1554 4395 1654 4440 est.
1677 4384 1793 4440 Non

200 4479 332 4534 alius
378 4481 561 4552 utique
593 4480 752 4535 nobis
804 4478 996 4535 sedere
1037 4479 1103 4534 ad
1152 4479 1431 4535 dexteram
1485 4479 1660 4535 Patris
1691 4480 1794 4536 nisi

201 4571 289 4627 Dei
322 4571 512 4638 Filius,
532 4573 758 4628 remotis
808 4571 1059 4627 omnibus
1104 4573 1393 4642 ambiguis,
1440 4572 1792 4629 aestimandus

1887 1959 2004 2029 ipse
2050 1960 2232 2015 dixit:
2285 1961 2471 2014 Palam
2517 1962 2741 2031 apparui
2779 1979 2882 2016 non
2924 1961 3266 2032 quwrentibus
3320 1980 3489 2018 me....

1888 2051 2136 2124 Expandi
2183 2070 2368 2108 namus
2417 2045 2554 2109 nicas
2594 2055 2662 2108 ad
2691 2056 2940 2126 populum
2967 2073 3070 2110 non
3099 2055 3418 2120 credentem,
3445 2064 3497 2111 et

1887 2147 2319 2200 contradicentem
2364 2145 2547 2218 (Esai.
2582 2163 2708 2210 uv,
2737 2148 2760 2202 1
2793 2157 2839 2200 et
2868 2149 2965 2216 2)?
3000 2147 3057 2203 Si
3088 2164 3219 2220 ergo
3246 2149 3498 2204 voluitet

1887 2238 2096 2309 potuit,
2131 2255 2198 2293 an
2231 2248 2481 2310 putamus
2527 2257 2648 2296 eum
2687 2257 2848 2296 causa
2885 2241 3096 2312 injurizr
3129 2243 3401 2299 noluisse?
3433 2243 3496 2299 Et

1886 2349 2048 2404 quam
2081 2334 2338 2388 divinitas
2367 2336 2448 2390 sui
2482 2336 2646 2391 sentit
2676 2335 2967 2407 iniuriam?
2998 2336 3214 2409 Expers
3242 2341 3384 2393 enim
3413 2345 3499 2393 est

1886 2424 2260 2493 contumelizc,
2289 2442 2462 2498 neque
2501 2429 2744 2498 subjecta
2780 2429 2980 2485 nostris
3008 2439 3092 2485 est
3119 2429 3494 2500 passionibus;

1889 2535 2066 2590 neque
2110 2519 2255 2574 enim
2307 2536 2435 2575 caro
2472 2522 2553 2576 vel
2590 2522 2981 2578 detrimentum
3007 2523 3280 2579 divinitati
3300 2524 3500 2582 all‘erre

1889 2614 2082 2682 potuit,
2113 2614 2197 2668 vel
2230 2626 2598 2685 augmentum.

1961 2704 2052 2759 50.
2093 2704 2195 2772 Qui
2221 2715 2401 2763 tamen
2431 2708 2534 2762 hoc
2563 2707 2862 2778 objiciunt,
2899 2710 3041 2780 quod
3074 2711 3167 2766 Dei
3190 2709 3357 2766 Filius
3380 2726 3499 2767 car-

1889 2811 2014 2851 nem
2047 2799 2333 2868 suscipere
2357 2816 2464 2856 non
2500 2803 2772 2871 potuerit?
2799 2799 2827 2840 ά
2860 2802 2919 2859 Si
2950 2805 3182 2874 gentiles
3202 2848 3217 2873 ,
3248 2805 3337 2877 qui
3366 2805 3498 2861 deos

1889 2905 2022 2946 suos
2059 2893 2339 2963 (quoniam
2385 2895 2636 2952 homines
2669 2897 2834 2954 fuisse
2883 2916 3083 2970 negare
3115 2917 3220 2955 non
3249 2901 3498 2975 possunt)

1888 2983 2120 3039 lnunana
2153 2988 2334 3057 specie
2360 2991 2503 3044 visos
2529 3005 2651 3046 esse
2683 2995 2988 3047 testantur?
3040 2997 3121 3048 Au
3162 3010 3252 3050 rex
3279 3011 3495 3062 eorum,

1889 3093 2049 3150 quem
2083 3080 2158 3135 illi
2190 3083 2302 3136 suis
2332 3082 2436 3138 diis
2466 3085 2716 3139 omnibus
2765 3097 3139 3157 anteponunt,
3173 3088 3500 3159 prodigiales

1890 3171 2093 3228 formas
2123 3175 2295 3245 potuit
2324 3192 2422 3246 pro
2452 3193 2641 3233 amore
2667 3181 2944 3250 suscipere
2969 3196 2982 3234 :
3013 3180 3260 3236 Christus
3280 3196 3500 3238 carnem

1814 3269 1860 3332 C
1892 3267 2130 3325 hominis
2151 3313 2165 3336 ,
2197 3287 2355 3342 quem
2406 3273 2473 3327 ad
2526 3274 2816 3345 imaginem
2865 3276 2949 3330 sui
2989 3275 3148 3341 fecit,
3173 3288 3338 3346 atque
3369 3275 3502 3332 illud

1892 3365 2404 3434 prmstantissimum
2435 3382 2570 3438 opus
2592 3383 2749 3422 suum
2769 3370 3050 3438 suscipere
3079 3385 3175 3440 pro
3202 3368 3389 3426 mundi
3416 3385 3504 3424 sa-

1891 3459 2005 3515 lute
2054 3475 2160 3514 non
2217 3461 2423 3531 potuit;
2458 3470 2509 3515 et
2571 3462 2851 3532 pulchrius
2895 3463 3005 3518 illis
3029 3463 3243 3519 videtur
3281 3473 3504 3535 propter

1892 3554 2221 3611 adulterium
2245 3555 2407 3611 alieni
2435 3556 2600 3623 thori,
2625 3573 2786 3629 quam
2821 3568 3042 3628 propter
3067 3557 3502 3629 redemptionem

1893 3645 2136 3701 Omnium
2171 3647 2446 3702 hominum
2475 3649 2714 3718 speciem
2739 3650 2918 3704 carnis
2944 3650 3320 3721 assumptam?
3348 3650 3502 3718 Quod

1893 3738 1939 3794 si
1960 3738 2180 3796 Judaeus
2211 3741 2314 3796 hoc
2345 3741 2553 3811 objicit.
2582 3743 2852 3813 quomodo
2883 3742 3013 3813 legit
3046 3741 3219 3798 :Ecce
3241 3745 3387 3816 virgo
3417 3760 3504 3797 ac-

1895 3834 2046 3902 cipiet
2071 3835 2123 3888 in
2144 3844 2307 3896 utero.
2333 3846 2379 3890 et
2408 3838 2575 3906 pariet
2598 3837 2794 3906 ﬁlium;
2816 3848 2862 3892 et
2887 3838 3149 3892 vocabitur
3177 3855 3362 3893 nomen
3391 3839 3503 3911 ejus

1897 3925 2204 3981 Emmanuel
2225 3927 2394 4001 (Esai.
2425 3945 2520 3996 vit,
2542 3929 2652 4002 Η),
2677 3931 2819 4001 quod
2843 3941 2927 3987 est
2948 3933 3387 4002 interpretatum,
3409 3949 3504 3988 no-

1896 4017 2103 4073 biscum
2163 4019 2336 4074 Deus?
2391 4020 2675 4088 Quomodo
2723 4022 2901 4093 legit:
2951 4022 3086 4078 Ecce
3127 4026 3213 4096 qui
3259 4026 3505 4097 loquebar

1897 4111 2082 4165 adsum
2106 4112 2122 4183 (
2142 4111 2287 4166 Esai.
2311 4129 2435 4177 Llll,
2465 4113 2561 4185 6)?
2586 4115 2871 4183 Quomodo
2909 4130 3088 4174 autem
3122 4119 3319 4176 lectum
3349 4137 3502 4178 asse-

1898 4205 2007 4259 rit:
2038 4205 2174 4261 Ecce
2215 4206 2345 4261 sicut
2389 4207 2758 4278 panthera.....
2801 4221 2848 4266 et
2886 4212 3018 4266 sicut
3055 4229 3208 4267 ursus
3234 4215 3502 4287 aporiatus

1895 4316 2164 4355 occurram
2190 4303 2260 4355 eis
2285 4300 2434 4373 (Ore.
2467 4318 2593 4370 xm,
2618 4304 2649 4358 7
2673 4313 2720 4358 et
2742 4303 2842 4376 8)?
2882 4305 2981 4361 Dei
3020 4321 3152 4377 ergo
3194 4308 3336 4363 (ilius
3379 4325 3502 4365 car-

1899 4408 2023 4448 nem
2054 4395 2333 4464 suscipere
2361 4411 2468 4450 non
2499 4395 2674 4467 potuit
2696 4413 2795 4468 pro
2824 4399 3202 4470 redemptione
3221 4403 3498 4471 omnium,

1898 4501 2022 4542 cum
2073 4487 2175 4560 ipsi
2217 4503 2415 4557 negare
2461 4505 2568 4544 non
2623 4491 2831 4560 possint
2867 4495 3012 4566 quod
3049 4511 3150 4566 pro
3190 4511 3501 4554 nostrorum

1897 4582 2165 4653 supplicio
2210 4592 2586 4654 peccatorum,
2616 4586 2868 4644 allectum
2917 4593 3206 4676 quemdam
3251 4595 3394 4651 Deus
3420 4595 3503 4652 fe-

204 4672 301 4719 θεῑο
324 4665 529 4720 “ursus
555 4666 810 4737 (lumliam
839 4665 1116 4760 Seriphi"!
1139 4665 1444 4760 ΙιδδθιξΕιτ
1471 4670 1642 4738 [ναίω
1669 4684 1784 4721 υεη·
1820 4676 1874 4738 D
1898 4679 2032 4734 rinac
2071 4678 2413 4736 crudelitatis
2443 4681 2716 4749 induerit;
2751 4693 2809 4740 ut
2837 4665 3144 4755 qui‘natura
3183 4690 3308 4760 pius
3335 4699 3420 4746 est
3449 4699 3504 4745 et

209 4757 294 4809 tris
337 4759 410 4810 tui
442 4774 628 4828 ponam
657 4775 814 4826 super
867 4757 1041 4813 sedem
1092 4769 1233 4813 tuam
1280 4757 1400 4831 (Ps.
1450 4775 1631 4824 cxxxt,
1658 4761 1791 4830 ll);

209 4845 339 4902 idern
369 4849 552 4918 utique
602 4849 695 4904 Dei
728 4849 898 4904 Filius
930 4867 1152 4905 carnem
1200 4867 1265 4907 ex
1294 4851 1460 4907 Maria
1487 4856 1795 4925 suscepisse

211 4941 502 4996 credendus
527 4951 629 5008 est,
659 4942 710 4997 in
737 4958 839 5010 qua
871 4943 1168 5014 prophetici
1212 4945 1416 5000 fructus
1442 4957 1523 5001 est
1545 4949 1751 5005 ventris
1781 4967 1794 5004 :

211 5046 264 5090 ut
291 5051 415 5090 vere
453 5038 850 5094 successionem
877 5038 1105 5110 originis
1130 5053 1509 5109 recognoscas,
1535 5040 1797 5114 illumque

213 5131 360 5204 717
399 5129 486 5184 Dei
527 5129 747 5199 Filium,
795 5131 992 5188 factum
1019 5143 1202 5204 postea
1245 5132 1415 5188 lilium
1445 5132 1678 5190 hominis
1701 5152 1798 5206 per

280 5254 302 5281 η
331 5243 468 5299 Edit.
501 5243 626 5299 Era.
651 5243 984 5301 etGill.cum
1015 5261 1142 5301 mss.
1162 5245 1328 5302 Torn.
1360 5246 1514 5302 Colb.
1539 5262 1602 5304 ac
1631 5247 1788 5314 Maz.,

215 5330 315 5387 meo
361 5318 460 5369 telo
512 5316 758 5370 obnitimr
797 5331 816 5380 ;
855 5329 908 5370 at
957 5320 1219 5387 potiorem
1263 5317 1632 5375 existimamus
1658 5319 1789 5376 edit.

219 5386 365 5460 Ilum.
401 5399 454 5439 et
481 5388 609 5444 Gill.
642 5387 707 5443 ad
741 5403 890 5456 marg
945 5386 1283 5460 aliorumque
1326 5405 1454 5445 mss.
1482 5390 1791 5447 lectionem.

284 5459 306 5498 δ
337 5461 461 5514 Era.
489 5460 656 5532 Etim,
686 5460 1004 5532 designatum
1029 5459 1231 5514 enim...
1270 5463 1633 5532 interpretatur
1662 5473 1796 5517 trac-

220 5539 340 5584 latus
367 5530 505 5602 apud
522 5529 859 5585 Christianos.
881 5530 1140 5586 Gill.cum
1162 5549 1291 5587 is.
1309 5529 1544 5602 quinque
1573 5536 1794 5590 lirasmo

221 5601 463 5678 concinit,
483 5602 584 5656 nisi
614 5603 754 5678 (ιιιοά
776 5607 824 5654 ιιι
847 5601 933 5678 his
953 5603 1166 5678 legitur,
1189 5601 1484 5678 Designatio
1506 5608 1660 5678 enim,
1687 5619 1792 5662 etc.

223 5674 314 5729 Sed
367 5675 600 5727 editores
642 5675 798 5728 Rom.
845 5673 984 5745 bene
1011 5673 1330 5731 ’adverlere'
1364 5693 1548 5745 voces,
1585 5677 1799 5734 Tractus

223 5745 349 5820 apud
377 5745 712 5820 Christianos,
734 5744 990 5820 alicunde
1005 5748 1056 5802 in
1085 5755 1287 5820 textum
1310 5747 1615 5820 irrepsisse.
1639 5749 1800 5807 Certe

222 5815 424 5899 quidem
457 5817 506 5945 iln
530 5831 661 5872 mss.
689 5815 843 5872 Dion.
888 5827 946 5873 et
967 5817 1167 5890 Laud.,
1195 5819 1361 5877 Torn.
1383 5815 1439 5880 et
1457 5821 1665 5879 Theod.
1691 5838 1796 5879 non

223 5903 463 5945 mvemun
494 5903 575 5945 ur.

223 5903 575 5949 inveniuntur.

1901 4772 2249 4841 misericors,
2300 4783 2610 4831 nostrorum
2669 4787 2851 4835 tamen
2899 4781 3167 4838 scelerum
3219 4783 3504 4840 atrocitate

1899 4874 2240 4932 commotus,
2293 4879 2533 4925 assumat
2563 4869 2618 4926 in
2659 4887 2757 4927 nos
2787 4874 3075 4944 quamdam
3107 4875 3372 4933 saevitiam
3410 4876 3505 4934 be-

1899 4959 2124 5014 stiarum
2152 4959 2177 5013 ?

1973 5051 2064 5107 51.
2106 5051 2215 5108 Sed
2247 5051 2358 5123 jam
2389 5057 2512 5127 quia
2534 5066 2590 5114 et
2617 5059 2901 5128 superiore
2926 5059 3016 5118 die
3042 5069 3096 5118 et
3119 5060 3282 5120 hodie
3301 5062 3504 5122 Judacis

1901 5144 2034 5199 satis
2089 5160 2412 5218 responsum
2456 5149 2714 5219 arbitror,
2759 5153 2904 5224 apud
2952 5169 3048 5210 vos
3093 5153 3260 5225 mihi,
3310 5157 3505 5238 fratrea

1979 5269 1999 5295 ο
2044 5257 2116 5313 Ita
2165 5257 2298 5314 edit.
2335 5259 2456 5314 Era.
2504 5270 2558 5316 et
2605 5263 2731 5319 Gill.
2777 5280 2903 5320 cum
2964 5281 3093 5322 mss.
3139 5266 3282 5322 Edit.
3319 5277 3501 5326 autem

1901 5327 2088 5406 Rom“
2119 5328 2291 5384 David
2320 5333 2645 5406 seniiniesse
2675 5338 3001 5406 promissam.
3035 5338 3140 5394 Sed
3172 5356 3276 5393 non
3319 5340 3504 5396 videre

1902 5402 1993 5470 qui
2018 5417 2312 5471 reposuere
2340 5403 2544 5469 semini,
2575 5402 3000 5464 subaudiendum
3033 5426 3154 5466 esse
3185 5426 3369 5467 vocem
3391 5413 3503 5468 sedi

1904 5472 2007 5544 hoc
2037 5475 2201 5528 modo
2231 5493 2243 5527 :
2282 5472 2496 5528 Davidis
2524 5476 2633 5528 sedi
2662 5478 2916 5544 similem,
2945 5492 3050 5536 etc.

1972 5542 2000 5582 ἀ
2031 5545 2184 5620 Εάίῑ.
2231 5545 2414 5620 Rom”
2460 5546 2522 5620 δί
2568 5550 2814 5620 gentiles,
2846 5542 2939 5606 cur
2970 5553 3106 5608 Deos
3132 5571 3250 5609 suos
3276 5555 3507 5610 humana

1903 5618 2088 5688 specie,
2116 5627 2223 5672 etc.
2252 5617 2386 5671 Aliae
2408 5616 2540 5671 edit.
2570 5616 2691 5688 eum
2717 5616 2842 5677 mss.
2872 5625 2923 5678 in
2949 5637 3187 5680 nostram
3216 5627 3502 5682 lcetionem

1905 5687 2271 5765 consentiunt,
2290 5688 2391 5742 nisi
2419 5689 2559 5758 quod
2580 5687 2689 5745 illae
2711 5693 2932 5760 habent,
2963 5713 3054 5750 cur
3083 5699 3203 5752 deos
3231 5714 3385 5765 suos;
3407 5699 3506 5755 sed

1906 5761 2029 5842 quia
2080 5760 2197 5842 hoc
2230 5774 2448 5842 sensum
2505 5775 2612 5842 non
2659 5765 2793 5819 satis
2814 5769 3168 5842 commodum
3209 5760 3505 5842 ofﬁciebat,

1909 5830 2066 5890 Rom.
2093 5831 2226 5889 edit.
2260 5831 2499 5902 phrasim
2526 5830 2830 5893 decurtanti
2859 5837 3036 5896 locum
3061 5841 3231 5898 dedit.
3275 5854 3290 5890 7
