4042 6378
574 241 678 298 899

1935 237 2182 298 8ΔΝΟἸἸ
2221 237 2522 296 Αιιιιιιυδι

3853 88 3861 134 l

3763 241 3822 298 {ltiti

574 363 946 428 dilectissimi,
997 363 1302 432 prophetici
1355 363 1476 418 facti
1525 363 1660 416 ratio
1712 363 2018 434 pransutnda
2073 373 2174 418 est.
2209 367 2252 424 Α
2287 365 2458 420 mines
2515 363 2946 444 redempturus”
2985 361 3330 418 beneﬁcium
3385 377 3418 414 a
3471 359 3580 414 suis
3613 361 3820 428 majnriiu.

577 454 790 508 Etenim
831 469 952 508 cum
999 453 1232 522 primum
1269 453 1538 524 legeretur
1575 453 1660 508 hic
1713 455 1908 523 psalmi
1955 453 2172 520 titulus,

573 546 716 616 quod
751 545 958 601 venerit
981 545 1186 600 Nathan
1209 545 1274 600 ad
1303 545 1494 610 David,
1519 561 1644 600 cum
1675 547 1892 600 intravit
1917 547 1982 600 ad
2015 545 2180 600 Beth-

574 641 768 706 sabee,
801 639 1040 694 diximus
1073 639 1332 708 plurimos
1377 640 1522 696 serie
1567 639 1808 694 historiae
1851 637 2010 708 hujus
2047 653 2178 692 cou-

574 735 722 788 luudi
749 753 761 786 ;
793 743 848 788 et
883 733 1006 788 ideo
1055 743 1340 788 tractatum
1369 733 1486 804 ejus
1513 731 1914 802 assmnpsimus
1941 729 2178 800 triperti-

569 837 680 882 ttnn
699 845 712 892 ;
733 827 1164 899 divisionemque
1179 829 1502 900 tractatus']
1514 828 1618 898 ιε
1643 827 1712 882 ita
1741 825 2044 894 putavimus
2057 839 2178 880 esse

567 919 905 986 faciendam,
935 933 992 976 ut
1033 923 1174 992 apud
1211 921 1458 976 Gentiles
1489 920 1674 988 lapsus
1703 919 2029 972 conditionis
2067 933 2174 972 non

565 1026 876 1086 negaretur,
903 1017 1176 1072 correctio
1195 1019 1400 1070 erroris
1421 1023 1758 1068 astrueretur
1773 1029 1786 1078 ;
1803 1012 1942 1082 apud
1959 1011 2176 1067 Jlldtl’OS

565 1117 748 1166 autem
801 1109 924 1164 ideo
963 1110 1174 1179 lapsum
1233 1123 1354 1164 esse
1394 1119 1643 1162 sanctum
1725 1105 1892 1160 David
1947 1105 2174 1162 docere-

565 1217 705 1266 ntus,
727 1219 794 1257 ne
812 1203 1046 1272 amplius
1061 1198 1374 1256 Iudaeorum
1403 1199 1626 1270 perﬁdia
1647 1197 1998 1264 claudicaret,
2023 1212 2174 1254 eum-

561 1313 665 1364 que
705 1297 790 1352 vel
822 1297 914 1350 Dei
939 1296 1110 1350 tilium
1153 1293 1470 1350 desinerent
1521 1293 1782 1358 credere,
1815 1309 1974 1363 quem
2021 1292 2177 1348 vide-

564 1399 686 1444 rent
713 1391 994 1444 communi
1047 1389 1364 1442 conditione
1391 1387 1694 1442 obnoxium
1721 1387 1884 1440 fuisse
1917 1397 2170 1455 peccato;

567 1489 590 1516 ⁸
616 1483 910 1537 Christiani
937 1497 1072 1536 vero
1095 1485 1370 1550 surgentis
1395 1479 1658 1536 Ecclesia:
1685 1478 1940 1552 mysteria
1965 1480 2176 1548 possint

562 1574 874 1630 advertere.
901 1573 1200 1645 Tripertila
1233 1589 1362 1642 ergo
1387 1573 1584 1628 divisio
1613 1573 1754 1628 facta
1803 1583 1918 1638 est,
1953 1587 2058 1624 una
2089 1585 2176 1626 se—

565 1667 802 1722 cundum
835 1677 1106 1732 naturam,
1133 1667 1240 1720 alia
1261 1667 1554 1720 secundum
1581 1665 1762 1730 Iidem,
1793 1663 1954 1720 tertia
1979 1679 2168 1720 secun-

2281 457 2566 514 inchoaret
2591 474 2606 522 ;
2631 453 2656 494 ἀ
2683 457 2844 514 simul
2889 437 2958 514 ne
2989 458 3082 525 qui
3117 471 3180 512 se
3207 455 3464 528 subjecit
3487 469 3650 524 usque
3679 455 3732 510 ad
3751 473 3808 510 ιιι

2281 495 2566 514 ...νην-η..
2591 499 2606 522 ,
2891 495 2958 514 ..υ
2989 495 3082 525 ...η
3119 495 3180 512 συ
3207 495 3464 528 πηνα.
3489 495 3650 524 ...η-υ
3679 495 3732 510 ...
3751 495 3806 510 με.

2281 551 2430 621 poris
2461 551 2798 622 passionem,
2843 551 3194 618 nobilitatem
3239 561 3516 618 captasse
3553 549 3824 604 immawlat:
3865 495 3872 622 Ξ

2279 645 2504 714 originis
2533 645 2828 700 videretur.
2869 641 3162 700 ﬂuminum
3195 645 3358 700 enim
3387 643 3496 696 isra
3519 639 3746 711 jactautia
3765 657 3828 702 est,

2279 739 2508 793 alienam
2535 737 2788 809 gloriam,
2823 753 2924 792 non
2961 755 3118 792 suam
3149 752 3456 808 quzcrere;
3487 745 3544 788 et
3571 737 3828 788 tameniutu

2281 831 2428 900 ipsos
2473 831 2524 886 Ιιε
2549 831 2722 886 mines
2771 831 2942 900 major
2983 831 3234 896 virtutis,
3263 844 3448 899 quam
3489 825 3756 882 nobilitatis
3783 845 3832 882 eii

2277 925 2470 992 gratia.
2509 923 2680 980 Simul
2723 923 2990 978 edendum
3027 925 3366 992 eictnplum
3411 921 3540 984 fuit,
3567 929 3624 974 ut
3649 920 3833 988 intellige-

2279 1027 2398 1074 rent
2427 1033 2616 1074 omnes
2647 1019 2909 1088 utajorttm
2941 1018 3140 1088 probra
3179 1034 3294 1074 non
3333 1031 3512 1086 posse
3541 1016 3746 1084 posteris
3761 1031 3832 1070 esse

2277 1109 2562 1174 dedecori;
2593 1109 2737 1182 quod
2785 1109 3158 1180 unusquisque
3203 1107 3606 1164 successionis
3647 1111 3832 1160 maculae

2281 1205 2516 1272 proni-ite.
2553 1205 2749 1260 merito
2787 1203 2958 1274 possit
2999 1202 3224 1258 abolere
3255 1199 3523 1256 virtutis.
3563 1195 3712 1258 Vides
3733 1215 3830 1266 qius-

2281 1307 2362 1352 tus
2411 1297 2576 1370 719
2619 1309 2672 1350 et
2723 1311 2884 1366 quam
2925 1297 3166 1366 graviter
3211 1294 3574 1348 criminosos
3629 1291 3830 1346 Domini:

2277 1391 2648 1460 generationis
2703 1391 2874 1446 series
2914 1389 3384 1460 comprehendat,
3423 1387 3501 1442 de
3547 1401 3828 1456 quoniam.

2277 1489 2401 1554 gine
2461 1491 2682 1554 propter
2729 1494 2780 1538 te
2831 1483 2977 1538 nasci
3039 1483 3296 1536 Christus
3361 1497 3484 1536 non
3543 1478 3764 1534 erubuit?
3799 1481 3826 1528 i;

2279 1577 2400 1632 huic
2453 1579 2498 1632 si
2545 1577 2772 1640 credas,
2805 1577 3004 1632 divina:
3051 1575 3444 1632 miserationis
3493 1575 3550 1628 in
3607 1581 3658 1626 te
3691 1587 3822 1624 metu.

2277 1680 2400 1724 Suttl
2419 1711 2432 1732 ,
2459 1677 2514 1724 et
2541 1667 2644 1724 hoc
2671 1669 2912 1724 ωιιυειὶε
2947 1667 3160 1736 insigne
3187 1676 3272 1722 est
3307 1663 3644 1736 potestatis.
3683 1661 3818 1728 Supra—

565 1759 694 1815 dum
718 1761 978 1830 gratiam;
1009 1775 1110 1814 nec
1133 1759 1416 1814 iulirtnitas
1441 1757 1680 1814 excludit
1705 1773 1734 1812 a
1760 1759 1934 1818 venia,
1961 1765 2016 1812 et
2041 1756 2176 1812 lides
2207 1759 2252 1820 Β
2283 1761 2540 1820 lmudavit
2566 1763 2710 1818 enim
2744 1772 3046 1832 peceatum,
3079 1771 3134 1814 ut
3181 1757 3684 1830 super-abundaret
3715 1769 3792 1826 gra

571 1863 794 1908 excusat
821 1869 851 1908 a
879 1854 1056 1924 culpa,
1089 1859 1314 1924 gratiam
1339 1869 1554 1922 quoque
1583 1851 1908 1922 promissam
1935 1848 2044 1918 jam
2073 1849 2174 1902 du-

565 1945 692 2002 dum
718 1957 1057 2002 sacrameuta
1085 1945 1394 2002 conciliant.

1171 2075 1397 2136 CAPUT
1455 2075 1543 2132 V'I.

566 2195 847 2252 Ecclesium
893 2198 1066 2260 docet,
1097 2212 1188 2250 cur
1219 2193 1386 2248 David
1425 2209 1484 2246 ac
1513 2191 1744 2262 plerique
1781 2190 1870 2244 alii
1917 2187 2174 2244 Dominici

631 2293 830 2366 generis
859 2303 1094 2346 auctores
1121 2291 1174 2346 in
1205 2305 1430 2342 errorem
1475 2287 1576 2342 labi
1609 2283 1844 2356 permissi
1875 2283 2010 2348 sint;
2041 2293 2089 2338 et
2119 2294 2175 2338 ut

634 2388 752 2442 inde
795 2389 1000 2458 {acilius
1049 2385 1294 2457 mysteria
1331 2391 1496 2448 eruat,
1523 2381 1794 2434 historiam
1835 2378 2098 2432 homicidii
2127 2385 2174 2430 et

633 2481 878 2534 adulterii
911 2480 1071 2550 ipsius
1106 2478 1274 2532 David
1308 2487 1554 2532 recenset.

631 2591 722 2646 52.
767 2591 1086 2648 Peccaverit
1131 2589 1300 2646 David
1352 2604 1418 2642 ne
1471 2597 1616 2644 totus
1663 2585 1898 2642 mundus
1928 2597 2168 2650 erraret;

563 2681 870 2750 peccaverit
913 2681 1052 2750 sibi,
1105 2691 1164 2736 ut
1202 2681 1360 2736 nobis
1402 2677 1656 2734 omnibus
1689 2679 2038 2742 emendaret;
2073 2693 2170 2746 νοο

559 2785 767 2840 stremo
793 2776 1094 2846 peccaverit
1127 2775 1176 2830 in
1210 2789 1406 2844 corpus
1437 2789 1592 2828 suum
1613 2771 1726 2844 (qui
1755 2773 1899 2826 enim
1923 2771 2168 2826 fornica-

559 2881 675 2938 tur,
709 2869 762 2924 iu
799 2849 1000 2938 corpus
1049 2885 1206 2924 suum
1251 2869 1474 2938 peccat)
1509 2865 1812 2934 peccaverit
1861 2864 1913 2920 in
1967 2878 2168 2930 corpus

555 2978 735 3028 suum,
761 2973 818 3018 ut
849 2961 900 3016 in
927 2961 1126 3016 libris-ti
1153 2975 1384 3028 corpore
1415 2957 1816 3014 redimeretur;
1848 2972 1976 3012 ecce
2001 2971 2164 3027 quem

557 3055 642 3110 vix
676 3054 1082 3126 defendendum
1116 3050 1468 3124 putabamus,
1500 3051 1609 3118 jam
1653 3049 1928 3104 cernimus
1967 3049 2166 3118 prazdi-

2277 1859 2394 1912 Non
2453 1857 2618 1912 fuerit
2657 1857 2820 1928 igitur
2859 1855 3028 1912 David
3073 1865 3348 1926 exceptus
3377 1871 3408 1908 a
3445 1853 3640 1924 culpa,
3677 1859 3728 1906 ut
3755 1865 3794 1904 es

2276 1951 2484 2006 electus
2513 1950 2578 2004 ad
2609 1951 2858 2020 gratiam.

2345 2044 2440 2100 54.
2479 2045 2586 2100 Sed
2605 2043 2716 2116 jam
2743 2043 2997 2114 mysteria
3021 2043 3190 2112 ipsius
3213 2053 3628 2096 reccnseamus
3651 2035 3798 2092 hister:

2275 2149 2330 2194 et
2361 2153 2432 2194 ex
2475 2139 2608 2208 ipsis
2645 2137 3048 2208 Scripturarum
3081 2133 3330 2190 hiatibus
3357 2133 3812 2194 lnauriamusntqm

2277 2241 2332 2286 ut
2367 2246 2583 2284 uitiuem
2625 2229 2824 2288 seriem
2879 2228 3266 2300 mysteriorum
3317 2225 3698 2294 introspicere
3727 2233 3812 2288 pars:

2275 2341 2417 2390 ntus,
2453 2333 2655 2380 textum
2687 2323 2854 2394 ipsius
2883 2330 3192 2391 repetamus
3217 2319 3504 2380 histor-im.
3535 2317 3628 2372 Sic
3661 2315 3770 2370 enim
3805 2327 3816 2360 1

2275 2417 2414 2472 libro
2445 2418 2752 2488 Regnorum
2781 2415 3124 2472 meminimus
3167 2426 3510 2484 expressum
3545 2411 3566 2480 (
3599 2407 3638 2462 ll
3661 2405 3812 2474 Beat:

2273 2511 2309 2564 2
2339 2523 2384 2564 et
2413 2527 2518 2570 seq.
2545 2511 2582 2580 ),
2637 2525 2704 2566 eo
2761 2508 2902 2579 quod
2953 2506 3120 2562 David
3169 2521 3294 2560 cum
3347 2506 3638 2564 lavantem
3679 2497 3818 2552 vidissd

2273 2601 2578 2656 Betltsabee
2603 2600 2742 2658 ῢτίιυ
2763 2615 3012 2664 uxorem,
3039 2599 3420 2664 adamaverit;
3453 2593 3650 2650 deinde
3673 2589 3814 2644 donas:

2275 2697 2460 2750 Venire
2493 2695 2844 2766 pra-ceperit,
2871 2709 2996 2748 cunt
3039 2693 3240 2756 absens
3287 2700 3452 2746 esset
3493 2689 3577 2742 vir
3625 2679 3816 2738 mulieri!-

2275 2805 2382 2844 nou
2413 2791 2582 2844 multo
2605 2799 2724 2856 post
2743 2789 2992 2844 maritum
3014 2787 3131 2856 ejus
3157 2801 3452 2842 reversum
3485 2795 3626 2844 esse,
3647 2775 3808 2832 nuntius

2275 2884 2424 2948 belli,
2455 2883 2762 2952 religiosum
2793 2897 2924 2936 sane
2965 2889 3020 2936 et
3063 2883 3320 2944 devotum
3369 2881 3584 2938 virum.
3625 2873 3700 2942 qui
3741 2869 3814 2920 liciti

2277 2985 2526 3046 tempore
2579 2991 2682 3030 non
2733 2975 3002 3044 putaverit
3049 2974 3148 3030 sibi
3193 2970 3614 3044 ingrediendum
3635 2966 3806 3020 dumi“-

2273 3085 2394 3122 cmn
2433 3069 2612 3122 socios
2641 3069 2786 3124 bello
2817 3067 3022 3124 videret
3049 3069 3319 3133 intentos,
3357 3083 3466 3122 nec
3495 3057 3760 3118 domesticis
3779 3055 3808 3102 in

554 3149 806 3208 cundum.
851 3147 982 3215 Quis
1017 3146 1166 3200 enim
1197 3157 1282 3198 est
1326 3145 1414 3214 qui
1449 3143 1584 3198 ttulit
1621 3142 1800 3198 divina
1833 3143 2004 3214 magis
2031 3143 2082 3194 in
2108 3156 2165 3196 se

2278 3162 2664 3224 tabernaculis,
2683 3161 2776 3214 sed
2807 3162 2858 3214 iu
2887 3160 3224 3230 praeliarihus
3247 3160 3506 3214 tentoriis
3527 3153 3800 3212 excubantes;

556 3258 803 3308 nntuera,
829 3255 989 3312 quam
1023 3243 1255 3294 humana
1283 3255 1444 3308 opera
1473 3237 1790 3305 praedicari?
1821 3237 2164 3290 Arbitrantur

554 3337 698 3390 enim
727 3337 1026 3390 secundum
1060 3335 1362 3406 apostolum
1405 3331 1597 3406 (Rom.
1625 3347 1716 3398 ut,
1747 3331 1840 3402 “28)
1875 3329 2164 3400 jttstiﬁcari

563 3426 840 3482 hominem
875 3443 968 3498 per
989 3427 1172 3492 ﬁdem,
1193 3427 1310 3480 siue
1347 3425 1601 3494 cperibus
1625 3423 1782 3492 chis
1807 3422 2165 3492 :jusdﬁcetur

553 3535 684 3590 ergo
710 3537 777 3572 ex
809 3519 916 3574 ﬁde
949 3519 1149 3582 David,
1179 3518 1270 3588 qui
1301 3533 1400 3588 per
1431 3515 1628 3586 Legem
1681 3525 1958 3586 peccatum
1991 3531 2159 3584 agno-

553 3613 660 3672 vit.
685 3611 780 3666 sed
816 3611 1023 3681 peccati
1067 3611 1282 3666 veniant
1307 3626 1405 3682 per
1428 3609 1584 3664 (idem
1615 3609 1872 3674 credidit;
1903 3609 2165 3677 justilice-

553 3718 639 3762 tur
672 3707 839 3762 David
862 3749 874 3772 ,
907 3705 936 3744 ι’
965 3707 1090 3776 quia
1133 3707 1184 3760 in
1215 3717 1436 3778 peccato
1465 3704 1583 3775 ejus
1613 3707 1870 3776 subrepta
1905 3705 2164 3760 Ecclesia:

555 3802 814 3874 mysteria
857 3801 1210 3856 refulserunt.

623 3898 712 3952 55.
759 3898 900 3952 Dicit
924 3895 1152 3968 aliquis,
1178 3911 1280 3968 qua
1310 3897 1520 3950 ratione
1543 3907 1594 3948 et
1629 3894 1954 3950 adulterium
1983 3904 2038 3951 et
2063 3896 2160 3950 ho-

551 3991 832 4048 micidium
880 3992 1218 4048 commiserit
1251 3991 1515 4046 Dominici
1555 3991 1772 4062 generis
1799 4002 1990 4046 auctor
2043 3990 2162 4046 ele-

550 4098 669 4142 ctus
707 4101 738 4140 a
783 4087 932 4141 Deo?
959 4085 1120 4158 Aliud
1147 4086 1268 4140 dico
1301 4086 1490 4142 :Talis
1520 4097 1712 4142 auctor
1759 4085 2022 4141 Dominici
2063 4085 2165 4142 fuit

552 4178 796 4246 Corporis
853 4177 1154 4248 eligendus.
1203 4177 1344 4245 Quid
1387 4187 1472 4232 est
1509 4178 1652 4234 enim
1677 4179 2024 4252 corporatio,
2059 4179 2161 4234 nisi

553 4271 803 4326 remissio
852 4270 1235 4340 peccatorum?
1263 4269 1328 4324 Et
1377 4269 1500 4346 ideo
1547 4286 1740 4326 exsors
1779 4273 1988 4342 peccati
2039 4286 2160 4328 esse

553 4379 660 4432 non
689 4365 878 4432 potuit,
905 4372 964 4418 ut
992 4363 1230 4418 divinam
1257 4363 1484 4432 gratiam
1517 4372 1570 4416 et
1597 4363 1846 4432 exemplo
1877 4362 2164 4432 pra-ferret

553 4469 606 4511 et
635 4457 842 4512 nuntio.
876 4455 1116 4525 Denique
1143 4471 1204 4510 ea
1231 4453 1586 4524 dispositione
1613 4453 1918 4530 Betltsabee
1939 4465 1994 4508 et
2019 4453 2162 4508 Tha-

552 4569 670 4608 mar
703 4563 723 4589 ί·
759 4552 899 4608 inter
925 4561 1176 4622 auctores
1203 4549 1468 4622 Dominici
1501 4549 1716 4620 generis
1742 4560 2154 4622 computantur:

549 4661 775 4716 quarum
812 4647 982 4700 altera
1009 4642 1331 4700 adulterium
1370 4641 1528 4708 fecit,
1565 4643 1738 4706 altera
1780 4644 2052 4698 commisit
2075 4645 2158 4700 in-

547 4747 776 4800 cestum.
833 4739 908 4794 Ea
962 4738 1320 4806 dispositione
1366 4748 1418 4792 et
1477 4738 1663 4796 Achati
1722 4748 1776 4812 et
1832 4737 2150 4806 Jechouias,

549 4832 689 4886 sicut
718 4832 1004 4887 Manli-ams
1031 4831 1374 4902 Evangelista
1404 4829 1694 4901 descripsit
1725 4831 1944 4904 (Matth.
1969 4849 2012 4899 1,
2045 4833 2077 4888 9
2100 4843 2152 4888 et

551 4923 665 4996 tl),
694 4933 1122 5006 annumerantur
1145 4923 1442 4994 majoribus
1469 4923 1710 4992 Christi,
1744 4935 1800 4982 ut
1827 4942 2017 4982 omnes
2049 4925 2150 4981 ho-

623 5134 746 5190 ﬂ[ta
793 5133 923 5198 edit.
969 5147 1161 5200 omnes
1204 5147 1324 5194 cum
1373 5131 1546 5188 tribus
1577 5145 1709 5200 mss.
1736 5128 1840 5184 Alii
1865 5138 2047 5186 autem
2071 5129 2154 5185 le-

548 5218 678 5276 gnnt
719 5225 732 5262 :
769 5203 1078 5262 Christianis
1119 5199 1234 5260 vero
1283 5205 1610 5276 suggerentes
1635 5199 1881 5258 Ecclesia:
1912 5203 2157 5274 mysteria

551 5281 799 5348 possimus
830 5280 1109 5332 advertere.

621 5349 645 5388 ι’
673 5351 828 5402 Ιζηιιι.
858 5349 988 5404 edit.
1022 5364 1142 5404 cunt
1175 5347 1293 5402 Vat.
1327 5364 1455 5410 uno,
1491 5356 1545 5400 ct
1586 5345 1796 5402 Tlteod.
1841 5360 1999 5409 mss.,
2032 5345 2156 5412 quia

549 5421 600 5474 in
628 5431 834 5492 peccato
857 5425 964 5494 ejus
991 5429 1283 5475 surrectura
1309 5415 1553 5472 Ecclesia:
1577 5417 1841 5494 mysteria.
1865 5415 2000 5472 Alia:
2020 5417 2152 5472 edit.

553 5503 612 5546 ac
646 5510 773 5548 mss.
809 5504 865 5546 ut
889 5497 940 5546 in
973 5503 1140 5546 texut.

629 5577 648 5600 ι·
693 5563 853 5636 Edit._
873 5565 1002 5636 Era.
1041 5571 1204 5636 atque
1250 5559 1479 5636 (ξιιμ-ει
1528 5577 1659 5636 mss.
1709 5559 1934 5636 aliquot,
1961 5571 2154 5613 matres

552 5645 780 5698 auctores
819 5633 1078 5698 Dominici
1095 5627 1241 5698 (etc.
1260 5627 1498 5700 'Quidam
1523 5627 1817 5692 aliitttssn'
1839 5627 2025 5694 matres
2055 5647 2152 5700 att-

553 5707 726 5770 θείη-ιδ,
751 5705 1014 5785 φωρ-ιιι.
1047 5721 1179 5785 vero
1226 5707 1278 5774 in
1321 5705 1599 5785 ttutrgine,
1631 5719 1692 5758 ac
1729 5717 1860 5774 tuss.
1909 5701 2154 5780 nonnulli

553 5789 673 5830 Ctltll
699 5777 830 5832 edit.
865 5775 1024 5830 Rom.
1051 5771 1330 5832 nobiscum
1361 5771 1580 5830 faciunt.
1781 5771 1786 5774 ’
1989 5777 1992 5780 ’

2273 3265 2458 3325 postea
2487 3255 2638 3324 jussu
2675 3255 2839 3309 David
2871 3255 2922 3308 in
2955 3253 3091 3308 bella
3137 3262 3500 3318 revocatum,
3533 3249 3632 3304 sub
3655 3259 3706 3299 ea
3723 3255 3802 3310 PV“

2271 3349 2546 3418 ceptioue,
2573 3355 2630 3401 ut
2651 3347 2982 3418 objiceretur
3011 3347 3342 3401 adversariis
3383 3341 3725 3400 bellatoribus,
3737 3345 3790 3398 ea
3867 3341 3870 3372 -‘

2273 3449 2446 3496 morte
2501 3441 2598 3494 viri
2653 3441 2878 3496 liberam
2935 3440 3146 3508 c0piam
3195 3441 3476 3508 potienda:
3521 3432 3788 3492 mulierisrd
3871 3437 3874 3450 '

2273 3532 2520 3588 haberet.
2557 3531 2626 3588 Et
2671 3535 2756 3587 hic
2797 3533 3055 3586 nominlla
3086 3544 3170 3588 est
3201 3534 3416 3600 peccati
3457 3521 3788 3586 verecundia.ti

2273 3629 2446 3698 pudor
2471 3631 2664 3697 culpae,
2685 3629 2826 3700 quod
2857 3629 3116 3684 latebram
3157 3629 3416 3698 quaesivit
3457 3623 3678 3684 erroris;
3699 3613 3793 3668 etin-
3829 3679 3836 3704 Ι

2261 3721 2422 3790 jttstae
2455 3721 2600 3776 necis
2627 3739 2732 3774 unu
2769 3721 3144 3776 auctoritatem
3173 3721 3278 3774 sibi
3299 3721 3428 3786 jure
3457 3716 3614 3786 regite
3635 3711 3795 3780 potesta-

2269 3815 2336 3868 tis
2375 3815 2704 3883 assumpsit,
2725 3813 2822 3870 sed
2859 3813 3112 3868 invidiam
3143 3811 3470 3868 declinavit.
3495 3808 3694 3876 Culpam
3713 3797 3793 3850 latc-
3871 3875 3873 3880 Ι

2269 3919 2378 3974 tur,
2404 3909 2500 3964 sed
2547 3908 2883 3964 tolerabilior
2931 3919 3016 3964 est
3045 3924 3166 3975 qua:
3206 3907 3484 3976 premitur
3521 3889 3788 3958 verecundia.
3865 3891 3873 3970 l"

2266 4019 2426 4072 quam
2459 4017 2578 4072 qua}
2603 4003 2888 4058 insolentia
2919 4001 3268 4072 praedicatur.
3299 4001 3546 4056 Mortuus
3580 4003 3652 4048 est
3689 3985 3786 4078 33ml
3863 3999 3870 4064 ἶ

2272 4095 2448 4160 Urias,
2485 4095 2839 4150 bellatoribus
2885 4095 3156 4164 objectus,
3180 4093 3280 4148 sed
3329 4103 3518 4162 postea
3565 4085 3704 4176 iidem
3737 4085 3788 4176 till
3863 4097 3868 4176 ί

2265 4203 2388 4242 eum
2437 4197 2805 4256 peremerunt,
2835 4187 2986 4258 jussu
3017 4185 3208 4250 David,
3237 4191 3546 4256 expugnata
3569 4171 3784 4234 urbem“

2267 4281 2554 4352 perempti.
2587 4280 2716 4338 ﬂare
2739 4257 3094 4337 esthistorite
3140 4281 3344 4347 series,
3375 4281 3432 4334 in
3465 4293 3564 4350 qua
3599 4257 3782 4340 profunda

2261 4375 2390 4432 licet
2419 4383 2668 4444 spectare
2705 4375 2984 4446 mysteria.

2875 4503 3106 4562 CAPUT
3145 4503 3256 4560 Vll.

2263 4621 2453 4678 Divina
2483 4625 2716 4678 invocato
2744 4621 2966 4691 Spiritu,
2999 4623 3180 4690 incipit
3198 4621 3434 4694 detegere
3465 4609 3774 4694 mysteria.th

2331 4719 2423 4780 sub
2459 4716 2623 4770 David
2645 4734 2705 4770 ac
2731 4715 3010 4771 Bethsabee
3033 4699 3314 4784 adulterio,
3343 4733 3434 4782 nec
3465 4729 3557 4770 non
3581 4693 3770 4770 sublP‘l“

2333 4821 2486 4882 partu
2513 4809 2836 4864 relabantur.
3849 4867 3860 4914 ﬁ

2329 4926 2420 4982 55.
2467 4925 2534 4982 Et
2575 4925 2832 4998 quoniam
2881 4923 3052 4982 David
3103 4939 3214 4982 non
3257 4920 3632 4992 deleudendum
3655 4909 3766 4974 ιιθιιικ

2333 5126 2360 5165 ά
2391 5130 2482 5202 sic
2511 5129 2668 5186 Rom.
2699 5129 2831 5186 edit.
2867 5139 2921 5184 et
2946 5145 3076 5187 mss.
3108 5130 3334 5202 aliquot.
3381 5130 3514 5188 Alia:
3551 5133 3654 5178 νθ¹¹⁰

2263 5181 2424 5258 διηιαῖ
2438 5181 2501 5274 ἦε
2513 5181 2919 5274 iuraturus.
2937 5181 3622 5274 i5;;.i.-i;‘;;.*.‘a.;i;'ac..3
3637 5181 3762 5274 uti")?
3857 5251 3860 5254 .

2264 5257 2411 5348 mss,‘
2433 5257 2803 5348 pleriqtte'ttdn
2835 5257 3260 5342 procul'abeuitt'.

2265 5333 2800 5416 paucisiintcrjectis,
2827 5333 3014 5400 contra
3049 5333 3260 5402 veteres
3291 5333 3458 5416 alias,
3479 5353 3525 5402 et
3551 5333 3755 5416 ωεεςΈῗῖ

2263 5401 2364 5469 l‘crl
2395 5435 2406 5468 :
2433 5401 2718 5470 Humidum
2744 5401 2878 5472 etiim
2919 5418 3022 5470 ista
3059 5401 3320 5486 jactantia
3354 5401 3461 5482 esi.
3490 5401 3580 5470 non
3609 5401 3756 5486 aliut}:

2261 5487 2513 5559 gloriam.
2545 5489 2634 5544 sed
2671 5506 2816 5542 suam
2859 5477 3120 5557 qiuerere;
3151 5504 3256 5552 uon
3286 5505 3422 5548 sane
3451 5477 3658 5559 viderunt

2435 5539 3553 5630 suaseueritatemverumsui;
3577 5539 3752 5630 nectit?

2259 5614 2548 5704 absurdam
2595 5645 2751 5704 esse;
2793 5647 2915 5698 Cum
2959 5614 3248 5704 agaturdc
3293 5614 3750 5704 gloria—ritlpgbllﬂ“

2261 5689 2773 5776 η¹²¹1⁴ντίξ¹¹η-ι)ίξξῖ.ίεέο
2809 5695 2972 5776 quem
2991 5689 3172 5776 ἰιιιῖιιί
3214 5689 3470 5776 quirent
3511 5689 3744 5776 δικίδίὲῗὲῗὲῗέ

2262 5755 2696 5843 αρ’μτυρἓεἱεῶί
2722 5755 2878 5830 iecit:
2907 5755 3566 5844 ιςὶὶιιίξᾝᾶιυῖἕρῗιιέἶἷιίιιίι
3589 5755 3742 5818 solliciti.-
