4042 6378
11 291 133 361 not

1376 310 1719 376 nomen
1763 311 1974 392 otwp
2014 285 2310 392 tuens.
3391 306 3498 364 90?.

11 428 201 481 enim
261 443 426 504 meo
466 441 640 506 eget
669 432 893 497 auxilio,
924 432 1020 488 sed
1063 432 1436 512 excusandum
1475 433 1786 504 recipimus,
1823 440 1867 516 Α
1898 449 2053 496 suum
2098 433 2397 505 parvitate,
2433 441 2485 488 et
2508 429 2740 503 quadam
2769 428 2989 492 virtutis
3018 425 3215 482 defecit
3247 425 3496 482 infantia.

15 521 133 576 vel
199 524 446 591 potius
507 524 983 594 pnedicandum;
1024 541 1089 580 ne
1124 527 1176 579 in
1227 533 1373 580 tanto
1405 525 1787 595 mysteriorum

25 616 396 682 profundo
427 619 755 696 vacillcm,
783 619 984 688 justun
1010 628 1093 698 est
1117 629 1170 678 ut
1200 622 1320 690 ejus
1345 635 1440 672 ore
1473 628 1610 675 utar.
1639 623 1791 692 cujus

39 713 201 760 utor
230 705 572 765 historia.
620 712 752 767 Utar
776 711 940 782 igitur
968 712 1314 786 responsorio
1345 709 1672 786 Prophetico
1714 710 1794 766 di-

41 812 218 851 cens
258 816 275 850 :
315 797 452 854 Cor
489 803 773 857 mumium
817 821 932 856 crea
959 804 1012 857 in
1047 787 1144 865 nte,
1175 802 1335 865 Dens,
1370 814 1412 855 et
1443 803 1682 872 spiritum
1709 818 1793 857 re-

55 901 237 945 ctum
265 893 509 949 ittnovtt
536 897 606 950 in
631 896 902 966 visceribus
925 896 1238 970 meis(Psal.
1262 915 1317 960 1.,
1343 895 1626 968 l2).t\'cm0
1651 897 1792 956 enim

60 984 216 1039 sine
255 985 566 1062 Spiritus
593 991 762 1045 sancti
797 989 1092 1054 inlusione,
1139 999 1291 1044 tanta
1331 990 1502 1044 divini
1551 1004 1798 1044 recessus

72 1088 304 1147 potest.
341 1093 649 1152 spectare
686 1083 964 1155 mysteria.
999 1084 1208 1138 Etenim
1243 1085 1286 1136 si
1321 1084 1410 1138 ille
1436 1092 1619 1136 tantus
1675 1099 1800 1152 pro—

77 1170 310 1240 pheta,
347 1174 628 1243 Spiritus
655 1176 830 1230 sancti
865 1177 997 1246 petit
1027 1176 1130 1230 sibi
1161 1193 1357 1230 munus
1405 1176 1612 1250 infundi
1635 1217 1648 1240 ,
1674 1175 1801 1254 quid

81 1266 308 1321 facere
346 1267 647 1324 inﬁrmus
678 1271 910 1336 debeat;
977 1288 1097 1325 cum
1130 1270 1435 1343 prmsel'littt
1465 1273 1624 1336 etiam
1660 1255 1804 1340 Apo-

85 1358 304 1413 stolus
346 1375 616 1418 Sanctus
655 1364 1075 1436 pupuliqnoqne
1103 1379 1161 1418 se
1190 1374 1342 1434 putet
1371 1343 1620 1433 precibus
1651 1365 1804 1432 adju-

91 1453 262 1514 vari,
301 1465 373 1506 ut
412 1456 718 1523 aperiatur
735 1456 1008 1531 ei'ostium
1030 1456 1092 1509 ad
1120 1456 1451 1534 loquendum
1486 1457 1803 1528 mysterium

102 1544 321 1599 verbi.
359 1547 415 1601 0
451 1550 507 1602 si
549 1549 681 1602 mihi
705 1551 901 1603 ostium
936 1549 1068 1626 illud
1107 1549 1357 1604 Christus
1387 1533 1638 1620 dignetur
1678 1565 1808 1618 ape-

105 1635 246 1693 rire
279 1639 296 1691 ι
342 1639 666 1716 Pulsemus
693 1651 870 1695 tamen
897 1658 910 1706 ;
943 1642 1079 1697 solet
1111 1647 1256 1697 enim
1294 1641 1550 1718 exaudire
1589 1644 1809 1711 pulsan-

120 1739 244 1794 tes,
288 1733 438 1800 quia
480 1733 604 1802 ipse
627 1734 801 1788 dixit:
835 1733 1082 1797 Pulsate,
1119 1746 1163 1787 et
1191 1734 1450 1806 aperietur
1485 1733 1627 1790 vobis
1651 1732 1804 1805 (Luc.

1897 537 2110 584 Atvcro
2135 531 2218 584 ille
2241 531 2329 600 qui
2361 540 2541 598 postea
2565 545 2628 585 ex
2649 527 2887 595 legitima
2910 533 3205 594 conceptus
3229 533 3310 578 est
3334 539 3504 592 copu-

1898 620 1966 680 la,
2003 623 2228 690 pepulus
2275 621 2637 686 Christianus,
2662 620 2750 674 ille
2783 619 2998 700 sapiens
3027 627 3187 685 atque
3222 616 3499 683 pacificus,

1897 711 2002 768 hoc
2053 713 2194 768 enim
2241 713 2547 768 Salomonis
2597 707 3046 779 interpretaiione
3092 715 3388 768 reseratur,
3437 705 3504 760 ad

1899 803 2148 872 incanam
2223 805 2478 874 longaeva:
2541 803 2957 862 resurrectionis
3019 808 3276 862 aatatem,
3341 807 3506 868 atque

1899 898 1968 953 ad
2005 913 2230 968 regnum
2266 897 2398 964 illud
2428 898 2650 956 cwieste
2697 895 2964 963 pervenit.
3001 895 3103 948 Per
3129 893 3282 947 illum
3323 904 3504 946 autem

1831 1042 1834 1047 .
1901 993 2159 1064 populum
2188 990 2298 1046 Lex
2330 991 2506 1044 soluta
2527 1033 2540 1055 ,
2566 1006 2664 1060 per
2687 989 2846 1044 isIllll'l
2878 987 3047 1058 gratia
3080 988 3370 1041 reformata
3404 993 3506 1040 est.

1976 1085 2063 1139 59.
2108 1083 2354 1156 Accipite
2375 1082 2537 1137 etiam
2570 1083 2788 1144 tertium
2818 1081 3156 1153 mysterium.
3213 1076 3367 1145 Quod
3404 1076 3508 1129 Da—

1906 1178 1992 1232 vid
2025 1188 2050 1214 α
2094 1177 2304 1248 Hebraei
2353 1177 2626 1236 excelsum
2669 1174 2886 1237 dicunt,
2935 1172 3110 1228 Latini
3166 1169 3508 1225 lmmiliatum

1907 1274 2353 1340 interpretantur.
2391 1270 2523 1335 Quis
2552 1281 2636 1324 εει
2666 1278 2846 1322 autem
2878 1282 3006 1322 vere
3038 1264 3372 1326 humiliatus,
3409 1257 3513 1315 nisi

1908 1365 2002 1422 ille
2054 1365 2141 1434 qui
2179 1381 2278 1417 non
2323 1364 2560 1434 rapinam
2599 1362 2881 1424 arbitratus
2919 1369 2996 1416 est
3032 1375 3139 1413 esse
3174 1375 3227 1412 se
3265 1355 3516 1426 aequalem

1912 1459 2022 1514 Deo
2048 1477 2066 1514 :
2093 1460 2180 1530 sed
2212 1463 2431 1530 formam
2470 1458 2600 1512 servi
2639 1457 2899 1526 accipiens
2945 1454 3234 1514 hunziliuvit
3270 1449 3514 1516 semetip-

1911 1571 2056 1618 sum,
2094 1553 2260 1623 [actus
2306 1553 2547 1607 obediens
2587 1569 2743 1621 usque
2782 1550 2850 1604 ad
2880 1559 3097 1602 mortem
3136 1545 3364 1615 (Philip.
3395 1559 3455 1609 tt,
3482 1542 3515 1598 6

1911 1657 1959 1704 et
1989 1645 2160 1718 seq.)?
2203 1647 2296 1718 llic
2333 1646 2496 1716 igitur
2523 1655 2607 1700 est
2635 1646 2724 1714 qui
2755 1643 3090 1714 signitiCatur
3113 1639 3310 1703 David,
3339 1635 3520 1692 excel-

1914 1755 2005 1814 sus
2032 1756 2125 1809 per
2153 1751 2423 1810 naturam,
2454 1739 2547 1793 sed
2574 1738 2890 1816 humiliatus
2915 1751 3011 1805 per
3040 1730 3468 1794 miscricordiam
3503 1746 3516 1783 :

122 1840 214 1887 sl.
258 1825 354 1895 9).
396 1825 452 1881 Ο
484 1827 532 1880 si
559 1828 688 1904 mihi
717 1843 776 1883 se
805 1828 921 1897 ipse
966 1839 1258 1906 reseraret,
1286 1831 1408 1894 quia
1444 1829 1692 1906 Christus
1723 1838 1808 1910 est
1839 1836 1885 1905 Β
1916 1834 2168 1906 sublimis
2201 1833 2253 1888 in
2284 1831 2592 1896 divinitate,
2624 1830 2719 1896 sed
2755 1831 2900 1896 mitis
2931 1829 2984 1884 in
3030 1840 3284 1896 corpore.
3337 1823 3525 1892 Itaque

121 1916 322 1982 janua
357 1935 372 1971 :
404 1918 538 1986 ipse
566 1918 730 1980 intus,
765 1918 878 1987 ipse
900 1927 1076 1980 extra,
1107 1919 1223 1987 ipse
1242 1920 1324 1970 via
1351 1935 1469 1988 qua:
1492 1920 1661 1984 ducit,
1693 1919 1807 2002 ipse

130 2009 260 2062 vita
300 2009 380 2064 ad
410 2026 588 2081 quam
618 2011 1001 2068 contendimus
1027 2013 1335 2080 pervenire.

220 2101 330 2156 '56.
372 2101 526 2157 Vetti
553 2119 704 2182 ergo,
738 2105 968 2160 Domine
992 2103 1145 2169 Jesu,
1175 2112 1230 2159 et
1260 2105 1408 2182 aperi
1445 2104 1600 2157 nobis
1629 2105 1808 2158 fontes

147 2206 313 2262 tuos,
353 2205 422 2250 ut
458 2197 713 2253 bibamus
741 2197 808 2253 de
836 2214 994 2269 aqua,
1023 2214 1182 2270 quam
1211 2199 1298 2272 qui
1331 2198 1485 2262 bibit,
1513 2213 1616 2252 noo
1647 2199 1812 2278 720

154 2289 320 2346 sitiet
356 2290 420 2344 in
448 2300 714 2362 aeternum
741 2289 922 2363 (Joan.
945 2307 1020 2358 tv,
1045 2292 1154 2361 l5).
1177 2289 1273 2346 Vel
1302 2292 1346 2344 si
1374 2292 1440 2344 de
1463 2289 1609 2364 fonte
1632 2292 1810 2344 adhuc

155 2389 261 2435 tuo
310 2367 552 2438 haurire
585 2399 692 2436 non
724 2397 1046 2454 possumus,
1073 2386 1296 2452 dignare
1327 2382 1629 2436 concedere
1663 2393 1718 2436 ut
1747 2382 1813 2438 de

161 2485 352 2543 puteo
403 2475 607 2530 saltem
641 2477 860 2540 haurire
901 2476 1201 2546 possimus,
1236 2475 1375 2530 unde
1409 2489 1592 2541 pOltlltt
1623 2475 1815 2548 sama-

158 2566 382 2622 ritana:
433 2569 509 2622 illi
551 2568 822 2623 dubitanti
869 2570 1044 2623 adhuc
1087 2569 1300 2624 mulieri
1332 2569 1628 2640 polliceris.
1663 2570 1728 2623 Et
1759 2581 1814 2622 tu

163 2659 413 2727 quidem
454 2659 520 2712 de
560 2659 706 2714 fonte
736 2661 988 2714 erunibus
1032 2661 1338 2730 polliceris,
1378 2662 1472 2715 Sed
1516 2661 1816 2714 dubitanti-

171 2751 322 2815 bus,
378 2758 444 2804 ιη
493 2752 566 2805 illi
617 2753 991 2818 Samaritanm,
1039 2753 1161 2806 fons
1205 2761 1327 2807 tuus
1355 2754 1528 2809 adhuc
1557 2755 1698 2808 altus
1733 2764 1818 2808 est

177 2857 418 2914 puteus.
443 2845 692 2899 Bibamus
710 2857 764 2900 et
783 2862 880 2900 nos
903 2863 1094 2918 aquam
1120 2848 1426 2902 caelestium
1455 2859 1814 2903 secretorum.

183 2939 261 2993 Et
307 2941 570 3009 quoniam
619 2939 687 2994 ad
733 2940 934 2994 fontem
989 2950 1136 2994 tuum
1180 2941 1475 2995 meruimus
1511 2941 1818 3010 pervenire,

185 3032 368 3086 liceat
415 3033 570 3088 nobis
615 3032 904 3104 imaginem
955 3034 1145 3088 saltem
1196 3034 1586 3106 mysteriorum
1635 3033 1823 3104 videre

191 3127 534 3181 caelestium.

1914 1928 2001 2002 tibi
2061 1928 2397 1996 humiliatus,
2435 1926 2504 1980 ibi
2544 1925 2826 1982 obediens.
2865 1922 2939 1990 Ex
2984 1937 3050 1976 eo
3094 1918 3242 1989 enim
3283 1916 3523 1982 nascitur

1913 2020 2254 2086 obedientia,
2287 2036 2355 2076 ex
2383 2033 2491 2090 quo
2531 2017 2838 2088 humilitas,
2867 2014 2996 2088 etin
3030 2028 3096 2068 eo
3135 2007 3356 2072 desinit.
3389 2006 3522 2064 Cum

1913 2117 2057 2172 enim
2078 2115 2342 2182 obedicps
2368 2112 2566 2167 dicitur
2602 2110 2778 2168 faetns
2812 2124 2982 2178 usque
3005 2106 3072 2160 ad
3096 2115 3326 2172 mortem
3359 2101 3530 2174 (mors

1915 2225 2096 2268 autent
2131 2231 2235 2267 non
2263 2209 2594 2277 divinitatis,
2623 2208 2718 2263 sed
2756 2204 3006 2275 corporis
3052 2202 3176 2270 fuit)
3200 2216 3306 2254 non
3339 2197 3529 2268 utique

1916 2307 2224 2376 obedientia
2259 2303 2560 2360 divinitatis
2591 2303 2687 2356 fuit
2716 2301 2828 2364 illa,
2857 2297 2951 2354 sed
2981 2294 3264 2365 corporis;
3295 2306 3398 2346 nec
3431 2292 3529 2353 btt-

1920 2399 2118 2454 militas
2169 2396 2470 2465 majestatis
2500 2394 2628 2459 illa,
2661 2391 2759 2452 sed
2791 2389 2992 2445 carnis.
3039 2387 3227 2455 Itaque
3269 2391 3528 2454 quantum

1919 2491 1984 2544 ad
2038 2490 2442 2559 seseeptionem
2489 2492 2738 2557 corporis
2767 2490 3007 2554 spectat,
3043 2478 3338 2549 apostolica
3373 2475 3535 2542 lectiq

1921 2585 1973 2646 in
2021 2597 2129 2653 quq
2174 2580 2374 2652 (lbristi
2422 2578 2586 2636 fuerit
2629 2576 2936 2638 humilitas,
2991 2568 3292 2636 declaravit
3339 2585 3354 2621 :
3392 2565 3535 2636 quod

1922 2689 2053 2727 vero
2091 2674 2154 2727 ad
2191 2681 2437 2728 naturam
2481 2679 2691 2740 spectat
2722 2665 3053 2728 divinitatis,
3088 2659 3416 2731 Evangelica
3453 2658 3532 2714 le-

1923 2767 2104 2834 Ctione
2146 2773 2450 2824 reseratum
2491 2771 2577 2820 est
2607 2780 2617 2813 :
2644 2775 2804 2832 quam
2853 2759 2939 2828 pio
2983 2754 3250 2824 prosecuti
3281 2752 3412 2820 estis
3453 2765 3540 2822 as-

1927 2872 2112 2926 sensu,
2147 2873 2268 2930 Cll”!
2302 2853 2562 2920 audiretis
2595 2853 2730 2923 legi,
2765 2851 2981 2920 dicente
3013 2848 3106 2902 Dei
3138 2847 3312 2902 Filio:
3347 2841 3460 2914 Ego
3491 2850 3540 2896 et

1931 2949 2090 3006 Pater
2134 2964 2294 3001 unum
2335 2964 2512 3018 sumus
2544 2942 2735 3016 (Joan.
2771 2960 2824 3006 κ,
2847 2945 2963 3015 ὄρ).
2994 2940 3152 3014 72],
3187 2938 3362 2993 Unum
3393 2935 3538 2990 enim

1927 3041 2211 3096 divinitate
2253 3049 2383 3094 sunt
2429 3039 2589 3100 Pater
2620 3047 2673 3092 et
2715 3035 2916 3090 Filius:
2951 3033 3046 3098 sed
3077 3049 3186 3088 non
3219 3045 3383 3083 nnum
3412 3036 3543 3098 sunt

1929 3133 2178 3202 corporis
2205 3142 2631 3192 sacramentum,
2665 3141 2718 3185 et
2755 3128 3056 3209 divinitatis
3103 3124 3399 3180 :eternitas.
3431 3121 3543 3178 Nec

271 3218 370 3271 37.
415 3220 630 3289 Itaque,
675 3220 777 3274 nisi
819 3220 998 3285 fallor,
1042 3237 1136 3292 per
1181 3220 1507 3290 PrOpbctam
1551 3219 1817 3290 Spiritum

1933 3231 2080 3285 solus
2119 3240 2295 3300 tamen
2345 3226 2639 3298 Apostolus
2677 3203 3016 3284 bnmiliatmn
3049 3220 3188 3298 dixit
3213 3233 3336 3288 esse
3365 3216 3546 3272 Denti-

199 3322 458 3366 sanctum
486 3313 868 3384 inteiligimus;
898 3332 991 3384 per
1018 3314 1323 3387 adulteram
1355 3325 1532 3368 autem
1570 3315 1693 3369 licet
1717 3314 1818 3387 Sy-

201 3420 438 3475 nagogae
468 3405 856 3462 fornicationes
886 3410 1058 3462 varias
1085 3408 1381 3462 mstimare.
1420 3407 1481 3460 Et
1506 3408 1628 3462 ideo
1651 3409 1822 3480 tnnltq

204 3508 335 3552 ante
360 3501 638 3554 cernimus
665 3502 958 3555 revelatum
992 3518 1055 3555 ex
1087 3501 1292 3571 Spiritu
1322 3485 1532 3568 sancto,
1563 3509 1618 3556 et
1641 3517 1704 3556 ex
1738 3500 1820 3554 fa-

210 3592 364 3668 milia
391 3592 699 3666 Juda‘ornm
729 3594 982 3666 (quorum
1021 3606 1224 3668 patres,
1252 3575 1302 3648 et
1327 3611 1392 3649 ex
1424 3595 1621 3674 quibus
1660 3593 1824 3648 Citri-

213 3699 332 3743 stus
359 3691 655 3770 secundum
695 3694 939 3762 cru'nem)
964 3692 1252 3748 Dominum
1304 3691 1486 3764 Iesum
1517 3706 1637 3744 esse
1665 3705 1829 3761 gene-

218 3781 444 3835 randmn
470 3780 622 3854 (Gen.
659 3799 797 3852 trux,
831 3784 936 3853 l0),
963 3785 1054 3854 qni
1083 3785 1300 3853 quidem
1326 3785 1478 3854 quasi
1511 3783 1732 3838 JtldlBIIS
1763 3799 1830 3837 ex

223 3876 465 3929 adultera
495 3875 701 3931 familia
736 3887 894 3932 natus
917 3891 1018 3945 ρει,
1050 3879 1142 3932 sed
1177 3879 1330 3956 quasi
1364 3879 1741 3932 immaculatns
1764 3893 1831 3930 ex

231 3965 462 4037 Virgine.
508 3968 638 4023 Erat
686 3970 786 4024 sub
816 3969 988 4042 Lege,
1018 3982 1134 4024 erat
1164 3971 1318 4040 quasi
1355 3973 1454 4024 sub
1482 3971 1598 4024 viro
1627 3970 1833 4023 familia

229 4059 561 4123 Iudaeorum;
590 4062 850 4116 abolenda
878 4062 975 4116 fuit
1008 4063 1165 4133 Legis
1194 4064 1539 4128 observantia
1561 4103 1573 4125 ,
1599 4074 1658 4116 ut
1693 4062 1836 4116 veri-

235 4163 313 4208 tas
335 4153 750 4209 substitueretur
771 4165 825 4210 et
853 4156 1046 4226 gratia.
1469 4141 1474 4146 ’

305 4250 387 4304 58.
428 4248 700 4304 Habemus
744 4265 908 4303 mmm
934 4249 1290 4324 mysterium:
1323 4249 1553 4322 accipite
1577 4259 1629 4303 et
1652 4249 1830 4313 aliud;

240 4344 307 4398 ita
330 4353 501 4398 tamen
527 4355 584 4398 ut
616 4343 972 4400 memineritis
994 4360 1059 4399 ex
1092 4344 1266 4414 prima
1284 4342 1643 4412 conceptione
1669 4341 1835 4396 Bethv

241 4441 389 4494 sabce
418 4452 599 4493 natum
629 4453 750 4494 esse
774 4437 1053 4509 parvulum
1105 4438 1196 4508 qui
1237 4444 1486 4491 mortuus
1507 4449 1619 4502 est,
1649 4446 1836 4506 postea

247 4544 409 4588 natum
437 4549 559 4590 esse
581 4533 932 4590 Salomonem
965 4550 977 4585 :
1014 4533 1163 4586 illum
1186 4531 1471 4610 parvulum
1501 4548 1572 4614 ex
1604 4547 1838 4600 concep—

249 4627 379 4681 tione
406 4628 598 4680 lurtiva
626 4643 640 4692 ;
673 4627 834 4680 istum
860 4641 987 4679 vero
1016 4623 1364 4679 Salomonem
1390 4625 1498 4708 jam
1529 4641 1592 4679 ev
1621 4624 1832 4702 profeso
1870 4639 1918 4700 υ

252 4720 386 4772 sione
408 4719 664 4790 conjugii.
690 4718 884 4788 Liquet
915 4719 1080 4788 igitur
1114 4735 1208 4787 per
1254 4718 1418 4772 David
1453 4718 1685 4796 intelligi
1714 4732 1838 4786 pro-

257 4796 612 4880 pbetamfpér
651 4814 971 4884 Protibetam
1019 4813 1274 4882 populum
1331 4814 1733 4882 prepbeticnm,
1769 4828 1836 4866 ex

259 4919 352 4972 quo
377 4913 423 4958 et
453 4919 516 4958 ex
547 4904 828 4976 Synagoga
855 4889 1059 4972 primus
1103 4906 1190 4958 ille
1232 4885 1526 4972 qni-natus
1565 4918 1647 4957 est
1681 4909 1842 4976 (quo-

263 4996 384 5049 niam
408 4995 824 5064 degeneraverat
851 5011 878 5046 a
908 4995 1207 5064 majoribus
1239 4995 1351 5048 suis
1385 4981 1477 5063 per
1499 4997 1699 5066 flagitia
1733 5000 1842 5050 lor-

265 5099 444 5153 tnatus,
475 5098 528 5144 et
561 5104 655 5156 per
685 5089 808 5144 vitia
835 5073 1122 5143 conteretus
1147 5087 1380 5157 populus
1406 5085 1746 5159 Jud.cornm)
1773 5089 1843 5143 ad

267 5182 651 5238 resurrectiOnis
677 5183 1032 5237 aeternitatem
1062 5183 1348 5250 pervenire
1375 5197 1482 5256 non
1519 5180 1710 5249 potuit,
1745 5198 1845 5237 nec

270 5274 314 5329 iu
359 5277 520 5350 virum
578 5273 875 5350 perfectum
899 5289 1249 5340 excrcscere;
1283 5273 1378 5329 sed
1413 5274 1465 5327 in
1497 5274 1689 5343 exigua
1715 5291 1844 5327 sen-

332 5425 354 5454 ι
381 5416 511 5496 Μεεᾲ
531 5416 922 5496 pleriqnecum
955 5412 1382 5496 editlomnibns,
1418 5410 1620 5465 Πεωωὶ
1641 5410 1864 5496 diritrtt.'

274 5488 438 5554 Laud.,
469 5481 719 5558 Tornfét
742 5486 828 5540 alii
861 5485 1414 5558 nonnullirestituunt
1438 5497 1647 5558 vocem,
1679 5481 1845 5535 excel-

275 5577 397 5625 sum;
423 5559 484 5613 ad
517 5553 675 5629 (piam
695 5559 953 5613 ‘vidcntnr
981 5557 1252 5624 reSpicere
1277 5571 1396 5629 qua)
1428 5553 1847 5629 _infra_sequuu-

279 5641 364 5695 tur,
391 5625 551 5685 Dorici
603 5629 831 5702 excelsus
874 5645 964 5702 per
995 5639 1260 5702 naturam,
1299 5628 1385 5702 sed
1417 5625 1722 5702 humiliatus
1756 5640 1846 5691 per

281 5703 671 5757 ntisericordiam.
699 5698 953 5756 Neutrum
1004 5707 1183 5770 latitet)
1229 5698 1729 5770 interpretationem
1759 5710 1848 5770 us-

285 5776 395 5852 piam
424 5769 870 5852 reperiiittts,'s8d
903 5777 1108 5852 tantum
1139 5765 1644 5852 Davidépillebrtea
1680 5768 1848 5852 signi-

285 5839 502 5903 ﬁcatione
529 5847 666 5904 idem
697 5843 818 5902 esSe
839 5839 901 5899 ac
929 5839 1192 5897 dilectum.
1245 5845 1248 5848 '
1284 5839 1308 5852 "
1595 5839 1622 5846 ··

1929 3341 2090 3390 unm,
2116 3323 2209 3394 sed
2261 3323 2377 3392 ipse
2415 3337 2632 3396 quoque
2672 3335 2732 3374 se
2777 3317 3038 3374 humilem
3070 3329 3191 3369 esse
3224 3312 3547 3380 memoravit

1930 3422 2117 3474 dicens
2149 3437 2160 3472 :
2191 3417 2382 3474 Tollite
2399 3418 2589 3486 jngum
2620 3429 2789 3484 meum
2809 3456 2822 3478 ,
2858 3413 2976 3482 quin
3019 3411 3126 3464 leve
3167 3418 3275 3476 est;
3301 3407 3545 3476 quoniam

1931 3491 2078 3582 mitis.
2098 3529 2208 3568 sum
2255 3521 2302 3588 et
2345 3511 2554 3586 [inmitis
2585 3510 2738 3582 corde
2773 3505 2988 3579 (Jlattlt.
3022 3521 3098 3570 χι,
3128 3504 3247 3573 29).
3276 3503 3343 3572 Iit
3369 3513 3546 3572 tamen

1935 3626 2041 3662 non
2073 3611 2182 3662 sola
2220 3604 2694 3675 interpretatione,
2719 3600 2814 3656 sed
2855 3600 3018 3654 etiam
3065 3597 3433 3668 appellatione
3479 3594 3554 3648 si-

1935 3709 2155 3772 gnatum
2203 3707 2320 3762 est;
2346 3699 2472 3768 quia
2505 3696 2764 3764 scriptum
2787 3703 2870 3747 est
2899 3711 2910 3748 :
2937 3691 3120 3745 Inveni
3148 3689 3313 3744 David
3352 3704 3553 3742 servum

1937 3809 2125 3857 mcunt,
2159 3790 2270 3844 oleo
2298 3799 2472 3842 sancto
2507 3805 2614 3842 meo
2647 3787 2772 3840 muri
2799 3803 2916 3857 eunt
2939 3784 3112 3857 (Psal.
3139 3798 3372 3848 Lxxxvut
3395 3823 3408 3846 ,
3432 3781 3550 3851 Ἣ).

1941 3886 2008 3940 Et
2037 3886 2172 3937 infra
2204 3884 2335 3937 dicit
2365 3902 2377 3937 :
2412 3881 2570 3936 Pater
2614 3897 2757 3935 meus
2807 3897 2860 3946 es
2919 3889 2973 3932 tu
3013 3877 3177 3948 (Ibid.
3217 3875 3341 3946 27);
3389 3873 3414 3911 ι’
3463 3882 3550 3938 et,

1943 3976 2054 4048 Ego
2086 3978 2256 4030 dicam
2297 3975 2376 4040 illi
2405 3990 2419 4028 :
2455 3973 2621 4028 Filius
2650 3989 2789 4042 meus
2820 3989 2871 4025 es
2913 3983 2985 4026 tu.
3018 3971 3162 4040 Ergo
3191 3967 3362 4023 David
3390 3981 3552 4050 quem

1940 4069 2341 4142 quan-eburnus,
2371 4067 2676 4121 invenimus
2703 4088 2716 4120 :
2740 4080 2954 4120 servum
2978 4063 3196 4135 quidem
3223 4061 3421 4132 specie,
3457 4057 3556 4128 sed

1945 4163 2231 4218 Dominum
2264 4160 2508 4234 veritate.

2536 4293 2768 4350 CAPUT
2808 4291 2945 4348 VIII.

1948 4413 2088 4482 Quid
2110 4412 2292 4466 domus
2321 4409 2484 4483 regia,
2517 4408 2571 4460 in
2595 4424 2697 4477 qua
2729 4405 3024 4460 deambulat
3060 4403 3270 4459 David:
3303 4404 3428 4478 quid
3460 4421 3558 4458 nu-

2018 4507 2158 4562 datio
2187 4516 2232 4560 et
2265 4503 2454 4558 lavatio
2481 4499 2801 4566 Bethsabec;
2831 4499 3014 4571 quidve
3044 4497 3182 4568 quod
3209 4496 3382 4550 statim
3413 4496 3558 4551 nuda

2018 4601 2128 4653 visa
2167 4607 2337 4650 manta
2362 4597 2444 4661 sit,
2473 4593 2746 4665 signiﬁcet.

2016 4718 2110 4771 .50.
2156 4715 2251 4770 llic
2286 4727 2417 4782 ergo
2463 4709 2632 4766 David
2703 4709 2844 4764 intra
2908 4707 3130 4778 domum
3191 4703 3562 4780 deambulavit

1947 4824 2122 4864 suam.
2157 4806 2287 4878 Qua:
2321 4789 2504 4870 utique
2527 4802 2724 4856 domus
2752 4810 2835 4856 est
2861 4798 3087 4874 Christi,
3126 4797 3224 4870 nisi
3262 4794 3561 4868 illudeth

1947 4877 2278 4966 dicitzQuia
2349 4895 2491 4966 apud
2559 4894 2772 4950 Patrem
2821 4909 2990 4972 meum
3040 4893 3217 4970 multa:
3267 4889 3561 4964 mansiones

1951 5007 2070 5049 sunt
2104 4991 2287 5063 (latnt.
2320 5007 2432 5055 xw,
2462 4989 2518 5060 2)
2542 4990 2564 5042 ?
2587 4989 2643 5044 In
2676 4990 2764 5044 illa
2806 5004 2936 5058 ergo
2995 4988 3142 5055 regia
3191 4983 3326 5038 situs
3374 4984 3566 5048 Imma:

1955 5103 2079 5141 nam
2112 5085 2482 5139 conditionem
2525 5081 2724 5136 nudam
2749 5080 2906 5146 vidit,
2935 5089 2989 5156 et
3015 5077 3306 5131 miseratus
3346 5075 3567 5128 adama-

1954 5182 2051 5234 vit.
2086 5179 2215 5256 Eral
2244 5177 2386 5244 enim
2419 5175 2598 5231 adhuc
2631 5175 2770 5228 unda
2803 5173 3084 5237 virtutum,
3115 5170 3240 5240 quia
3290 5184 3386 5238 per
3435 5167 3568 5222 insi-

1956 5272 2074 5345 dias
2104 5268 2374 5340 serpentis
2427 5266 2754 5338 genitalibus
2782 5273 2899 5318 erat
2925 5273 3131 5324 natura:
3163 5277 3276 5317 sua:
3306 5270 3327 5297 ε
3354 5259 3568 5316 exuviis

2021 5406 2047 5444 ι)
2093 5407 2247 5472 nom.
2281 5406 2412 5460 edit.
2438 5403 2572 5465 sola,
2599 5413 2646 5454 et
2673 5415 2692 5456 :
2723 5397 2836 5470 Ego
2859 5397 3256 5472 primogenitum
3279 5410 3466 5472 ponam
3499 5393 3565 5449 il-

1951 5482 2074 5542 lum,
2107 5467 2363 5531 excelsum
2390 5491 2498 5548 pra:
2519 5474 2719 5548 regibus
2743 5467 2908 5548 terrm.
2939 5467 3359 5548 Eor’tevoluerit
3378 5474 3567 5530 auctor

1951 5551 2017 5604 ad
2046 5541 2167 5604 eum
2190 5541 2406 5602 versum
2431 5541 2702 5607 alludere;
2734 5541 2826 5596 sed
2861 5544 3008 5608 Era.,
3042 5541 3172 5595 Gill.
3198 5556 3260 5594 ac
3292 5553 3422 5592 mss.
3448 5555 3566 5592 om-

1955 5638 2049 5677 nes
2079 5618 2359 5674 uobiscum
2391 5616 2613 5671 iaciunt.

2032 5704 2054 5731 ο
2095 5690 2366 5760 Quidquid
2415 5690 2553 5742 inter
2595 5699 2780 5756 voces.
2810 5683 3006 5760 ea:_uviis
3029 5683 3382 5760 destitutap-et
3407 5681 3563 5760 illas,

1959 5752 2269 5833 Qureromus'
2313 5760 2560 5833 qitaz_ista
2599 5752 3096 5833 sit,'c0pt_:lud_i_t_ur,
3146 5754 3376 5833 inuedit.
3403 5752 3564 5833 lippi.

1959 5813 2382 5920 generabant!
2427 5825 2622 5910 fuerat.
2671 5813 2898 5906 inuria
2921 5813 3328 5908 atiip'ittiniléiié'
3348 5813 3569 5900 sd'it'$"'pt
