4042 6378
579 234 688 294 905

1871 258 1876 266 ·
1920 225 2168 294 SANCTI

2280 235 2541 296 IBROSII
3742 244 3798 301 96’.

575 355 855 410 destituta.
909 351 1091 424 Neque
1131 349 1278 409 enim
1319 351 1611 408 verisimile
1665 351 1898 417 videtur,
1933 364 1992 407 ut
2044 365 2168 409 ante
2196 354 2730 416 Acommemorans,
2787 353 2930 408 sicut
2983 351 3162 407 habes
3202 365 3224 404 :
3275 348 3456 404 Fusca
3488 366 3588 404 sunt
3615 361 3652 403 et
3672 354 3800 412 dum

572 447 797 502 domum
841 447 983 516 regis
1025 445 1219 500 mulier
1273 445 1588 512 uudaretur,
1627 455 1752 500 ante
1779 445 1998 500 donmm
2031 447 2171 515 regis

573 539 773 596 femina
803 556 862 596 se
889 540 1094 594 lavaret
1117 538 1183 613 (ll
1213 539 1338 613 Heg.
1370 557 1445 605 χι,
1492 540 1526 592 9.
1549 550 1595 594 et
1623 538 1754 611 seq.)
1788 558 1801 593 :
1835 541 1987 608 quasi
2022 540 2172 594 locus

571 634 787 690 lavacro
813 644 1115 704 opportuno
1139 610 1301 687 "alius
1329 649 1451 689 esse
1503 649 1609 688 non
1662 643 1865 704 posset.
1895 634 2009 688 Non
2041 649 2174 704 qua»

569 728 712 794 drat,
766 743 871 782 non
909 727 1180 798 congruit,
1206 743 1312 781 non
1342 743 1464 782 cum
1491 727 1596 781 llde
1622 727 1880 782 convenit
1911 743 1923 779 :
1955 725 2120 780 distat
2142 739 2172 778 a

569 836 719 886 vero,
745 819 1004 875 abhorret
1027 836 1053 870 τι
1085 835 1270 876 sensu.
1297 820 1482 874 Talem
1516 837 1632 885 rex,
1673 830 1780 874 tam
1814 820 2167 888 petulantem,

567 921 675 968 tam
701 927 979 982 procacem
1009 911 1238 968 horrere
1266 915 1460 982 potuit,
1496 931 1602 968 non
1632 929 1838 968 amare.
1870 915 1948 966 An
1980 912 2093 976 illa,
2127 909 2173 964 si

567 1023 673 1064 non
698 1009 815 1064 viro
836 1008 1216 1074 verecundari,
1243 1023 1343 1064 nec
1357 1010 1534 1079 regios
1553 1011 1742 1064 saltem
1766 1008 1946 1064 vereri
1969 1009 2173 1075 potuis-

565 1111 650 1158 set
673 1103 960 1172 aspectus?
988 1105 1070 1156 An
1101 1101 1266 1168 illam,
1319 1103 1633 1174 priusquam
1665 1119 1761 1158 rex
1811 1103 2041 1166 videret,
2074 1114 2174 1156 nec

565 1194 796 1251 ministri
827 1195 946 1266 ejus
967 1209 1155 1250 arcere
1183 1197 1510 1265 potuerunt?

633 1287 724 1344 41.
769 1288 910 1360 Ergo
931 1290 975 1342 si
1007 1287 1105 1342 hoc
1138 1305 1260 1343 cum
1295 1289 1399 1345 fide
1446 1305 1552 1345 non
1601 1300 1778 1359 potest
1830 1289 2124 1345 convenire
2155 1305 2168 1342 :

561 1398 871 1456 quaeramus
893 1399 1016 1454 qua:
1043 1385 1146 1440 ista
1179 1384 1248 1438 sit
1273 1385 1437 1450 nuda,
1471 1384 1727 1439 videlicet
1753 1383 1990 1440 lmmana
2041 1399 2174 1438 cnn-

561 1477 716 1541 ditio,
778 1479 1031 1533 omnibus
1088 1477 1429 1534 vestimentis
1481 1488 1644 1533 exuta
1693 1486 1921 1543 naturae,
1977 1492 2173 1532 carens

560 1571 765 1626 amictu
825 1571 1270 1636 immortalitatis,
1299 1579 1356 1624 et
1389 1571 1714 1626 innocentim
1760 1573 1992 1642 Spoliata
2023 1571 2171 1625 vela-

561 1665 729 1722 mine.
759 1664 946 1721 Nudus
972 1675 1053 1721 est
1081 1665 1226 1721 enim
1269 1667 1358 1734 qui
1392 1674 1617 1736 peccato
1647 1666 1881 1720 nudatur
1905 1677 1960 1720 et
1983 1665 2166 1734 culpa.

2275 447 2386 514 [ilia
2412 445 2766 512 Hierusalem,
2792 456 2848 499 ut
2879 445 3234 500 tabernacula
3263 443 3457 508 Cedar,
3480 454 3529 497 ut
3553 446 3685 516 pelles
3717 450 3807 502 Sele-
3849 450 3851 522 ι

2277 540 2440 594 monis
2473 537 2666 609 (Ibid.,
2700 539 2779 610 4).
2815 537 2994 594 Habes
3046 553 3289 594 causam
3351 553 3459 607 qua
3500 540 3679 592 ratione
3709 547 3810 596 seia-
3851 532 3853 600 l

2279 649 2410 688 vare
2439 632 2660 706 gestiat,
2685 634 2809 706 quia
2841 636 3048 689 luscam
3075 651 3137 691 se
3170 648 3311 690 esse
3339 647 3715 688 commemorat.
3738 637 3814 693 Nam
3844 614 3855 706 '1‘

2274 729 2429 799 quasi
2462 727 2818 798 interreganti
2865 726 3090 794 Joanni,
3120 743 3239 798 qua
3296 724 3515 780 ratione
3555 726 3688 794 plebs
3714 731 3816 783 una:

2274 837 2606 879 concurrens
2648 822 2871 891 gestiret
2922 821 3116 885 lavari,
3150 817 3504 888 respondit:
3535 815 3819 877 Fescennia

2275 919 2482 982 decora,
2515 918 2628 988 filia
2655 915 3008 970 Hierusalem.
3041 915 3179 983 Quia
3213 917 3378 968 fusca
3408 922 3514 974 est,
3552 913 3694 966 lavari
3732 916 3821 968 desi-

2275 1012 2458 1074 derat;
2485 1012 2609 1081 quia
2633 1011 2831 1066 decora
2858 1021 2962 1076 cst,
3015 1010 3196 1065 videri
3235 1008 3392 1063 nuda
3440 1022 3545 1061 non
3569 1008 3739 1062 metuit.
3762 1009 3821 1064 Νο-

2277 1104 2384 1165 lite,
2417 1105 2610 1174 inquit,
2639 1105 2870 1172 aspicere
2898 1120 2996 1167 me,
3029 1103 3154 1175 quia
3178 1099 3470 1167 o/I'uscata
3499 1117 3628 1162 sum,
3664 1103 3822 1166 quiane

2275 1206 2347 1252 est
2370 1198 2586 1251 intuitus
2609 1215 2688 1250 me
2708 1199 2805 1251 sol.
2843 1197 2983 1268 Ergo
3011 1197 3332 1260 luscamur,
3370 1193 3596 1266 quando
3625 1209 3708 1249 non
3738 1197 3820 1250 vii:-

2276 1309 2398 1348 tnur
2437 1310 2465 1347 a
2496 1290 2718 1347 Christo
2756 1310 2769 1357 ;
2805 1293 2898 1348 sed
2947 1291 3167 1362 quando
3225 1291 3528 1356 videmur,
3579 1291 3817 1344 albescimas.

2283 1385 2436 1440 Vidit
2466 1401 2596 1455 ergo
2622 1399 2740 1440 eam
2772 1386 2862 1440 ille
2888 1387 2973 1439 cui
3016 1385 3161 1440 nuda
3188 1394 3335 1438 sunt
3366 1383 3585 1447 omnia,
3617 1392 3663 1437 et
3699 1383 3815 1437 inlata

2277 1481 2510 1550 pectoris
2537 1481 2749 1535 occulta
2777 1494 2898 1534 esse
2930 1496 3035 1534 non
3070 1489 3311 1548 possunt
3335 1496 3350 1544 ;
3387 1479 3521 1548 quia
3547 1487 3817 1530 scrutatores

2274 1573 2455 1628 cordis
2504 1584 2559 1629 et
2607 1588 2799 1628 renum
2835 1573 3007 1626 :uihil
3043 1571 3169 1627 huic
3200 1581 3455 1635 tectum,
3494 1568 3632 1623 nihil
3661 1571 3814 1623 estin-ts

2275 1667 2468 1721 lntutn.
2497 1666 2647 1721 Vidit
2678 1667 2978 1721 Ecclesiam
3001 1681 3155 1720 suam
3180 1666 3430 1730 nudam,
3457 1675 3514 1720 et
3535 1664 3683 1730 vidit,
3697 1675 3808 1716 etas;

565 1761 812 1833 Denique
863 1761 953 1817 ille
1007 1762 1213 1831 primus
1245 1761 1416 1816 nostri
1450 1762 1663 1831 generis
1693 1769 1972 1832 peccator,
2007 1767 2169 1829 atque
2200 1747 2248 1808 B
2277 1761 2371 1814 vit.
2405 1759 2550 1813 Vidit
2597 1758 2795 1814 nudam
2843 1758 3118 1827 dilectam,
3167 1772 3219 1815 et
3254 1759 3435 1830 quasi
3468 1758 3621 1812 ﬁlius
3649 1754 3798 1810 chara-.-

561 1854 769 1910 utinam
794 1847 964 1919 soliis,
989 1863 1280 1926 antequam
1307 1864 1583 1925 peccaret,
1618 1854 1821 1909 nudum
1841 1870 1900 1909 se
1923 1869 2044 1909 esse
2067 1868 2174 1906 non

562 1947 752 2011 sensit,
787 1954 1136 2015 posteaquam
1170 1948 1439 2017 peccavit,
1471 1946 1675 2003 nudum
1702 1962 1761 2002 se
1783 1963 1905 2002 esse
1937 1945 2096 2007 vidit;
2122 1954 2176 2001 et

560 2041 686 2097 ideo
743 2041 1027 2113 legendum
1074 2041 1214 2096 foliis
1267 2043 1498 2112 putavit,
1551 2045 1675 2113 quia
1729 2041 1931 2096 nudum
1963 2056 2023 2096 se
2052 2056 2176 2096 esse

559 2135 832 2204 cognovit.
860 2133 1056 2189 Factus
1082 2143 1166 2188 est
1216 2133 1381 2205 igitur
1428 2135 1520 2189 ille
1549 2135 1650 2189 sibi
1705 2133 1904 2197 nudus,
1956 2141 2175 2204 postea-

557 2243 721 2300 quam
751 2227 926 2282 faclus
956 2235 1041 2282 cst
1067 2242 1192 2282 reus
1220 2229 1412 2297 eulprc.
1437 2228 1490 2282 lu
1519 2228 1610 2282 illo
1634 2227 1831 2281 nudata
1875 2238 1953 2281 est
1998 2225 2175 2281 omnis

561 2321 797 2376 lmmana
828 2319 1091 2387 conditio,
1125 2336 1219 2390 per
1240 2321 1641 2375 successionem
1664 2331 1904 2386 naturae;
1934 2335 2040 2374 non
2087 2334 2176 2374 so-

559 2413 669 2469 lum
693 2415 890 2484 culpze,
918 2413 1014 2469 sed
1042 2417 1206 2469 etiam
1237 2430 1497 2469 (erumna:
1536 2415 1796 2469 obnoxia.
1825 2415 1971 2485 Ergo
2005 2414 2096 2469 ille
2117 2430 2176 2470 se

562 2507 769 2562 nudum
796 2506 970 2562 Sensit
990 2517 1045 2561 et
1065 2505 1196 2560 vidit
1232 2525 1244 2559 :
1278 2506 1422 2562 unde
1448 2509 1522 2561 ita
1547 2518 1632 2562 est
1653 2507 1828 2562 omnis
1850 2518 2033 2562 nostra
2046 2523 2178 2562 con-

563 2599 725 2664 ditio,
758 2610 816 2654 ut
841 2600 932 2667 qui
963 2614 1022 2654 se
1051 2598 1254 2654 nudum
1281 2601 1568 2668 putaverit,
1602 2600 1804 2656 nudum
1836 2609 1891 2656 et
1918 2601 2095 2656 videat
2122 2612 2177 2656 et

571 2695 791 2750 sentiat.
829 2695 1075 2766 Denique
1103 2695 1191 2766 qui
1220 2694 1438 2750 divitias
1465 2695 1818 2766 concupiscit,
1849 2695 2026 2751 nudus
2047 2707 2129 2751 est
2159 2713 2172 2749 :

563 2789 656 2860 qui
685 2788 1007 2850 contemnit,
1040 2789 1333 2859 Opulentus
1364 2801 1467 2844 εει.
1500 2789 1653 2846 Adeo
1675 2804 1804 2844 suus
1821 2792 2019 2861 cuique
2044 2806 2174 2845 sen-

564 2896 659 2937 sus
685 2895 925 2936 aerumna
953 2892 1060 2947 cst,
1093 2889 1151 2936 et
1177 2897 1272 2936 sua
1296 2883 1492 2952 cuique
1539 2883 1708 2936 virtus
1737 2898 1932 2953 expers
1965 2882 2176 2953 injuria:

564 2981 668 3030 est.
697 2973 840 3044 Ergo
874 2975 1164 3029 humanam
1212 2973 1578 3030 conditionem
1635 2974 1816 3046 primo
1849 2991 1943 3045 per
1974 2975 2173 3046 Legem

562 3068 666 3125 sibi
715 3068 968 3124 Christus
1013 3069 1065 3124 in
1098 3068 1261 3142 722
1289 3068 1598 3140 coniugium
1650 3069 1970 3136 vindicavit,
2012 3085 2172 3141 quam

564 3162 868 3232 repudiavit
914 3172 1123 3235 postea.
1186 3161 1336 3218 Unde
1381 3170 1438 3217 et
1479 3164 1599 3218 ait:
1637 3164 1765 3230 Quis
1815 3164 1944 3219 liber
1971 3163 2176 3233 repudii
2203 3147 2250 3212 C

564 3256 742 3311 matris
764 3265 966 3319 vestrm,
990 3271 1089 3326 quo
1118 3253 1295 3308 dimisi
1327 3271 1439 3309 eam
1464 3255 1638 3323 (Esai.
1666 3271 1719 3318 1.,
1754 3257 1846 3324 l)?
1873 3255 1985 3310 Hoc
2016 3256 2178 3325 igitur

565 3364 766 3421 genere
787 3346 1036 3403 Christus
1066 3346 1324 3402 familiam
1362 3363 1514 3402 suam
1543 3348 1745 3404 nudam
1770 3348 1924 3410 vidit,
1958 3357 2010 3403 et
2031 3363 2178 3402 ama-

565 3445 645 3499 vit
676 3454 860 3498 :amat
887 3443 1030 3499 enim
1059 3452 1300 3498 sanctam
1349 3443 1605 3499 Christus
1629 3443 1887 3498 animam.
1935 3443 2178 3516 Denique

564 3535 962 3593 amabatlesus
989 3536 1254 3591 Lazarum
1291 3546 1344 3591 et
1372 3536 1592 3591 Mariam
1630 3535 1888 3591 :amahat
1927 3535 2178 3593 Christus

565 3630 871 3686 Ecclesium
904 3645 1081 3695 suam,
1114 3629 1363 3697 quamvis
1395 3629 1615 3693 nudam,
1645 3629 1893 3699 quamvis
1911 3627 2062 3684 nullo
2083 3628 2179 3684 ad-

570 3724 678 3782 huc
739 3724 1002 3778 virtutum
1035 3721 1238 3777 decore
1267 3721 1542 3778 veSIitam.

571 3843 578 3853 -
636 3815 730 3871 42.
767 3815 1008 3886 Denique
1035 3813 1347 3870 utsciamus
1363 3812 2010 3884 propositzedisputationi
2041 3814 2180 3870 Scri-

561 3917 840 3983 pturarum
860 3907 1055 3964 seriem
1069 3907 1386 3975 convenire,
1406 3907 1678 3962 discamus
1700 3905 2001 3963 Ecclesiam
2024 3924 2180 3963 mun-

563 4002 712 4068 dam,
729 4001 1002 4056 discamus
1017 4008 1372 4069 quterentem,
1398 3998 1744 4058 festinantem
1758 4001 2091 4055 etlavantem
2120 4015 2180 4056 se

563 4104 692 4150 ante
707 4094 923 4149 domum
948 4092 1389 4162 Cltristi.quando
1406 4092 1715 4160 baptizabat
1731 4093 1968 4150 Joannes
1984 4095 2035 4149 iu
2059 4094 2180 4150 Jor-

564 4186 706 4242 dane
719 4187 907 4240 dicens
926 4201 943 4239 :
960 4183 1072 4256 Ego
1101 4184 1308 4256 quidem
1320 4185 1526 4253 baptiso
1538 4201 1625 4238 vos
1647 4185 1700 4238 in
1713 4202 1848 4256 aqua
1864 4187 1914 4239 in
1933 4187 2181 4257 ρωηὶιεη-

571 4278 697 4334 tiam
721 4276 1020 4347 :quiautem
1049 4277 1185 4330 venit
1197 4287 1310 4346 post
1325 4293 1424 4343 me,
1448 4277 1637 4346 [artior
1652 4294 1730 4330 me
1755 4286 1850 4338 est,
1879 4281 2028 4349 cujus
2078 4296 2182 4332 non

565 4388 679 4427 sum
727 4370 911 4440 dignus
941 4369 1288 4424 calceamenta
1323 4371 1689 4440 portare:ipse
1706 4387 1792 4424 vos
1825 4371 2104 4439 baptizabit
2127 4374 2180 4426 in

573 4462 777 4538 Spiritu
801 4472 981 4518 sancto
1013 4461 1230 4533 (Matth.
1257 4461 1471 4537 1",“).
1503 4463 1644 4536 Ergo
1691 4466 1906 4535 quando
1937 4467 2179 4539 baptiza-

568 4559 729 4616 batur
760 4559 911 4631 plebs
937 4561 990 4613 in
1015 4559 1414 4629 paenitentiam,
1444 4560 1719 4616 Christum
1755 4560 1944 4633 utique
1989 4563 2174 4620 domui
2201 4550 2254 4611 Ι)

569 4654 689 4728 ejus
732 4655 843 4725 jam
877 4655 1050 4710 vicina
1079 4654 1375 4726 quairebat,
1393 4664 1450 4708 ut
1481 4657 1795 4724 perveniret
1819 4657 1885 4711 ad
1915 4658 2172 4729 gratiam.

573 4745 1267 4820 Qumrebatergoaloaune
1284 4745 1560 4802 Christum
1581 4747 1820 4804 Ecclesia
1841 4750 2052 4809 dicens:
2070 4753 2177 4808 An-

572 4842 755 4896 nuntia
777 4841 903 4896 mihi
920 4857 1066 4906 quem
1087 4838 1268 4894 dilexit
1289 4839 1464 4893 anima
1498 4857 1609 4895 mea
1629 4841 1809 4913 (Cant.
1827 4860 1867 4911 ι,
1891 4844 1948 4916 6)
1967 4861 1982 4908 ;
2000 4845 2012 4899 i
2022 4863 2173 4916 psmn

571 4949 792 4992 causam
851 4931 1131 5002 desiderii,
1181 4933 1358 5003 ipsum
1413 4948 1637 4989 causam
1680 4937 1880 4992 lavacri
1923 4939 2026 4994 sibi
2056 4955 2177 4997 esse

574 5071 705 5111 mss.
732 5053 1013 5108 habeatur.
1039 5051 1257 5106 Illorum
1280 5060 1457 5106 autem
1487 5053 1772 5108 verborum
1804 5055 1923 5108 loco
1945 5066 2177 5113 tantum-

575 5126 735 5182 modo
779 5125 1010 5194 reposita
1052 5125 1264 5176 fuerant
1295 5122 1391 5196 ista
1430 5139 1443 5174 :
1481 5122 1620 5178 Vidit
1647 5142 1768 5196 ergo
1797 5125 1964 5182 David
1986 5130 2168 5184 mulie-

569 5213 680 5254 rem
710 5193 903 5252 nudam
933 5197 1181 5249 lavantem
1209 5210 1280 5248 se.
1327 5193 1667 5249 Manifestum
1699 5193 1826 5251 vero
1853 5209 1936 5252 est
1967 5217 2176 5256 memo-

573 5282 719 5326 ratas
766 5271 934 5323 lineas
963 5266 1162 5321 idcirco
1192 5266 1356 5319 fuisse
1375 5269 1443 5319 ab
1472 5268 1772 5324 editoribus
1805 5269 2061 5326 Rornanis
2088 5290 2177 5328 re-

570 5349 801 5406 secatas,
831 5355 899 5394 ne
925 5341 1126 5392 veritas
1150 5335 1380 5391 lliallil'iiE
1405 5337 1798 5394 destrueretur.
1833 5339 2028 5394 Verum
2057 5360 2177 5398 cum

571 5412 661 5470 hic
690 5425 874 5467 auctor
904 5424 1063 5479 supra
1086 5426 1134 5462 c.
1165 5408 1222 5474 ἓ,
1255 5425 1307 5460 n.
1343 5409 1409 5474 b;
1439 5425 1487 5464 c.
1525 5413 1574 5474 5,
1608 5427 1662 5465 η.
1690 5412 1744 5478 7,
1779 5412 1842 5465 l5
1863 5420 1918 5466 et
1952 5414 2033 5478 16;
2064 5430 2116 5471 c.
2147 5421 2177 5470 4

573 5497 628 5540 η.
661 5485 754 5546 21,
787 5493 842 5538 et
870 5497 917 5537 c.
945 5485 998 5538 5.
1034 5498 1086 5535 n.
1113 5480 1205 5546 51,
1245 5479 1368 5534 lacti
1419 5483 1702 5537 veritatem
1749 5485 2176 5550 aspressissimis

574 5556 755 5612 verbis
790 5555 1118 5627 astrinxerit,
1153 5553 1272 5627 quis
1317 5563 1461 5620 putet
1493 5571 1612 5627 eum
1645 5557 1696 5607 in
1733 5567 1839 5608 tam
1874 5559 2058 5623 paucis
2084 5575 2175 5627 pa-

610 5628 730 5683 ellis
756 5625 857 5696 sibi
884 5626 1018 5680 adeo
1049 5623 1276 5694 turpiter
1300 5625 1676 5681 contradicere
1701 5627 1724 5679 ?
1748 5627 1820 5681 Ita
1851 5628 2012 5696 igitur
2038 5623 2178 5684 hum:

597 5695 752 5755 ecum
809 5695 1244 5772 interpretamur,
1295 5703 1354 5748 ut
1400 5697 1680 5772 historiam
1726 5695 1941 5772 quidem
1972 5715 2177 5772 nequa-

579 5785 740 5846 quam
767 5777 950 5839 neget,
976 5767 1072 5824 sed
1120 5766 1293 5822 multo
1320 5767 1492 5838 magis
1519 5768 1587 5825 ad
1629 5766 1961 5828 tendendum
1985 5766 2183 5829 doceat

2280 1853 2571 1908 adamavit.

2351 1949 2442 2003 45.
2477 1946 2672 2002 Videte
2702 1945 3155 2018 quemadmodum
3207 1945 3432 2011 videat,
3471 1943 3654 1998 videte
3670 1959 3783 2012 quau

2279 2041 2498 2096 modum
2532 2052 2713 2095 vocet.
2740 2039 2854 2094 Non
2884 2039 2973 2095 hic
2998 2039 3254 2094 adulterii
3285 2037 3628 2109 opprobria,
3658 2037 3738 2090 sed
3767 2053 3802 2085 ει

2278 2135 2441 2189 steria
2467 2131 2734 2188 castitatis
2751 2142 2896 2187 sunt.
2939 2131 3071 2185 Tota
3102 2149 3178 2196 es,
3212 2130 3429 2203 inquit,
3458 2134 3706 2200 fornwsa,
3739 2145 3806 2179 es;

2278 2243 2413 2293 mea,
2446 2228 2683 2296 proxima
2715 2243 2846 2290 utea,
2871 2235 2916 2280 ct
2938 2226 3270 2294 reprehensio
3315 2242 3433 2279 non
3459 2233 3536 2279 est
3575 2225 3628 2276 in
3658 2235 3714 2276 τε,

2277 2321 2377 2376 huc
2406 2339 2437 2373 a
2479 2319 2675 2375 Libano
2705 2337 2917 2390 sponsa,
2948 2323 3070 2374 ades
3102 2321 3206 2373 huc
3226 2338 3258 2372 a
3291 2317 3536 2383 Libano,
3594 2315 3819 2370 transibi:

2277 2415 2612 2487 pertransibis
2639 2431 2670 2467 a
2696 2413 2952 2482 principio
2984 2412 3106 2480 lidei
3136 2409 3315 2482 (Cant.
3346 2428 3430 2473 Iv,
3450 2411 3486 2464 7
3510 2421 3558 2465 et
3585 2410 3659 2479 8).
3679 2407 3732 2462 Et
3751 2408 3820 2458 hri:

2285 2524 2316 2562 a
2349 2507 2616 2578 principio
2649 2506 2796 2561 lidei.
2829 2506 2970 2576 Ergo
3003 2505 3091 2559 ubi
3123 2506 3283 2560 [idem
3317 2505 3527 2569 habes,
3584 2501 3823 2555 adulterina

2277 2602 2471 2656 timere
2519 2618 2625 2656 non
2675 2599 2877 2664 debes;
2910 2598 3042 2654 fides
3082 2600 3226 2653 enim
3282 2599 3540 2668 conjugii
3596 2605 3688 2661 est,
3732 2593 3822 2646 fraus

2277 2694 2548 2750 adulterii.
2605 2694 2708 2750 Sed
2742 2704 2800 2748 ut
2841 2692 3033 2748 adesse
3076 2695 3246 2763 possit
3276 2708 3306 2747 a
3337 2693 3578 2754 Libano,
3610 2700 3719 2743 ante
3744 2702 3828 2756 prr-

2280 2791 2427 2845 Iuisit
2456 2790 2644 2846 dicens
2678 2788 2978 2859 :Exsurge,
3029 2789 3162 2853 veni,
3217 2791 3470 2857 proxima
3519 2785 3825 2853 memmium

2280 2901 2413 2945 mea,
2451 2882 2685 2937 columba
2713 2899 2845 2947 mea,
2877 2881 3102 2952 perfecta
3129 2897 3238 2934 mea
3263 2879 3455 2950 (Cant.
3490 2897 3550 2943 tt,
3582 2875 3680 2947 l0).
3704 2875 3828 2929 Pruri-

2281 2993 2391 3042 ma,
2418 2975 2604 3046 utique
2627 2974 2750 3029 lidei
2783 2974 3090 3038 desiderio;
3117 2972 3381 3042 formosa,
3421 2976 3624 3029 decore
3649 2968 3818 3023 virtutis

2281 3071 2552 3134 columba,
2577 3071 2745 3140 gratia
2776 3069 3028 3140 spiritali.
3060 3070 3258 3124 Pennas
3285 3070 3439 3125 enim
3458 3061 3824 3124 columhatdcar-

2279 3174 2514 3236 gent-atat
2542 3162 2968 3218 mtcrttatttillam
2991 3161 3298 3230 significant
3333 3169 3687 3232 potestatem;
3710 3166 3749 3208 et
3768 3167 3821 3204 ρο·
3907 3163 3909 3216 ξ

2282 3257 2479 3311 lumba:
2506 3255 2716 3309 volatus
2746 3254 2919 3309 sancti
2948 3254 3181 3321 Spiritus
3199 3254 3560 3324 praesentiam
3584 3243 3818 3306 declarauit

2281 3350 2450 3406 Vocat
2485 3352 2643 3419 igitur
2673 3350 2739 3405 ad
2769 3366 2827 3404 se
2849 3366 2968 3406 eam
2993 3347 3265 3416 Christus,
3300 3359 3358 3403 ut
3391 3351 3613 3412 veniat;
3642 3341 3808 3415 quonam

2281 3445 2615 3516 spiritalibus
2657 3445 2769 3515 jam
2822 3444 3012 3515 pretiis
3061 3444 3239 3498 dolata
3267 3443 3530 3499 veniebat
3563 3439 3720 3508 :Quia
3736 3448 3810 3490 att.

2281 3539 2474 3610 inquit,
2491 3541 2667 3609 hyems
2695 3539 2965 3612 prseteriit,
2987 3539 3148 3592 imber
3165 3537 3314 3601 abiit,
3341 3537 3589 3592 discessit
3608 3532 3709 3591 sibi,
3724 3529 3816 3598 ﬁam

2281 3632 2376 3687 visi
2396 3642 2514 3685 sunt
2536 3633 2590 3684 in
2623 3642 2761 3685 terra
2787 3630 2976 3702 (lbid.,
3008 3630 3068 3685 11
3097 3641 3143 3684 et
3174 3629 3285 3700 l9).
3307 3629 3510 3685 Videte
3699 3635 3820 3692 quem'

2280 3723 2572 3777 admodum
2603 3734 2787 3778 sancta
2847 3724 3105 3776 invitetur
3132 3721 3398 3776 Ecclesia.
3430 3720 3648 3793 Hyems,
3691 3710 3819 3781 inquit.

2282 3818 2515 3872 discessit
2538 3816 2656 3881 sibi,
2684 3832 2750 3871 ne
2779 3819 3028 3888 hyemcm
3052 3815 3190 3868 nuda
3207 3814 3487 3877 formidet,
3519 3816 3824 3885 bycmemlmn

2285 3910 2561 3978 temporis,
2586 3908 2680 3963 sed
2729 3908 3078 3975 infirmitatis,
3119 3922 3240 3978 qua:
3265 3923 3455 3978 agrum
3482 3907 3674 3962 anima!
3699 3899 3823 3954 reruni

2281 4004 2409 4059 dum
2434 4005 2580 4058 omni
2605 4001 2739 4058 flore
2756 4001 3034 4073 dispoliat.
3061 4003 3155 4057 Est
3179 4001 3323 4056 enim
3353 4000 3551 4073 hyems
3569 4016 3665 4056 non
3683 3987 3822 4048 terrent

2283 4100 2438 4164 solis,
2470 4105 2555 4154 est
2587 4097 2782 4170 hyetns
2811 4098 3029 4162 mentis,
3061 4095 3278 4168 quando
3305 4096 3488 4151 animo
3522 4097 3682 4163 frigus
3706 4080 3823 4141 illaili-

2284 4201 2392 4256 tur,
2417 4193 2636 4264 quando
2665 4207 2830 4261 vapor
2851 4189 3019 4245 animi
3065 4193 3365 4258 evanescit,
3417 4191 3632 4262 quando
3659 4181 3822 4242 solvti

2284 4286 2438 4357 tigor
2466 4302 2684 4352 sensus,
2707 4285 2923 4356 quando
2953 4283 3149 4340 nimius
3181 4286 3377 4339 humor
3406 4286 3702 4341 exundatet
3724 4290 3824 4330 metr

2284 4390 2392 4436 tem
2432 4389 2643 4450 gravat,
2677 4379 2894 4450 quando
2934 4380 3162 4434 interior
3197 4378 3454 4448 caliginat
3501 4385 3746 4449 a5pectus.
3781 4364 3821 4420 Et

2285 4475 2408 4530 ideo
2455 4477 2531 4528 ait
2582 4473 2846 4528 Dominus
2873 4490 2892 4527 :
2929 4471 3113 4528 Videte
3158 4490 3220 4528 ne
3251 4473 3343 4544 ﬁat
3375 4473 3502 4547 fuga
3527 4471 3823 4537 vestra/lytr!“

2280 4569 2361 4623 vel
2398 4565 2606 4620 sabbato
2632 4563 2849 4639 (Matth.
2893 4582 3039 4631 sxw,
3084 4564 3200 4638 ‘20).
3229 4566 3434 4621 Bonum
3487 4570 3628 4622 enim
3657 4571 3704 4617 ut
3741 4566 3821 4610 tum"

2283 4661 2401 4716 dies
2427 4661 2615 4731 judicii
2665 4661 2750 4715 vel
2804 4661 2993 4716 mortis
3044 4659 3329 4726 adveniat,
3382 4677 3506 4716 cum
3545 4663 3680 4731 viget
3709 4641 3821 4706 animi

2281 4755 2475 4811 blanda
2523 4758 2839 4826 temperies,
2886 4770 3007 4810 cum
3055 4755 3280 4811 C(Bleste
3333 4755 3646 4824 mysterium
3686 4755 3819 4803 serenil

2282 4853 2405 4908 luce
2466 4851 2799 4922 reSplendet,
2846 4866 2968 4904 cum
3017 4866 3112 4906 cor
3152 4861 3394 4906 nostrum
3446 4849 3603 4905 ardet
3626 4849 3670 4903 in
3697 4837 3820 4897 nobis.

2281 4944 2435 5000 Tunc
2484 4946 2628 5001 enim
2677 4943 2926 5000 Christus
2955 4954 3041 5000 est
3069 4959 3333 5015 prmsens,
3377 4943 3518 4998 sicut
3544 4946 3770 4998 testantur
3788 4930 3819 4980 in

2285 5063 2352 5116 ad
2408 5062 2648 5118 historia:
2705 5062 2963 5126 animam,
3020 5072 3077 5116 ut
3124 5063 3203 5117 sic
3249 5061 3550 5130 loquamur,
3608 5059 3655 5114 id
3682 5044 3821 5130 est.ml

2285 5135 2566 5204 mystiCam
2595 5123 3026 5201 intelligentiam,
3047 5150 3205 5202 quam
3238 5134 3302 5186 ad
3323 5123 3334 5130 ’
3358 5132 3473 5202 ejus
3521 5123 3717 5201 corpus,
3754 5123 3821 5204 ('0‘:

2283 5193 2387 5270 esi,
2422 5207 2710 5262 litteralem
2737 5193 3124 5259 niirrationem.
3169 5206 3283 5272 Qua
3311 5193 3474 5260 etiam
3525 5193 3716 5257 ratione
3754 5193 3822 5246 lect

2283 5279 2593 5348 complures
2625 5277 2910 5347 ipsiusmet
2940 5277 3207 5331 Ambrosii
3232 5276 3552 5331 conciliandi
3583 5277 3822 5348 suntuuttmf

2285 5359 2337 5402 ta
2369 5343 2466 5404 lib.
2491 5351 2512 5403 l
2551 5353 2613 5404 de
2642 5343 2903 5402 Abraham
2926 5366 3044 5416 cap.
3073 5349 3127 5407 9.
3157 5364 3415 5404 numerus
3435 5348 3504 5403 87
3527 5363 3646 5402 cum
3675 5343 3764 5397 libri
3785 5345 3820 5416 (ξι

2281 5435 2401 5490 cap.
2433 5423 2672 5490 ejusdem
2705 5436 2930 5474 munero
2956 5404 3046 5485 8i),
3076 5404 3131 5474 et
3154 5421 3248 5474 lib.
3278 5421 3344 5474 de
3367 5419 3564 5486 Joseph
3590 5404 3821 5490 Patr._c.l.

2285 5482 2542 5548 itu-merus
2569 5494 2602 5546 4
2624 5507 2744 5546 cum
2776 5491 2895 5544 libri
2927 5482 3169 5557 ejusdem
3201 5507 3322 5560 cap.
3343 5490 3432 5556 50,
3464 5482 3613 5545 num.
3641 5482 3819 5560 15.7mm

2283 5563 2378 5619 lib.
2412 5566 2474 5618 de
2499 5563 2658 5618 Tobia
2687 5579 2737 5616 c.
2769 5563 2825 5627 5,
2851 5581 2905 5615 n.
2940 5563 3006 5618 57
3030 5564 3185 5628 et58,
3209 5559 3330 5618 cum
3349 5561 3591 5630 ejusdem
3613 5559 3720 5616 libri
3739 5566 3818 5613 catL

2281 5634 2338 5702 2,
2365 5652 2512 5691 num.
2543 5637 2611 5690 70
2637 5647 2690 5690 et
2720 5637 3089 5702 sequentibus.
3120 5635 3332 5691 Vidcsis
3363 5637 3526 5690 etiam
3550 5631 3820 5706 praemissam

2283 5723 2314 5762 a
2343 5708 2500 5764 nobis
2521 5707 2647 5764 huic
2677 5707 2928 5763 tractatui
2953 5706 3416 5766 Admonitionem.
