4042 6378
77 277 208 336 tlﬁ‘)

85 493 310 550 carnis
371 501 836 558 matrimonium
888 503 1212 558 solveretur.
1255 505 1459 563 Mortua
1508 518 1589 561 est
1647 507 1812 576 igitur

88 587 156 640 iu
195 587 470 650 Christo
528 610 704 661 caro,
741 603 799 654 ut
827 612 928 653 nos
951 597 1256 656 mortiﬁcati
1289 599 1413 669 Legi
1472 615 1568 668 per
1613 614 1813 668 corpus

93 677 378 750 Christi,
418 686 594 744 sicut
644 689 929 759 Apostolus
959 689 1096 748 dixit
1125 689 1298 760 (Rom.
1330 705 1424 754 vn,
1455 689 1534 761 4).
1568 704 1811 747 essemus

96 775 380 834 alterius
415 780 529 847 qui
564 798 643 839 ex
677 785 902 841 mortuis
926 785 1242 851 resurrexit,
1275 794 1330 840 et
1359 786 1641 854 passiones
1661 787 1811 855 cupi-

103 865 238 928 dita
250 877 481 942 tesque
507 875 733 939 carnis,
750 884 805 940 et
823 877 1182 946 cogitationes
1206 889 1552 946 peccatorum
1573 895 1693 949 qum
1713 894 1812 948 per

99 958 348 1032 Legem
392 975 588 1022 et-ant
641 967 691 1020 in
721 969 982 1024 membris
1027 971 1244 1036 nostris,
1279 969 1332 1028 in
1366 971 1453 1029 illa
1487 979 1662 1028 morte
1697 989 1812 1027 mo.-

102 1067 414 1114 rerctttur
445 1077 462 1112 :
522 1075 649 1118 uois
693 1073 870 1126 autem
924 1063 1088 1122 soluti
1148 1080 1174 1116 :t
1228 1063 1346 1133 lege
1393 1065 1604 1130 mortis,
1656 1064 1811 1132 quasi

111 1166 274 1208 nova
312 1151 552 1209 Cill‘iSii
592 1155 821 1223 copula,
853 1153 905 1210 in
935 1156 1176 1211 novitate
1225 1156 1450 1226 spiritus
1492 1170 1811 1227 resurgeree

117 1260 260 1301 “HIS
272 1284 286 1297 .

202 1338 311 1392 5‘5.
365 1338 441 1396 Et
475 1348 681 1398 tamen
711 1343 804 1412 qui
845 1341 1040 1412 Legem
1086 1344 1138 1402 in
1173 1341 1378 1408 Christi
1422 1359 1586 1400 carne
1629 1344 1808 1398 solve-

119 1442 298 1502 runt,
355 1448 633 1504 eamque
686 1446 1019 1504 putaverunt
1061 1453 1186 1491 esse
1231 1437 1572 1504 violandam,
1622 1450 1812 1494 otttnes

123 1525 304 1596 jussu
339 1527 542 1584 David
569 1545 601 1584 a
634 1529 988 1589 bellatoribus
1013 1530 1332 1602 interempti
1357 1542 1499 1593 sunt.
1527 1532 1643 1600 Quo
1673 1531 1813 1586 iudi-

129 1620 234 1676 cio
263 1623 622 1682 ostenditur
673 1622 751 1688 id,
803 1622 946 1693 quod
995 1625 1293 1692 posterior-tt
1341 1624 1812 1686 docuerunresse

136 1712 483 1779 signatum,
517 1714 667 1784 quod
698 1732 886 1776 eorum
931 1716 1024 1786 qui
1073 1717 1347 1776 Christum
1401 1717 1809 1782 interfecerunt,

137 1805 328 1876 ’127
371 1808 580 1864 nullus
611 1809 876 1874 evaserit;
936 1809 1099 1881 idque
1140 1810 1548 1869 evidentissimc
1605 1810 1814 1866 revela-

148 1908 275 1960 lut'.
310 1914 427 1958 eos
460 1915 606 1968 quos
632 1910 758 1958 ante
789 1913 1020 1960 mortem
1044 1914 1408 1970 aSStttIIpSel‘ai
1437 1902 1634 1979 Jesus,‘
1675 1904 1816 1960 sicut

141 1989 422 2054 .ludteos,
445 1995 664 2061 perisse
694 1995 952 2064 parvulos
980 2008 1029 2052 et
1061 1995 1321 2056 informes
1356 2014 1368 2050 :
1403 2012 1499 2052 eos
1521 2013 1650 2054 vero
1678 2012 1814 2066 quos

152 2099 288 2156 post
358 2099 612 2145 mortem
655 2090 960 2150 adst‘ivitin
1005 2108 1288 2150 numerum
1342 2091 1602 2157 ﬁliorum,
1645 2106 1814 2160 regno

151 2196 286 2235 esse
312 2193 607 2236 servatos.
643 2182 974 2251 Undejuxta
1029 2185 1132 2240 ltoc
1190 2184 1508 2254 mysterium
1555 2183 1815 2244 convenit

157 2281 315 2350 quod
357 2285 583 2351 primus
610 2283 661 2337 itt
693 2283 896 2338 Judtt-is
940 2283 1104 2340 fuerit
1154 2295 1341 2354 partus
1394 2285 1645 2342 inﬁrmus
1679 2303 1692 2349 ;
1755 2294 1812 2339 ut

157 2387 366 2446 postea
407 2379 467 2432 itt
502 2379 828 2434 Christianis
858 2382 1015 2435 fieret
1039 2380 1245 2436 fructus
1267 2391 1525 2436 aeternus.

824 2513 1054 2570 CAPUT
1093 2513 1188 2570 XI.

166 2625 463 2698 Parabola
500 2626 713 2691 Ntttltan
741 2629 1069 2697 proponitur,
1100 2639 1247 2699 atque
1290 2630 1356 2682 ad
1389 2645 1589 2684 sensum
1634 2646 1806 2682 mora-

411 2722 540 2788 lem,
568 2739 784 2792 moxque
807 2723 872 2778 ad
906 2724 1237 2795 allegoricnm
1280 2725 1589 2777 traducitur.

254 2834 354 2890 54.
403 2835 516 2894 Sed
543 2835 654 2905 jrun
697 2835 762 2891 ad
793 2839 1037 2903 nuntium
1080 2848 1435 2896 transeamus.
1463 2839 1594 2894 Nam
1652 2856 1808 2910 ςιιρθν

177 2929 438 2982 riorihus
492 2927 686 2988 diebus
749 2937 1013 2990 tractatus
1071 2931 1227 2986 nobis
1273 2931 1341 2986 de
1400 2931 1494 2986 illo
1543 2933 1810 2988 invidioso

174 3020 468 3078 adulterio
500 3029 554 3074 et
580 3019 872 3085 bottticidio
925 3021 1090 3076 David
1143 3022 1422 3092 propheta
1462 3023 1583 3090 fttit,
1615 3024 1812 3078 decur-

181 3117 384 3184 si.-que
420 3116 697 3186 mysteriis
728 3130 832 3169 non
863 3117 1034 3171 solum
1059 3115 1195 3172 nihil
1237 3117 1381 3184 quod
1412 3118 1810 3180 contlemmtre-

1393 294 1430 347 Α
1441 291 1733 360 POLOGIA
1778 293 1988 358 DAVID
2025 293 2329 358 ALTERA.

82 398 290 467 Lege,
331 407 403 456 ut
439 417 558 472 per
598 405 762 466 illam
785 414 1016 473 mortem
1063 407 1208 466 velut
1251 409 1520 477 quoddam
1551 411 1710 481 Legis
1755 421 1809 468 et
1837 416 1884 474 Α

3410 298 3518 356 910

1983 410 2075 466 56.
2118 411 2309 470 Videte
2351 427 2512 483 quam
2562 413 2752 474 multa.
2803 412 2983 470 Primo
3035 412 3318 479 omnium,
3367 417 3515 486 quod

1915 505 2057 560 Deus
2104 508 2221 576 pius
2267 517 2324 563 et
2357 508 2665 564 misericors
2692 519 2794 573 est,
2840 517 2895 564 et
2937 524 3058 580 qua:
3105 509 3261 563 nobis
3287 509 3517 566 adversa

1911 602 2251 668 cot‘ttingunt,
2286 618 2382 671 pro
2417 604 2592 673 pretio
2639 603 2811 658 nostri
2842 605 3045 658 erroris
3074 603 3392 673 excipimus.
3427 605 3517 659 Di-

1913 692 2145 746 dicimus
2189 697 2352 763 igitur
2401 696 2769 765 captivitatem
2822 698 3052 763 pretium
3100 713 3220 752 esse
3271 701 3512 770 peceati;

1914 783 2031 838 haec
2057 788 2202 838 enim
2230 787 2541 846 decernitur
2566 805 2720 857 ptena
2746 805 2843 858 pro
2873 789 3121 844 crimine.
3150 791 3355 845 Deinde
3383 791 3516 848 illud

1911 876 2246 930 advertimus
2275 879 2415 944 quod
2447 896 2630 949 regunt
2659 888 2864 950 lapsos,
2889 896 3045 949 pretia
3081 883 3398 952 populorum
3419 887 3512 942 sit.

1915 969 2064 1024 Sicut
2092 970 2237 1024 enim
2263 984 2451 1026 eorum
2484 973 2682 1030 virtute
2709 989 3012 1038 servantur,
3039 975 3109 1034 ita
3133 977 3296 1036 etiam
3329 994 3518 1034 errore

1915 1061 2306 1131 periclitantur.
2343 1062 2495 1124 Unde
2533 1066 2826 1133 optandum
2877 1078 2959 1122 est
3006 1067 3183 1135 nobis,
3233 1079 3290 1124 ut
3333 1086 3515 1141 regem

1913 1155 2204 1221 gloriosum
2262 1168 2422 1227 atque
2470 1157 2770 1228 perfectum
2819 1159 3019 1224 habere
3071 1163 3361 1230 pOSsittttts.
3409 1164 3521 1222 Nos

1913 1268 2042 1322 ergo
2072 1251 2164 1321 qui
2197 1267 2375 1320 regem
2396 1252 2644 1317 volumus
2669 1254 2867 1311 habere
2891 1256 3212 1323 perfectum.
3233 1257 3516 1322 Dominum

1918 1346 2170 1406 nolumus
2218 1347 2418 1404 habere
2468 1349 2808 1416 pet'frcttun?
2850 1349 2931 1404 An
2985 1367 3115 1408 vero
3165 1353 3241 1410 illi
3292 1365 3524 1424 poswnt

1916 1439 2057 1494 velle
2086 1437 2362 1496 hominem
2390 1456 2510 1495 esse
2530 1441 2846 1509 perfectum,
2876 1445 2967 1513 qui
2991 1445 3153 1502 Deum
3177 1447 3370 1504 nolunt
3398 1463 3524 1506 esse

1917 1531 2256 1601 perfectum?
2283 1532 2413 1588 Illud
2441 1534 2604 1602 etiam
2639 1536 2878 1598 breviter
2905 1549 3084 1596 textus
3119 1550 3379 1610 operatur
3440 1544 3524 1599 bi-

1916 1625 2126 1689 storite,
2157 1632 2214 1680 ttt
2251 1625 2598 1688 advertamus
2626 1644 2786 1698 quam
2818 1630 2928 1690 cito
2971 1633 3142 1696 venite
3163 1650 3288 1702 spes
3335 1645 3523 1691 secuta

1917 1718 2005 1770 sit.
2035 1716 2152 1774 Non
2202 1720 2476 1782 mediocre
2500 1731 2706 1789 autem,
2735 1724 2876 1794 quod
2928 1723 3134 1782 Natban
3184 1726 3527 1783 denuntiavit

1845 1803 1890 1878 Β
1919 1812 1988 1872 ei.
2018 1811 2121 1868 hoc
2147 1823 2248 1879 est,
2276 1813 2502 1876 inferior
2529 1817 2818 1886 praplteta.
2845 1818 3035 1877 Gravis
3064 1821 3228 1894 ⁸128
3257 1824 3399 1878 enim
3434 1840 3528 1879 ve-

1921 1905 2178 1968 recundia
2208 1907 2490 1978 pudorque
2519 1909 2725 1977 delicti,
2758 1911 2826 1970 ab
2879 1913 3134 1970 inferiore
3173 1916 3522 1984 reprehendi.

1923 1996 2130 2056 Videtis
2159 2000 2300 2067 quod
2339 2002 2496 2072 culpa
2525 2003 2754 2079 gratiam
2790 2005 3011 2064 minuat.
3041 2007 3260 2064 Sciebat
3288 2009 3524 2076 Natltan,

1918 2089 2060 2160 quod
2097 2091 2261 2146 David
2296 2095 2573 2156 nesciebat
2599 2113 2610 2147 :
2641 2095 2779 2152 adeo
2805 2097 3068 2167 caligabat
3090 2103 3304 2160 animus
3334 2103 3530 2158 obum-

1919 2191 2092 2238 tratns
2117 2184 2347 2253 quadam
2373 2187 2516 2252 nube
2541 2188 2814 2251 vitiorum.
2834 2189 3039 2247 Deinde
3069 2192 3155 2250 hic
3181 2204 3267 2250 Cal
3287 2195 3527 2264 Nathan,

1918 2277 2008 2346 qtti
2041 2275 2094 2330 in
2121 2280 2491 2346 superioribus
2517 2281 2682 2342 David
2711 2292 2996 2361 acceptum
3027 2285 3256 2344 Domino
3289 2290 3528 2360 prophea

1919 2371 2084 2434 tavit;
2121 2379 2177 2434 ut
2203 2372 2414 2437 doleret
2453 2375 2646 2436 eodem
2683 2377 3046 2449 redarguente
3081 2394 3387 2452 peccatum,
3419 2402 3529 2458 quo

1919 2462 2300 2532 prophetante,
2333 2467 2586 2524 meritum
2621 2468 2795 2533 fuerat
2825 2472 3198 2541 praedicatum.

1987 2557 2080 2611 57.
2122 2555 2228 2612 Sed
2252 2557 2363 2628 jam
2407 2561 2727 2631 mysterium
2771 2564 3132 2634 requiramus.
3165 2569 3303 2635 Duo,
3330 2573 3532 2643 inquit,

1915 2648 2013 2700 viri
2057 2659 2205 2704 erant
2255 2651 2306 2712 in
2338 2667 2443 2705 una
2475 2653 2701 2719 civitate,
2737 2671 2872 2711 unus
2897 2656 3058 2725 dives,
3085 2671 3129 2726 et
3156 2664 3287 2716 alter
3329 2681 3532 2735 pauper

1916 2740 1985 2811 (ll
2012 2740 2144 2812 neg.
2177 2758 2272 2808 xu,
2306 2743 2383 2814 t).
2413 2746 2544 2812 Quis
2591 2759 2672 2806 est
2704 2749 2790 2806 hic
2825 2733 2995 2808 dives
3037 2765 3130 2816 aut
3166 2733 3392 2826 pauper,
3425 2733 3533 2818 nisi

1916 2833 2058 2890 forte
2091 2853 2228 2892 unus
2254 2839 2487 2910 pupillus
2504 2840 2836 2908 intimorum,
2855 2854 2910 2900 et
2929 2846 3068 2904 alter
3087 2850 3320 2918 populus
3343 2852 3530 2914 (Iuris-

1919 2928 2131 2989 tianus‘!
2163 2931 2258 2986 Ille
2279 2932 2430 2988 dives
2459 2935 2508 2987 in
2537 2934 2700 3005 Lege,
2726 2936 2879 3002 dives
2903 2937 3132 3009 eloquiis
3160 2942 3252 3004 Dei
3281 2944 3381 3002 sibi
3406 2962 3529 3003 cre-

1917 3022 2065 3090 ditis,
2096 3024 2249 3080 dives
2282 3028 2603 3098 propltetiis,
2633 3030 2786 3090 dives
2810 3035 3076 3100 oraculis;
3106 3036 3195 3093 hic
3235 3055 3369 3095 vero
3400 3058 3532 3110 pau‘

1919 3131 2033 3183 per.
2064 3115 2169 3176 Sed
2222 3121 2392 3176 nolite
2435 3122 2574 3191 lianc
2633 3123 2880 3196 refugere
2935 3141 3329 3199 paupertatem,
3363 3151 3526 3205 quam

179 3218 276 3262 tttr
307 3224 322 3274 ;
357 3209 462 3268 sed
489 3209 650 3264 etiam
697 3208 841 3276 quod
893 3207 1224 3274 laudaretur,
1276 3211 1600 3266 invenimus.
1658 3203 1886 3286 Nuan
1917 3210 2160 3282 sequitur
2219 3229 2443 3286 regnum
2507 3217 2790 3284 cmlormn-
2844 3222 3116 3292 Scriplllm
3179 3237 3262 3282 εει
3311 3203 3454 3286 enim
3511 3251 3524 3284 ε

186 3311 464 3358 tractatus
493 3301 680 3372 incipit
705 3319 828 3366 esse
856 3303 922 3358 de
953 3304 1142 3366 nuntio
1166 3320 1326 3375 quem
1349 3303 1564 3360 dCCUl'ai
1620 3306 1808 3375 psalmi

184 3394 390 3458 titulus
410 3394 522 3462 jam
547 3410 695 3465 sa-pe
747 3397 1011 3464 repetitus
1038 3397 1296 3456 ostendit.
1341 3398 1434 3458 Sic
1486 3399 1629 3454 cnitn
1681 3408 1807 3454 est:

189 3486 490 3552 uPsalmus
515 3486 686 3546 David
725 3489 1036 3553 intellectus,
1069 3506 1185 3554 cum
1215 3491 1434 3556 venisset
1459 3491 1527 3544 ad
1552 3508 1668 3546 eum
1699 3490 1812 3546 Nae

188 3585 318 3640 titan
351 3584 630 3650 propheta,
649 3597 766 3638 cum
794 3583 1038 3638 intrasset
1064 3583 1134 3636 ad
1160 3581 1627 3655 Betlts.qbee(PsaI.
1651 3601 1705 3651 ι,
1730 3584 1806 3652 1).

266 3673 594 3748 ὂῦηιιςιιιιιθ
622 3684 677 3730 et
707 3674 822 3730 lucc
863 3692 988 3746 pars
1035 3677 1280 3732 historia:
1335 3677 1630 3746 retexenda
1685 3685 1808 3742 est,

193 3784 317 3836 quae
337 3767 646 3837 huiusmodi
667 3781 768 3824 est.
791 3770 972 3834 Dives,
992 3771 1163 3839 inquit
1185 3770 1254 3842 (ll
1278 3771 1405 3841 Reg.
1425 3788 1522 3836 xu,
1543 3773 1564 3826 l
1587 3781 1632 3825 et
1652 3770 1808 3841 δαίμ),

197 3873 253 3924 ct
287 3878 492 3931 panper
525 3863 664 3922 intra
698 3880 857 3926 unum
886 3874 1042 3928 erant
1085 3866 1380 3924 civitatem.
1431 3867 1589 3921 Diviti
1641 3868 1818 3930 multa.

199 3955 689 4018 armenta,multm
712 3971 892 4021 oves;
938 3959 1160 4026 pauperi
1218 3974 1322 4012 una
1373 3959 1509 4023 ovis,
1570 3975 1692 4029 qua:
1744 3959 1814 4028 de

203 4061 345 4114 parte
377 4057 432 4102 et
455 4047 582 4113 vino
611 4049 866 4117 putperis
891 4049 1166 4114 alebatur,
1223 4060 1275 4106 et.
1305 4051 1355 4105 in
1386 4051 1505 4106 sinu
1557 4052 1675 4121 ejus
1728 4068 1813 4108 rc-

201 4139 538 4212 qniescebat.
574 4140 733 4202 Venit
761 4141 960 4209 Ιιοειιθε
1001 4143 1064 4196 ad
1121 4143 1384 4209 divitem;
1437 4144 1592 4198 dives
1638 4160 1812 4215 neque

202 4233 269 4295 de
296 4246 545 4296 amnento
567 4251 688 4300 suo,
727 4252 902 4306 neque
931 4236 999 4300 de
1025 4237 1278 4306 gregibus
1311 4240 1426 4301 suis
1453 4239 1654 4309 aliquid
1683 4242 1812 4294 abs-

206 4327 348 4392 tulit,
382 4329 476 4384 scd
506 4345 666 4394 unam
695 4345 849 4386 ovem
893 4335 1148 4401 pauperis
1175 4333 1396 4396 occidit.
1422 4334 1531 4390 Hoc
1562 4333 1648 4388 tibi
1685 4351 1813 4405 cog-

209 4423 356 4498 novit
401 4424 566 4492 David
596 4443 608 4478 :
660 4425 937 4492 Merietur,
990 4427 1186 4497 inquit,
1217 4428 1298 4491 vir
1328 4428 1443 4507 ille1
1473 4439 1528 4484 et
1559 4429 1810 4486 reatituet

208 4519 587 4590 quadruplum.
621 4519 918 4590 Respondit
948 4521 1028 4576 illi
1077 4521 1288 4578 Natltan
1315 4541 1327 4577 :
1360 4523 1439 4582 Tu
1487 4540 1569 4580 es.
1602 4525 1808 4582 Deinde

209 4614 417 4678 aperuit
441 4615 489 4668 ei
520 4614 743 4672 cteleste
781 4613 1119 4679 mandatum,
1152 4615 1343 4680 dicens
1379 4617 1670 4682 mandasse.
1705 4617 1809 4682 Do-

214 4701 410 4758 minum
435 4704 576 4773 quod
607 4705 770 4760 multa
802 4706 1059 4772 illibona,
1091 4705 1142 4762 id
1171 4717 1276 4771 est,
1301 4723 1434 4777 opes
1460 4714 1659 4778 regias,
1682 4710 1810 4766 sub—~

216 4793 318 4862 lato
343 4794 410 4856 de
444 4805 718 4864 pastorum
762 4815 1008 4864 numero,
1061 4803 1407 4868 contulisset,
1439 4804 1696 4874 quodque
1753 4807 1809 4864 in

218 4901 332 4954 eum
363 4905 512 4950 suam
557 4891 986 4952 misericordiam
1020 4893 1376 4961 profudisset;
1414 4906 1469 4952 et
1513 4897 1636 4956 ideo
1675 4915 1810 4968 quo-

221 4979 351 5045 niam
379 4990 598 5049 peccato
619 4995 1002 5054 exasperasset
1018 4986 1324 5052 Dominum,
1352 4988 1667 5046 abducenda
1691 4991 1810 5061 ejus

222 5073 411 5138 omnia,
445 5074 698 5142 rapienda
724 5076 793 5130 ab
821 5077 1085 5143 hostibus,
1108 5077 1540 5147 depopulandam
1560 5081 1803 5140 domum.

222 5165 363 5221 Tunc
384 5166 457 5220 ait
481 5168 571 5222 ille
606 5185 617 5220 :
683 5167 917 5223 Peccavi.
949 5171 1014 5224 Et
1049 5172 1330 5240 respondit
1358 5172 1567 5230 Natltan
1601 5192 1613 5228 :
1657 5175 1802 5243 Quo-

225 5259 353 5316 niam
384 5275 638 5329 peccasse
689 5270 740 5316 te
778 5263 1075 5326 euntiteris,
1108 5267 1348 5322 remittet
1395 5266 1489 5322 tibi
1546 5247 1810 5326 [inmitius

227 5364 518 5422 peccatum;
545 5354 639 5419 sed
673 5354 814 5418 filius
843 5365 968 5416 tuus
994 5359 1082 5422 qtti
1107 5370 1265 5420 natus
1283 5367 1367 5414 est
1392 5375 1457 5416 ex
1484 5359 1808 5427 Bethsabce,

228 5446 494 5500 morietur.
529 5445 641 5501 Hoc
663 5447 772 5499 filio
804 5457 1120 5517 aegrotante,
1158 5452 1320 5506 David
1353 5452 1524 5516 ﬂevit,
1559 5453 1702 5506 humi
1728 5453 1811 5524 ja-

227 5542 342 5612 cqit,
373 5541 551 5596 cilicio
584 5556 641 5596 se
666 5541 897 5610 operuit,
925 5543 1189 5613 jejunavit
1221 5564 1233 5599 :
1268 5547 1355 5604 ubi
1392 5557 1660 5602 mortuum
1683 5563 1807 5626 cog-

229 5637 383 5700 novit,
421 5637 677 5698 surrexit.
710 5638 858 5704 lavit,
901 5640 1154 5702 manavit,
1191 5640 1329 5696 alios
1347 5641 1668 5698 consolatus.
1700 5651 1808 5698 est.

293 5756 313 5780 θ
355 5744 674 5820 Βοιυηεξᾷἰῐ.
726 5746 860 5820 sola,
911 5745 1148 5820 Paulinus
1185 5747 1348 5820 David
1395 5751 1446 5804 in
1492 5750 1668 5820 ﬁnem.
1700 5748 1806 5805 Sed

234 5832 460 5887 magnam
515 5818 678 5869 fuisse
711 5819 834 5870 olim
868 5820 920 5872 in
955 5818 1231 5874 Psalteriis
1263 5818 1538 5876 titulorum
1582 5819 1808 5890 diversi-

1918 3304 2066 3362 Beati
2113 3326 2365 3380 pauperes
2411 3314 2622 3380 spiritu,
2654 3317 2898 3385 quoniam
2928 3320 3159 3388 ipsarum
3188 3332 3263 3378 est
3310 3340 3526 3395 regnum

1917 3401 2160 3470 calorum
2188 3402 2402 3474 (Matth.
2451 3424 2506 3471 ν,
2539 3409 2615 3477 5).
2652 3410 2798 3468 Bona
2849 3423 3156 3484 paupertas,
3207 3434 3330 3488 qua:
3377 3420 3526 3490 quod

1919 3493 2187 3564 habuerit,
2224 3514 2329 3554 non
2360 3501 2578 3558 amittit.
2608 3503 2754 3566 Bona
2807 3520 3118 3576 paupertas,
3153 3525 3272 3579 qua:
3322 3511 3369 3568 si
3401 3513 3524 3570 tlte-

1916 3605 2106 3652 sauros
2139 3607 2244 3650 non
2277 3592 2442 3658 habet
2475 3599 2737 3666 pecuniae,
2789 3600 2956 3666 liabet
3004 3611 3183 3660 tamen
3238 3607 3529 3667 thesauros

1914 3685 2159 3739 scientiae
2202 3698 2364 3758 atque
2419 3689 2722 3758 sapientiai.
2765 3693 2966 3763 Nolite,
3000 3697 3117 3763 filii,
3170 3702 3323 3770 quasi
3358 3703 3524 3760 vilem

1915 3776 2200 3846 despicere
2252 3792 2643 3852 paupertatem.
2675 3785 2782 3858 Iste
2807 3806 3006 3860 pauper.
3025 3791 3286 3861 demovit,
3315 3807 3364 3852 et
3413 3796 3526 3853 Do—

1917 3870 2086 3924 minus
2116 3874 2379 3927 exaudivit
2406 3892 2517 3929 eum
2575 3877 2748 3946 (Psal.
2791 3897 2985 3948 xxxul,
3022 3885 3100 3956 ἶ).
3142 3887 3323 3946 Nolite
3366 3893 3522 3960 quasi

1920 3964 2127 4030 magnis
2156 3965 2396 4022 invidere
2441 3969 2682 4034 divitiis:
2717 3971 2911 4043 Divites
2959 3990 3209 4048 eguerunt
3247 3991 3296 4034 et
3325 3985 3521 4038 esurie-

1916 4067 2033 4108 rnnt
2091 4055 2284 4127 (Ibid.,
2320 4059 2430 4132 lt).
2461 4063 2565 4116 Sed
2592 4063 2638 4116 si
2689 4066 2856 4120 vultis
2907 4069 3110 4126 habere
3147 4072 3309 4138 bona,
3336 4074 3521 4130 Domi-

1919 4165 2044 4202 num
2076 4151 2302 4221 quatrite
2330 4171 2342 4204 :
2370 4152 2698 4224 Inquirentes
2730 4160 2872 4214 enim
2918 4160 3221 4230 Dominum,
3258 4185 3359 4224 non
3390 4171 3520 4240 deﬁ-

1915 4244 2048 4297 cient
2073 4245 2212 4298 omni
2239 4246 2366 4300 bona
2396 4246 2610 4319 (Ibid.).
2644 4251 2789 4322 Ergo
2818 4255 2984 4310 nolite
3017 4273 3270 4317 recusare
3299 4278 3518 4320 omnem

1914 4352 2230 4405 pauperem.
2263 4340 2473 4411 Pauper
2514 4355 2630 4399 erat
2680 4346 2894 4418 Petrus,
2952 4360 3007 4406 et
3057 4370 3217 4424 quem
3268 4357 3516 4428 dOnaret,

1915 4434 2248 4517 nummulum
2284 4437 2680 4506 nonbabebal;
2719 4442 2813 4497 sed
2845 4445 3223 4514 pretiosiorem
3252 4454 3397 4506 muni
3433 4471 3527 4524 pe-

1913 4527 2069 4581 ettuia
2117 4529 2352 4585 donabat
2383 4534 2635 4588 salutem.
2665 4536 2876 4605 Pauper
2923 4540 3014 4596 ille
3062 4555 3179 4598 erat
3207 4544 3443 4601 Lazarus
3467 4549 3522 4605 in

1840 4599 1884 4656 ι)
1913 4621 2215 4690 Evangelia.
2241 4623 2394 4694 (Luc.
2431 4642 2542 4691 xvi,
2582 4629 2646 4682 19
2676 4638 2721 4682 et
2752 4599 2910 4701 sem);
2936 4635 3028 4688 sed
3062 4635 3153 4691 ille
3183 4599 3516 4708 quiante

1910 4726 2060 4770 ostro
2090 4717 2239 4772 dives
2267 4720 2481 4788 iacebat
2511 4732 2562 4776 ct
2598 4737 2858 4792 purpura,
2891 4729 3113 4796 optabat
3141 4742 3261 4799 post
3309 4737 3513 4792 exitum

1907 4808 2051 4868 vitta.
2074 4810 2314 4866 stillante
2331 4812 2502 4881 digito
2522 4818 2773 4884 pauperis
2792 4820 3122 4890 refrigerari.
3143 4823 3401 4890 Quamvis
3420 4825 3515 4883 ille

1911 4911 2060 4956 ostro
2103 4905 2370 4971 superbus
2403 4906 2553 4974 regio
2581 4918 2637 4963 et
2675 4915 2983 4980 purpuratis
3008 4916 3248 4970 ventibus
3291 4918 3514 4976 vulnera

1913 4999 2168 5064 pauperis
2189 4997 2338 5051 dives
2370 4998 2683 5058 fastidiosus
2711 5002 3004 5073 horruerit,
3037 5016 3214 5063 tamen
3263 5010 3315 5064 in
3345 5013 3516 5068 infer-

1916 5089 1999 5140 nis
2041 5087 2247 5143 locntus
2292 5091 2509 5159 optabat
2537 5111 2602 5149 co
2632 5096 2730 5150 loci
2765 5096 2932 5152 fuisse
2977 5113 3085 5166 quo
3115 5099 3368 5158 Lazarus.
3399 5107 3520 5171 Quo

1916 5182 2036 5236 loco
2060 5183 2219 5239 lectio
2250 5203 2352 5241 non
2389 5189 2598 5244 videtur
2646 5193 2991 5258 pecuniarum
3038 5193 3259 5250 divitem
3319 5214 3520 5267 paupe-

1916 5288 2141 5344 remque
2169 5276 2514 5344 describere;
2545 5281 2638 5336 scd
2671 5299 2795 5338 eum
2829 5299 3119 5352 pauperem
3156 5289 3246 5356 qui
3289 5305 3384 5359 pro
3411 5291 3519 5349 fide

1915 5375 1971 5420 et
2001 5369 2289 5426 devotione
2320 5373 2542 5428 vulnera
2569 5374 2818 5442 corporis
2847 5391 2953 5430 non
2993 5375 3289 5448 horruerit,
3322 5383 3520 5442 {autem

1909 5459 2283 5534 jtejttnitttnqttc
2320 5465 2650 5519 toleraverit.

1989 5554 2078 5608 58.
2121 5554 2252 5609 Cum
2286 5556 2448 5628 igitur
2479 5555 2702 5610 haberet
2731 5558 2956 5627 populus
2981 5558 3290 5618 Jodaeornm
3317 5565 3368 5620 in
3403 5568 3518 5624 suis

1915 5647 2167 5716 gregibus
2211 5648 2467 5717 plurimas
2516 5649 2700 5715 copias
2751 5650 3080 5716 hostiarum;
3134 5664 3310 5713 tamen
3361 5675 3519 5715 unam

1917 5765 2078 5820 tatem
2107 5756 2217 5826 jam
2249 5770 2407 5824 supra
2438 5755 2784 5824 observatum
2817 5757 2883 5820 ad
2915 5760 3141 5832 calcem,
3169 5779 3287 5840 pag.
3321 5769 3444 5824 7H.
