4042 6378
88 327 218 388 tH'I
1076 337 1168 393 xu
1209 329 1636 394 PSALlIORUM
1679 323 2235 398 ENARRA't‘ll—ililis.
2281 339 2674 405 ADMONI'HO.
3400 327 3507 385 918

83 453 226 499 ctus
300 448 383 501 ad
443 450 632 506 hosce
694 468 770 507 xu
814 456 1037 523 psalmos
1083 455 1432 510 edisserendas
1473 455 1680 524 appulit
1719 459 1960 510 mentem.
2013 455 2141 511 illos
2189 455 2503 530 temporibus
2554 454 3006 522 ﬂccasionibusque
3051 440 3264 504 divertiis
3316 443 3506 517 partim

91 539 555 609 concionanda,
625 548 824 617 partim
879 547 1144 614 dictando,
1189 565 1306 602 cum
1359 548 1602 602 nimirum
1634 549 1748 620 jam
1802 548 2006 620 publice
2051 549 2200 602 verba
2245 549 2413 620 facere
2459 545 2556 604 sibi
2600 555 2692 620 per
2736 546 3084 600 valetudinem
3143 539 3248 595 non
3304 535 3506 601 ticeret,

96 631 482 700 explanavit.
531 635 718 692 Isthic.
763 649 929 694 autem
973 639 1218 694 Psalterii
1254 641 1435 694 seriem
1470 651 1672 695 secutus
1706 659 1807 695 non
1835 651 1930 708 est,
1963 642 2380 712 quandoquidem
2418 644 2601 697 ultimo
2645 641 2757 696 loco
2800 635 3119 694 elucubravit
3151 631 3339 706 psalmi
3379 627 3512 684 xliii

100 727 700 784 Commentationem.
758 729 906 786 Unde
954 731 1213 803 intelligas
1249 731 1384 786 hanc
1441 745 1514 786 ιιι
1569 732 1883 800 psalmorum
1930 732 2279 786 collectionem
2327 745 2479 804 quam
2528 735 2808 787 secundum
2860 730 3093 785 ordinem
3139 737 3261 781 ntss.
3311 731 3514 776 nOslro-

105 827 248 866 rum
305 816 680 885 exhibemus,
733 818 989 876 Ambrosii
1029 831 1137 876 esse
1188 838 1291 876 non
1346 825 1513 890 posse.
1561 821 1820 876 Fortassis
1865 823 2012 875 illam
2063 825 2442 877 concinnaverit
2486 825 2739 895 quispiam
2796 827 2822 875 ὲ
2873 821 3141 892 discipulis
3191 819 3323 888 ejus,
3365 826 3516 885 atque

111 903 268 958 adeo
331 903 637 964 Paulinus
681 911 833 978 ipse;
871 913 1058 984 quippe
1109 914 1195 983 qui
1249 915 1484 969 ultimam
1537 911 1771 984 ejusdem
1819 915 2196 969 enarrationem
2249 914 2340 969 illo
2390 916 2616 971 dictante
2664 916 2940 988 exceperit.
2995 913 3181 970 Utrum
3218 927 3335 964 vero
3371 895 3520 978 quid;

117 997 265 1062 Quid
335 997 408 1053 S.
473 998 704 1055 Prcesul
745 1003 797 1056 in
850 1001 986 1057 idem
1039 1015 1399 1078 argumentum
1444 1021 1670 1075 unquam
1721 1005 1904 1072 edidit,
1962 1021 2020 1059 ea
2068 1006 2369 1060 collectione
2417 1009 2762 1072 contineatur,
2811 1008 3060 1060 incertum
3111 1013 3204 1058 est.
3250 999 3518 1072 Siquidem

120 1089 290 1159 apud
331 1092 783 1164 antiquissimos
833 1107 1072 1150 auctores
1129 1095 1401 1169 (Hieron.
1459 1094 1635 1162 Epist.
1691 1095 1761 1151 89
1794 1136 1808 1158 ,
1880 1097 1934 1150 in
1991 1097 2116 1150 edit.
2185 1113 2315 1151 nova
2370 1097 2590 1170 August.
2653 1099 2766 1164 75;
2825 1096 3070 1152 Cassiod.
3128 1093 3218 1149 lib.
3286 1094 3349 1146 de
3413 1090 3518 1143 div.

125 1179 274 1235 Litt.
323 1198 460 1251 cap.
531 1182 620 1254 4)
661 1187 748 1256 qui
796 1187 861 1241 de
909 1187 1007 1241 hoc
1052 1187 1254 1258 aliquid
1294 1189 1564 1261 scripsere,
1621 1198 1741 1256 quot
1785 1189 2004 1256 psalmos
2035 1189 2122 1242 ille
2172 1191 2487 1256 exposuerit,
2539 1203 2792 1260 nusquam
2849 1189 3158 1252 reperimus.

207 1271 500 1327 Arbitrati
550 1286 676 1330 sunt
725 1279 964 1332 nonnulli
1019 1296 1082 1333 ex
1125 1295 1185 1332 ea
1223 1280 1530 1351 pris-{titione
1569 1295 1681 1350 qua:
1723 1281 1887 1351 primo
1932 1280 2132 1351 psalmo
2174 1282 2528 1351 praemittitur,
2578 1291 2713 1336 recte
2753 1281 2928 1352 colligi
2970 1278 3247 1333 Doctorem
3290 1277 3521 1330 nostrum

128 1361 204 1413 de
265 1364 625 1422 illustrando
680 1371 1190 1425 commentationibus
1245 1370 1382 1424 omni
1433 1369 1692 1425 Psalterio
1745 1373 2030 1442 suscepisse
2087 1375 2376 1427 consilium.
2442 1374 2625 1428 Verum
2680 1389 2797 1427 cum
2849 1373 2943 1428 illa
3001 1372 3240 1446 praefatio
3299 1380 3523 1424 tantum-

127 1457 312 1512 modo
375 1458 624 1527 Basilii,
676 1462 740 1516 de
789 1481 889 1534 quo
940 1465 1072 1518 nihil
1123 1465 1227 1520 tale
1273 1477 1610 1530 memoratur,
1663 1466 1999 1520 imitationem
2045 1468 2336 1531 contineat,
2383 1484 2444 1521 ac
2490 1483 2722 1521 sermone
2773 1483 2879 1520 uno
2930 1465 2997 1519 ad
3048 1466 3300 1536 populum
3346 1459 3524 1516 habito

138 1559 419 1619 constet;
479 1570 594 1615 quo
639 1555 847 1624 quidem
893 1557 984 1610 ille
1029 1559 1352 1629 psalmorum
1406 1559 1459 1612 in
1501 1571 1685 1631 genere
1733 1559 1914 1613 laudes
1959 1560 2265 1629 amplificat,
2310 1560 2400 1613 sed
2452 1572 2698 1628 praeterea
2750 1551 2881 1614 nihil
2931 1560 3114 1630 recipit
3163 1575 3217 1612 se
3266 1555 3526 1630 praestitu-

141 1656 283 1694 rum
331 1658 353 1696 :
426 1661 546 1698 non
608 1646 827 1700 multum
883 1664 1068 1719 urgere
1119 1649 1263 1705 nobis
1323 1651 1520 1706 videtur
1575 1669 1633 1706 ca
1683 1656 1834 1707 ratio.
1900 1652 2038 1707 Hinc
2083 1655 2238 1722 paulo
2294 1655 2597 1710 validiorem
2650 1656 2767 1709 duci
2822 1671 2970 1724 posse
3014 1654 3370 1708 existimamus
3419 1657 3526 1702 tum

145 1733 304 1798 quod
371 1736 656 1806 psalmum
705 1753 865 1792 xxxv:
915 1741 1188 1794 enucleans
1237 1744 1618 1799 enarrationem
1676 1759 1782 1799 Lvn
1830 1747 2130 1809 polliceatur
2181 1745 2375 1817 (Num.
2431 1747 2547 1821 32),
2595 1763 2745 1818 quam
2800 1765 2902 1802 non
2950 1746 3200 1815 reliquit:
3245 1754 3351 1798 tum
3394 1742 3532 1812 quod

149 1835 302 1922 ξιςξιι
367 1826 649 1922 ίηιεθιςιιηξ
701 1827 986 1922 ςφριαηανε
1036 1847 1138 1884 non
1190 1833 1448 1895 valuerit,
1507 1835 1678 1889 ultimi
1735 1837 1814 1889 sui
1867 1837 2028 1891 morbi
2085 1839 2472 1909 conﬂictatione
2528 1841 2860 1910 prtepeditus.
2927 1836 3299 1892 Pulcherrima:
3355 1839 3531 1888 autem

151 1911 250 1968 illi
317 1917 649 1986 prcefationi
713 1917 806 1971 Vir
849 1930 1057 1974 sanctus
1110 1923 1265 1990 primi
1314 1926 1503 1993 psalmi
1547 1927 1918 1997 expositionem
1972 1929 2216 1982 continua
2278 1929 2405 1982 serie
2464 1930 2785 2003 conjunxit;
2843 1939 2898 1982 ut
2958 1944 3023 1982 ex
3074 1925 3382 1981 transitione
3433 1939 3534 1994 qua

151 2005 305 2060 inter
369 2023 432 2061 se
481 2006 598 2062 illa:
650 2011 991 2080 copulantur,
1046 2013 1402 2084 intelligimus.
1455 2014 1563 2070 Sed
1617 2016 1751 2071 illud
1797 2033 1996 2086 quoque
2048 2019 2163 2073 istic
2213 2019 2673 2074 animadvertimus
2719 2020 2894 2089 ipsum
2946 2019 3000 2071 in
3053 2015 3290 2071 Ecclesia
3336 2029 3431 2068 sua
3487 2024 3534 2067 et

158 2106 288 2166 post
346 2111 644 2153 consuetos
709 2102 1025 2168 psalmorum
1094 2114 1274 2159 cantus
1344 2121 1626 2160 sermonem
1687 2107 1984 2175 habuisse;
2040 2125 2131 2164 nec
2186 2123 2290 2165 non
2358 2127 2464 2164 una
2530 2125 2648 2163 cum
2700 2110 2820 2164 aliis
2869 2108 3190 2162 auditoribus
3241 2107 3540 2177 interfuisse

161 2185 619 2242 catechumenos.
679 2189 832 2256 Quod
899 2195 1030 2262 forte
1077 2211 1180 2249 non
1233 2197 1365 2250 male
1401 2199 1576 2268 arguit
1617 2201 1854 2254 eumdem
1893 2217 1984 2271 per
2027 2201 2492 2272 Quadragesimam
2530 2219 2637 2257 esse
2679 2203 3094 2273 pronuntiatum.
3141 2199 3302 2269 Cujus
3343 2213 3536 2252 annum

166 2281 266 2335 etsi
331 2291 492 2335 certo
554 2298 660 2336 non
711 2283 1189 2353 deprehendamus,
1244 2298 1412 2344 tamen
1471 2293 1538 2345 ad
1579 2292 1725 2346 illius
1771 2293 2114 2364 cognitionem
2168 2295 2412 2348 accedere
2467 2297 2740 2364 utcumque
2793 2299 3087 2365 possumus;
3153 2287 3361 2343 Etenim
3420 2304 3530 2342 eam

166 2373 504 2426 concionem
561 2391 663 2428 non
713 2385 912 2430 tantum
967 2378 1112 2432 libris
1164 2379 1230 2432 de
1278 2379 1428 2435 obitu
1476 2380 1660 2437 fratris
1708 2382 1888 2456 Satyri
1945 2399 2007 2438 ac
2052 2385 2120 2440 de
2170 2385 2303 2440 Fide
2349 2385 2769 2440 resurrectionis
2821 2385 2908 2455 qui
2956 2384 3009 2436 in
3059 2379 3236 2435 eadem
3283 2381 3534 2444 citantur,

168 2471 394 2517 “"5"”
446 2466 788 2531 Ροεεενίονεηι
831 2483 982 2534 ⁸⁸³83
1034 2481 1208 2524 verum
1250 2472 1403 2524 etiam
1457 2482 1571 2542 post
1630 2476 1932 2543 popularem
1973 2483 2178 2530 cantum
2228 2478 2281 2529 in
2328 2475 2568 2530 Ecclesia
2620 2475 3004 2530 Mediolanensi
3046 2475 3343 2528 institutum
3392 2473 3541 2525 habi-

174 2560 314 2606 tam.
381 2552 623 2625 Caepisse
672 2559 809 2610 enim
862 2560 1041 2631 populi
1089 2570 1298 2614 cautum
1344 2562 1642 2634 priusquam
1683 2564 1767 2619 hic
1810 2567 2042 2638 psalmus
2078 2570 2140 2621 ab
2182 2567 2451 2623 Ambrosio
2493 2569 2865 2634 explicaretur,
2917 2569 3030 2636 ipse
3084 2566 3211 2620 satis
3266 2565 3540 2628 declarat;

176 2659 305 2696 cum
362 2652 488 2712 post
545 2656 881 2700 memoratam
929 2649 1226 2712 mulierum,-
1276 2652 1556 2722 virginum,
1606 2672 1808 2721 senum,
1859 2658 2160 2728 infantium,
2210 2675 2412 2729 regum,
2459 2660 2684 2714 militum
2731 2659 3077 2730 psalmodiam
3118 2660 3193 2710 ita
3233 2655 3541 2729 subjungit:

180 2747 318 2788 cum
365 2736 620 2804 psalmus
681 2737 916 2807 legitur,
967 2739 1088 2808 ipso
1137 2741 1238 2794 sibi
1290 2741 1516 2798 elIcctoi'
1565 2755 1650 2799 est
1694 2747 1919 2802 silentii.
1975 2749 2180 2805 Omnes
2230 2750 2565 2821 loquuntur,
2626 2759 2681 2805 et
2736 2765 2899 2806 nemo
2947 2752 3215 2818 obstrepit
3273 2747 3544 2820 (Praefat.

183 2843 345 2880 num.
399 2828 511 2899 9).
571 2827 698 2893 Qutc
738 2846 863 2884 sane
898 2831 1038 2884 haud
1073 2832 1287 2887 obscure
1329 2835 1600 2906 designant
1636 2838 1810 2892 studia
1848 2842 2065 2894 recentis
2112 2841 2334 2895 instituti
2379 2843 2549 2896 adhuc
2594 2843 2886 2909 ferventia;
2927 2843 3064 2896 unde
3107 2842 3167 2910 fit
3209 2851 3263 2894 ut
3311 2839 3541 2895 eamdetii

189 2919 435 2988 apellant
493 2920 632 2973 ultra
683 2938 879 2975 annuat
921 2937 1088 2978 cccxc
1138 2925 1477 2995 rejiciendam
1527 2944 1630 2982 non
1679 2940 1937 3001 putemus.

271 3009 493 3066 Psalmi
550 3027 691 3066 xxxv
735 3022 783 3067 et
835 3014 1063 3068 aliorum
1103 3019 1326 3085 quinque
1369 3020 1692 3088 sequentium
1734 3021 2086 3074 enarrationes
2137 3022 2368 3076 eumdem
2407 3025 2662 3077 orationis
2711 3023 3059 3076 characterem
3099 3038 3209 3094 prce
3247 3037 3301 3074 se
3343 3021 3540 3088 ferunt:

198 3101 381 3159 Extra
427 3107 838 3159 controversiam
885 3118 957 3161 est
1017 3123 1103 3161 eas
1148 3117 1320 3162 omnes
1359 3109 1428 3162 ad
1482 3112 1730 3181 populum
1770 3113 1929 3184 fuisse
1967 3114 2369 3184 pronuntiatus;
2416 3115 2511 3168 hoc
2555 3115 2691 3168 enim
2736 3114 3030 3183 Scriptura:
3063 3126 3178 3181 qua:
3220 3112 3275 3163 in
3314 3108 3548 3162 Ecclesia

197 3197 390 3252 eodem
445 3199 534 3253 die
586 3200 714 3253 lecta
767 3200 936 3268 fuerat
983 3202 1284 3272 priusquam
1326 3203 1514 3255 diceret
1557 3204 1891 3268 Ambrosius,
1943 3210 2182 3275 frequens
2233 3206 2418 3259 mentio
2464 3207 2586 3260 satis
2643 3204 2862 3258 ostendit
2921 3200 3034 3275 (In
3085 3199 3286 3255 Psalm.
3349 3213 3498 3254 xxxv
3529 3238 3543 3263 ,

204 3303 264 3342 η.
315 3287 438 3353 2ος
491 3285 558 3342 In
604 3289 790 3361 psalm.
841 3306 1038 3355 xxxiii,
1096 3307 1241 3344 nam.
1286 3292 1322 3344 2
1366 3303 1412 3345 et
1459 3290 1644 3365 alibi).
1693 3292 1824 3349 Cum
1871 3305 2042 3348 autem
2086 3296 2203 3367 pius
2246 3308 2422 3365 pastor
2463 3299 2611 3351 unice
2657 3297 2828 3371 gregis
2877 3296 2959 3349 sui
3003 3297 3287 3370 profectum
3331 3291 3385 3344 in
3425 3307 3549 3344 con-

205 3380 452 3434 cionibus
506 3393 758 3452 spectaret
804 3384 959 3450 suis;
1021 3385 1217 3438 idcirco
1273 3385 1326 3438 in
1381 3385 1460 3439 his
1505 3386 1769 3458 praecipua
1817 3387 2041 3456 quadam
2093 3403 2219 3440 cura
2271 3387 2520 3440 moralem
2579 3404 2786 3441 sensum
2833 3386 3048 3458 vestigat
3097 3394 3142 3438 et
3196 3382 3543 3453 prosequitur.

213 3474 403 3530 Sicubi
457 3485 626 3528 tamen
669 3478 873 3544 mystici
912 3477 1176 3532 evolvendi
1224 3489 1460 3531 occurrat
1515 3479 1681 3544 locus,
1732 3490 1847 3532 eum
1892 3479 1986 3532 sibi
2031 3479 2242 3532 minime
2291 3479 2629 3532 omittendum
2678 3463 2843 3549 putat.
2897 3474 3256 3529 Verumtamen
3303 3487 3416 3541 quia
3455 3485 3549 3523 sua

213 3569 479 3624 modestia
528 3581 642 3634 est,
692 3570 815 3623 dum
862 3572 916 3624 in
975 3584 1190 3641 utroque
1242 3587 1395 3624 sensu
1440 3571 1666 3624 aliorum
1711 3570 1914 3641 placitis
1961 3586 2108 3624 suam
2151 3585 2350 3638 quoque
2399 3571 2578 3640 adjicit
2625 3567 2964 3632 sententiam,
3014 3563 3313 3617 auditorum
3344 3560 3552 3630 judicia

215 3658 475 3726 quidnam
524 3669 771 3730 prtestare
825 3661 1082 3725 videatur,
1141 3671 1420 3732 numquam
1467 3677 1571 3714 non
1625 3663 1893 3730 permittit.
1953 3659 2094 3714 iiinc
2137 3662 2389 3729 prarclara
2433 3661 2584 3713 illa:
2638 3660 2892 3714 Nostrum
2953 3664 3038 3711 est
3094 3658 3240 3710 enim
3304 3667 3552 3723 quuérere

222 3749 553 3816 veritatem,
608 3761 754 3804 Innm
809 3761 892 3806 est
931 3751 1132 3820 eligere
1187 3753 1315 3822 quid
1363 3754 1606 3822 sequaris
1652 3750 1758 3822 (In
1807 3752 1991 3822 psalm.
2048 3763 2281 3816 xxxviii,
2326 3769 2379 3804 η.
2424 3752 2541 3820 '22).
2591 3751 2655 3804 At
2705 3768 2822 3804 vero
2873 3750 2984 3803 illic
3034 3765 3136 3801 non
3179 3746 3345 3799 solum
3385 3757 3551 3797 mares

224 3839 296 3894 ad
350 3841 590 3894 virtutem
639 3842 956 3912 informandi
1014 3843 1245 3896 studium
1294 3844 1499 3909 elucet;
1551 3859 1752 3896 summa
1795 3844 2009 3909 insuper
2061 3844 2336 3895 adhibetur
2380 3842 2682 3913 diligentia,
2740 3852 2794 3895 ut
2846 3856 3040 3895 mentes
3085 3838 3386 3892 orthodoxa:
3431 3835 3555 3905 ﬁdei

230 3931 494 4002 dogmatis
540 3930 856 3986 iutbuantur.
904 3933 984 3986 Ea
1024 3933 1088 3986 de
1129 3950 1285 3987 causa
1322 3935 1490 3987 rarios
1537 3933 1823 3996 haereticos,
1876 3943 1931 3985 ut
1976 3942 2100 4003 puta
2148 3931 2359 4002 Novati,
2404 3933 2741 4002 Apollinaris,
2780 3941 2840 3984 at:
2877 3931 3198 4001 potissimum
3240 3926 3353 3980 Arii
3392 3935 3554 3978 secta-

227 4029 367 4076 tores
417 4023 702 4092 impugnat.
747 4020 947 4077 Ibidem
996 4027 1148 4077 etiam
1191 4041 1294 4076 non
1342 4025 1492 4077 modo
1537 4021 1809 4077 Trinitatis
1855 4033 2005 4092 atque
2048 4021 2429 4076 lncarnationis
2471 4023 2712 4093 mysteria
2758 4023 2944 4074 enodat
2985 4030 3030 4074 et
3068 4018 3341 4087 confirmat
3375 4015 3556 4086 singu-

239 4115 339 4168 lari
385 4117 745 4187 perspicuitate
784 4132 803 4169 :
843 4115 933 4169 sed
986 4127 1032 4171 et
1079 4118 1334 4188 geminam
1375 4115 1566 4169 Christi
1614 4116 1924 4169 voluntatem
1972 4124 2126 4182 atque
2176 4115 2522 4185 Operationem
2576 4115 2651 4166 ita
2697 4103 2918 4180 explicat
2965 4109 3066 4183 (In
3108 4111 3292 4181 psalm.
3345 4120 3510 4160 xxxtx
3541 4139 3556 4170 φ

237 4222 383 4262 num.
436 4205 527 4274 16,
580 4216 627 4260 et
679 4205 863 4280 alibi),
914 4216 968 4260 ut
1011 4207 1096 4262 vix
1151 4207 1480 4278 priestantius
1519 4206 1794 4277 quidquam
1836 4215 1950 4277 post
1994 4217 2198 4260 exortos
2239 4203 2606 4259 Monothelitas
2641 4213 2983 4272 exspectares.
3037 4201 3188 4256 Facit
3229 4208 3399 4253 autent
3444 4196 3555 4250 haec

241 4302 601 4372 mysteriorum
651 4311 756 4355 tam
800 4300 1098 4354 subii-utinm
1143 4301 1424 4372 expositio,
1479 4311 1533 4352 ut
1583 4299 1630 4352 ei
1671 4301 1808 4352 solos
1856 4300 2151 4368 interfuisse
2193 4298 2479 4365 baptizatos
2539 4297 2930 4362 existimemus;
2980 4295 3201 4349 maxime
3244 4308 3361 4346 cum
3404 4288 3557 4343 isthic

241 4395 374 4447 nihil
426 4392 738 4458 observetur,
793 4393 932 4461 quod
975 4401 1092 4461 apte
1143 4391 1212 4445 ad
1257 4392 1643 4446 catechumenos
1685 4398 1833 4459 queat
1881 4391 2083 4459 referri.
2136 4387 2386 4442 Cceterum
2437 4403 2528 4442 nec
2580 4387 2650 4440 ibi
2696 4403 2790 4457 pro
2835 4396 2958 4440 nata
3009 4384 3279 4440 occasione
3335 4388 3554 4454 praeters

245 4488 397 4542 mittit
451 4489 600 4543 tritas
648 4489 902 4557 quasdam
941 4487 1215 4541 retundere
1261 4485 1660 4539 idololatrarum
1708 4481 2112 4535 criminationes.

320 4578 565 4649 Quisquis
616 4579 823 4633 easdem
875 4577 1351 4640 commentationes,
1397 4575 1649 4642 imprimis
1695 4585 1864 4626 autem
1912 4573 2142 4639 ipsarum
2191 4569 2405 4624 exordia
2450 4571 2584 4624 inter
2630 4586 2682 4623 se
2732 4586 2836 4622 non
2891 4565 3243 4638 perfunctorie
3287 4576 3560 4632 compara-

246 4673 410 4736 verit,
471 4681 669 4726 tantam
713 4673 767 4726 in
816 4672 889 4726 eis
946 4671 1310 4725 cohaerentiam
1370 4668 1824 4738 cognationemque
1879 4661 2272 4732 deprehendet;
2330 4671 2384 4716 ut
2456 4661 2655 4715 detecto
2713 4669 2898 4730 quotus
2952 4673 3120 4710 annus
3189 4654 3277 4708 uni
3330 4652 3560 4716 cuipiam

253 4761 461 4814 inscribi
511 4763 713 4828 debeat,
763 4763 1052 4816 crediturus
1106 4763 1168 4814 sit
1225 4770 1429 4814 (etatem
1479 4759 1711 4811 omnium
1762 4755 1858 4808 sibi
1908 4771 2016 4808 esse
2069 4754 2560 4820 exploratissimam.
2612 4751 2794 4821 Itaque
2839 4751 2959 4804 illas
3006 4766 3107 4802 non
3160 4747 3260 4800 nisi
3311 4753 3427 4814 post
3470 4756 3565 4795 \‘lll

255 4849 370 4902 idus
421 4849 570 4918 Sept.
624 4853 749 4903 anni
804 4851 910 4905 595
966 4853 1263 4903 lucubratas
1313 4860 1402 4902 aut
1458 4859 1724 4917 peraratas
1775 4847 1932 4915 fuisse
1986 4843 2128 4897 haud
2180 4860 2367 4915 magno
2421 4845 2621 4914 negotio
2670 4855 3067 4912 cognoscemus;
3123 4853 3240 4890 cum
3291 4833 3566 4888 evidentis-

258 4939 442 4992 simum
496 4941 562 4994 sit
612 4941 924 4994 mentionem
972 4941 1024 4991 in
1074 4942 1273 5010 psalmo
1331 4953 1494 4991 XXXVI
1546 4938 1659 5006 ﬁeri
1708 4936 1935 4989 victoriae
1990 4933 2220 5005 (Enarr.
2278 4937 2328 4987 in
2379 4936 2509 5002 psal.
2570 4949 2771 4996 xxxw,
2823 4949 2967 4985 num.
3026 4928 3125 4999 19)
3177 4943 3330 4997 quam
3377 4941 3435 4979 eo
3482 4925 3566 4977 die

259 5045 350 5101 ope
404 5031 580 5084 divina
639 5031 703 5084 de
756 5029 993 5101 Eugenio
1046 5038 1266 5097 tyranno
1329 5029 1610 5094 reportavit
1677 5025 2018 5078 Theodosius.
2083 5023 2150 5076 Et
2205 5024 2335 5076 hanc
2386 5025 2626 5090 temporis
2684 5024 3030 5093 definitionem
3085 5020 3390 5086 conﬁrmant
3441 5015 3563 5068 bene

260 5124 440 5177 multa.
495 5121 733 5176 Primum
786 5123 922 5176 enim
980 5120 1203 5175 Sanctus
1253 5119 1336 5170 hic
1382 5127 1554 5170 noster
1603 5116 1666 5169 de
1717 5114 2065 5169 Sarmationis
2115 5130 2175 5164 ac
2225 5111 2526 5167 Barbationi
2573 5114 2856 5183 defectione
2918 5129 2948 5163 a
3000 5109 3278 5163 monastico
3325 5106 3564 5158 instituto

261 5215 408 5282 quasi
453 5213 517 5267 de
563 5229 620 5266 re
664 5212 872 5264 minime
917 5211 1106 5264 recenti
1161 5208 1390 5278 loquitur
1435 5223 1452 5260 :
1509 5207 1752 5268 Dudum,
1795 5205 1958 5274 inquit
1999 5201 2215 5273 (Enarr.
2259 5208 2313 5256 in
2357 5207 2492 5272 psal.
2549 5221 2730 5268 xxxvr,
2776 5219 2917 5255 nam.
2963 5201 3079 5267 49),
3123 5202 3188 5252 tle
3221 5195 3568 5252 monasteriis

264 5308 525 5359 exierunt.
578 5303 783 5357 Horum
829 5313 995 5356 autem
1033 5300 1396 5372 Apostolorum
1443 5301 1618 5367 fugam
1667 5296 1734 5348 ad
1773 5311 1966 5347 annuat
2001 5293 2105 5348 589
2141 5297 2296 5364 refert
2338 5294 2632 5347 accuratior
2667 5292 2987 5357 supputatio.
3040 5289 3237 5342 Deinde
3275 5287 3360 5340 ubi
3404 5285 3528 5338 dicit
3557 5301 3576 5340 :

270 5395 607 5449 Exstitcrunl
650 5393 834 5447 Ariani
891 5390 1051 5460 regali
1100 5388 1315 5444 subnixi
1375 5389 1636 5458 potentia,
1695 5387 1784 5456 qui
1843 5387 2100 5452 templum
2143 5384 2350 5438 Domini
2403 5394 2653 5454 putarent
2700 5385 2799 5436 sibi
2851 5397 2972 5436 esse
3023 5381 3572 5448 trudendnm,perse-

267 5485 539 5538 cutinnum
587 5481 781 5537 acerba
843 5481 1152 5534 minitantes
1211 5479 1445 5549 (Enarr.
1497 5478 1549 5531 in
1603 5477 1790 5549 psttlm.
1852 5492 2079 5542 xxxvn,
2140 5493 2281 5531 num.
2337 5477 2404 5530 i9
2457 5487 2501 5529 et
2547 5493 2688 5528 num.
2734 5474 2885 5546 45);
2930 5489 3254 5541 nequaquam
3299 5472 3572 5525 obscurum

269 5589 340 5633 est
386 5577 788 5646 persecutionem
838 5573 1064 5627 Justintc
1119 5573 1400 5642 designari.
1478 5569 1649 5623 Tertio
1701 5583 1869 5621 nonne
1937 5565 2280 5620 Theodosium
2342 5567 2403 5619 ob
2471 5565 3005 5618 Thessalonicensium
3061 5563 3249 5616 ctedem
3298 5564 3578 5614 admonere

271 5671 466 5722 videtur
507 5665 615 5719 illis
665 5664 826 5718 verbis
871 5680 888 5716 :
929 5663 1235 5722 lmitamini.
1290 5662 1672 5732 imperatores,
1721 5657 2025 5726 exemplum
2076 5657 2341 5721 divinum,
2385 5664 2492 5710 etc.
2552 5653 2652 5724 (in
2701 5657 2883 5723 psalm.
2934 5670 3023 5717 XL,
3071 5669 3212 5705 num.
3259 5652 3415 5724 38)?
3465 5651 3574 5706 Sed

273 5779 431 5832 neque
491 5760 636 5814 nobis
695 5758 909 5812 absurdi
959 5769 1132 5811 notam
1182 5758 1361 5810 merito
1413 5757 1680 5826 quisquam
1733 5753 1991 5817 inusserit,
2047 5756 2088 5805 si
2147 5753 2429 5805 dixerimus
2486 5750 2674 5802 ibidem
2727 5767 2835 5804 esse
2883 5746 3152 5811 nonnulla,
3204 5762 3317 5815 quin
3364 5745 3488 5798 scite
3523 5743 3580 5797 in

279 5854 510 5929 ejusdem
562 5851 812 5927 principis
858 5864 1131 5922 numquam
1178 5846 1302 5905 satis
1353 5846 1617 5906 laudatam
1660 5843 2007 5916 paenitentiam
2055 5842 2264 5901 cadant.
2316 5840 2443 5894 Haec
2489 5848 2659 5897 autem
2711 5839 2882 5896 omnia
2927 5846 3046 5898 ante
3094 5851 3288 5892 annum
3326 5835 3430 5892 589
3471 5848 3588 5898 eve-
