  <div class='ocr_page' id='page_1' title='image "/cluster/home/n/w/nwhite01/storage/ocr_20150623/14/hvd.32044015471303/465.png"; bbox 0 0 4042 6378; ppageno 0'>
   <div class='ocr_carea' id='block_1_1' title="bbox 539 210 3821 310">
    <p class='ocr_par' dir='ltr' id='par_1_1' title="bbox 539 210 3821 310">
     <span class='ocr_line' id='line_1_1' title="bbox 539 210 3821 310; baseline 0.013 -42"><span class='ocrx_word' id='word_1_1' title='bbox 539 210 646 268; x_wconf 71' lang='grc'><strong><em>919</em></strong></span> <span class='ocrx_word' id='word_1_2' title='bbox 1897 225 2146 285; x_wconf 73' lang='lat' dir='ltr'><strong><em>SANCTI</em></strong></span> <span class='ocrx_word' id='word_1_3' title='bbox 2183 231 2513 294; x_wconf 78' lang='lat' dir='ltr'><strong><em>AMBROSII</em></strong></span> <span class='ocrx_word' id='word_1_4' title='bbox 3745 251 3821 310; x_wconf 60' lang='lat'><strong><em>9”</em></strong></span> 
     </span>
    </p>
   </div>
   <div class='ocr_carea' id='block_1_2' title="bbox 531 330 3821 442">
    <p class='ocr_par' dir='ltr' id='par_1_2' title="bbox 531 330 3821 442">
     <span class='ocr_line' id='line_1_2' title="bbox 531 330 3821 442; baseline 0.013 -59"><span class='ocrx_word' id='word_1_5' title='bbox 531 330 674 442; x_wconf 69' lang='lat' dir='ltr'><strong><em>uisse</em></strong></span> <span class='ocrx_word' id='word_1_6' title='bbox 725 331 782 388; x_wconf 88' lang='lat' dir='ltr'><strong><em>in</em></strong></span> <span class='ocrx_word' id='word_1_7' title='bbox 827 339 1062 409; x_wconf 81' lang='lat' dir='ltr'><strong><em>confesso</em></strong></span> <span class='ocrx_word' id='word_1_8' title='bbox 1116 347 1212 394; x_wconf 85' lang='lat' dir='ltr'><strong><em>est.</em></strong></span> <span class='ocrx_word' id='word_1_9' title='bbox 1267 339 1540 396; x_wconf 84' lang='lat' dir='ltr'><strong><em>Postremo</em></strong></span> <span class='ocrx_word' id='word_1_10' title='bbox 1579 345 1950 400; x_wconf 87' lang='lat' dir='ltr'><strong><em>commentaria</em></strong></span> <span class='ocrx_word' id='word_1_11' title='bbox 2001 364 2097 402; x_wconf 86' lang='lat' dir='ltr'><strong><em>sua</em></strong></span> <span class='ocrx_word' id='word_1_12' title='bbox 2151 350 2206 406; x_wconf 88' lang='lat' dir='ltr'><strong><em>in</em></strong></span> <span class='ocrx_word' id='word_1_13' title='bbox 2257 350 2454 408; x_wconf 85' lang='lat' dir='ltr'><strong><em>Lucam</em></strong></span> <span class='ocrx_word' id='word_1_14' title='bbox 2509 355 2632 412; x_wconf 87' lang='lat' dir='ltr'><strong><em>citat</em></strong></span> <span class='ocrx_word' id='word_1_15' title='bbox 2675 359 2826 428; x_wconf 82' lang='lat' dir='ltr'><strong><em>quasi</em></strong></span> <span class='ocrx_word' id='word_1_16' title='bbox 2874 375 2978 416; x_wconf 88' lang='lat' dir='ltr'><strong><em>non</em></strong></span> <span class='ocrx_word' id='word_1_17' title='bbox 3023 362 3098 418; x_wconf 87' lang='lat' dir='ltr'><strong><em>ita</em></strong></span> <span class='ocrx_word' id='word_1_18' title='bbox 3157 363 3382 434; x_wconf 73' lang='lat' dir='ltr'><strong><em>pridem</em></strong></span> <span class='ocrx_word' id='word_1_19' title='bbox 3431 367 3702 432; x_wconf 77' lang='lat' dir='ltr'><strong><em>composita</em></strong></span> <span class='ocrx_word' id='word_1_20' title='bbox 3743 371 3821 442; x_wconf 72' lang='lat' dir='ltr'><strong><em>(is</em></strong></span> 
     </span>
    </p>
   </div>
   <div class='ocr_carea' id='block_1_3' title="bbox 529 427 3824 527">
    <p class='ocr_par' dir='ltr' id='par_1_3' title="bbox 529 427 3824 527">
     <span class='ocr_line' id='line_1_3' title="bbox 529 427 3824 527; baseline 0.01 -45"><span class='ocrx_word' id='word_1_21' title='bbox 529 427 726 527; x_wconf 75' lang='lat' dir='ltr'><strong><em>psalm.</em></strong></span> <span class='ocrx_word' id='word_1_22' title='bbox 787 445 1010 527; x_wconf 64' lang='lat' dir='ltr'><strong><em>xxsvltt.</em></strong></span> <span class='ocrx_word' id='word_1_23' title='bbox 1067 451 1210 488; x_wconf 90' lang='lat' dir='ltr'><strong><em>num.</em></strong></span> <span class='ocrx_word' id='word_1_24' title='bbox 1261 435 1368 508; x_wconf 71' lang='lat'><strong><em>1);</em></strong></span> <span class='ocrx_word' id='word_1_25' title='bbox 1423 437 1842 508; x_wconf 79' lang='lat' dir='ltr'><strong><em>quandoquidem</em></strong></span> <span class='ocrx_word' id='word_1_26' title='bbox 1883 444 2152 500; x_wconf 93' lang='lat' dir='ltr'><strong><em>memorati</em></strong></span> <span class='ocrx_word' id='word_1_27' title='bbox 2205 445 2309 502; x_wconf 87' lang='lat' dir='ltr'><strong><em>loci</em></strong></span> <span class='ocrx_word' id='word_1_28' title='bbox 2347 427 2718 516; x_wconf 67' lang='lat' dir='ltr'><strong><em>expositionem</em></strong></span> <span class='ocrx_word' id='word_1_29' title='bbox 2759 456 2975 526; x_wconf 89' lang='lat' dir='ltr'><strong><em>repetit,</em></strong></span> <span class='ocrx_word' id='word_1_30' title='bbox 3027 465 3086 510; x_wconf 88' lang='lat' dir='ltr'><strong><em>ut</em></strong></span> <span class='ocrx_word' id='word_1_31' title='bbox 3121 427 3286 527; x_wconf 71' lang='lat' dir='ltr'><strong><em>quam</em></strong></span> <span class='ocrx_word' id='word_1_32' title='bbox 3345 427 3652 512; x_wconf 80' lang='lat' dir='ltr'><strong><em>auditorum</em></strong></span> <span class='ocrx_word' id='word_1_33' title='bbox 3689 427 3824 522; x_wconf 67' lang='lat' dir='ltr'><strong><em>animi:</em></strong></span> 
     </span>
    </p>
   </div>
   <div class='ocr_carea' id='block_1_4' title="bbox 534 521 1530 600">
    <p class='ocr_par' dir='ltr' id='par_1_4' title="bbox 534 521 1530 600">
     <span class='ocr_line' id='line_1_4' title="bbox 534 521 1530 600; baseline 0.008 -26"><span class='ocrx_word' id='word_1_34' title='bbox 534 521 768 594; x_wconf 78' lang='lat' dir='ltr'><strong><em>desperet</em></strong></span> <span class='ocrx_word' id='word_1_35' title='bbox 821 523 993 578; x_wconf 87' lang='lat' dir='ltr'><strong><em>adlmc</em></strong></span> <span class='ocrx_word' id='word_1_36' title='bbox 1046 542 1154 580; x_wconf 83' lang='lat' dir='ltr'><strong><em>esse</em></strong></span> <span class='ocrx_word' id='word_1_37' title='bbox 1205 539 1530 600; x_wconf 60' lang='lat' dir='ltr'><strong><em>prementem.</em></strong></span> 
     </span>
    </p>
   </div>
   <div class='ocr_carea' id='block_1_5' title="bbox 608 617 3826 710">
    <p class='ocr_par' dir='ltr' id='par_1_5' title="bbox 608 617 3826 710">
     <span class='ocr_line' id='line_1_5' title="bbox 608 617 3826 710; baseline 0.011 -47"><span class='ocrx_word' id='word_1_38' title='bbox 608 617 738 680; x_wconf 77' lang='lat' dir='ltr'><strong><em>Qua:</em></strong></span> <span class='ocrx_word' id='word_1_39' title='bbox 789 635 906 672; x_wconf 88' lang='lat' dir='ltr'><strong><em>cum</em></strong></span> <span class='ocrx_word' id='word_1_40' title='bbox 954 619 1029 672; x_wconf 89' lang='lat' dir='ltr'><strong><em>sic</em></strong></span> <span class='ocrx_word' id='word_1_41' title='bbox 1079 621 1297 674; x_wconf 82' lang='lat' dir='ltr'><strong><em>habeant</em></strong></span> <span class='ocrx_word' id='word_1_42' title='bbox 1329 663 1344 684; x_wconf 86' lang='lat'><strong><em>,</em></strong></span> <span class='ocrx_word' id='word_1_43' title='bbox 1409 625 1762 680; x_wconf 68' lang='lat' dir='ltr'><strong><em>existimamus</em></strong></span> <span class='ocrx_word' id='word_1_44' title='bbox 1805 629 1918 698; x_wconf 80' lang='lat' dir='ltr'><strong><em>fore</em></strong></span> <span class='ocrx_word' id='word_1_45' title='bbox 1971 630 2226 686; x_wconf 87' lang='lat' dir='ltr'><strong><em>neminem</em></strong></span> <span class='ocrx_word' id='word_1_46' title='bbox 2271 636 2360 702; x_wconf 88' lang='lat' dir='ltr'><strong><em>qui</em></strong></span> <span class='ocrx_word' id='word_1_47' title='bbox 2411 635 2614 691; x_wconf 86' lang='lat' dir='ltr'><strong><em>easdem</em></strong></span> <span class='ocrx_word' id='word_1_48' title='bbox 2673 640 3028 694; x_wconf 85' lang='lat' dir='ltr'><strong><em>enarrationes</em></strong></span> <span class='ocrx_word' id='word_1_49' title='bbox 3071 641 3140 694; x_wconf 88' lang='lat' dir='ltr'><strong><em>ad</em></strong></span> <span class='ocrx_word' id='word_1_50' title='bbox 3179 639 3438 694; x_wconf 67' lang='lat' dir='ltr'><strong><em>Iustina</em></strong></span> <span class='ocrx_word' id='word_1_51' title='bbox 3487 643 3826 710; x_wconf 55' lang='lat' dir='ltr'><strong><em>persecutionem</em></strong></span> 
     </span>
    </p>
   </div>
   <div class='ocr_carea' id='block_1_6' title="bbox 529 707 3828 802">
    <p class='ocr_par' dir='ltr' id='par_1_6' title="bbox 529 707 3828 802">
     <span class='ocr_line' id='line_1_6' title="bbox 529 707 3828 802; baseline 0.009 -43"><span class='ocrx_word' id='word_1_52' title='bbox 529 707 832 802; x_wconf 54' lang='lat' dir='ltr'><strong><em>obstinatius</em></strong></span> <span class='ocrx_word' id='word_1_53' title='bbox 893 717 1188 784; x_wconf 73' lang='lat' dir='ltr'><strong><em>referendis</em></strong></span> <span class='ocrx_word' id='word_1_54' title='bbox 1245 731 1358 770; x_wconf 88' lang='lat' dir='ltr'><strong><em>esse</em></strong></span> <span class='ocrx_word' id='word_1_55' title='bbox 1413 719 1711 772; x_wconf 73' lang='lat' dir='ltr'><strong><em>contenlal.</em></strong></span> <span class='ocrx_word' id='word_1_56' title='bbox 1787 718 1910 774; x_wconf 80' lang='lat' dir='ltr'><strong><em>Non</em></strong></span> <span class='ocrx_word' id='word_1_57' title='bbox 1961 723 2260 790; x_wconf 85' lang='lat' dir='ltr'><strong><em>ignoramus</em></strong></span> <span class='ocrx_word' id='word_1_58' title='bbox 2316 738 2486 782; x_wconf 86' lang='lat' dir='ltr'><strong><em>tamen</em></strong></span> <span class='ocrx_word' id='word_1_59' title='bbox 2547 729 2932 802; x_wconf 79' lang='lat' dir='ltr'><strong><em>Ripamontium</em></strong></span> <span class='ocrx_word' id='word_1_60' title='bbox 2989 731 3191 788; x_wconf 82' lang='lat' dir='ltr'><strong><em>Histor.</em></strong></span> <span class='ocrx_word' id='word_1_61' title='bbox 3263 707 3508 786; x_wconf 65' lang='lat' dir='ltr'><strong><em>Mediol.</em></strong></span> <span class='ocrx_word' id='word_1_62' title='bbox 3569 750 3600 784; x_wconf 77' lang='grc' dir='ltr'><em>α</em></span> <span class='ocrx_word' id='word_1_63' title='bbox 3655 751 3700 788; x_wconf 85' lang='lat' dir='ltr'><strong><em>se</em></strong></span> <span class='ocrx_word' id='word_1_64' title='bbox 3737 737 3828 794; x_wconf 77' lang='lat' dir='ltr'><strong><em>beati</em></strong></span> 
     </span>
    </p>
   </div>
   <div class='ocr_carea' id='block_1_7' title="bbox 533 795 3828 890">
    <p class='ocr_par' dir='ltr' id='par_1_7' title="bbox 533 795 3828 890">
     <span class='ocr_line' id='line_1_7' title="bbox 533 795 3828 890; baseline 0.008 -38"><span class='ocrx_word' id='word_1_65' title='bbox 533 795 711 852; x_wconf 79' lang='lat' dir='ltr'><strong><em>Caroli</em></strong></span> <span class='ocrx_word' id='word_1_66' title='bbox 759 804 914 873; x_wconf 79' lang='lat' dir='ltr'><strong><em>jussu</em></strong></span> <span class='ocrx_word' id='word_1_67' title='bbox 962 806 1220 858; x_wconf 76' lang='lat' dir='ltr'><strong><em>editurum</em></strong></span> <span class='ocrx_word' id='word_1_68' title='bbox 1275 807 1466 860; x_wconf 85' lang='lat' dir='ltr'><strong><em>decade</em></strong></span> <span class='ocrx_word' id='word_1_69' title='bbox 1524 825 1565 870; x_wconf 82' lang='grc' dir='ltr'><strong><em>ι,</em></strong></span> <span class='ocrx_word' id='word_1_70' title='bbox 1621 808 1878 878; x_wconf 57' lang='lat' dir='ltr'><strong><em>«ﬁrmare</em></strong></span> <span class='ocrx_word' id='word_1_71' title='bbox 1925 813 2018 864; x_wconf 85' lang='lat' dir='ltr'><strong><em>sub</em></strong></span> <span class='ocrx_word' id='word_1_72' title='bbox 2063 813 2198 868; x_wconf 87' lang='lat' dir='ltr'><strong><em>idem</em></strong></span> <span class='ocrx_word' id='word_1_73' title='bbox 2257 825 2454 886; x_wconf 85' lang='lat' dir='ltr'><strong><em>tempus</em></strong></span> <span class='ocrx_word' id='word_1_74' title='bbox 2499 795 2680 888; x_wconf 68' lang='lat' dir='ltr'><strong><em>praelia</em></strong></span> <span class='ocrx_word' id='word_1_75' title='bbox 2729 821 2964 890; x_wconf 73' lang='lat' dir='ltr'><strong><em>quaedam</em></strong></span> <span class='ocrx_word' id='word_1_76' title='bbox 3015 823 3148 878; x_wconf 88' lang='lat' dir='ltr'><strong><em>inter</em></strong></span> <span class='ocrx_word' id='word_1_77' title='bbox 3193 823 3544 876; x_wconf 81' lang='lat' dir='ltr'><strong><em>orthodoxos</em></strong></span> <span class='ocrx_word' id='word_1_78' title='bbox 3585 835 3629 877; x_wconf 84' lang='lat' dir='ltr'><strong><em>ct</em></strong></span> <span class='ocrx_word' id='word_1_79' title='bbox 3667 825 3828 883; x_wconf 74' lang='lat' dir='ltr'><strong><em>Ariona</em></strong></span> 
     </span>
    </p>
   </div>
   <div class='ocr_carea' id='block_1_8' title="bbox 528 898 3828 986">
    <p class='ocr_par' dir='ltr' id='par_1_8' title="bbox 528 898 3828 986">
     <span class='ocr_line' id='line_1_8' title="bbox 528 898 3828 986; baseline 0.008 -42"><span class='ocrx_word' id='word_1_80' title='bbox 528 906 636 947; x_wconf 86' lang='lat' dir='ltr'><strong><em>esse</em></strong></span> <span class='ocrx_word' id='word_1_81' title='bbox 701 898 1013 958; x_wconf 62' lang='lat' dir='ltr'><strong><em>commissa.</em></strong></span> <span class='ocrx_word' id='word_1_82' title='bbox 1081 901 1133 954; x_wconf 87' lang='lat' dir='ltr'><strong><em>in</em></strong></span> <span class='ocrx_word' id='word_1_83' title='bbox 1191 900 1372 970; x_wconf 81' lang='lat' dir='ltr'><strong><em>quibus</em></strong></span> <span class='ocrx_word' id='word_1_84' title='bbox 1425 903 1588 956; x_wconf 87' lang='lat' dir='ltr'><strong><em>multa</em></strong></span> <span class='ocrx_word' id='word_1_85' title='bbox 1639 905 1690 956; x_wconf 87' lang='lat' dir='ltr'><strong><em>in</em></strong></span> <span class='ocrx_word' id='word_1_86' title='bbox 1746 905 1980 970; x_wconf 75' lang='lat' dir='ltr'><strong><em>priorum</em></strong></span> <span class='ocrx_word' id='word_1_87' title='bbox 2026 917 2248 978; x_wconf 76' lang='lat' dir='ltr'><strong><em>gratiam</em></strong></span> <span class='ocrx_word' id='word_1_88' title='bbox 2303 913 2558 966; x_wconf 87' lang='lat' dir='ltr'><strong><em>miracula</em></strong></span> <span class='ocrx_word' id='word_1_89' title='bbox 2607 913 2686 966; x_wconf 87' lang='lat' dir='ltr'><strong><em>his</em></strong></span> <span class='ocrx_word' id='word_1_90' title='bbox 2739 931 2856 984; x_wconf 75' lang='lat' dir='ltr'><strong><em>qum</em></strong></span> <span class='ocrx_word' id='word_1_91' title='bbox 2907 917 2958 969; x_wconf 90' lang='lat' dir='ltr'><strong><em>in</em></strong></span> <span class='ocrx_word' id='word_1_92' title='bbox 3013 918 3210 982; x_wconf 87' lang='lat' dir='ltr'><strong><em>psalmo</em></strong></span> <span class='ocrx_word' id='word_1_93' title='bbox 3271 931 3458 970; x_wconf 68' lang='lat' dir='ltr'><strong><em>sxw!</em></strong></span> <span class='ocrx_word' id='word_1_94' title='bbox 3515 916 3828 986; x_wconf 71' lang='lat' dir='ltr'><strong><em>describuntur,</em></strong></span> 
     </span>
    </p>
   </div>
   <div class='ocr_carea' id='block_1_9' title="bbox 533 986 3830 1080">
    <p class='ocr_par' dir='ltr' id='par_1_9' title="bbox 533 986 3830 1080">
     <span class='ocr_line' id='line_1_9' title="bbox 533 986 3830 1080; baseline 0.008 -44"><span class='ocrx_word' id='word_1_95' title='bbox 533 986 686 1052; x_wconf 76' lang='lat' dir='ltr'><strong><em>plane</em></strong></span> <span class='ocrx_word' id='word_1_96' title='bbox 734 989 928 1042; x_wconf 78' lang='lat' dir='ltr'><strong><em>similia</em></strong></span> <span class='ocrx_word' id='word_1_97' title='bbox 979 992 1305 1062; x_wconf 71' lang='lat' dir='ltr'><strong><em>contigerinl.</em></strong></span> <span class='ocrx_word' id='word_1_98' title='bbox 1372 991 1558 1046; x_wconf 77' lang='lat' dir='ltr'><strong><em>Verum</em></strong></span> <span class='ocrx_word' id='word_1_99' title='bbox 1611 993 1766 1060; x_wconf 80' lang='lat' dir='ltr'><strong><em>huius</em></strong></span> <span class='ocrx_word' id='word_1_100' title='bbox 1815 997 2042 1052; x_wconf 82' lang='lat' dir='ltr'><strong><em>auctoris</em></strong></span> <span class='ocrx_word' id='word_1_101' title='bbox 2101 1015 2220 1052; x_wconf 84' lang='lat' dir='ltr'><strong><em>cum</em></strong></span> <span class='ocrx_word' id='word_1_102' title='bbox 2275 1017 2378 1056; x_wconf 86' lang='lat' dir='ltr'><strong><em>non</em></strong></span> <span class='ocrx_word' id='word_1_103' title='bbox 2423 1003 2522 1056; x_wconf 83' lang='lat' dir='ltr'><strong><em>nisi</em></strong></span> <span class='ocrx_word' id='word_1_104' title='bbox 2567 1005 2816 1059; x_wconf 75' lang='lat' dir='ltr'><strong><em>ueteribus</em></strong></span> <span class='ocrx_word' id='word_1_105' title='bbox 2871 1005 3184 1074; x_wconf 77' lang='lat' dir='ltr'><strong><em>quibusdam</em></strong></span> <span class='ocrx_word' id='word_1_106' title='bbox 3231 1007 3504 1061; x_wconf 78' lang='lat' dir='ltr'><strong><em>iconibus</em></strong></span> <span class='ocrx_word' id='word_1_107' title='bbox 3537 1049 3552 1072; x_wconf 88' lang='lat'><strong><em>,</em></strong></span> <span class='ocrx_word' id='word_1_108' title='bbox 3602 1011 3830 1080; x_wconf 76' lang='lat' dir='ltr'><strong><em>inscriptis-</em></strong></span> 
     </span>
    </p>
   </div>
   <div class='ocr_carea' id='block_1_10' title="bbox 525 1080 3828 1168">
    <p class='ocr_par' dir='ltr' id='par_1_10' title="bbox 525 1080 3828 1168">
     <span class='ocr_line' id='line_1_10' title="bbox 525 1080 3828 1168; baseline 0.008 -37"><span class='ocrx_word' id='word_1_109' title='bbox 525 1080 674 1133; x_wconf 87' lang='lat' dir='ltr'><strong><em>nibus</em></strong></span> <span class='ocrx_word' id='word_1_110' title='bbox 705 1121 720 1144; x_wconf 92' lang='lat'><strong><em>,</em></strong></span> <span class='ocrx_word' id='word_1_111' title='bbox 775 1091 866 1136; x_wconf 87' lang='lat' dir='ltr'><strong><em>aut</em></strong></span> <span class='ocrx_word' id='word_1_112' title='bbox 915 1081 1136 1150; x_wconf 82' lang='lat' dir='ltr'><strong><em>denique</em></strong></span> <span class='ocrx_word' id='word_1_113' title='bbox 1190 1097 1450 1138; x_wconf 82' lang='lat' dir='ltr'><strong><em>certorum</em></strong></span> <span class='ocrx_word' id='word_1_114' title='bbox 1501 1087 1734 1140; x_wconf 86' lang='lat' dir='ltr'><strong><em>locorum</em></strong></span> <span class='ocrx_word' id='word_1_115' title='bbox 1787 1089 2222 1156; x_wconf 71' lang='lat' dir='ltr'><strong><em>appellationibus</em></strong></span> <span class='ocrx_word' id='word_1_116' title='bbox 2273 1095 2470 1146; x_wconf 87' lang='lat' dir='ltr'><strong><em>nitatur</em></strong></span> <span class='ocrx_word' id='word_1_117' title='bbox 2499 1135 2514 1158; x_wconf 90' lang='lat'><strong><em>,</em></strong></span> <span class='ocrx_word' id='word_1_118' title='bbox 2571 1095 2854 1149; x_wconf 85' lang='lat' dir='ltr'><strong><em>auctoritas</em></strong></span> <span class='ocrx_word' id='word_1_119' title='bbox 2907 1111 3008 1149; x_wconf 90' lang='lat' dir='ltr'><strong><em>non</em></strong></span> <span class='ocrx_word' id='word_1_120' title='bbox 3063 1107 3140 1150; x_wconf 89' lang='lat' dir='ltr'><strong><em>est</em></strong></span> <span class='ocrx_word' id='word_1_121' title='bbox 3197 1098 3396 1162; x_wconf 78' lang='lat' dir='ltr'><strong><em>tanti,</em></strong></span> <span class='ocrx_word' id='word_1_122' title='bbox 3471 1107 3530 1151; x_wconf 81' lang='lat' dir='ltr'><strong><em>ut</em></strong></span> <span class='ocrx_word' id='word_1_123' title='bbox 3581 1100 3828 1168; x_wconf 64' lang='lat' dir='ltr'><strong><em>scriptorum</em></strong></span> 
     </span>
    </p>
   </div>
   <div class='ocr_carea' id='block_1_11' title="bbox 523 1173 3826 1262">
    <p class='ocr_par' dir='ltr' id='par_1_11' title="bbox 523 1173 3826 1262">
     <span class='ocr_line' id='line_1_11' title="bbox 523 1173 3826 1262; baseline 0.006 -38"><span class='ocrx_word' id='word_1_124' title='bbox 523 1173 754 1226; x_wconf 89' lang='lat' dir='ltr'><strong><em>omnium</em></strong></span> <span class='ocrx_word' id='word_1_125' title='bbox 802 1175 900 1230; x_wconf 83' lang='lat' dir='ltr'><strong><em>soli</em></strong></span> <span class='ocrx_word' id='word_1_126' title='bbox 955 1175 1086 1228; x_wconf 64' lang='lat' dir='ltr'><strong><em>bello</em></strong></span> <span class='ocrx_word' id='word_1_127' title='bbox 1137 1176 1192 1229; x_wconf 86' lang='lat' dir='ltr'><strong><em>in</em></strong></span> <span class='ocrx_word' id='word_1_128' title='bbox 1247 1175 1544 1247; x_wconf 82' lang='lat' dir='ltr'><strong><em>Eugenium</em></strong></span> <span class='ocrx_word' id='word_1_129' title='bbox 1596 1187 1872 1248; x_wconf 76' lang='lat' dir='ltr'><strong><em>tyrannum</em></strong></span> <span class='ocrx_word' id='word_1_130' title='bbox 1918 1193 2058 1249; x_wconf 81' lang='lat' dir='ltr'><strong><em>gesto</em></strong></span> <span class='ocrx_word' id='word_1_131' title='bbox 2103 1183 2282 1238; x_wconf 86' lang='lat' dir='ltr'><strong><em>eadem</em></strong></span> <span class='ocrx_word' id='word_1_132' title='bbox 2331 1186 2572 1255; x_wconf 82' lang='lat' dir='ltr'><strong><em>prodigia</em></strong></span> <span class='ocrx_word' id='word_1_133' title='bbox 2613 1188 2940 1242; x_wconf 80' lang='lat' dir='ltr'><strong><em>tribuentium</em></strong></span> <span class='ocrx_word' id='word_1_134' title='bbox 2983 1190 3262 1244; x_wconf 84' lang='lat' dir='ltr'><strong><em>consensui</em></strong></span> <span class='ocrx_word' id='word_1_135' title='bbox 3307 1201 3692 1262; x_wconf 73' lang='lat' dir='ltr'><strong><em>anteponatur.</em></strong></span> <span class='ocrx_word' id='word_1_136' title='bbox 3737 1193 3826 1249; x_wconf 64' lang='lat' dir='ltr'><strong><em>Nam</em></strong></span> 
     </span>
    </p>
   </div>
   <div class='ocr_carea' id='block_1_12' title="bbox 522 1266 3826 1347">
    <p class='ocr_par' dir='ltr' id='par_1_12' title="bbox 522 1266 3826 1347">
     <span class='ocr_line' id='line_1_12' title="bbox 522 1266 3826 1347; baseline 0.007 -33"><span class='ocrx_word' id='word_1_137' title='bbox 522 1266 657 1334; x_wconf 87' lang='lat' dir='ltr'><strong><em>quod</em></strong></span> <span class='ocrx_word' id='word_1_138' title='bbox 699 1279 906 1320; x_wconf 86' lang='lat' dir='ltr'><strong><em>sanctus</em></strong></span> <span class='ocrx_word' id='word_1_139' title='bbox 969 1267 1008 1320; x_wconf 75' lang='grc' dir='ltr'><strong><em>γ</em></strong></span> <span class='ocrx_word' id='word_1_140' title='bbox 1017 1270 1060 1320; x_wconf 89' lang='lat' dir='ltr'><strong><em>ir</em></strong></span> <span class='ocrx_word' id='word_1_141' title='bbox 1105 1270 1402 1340; x_wconf 67' lang='lat' dir='ltr'><strong><em>petitionem</em></strong></span> <span class='ocrx_word' id='word_1_142' title='bbox 1449 1271 1758 1324; x_wconf 76' lang='lat' dir='ltr'><strong><em>Arianorum</em></strong></span> <span class='ocrx_word' id='word_1_143' title='bbox 1809 1289 1922 1340; x_wconf 68' lang='lat' dir='ltr'><strong><em>qua?</em></strong></span> <span class='ocrx_word' id='word_1_144' title='bbox 1963 1274 2162 1344; x_wconf 87' lang='lat' dir='ltr'><strong><em>aliquot</em></strong></span> <span class='ocrx_word' id='word_1_145' title='bbox 2203 1285 2324 1330; x_wconf 83' lang='lat' dir='ltr'><strong><em>ante</em></strong></span> <span class='ocrx_word' id='word_1_146' title='bbox 2369 1293 2532 1331; x_wconf 87' lang='lat' dir='ltr'><strong><em>annos</em></strong></span> <span class='ocrx_word' id='word_1_147' title='bbox 2581 1278 2719 1344; x_wconf 75' lang='lat' dir='ltr'><strong><em>facta</em></strong></span> <span class='ocrx_word' id='word_1_148' title='bbox 2770 1279 2961 1347; x_wconf 74' lang='lat' dir='ltr'><strong><em>fuerat,</em></strong></span> <span class='ocrx_word' id='word_1_149' title='bbox 3013 1291 3444 1346; x_wconf 70' lang='lat' dir='ltr'><strong><em>commemoret;</em></strong></span> <span class='ocrx_word' id='word_1_150' title='bbox 3509 1281 3566 1334; x_wconf 90' lang='lat' dir='ltr'><strong><em>id</em></strong></span> <span class='ocrx_word' id='word_1_151' title='bbox 3619 1293 3734 1336; x_wconf 84' lang='lat' dir='ltr'><strong><em>certe</em></strong></span> <span class='ocrx_word' id='word_1_152' title='bbox 3763 1303 3826 1340; x_wconf 72' lang='lat' dir='ltr'><strong><em>res</em></strong></span> 
     </span>
    </p>
   </div>
   <div class='ocr_carea' id='block_1_13' title="bbox 521 1359 3824 1444">
    <p class='ocr_par' dir='ltr' id='par_1_13' title="bbox 521 1359 3824 1444">
     <span class='ocr_line' id='line_1_13' title="bbox 521 1359 3824 1444; baseline 0.006 -36"><span class='ocrx_word' id='word_1_153' title='bbox 521 1359 686 1428; x_wconf 79' lang='lat' dir='ltr'><strong><em>inagis</em></strong></span> <span class='ocrx_word' id='word_1_154' title='bbox 739 1359 930 1412; x_wconf 86' lang='lat' dir='ltr'><strong><em>mirum</em></strong></span> <span class='ocrx_word' id='word_1_155' title='bbox 977 1361 1140 1414; x_wconf 85' lang='lat' dir='ltr'><strong><em>videri</em></strong></span> <span class='ocrx_word' id='word_1_156' title='bbox 1191 1361 1360 1428; x_wconf 79' lang='lat' dir='ltr'><strong><em>debet,</em></strong></span> <span class='ocrx_word' id='word_1_157' title='bbox 1409 1379 1562 1428; x_wconf 88' lang='lat' dir='ltr'><strong><em>quam</em></strong></span> <span class='ocrx_word' id='word_1_158' title='bbox 1613 1365 1750 1433; x_wconf 87' lang='lat' dir='ltr'><strong><em>quod</em></strong></span> <span class='ocrx_word' id='word_1_159' title='bbox 1795 1367 2048 1420; x_wconf 87' lang='lat' dir='ltr'><strong><em>librorum</em></strong></span> <span class='ocrx_word' id='word_1_160' title='bbox 2093 1367 2162 1420; x_wconf 78' lang='lat' dir='ltr'><strong><em>de</em></strong></span> <span class='ocrx_word' id='word_1_161' title='bbox 2201 1367 2526 1424; x_wconf 70' lang='lat' dir='ltr'><strong><em>Pmltitentia</em></strong></span> <span class='ocrx_word' id='word_1_162' title='bbox 2563 1371 2728 1424; x_wconf 84' lang='lat' dir='ltr'><strong><em>multo</em></strong></span> <span class='ocrx_word' id='word_1_163' title='bbox 2761 1373 3108 1442; x_wconf 82' lang='lat' dir='ltr'><strong><em>antiquiorum</em></strong></span> <span class='ocrx_word' id='word_1_164' title='bbox 3151 1371 3260 1444; x_wconf 88' lang='lat' dir='ltr'><strong><em>(In</em></strong></span> <span class='ocrx_word' id='word_1_165' title='bbox 3317 1374 3478 1444; x_wconf 84' lang='lat' dir='ltr'><strong><em>psal.</em></strong></span> <span class='ocrx_word' id='word_1_166' title='bbox 3533 1390 3624 1438; x_wconf 73' lang='lat' dir='ltr'><strong><em>XL,</em></strong></span> <span class='ocrx_word' id='word_1_167' title='bbox 3661 1391 3692 1427; x_wconf 85' lang='lat' dir='ltr'><strong><em>n</em></strong></span> <span class='ocrx_word' id='word_1_168' title='bbox 3733 1375 3824 1442; x_wconf 64' lang='lat' dir='ltr'><strong><em>Si},</em></strong></span> 
     </span>
    </p>
   </div>
   <div class='ocr_carea' id='block_1_14' title="bbox 519 1445 3796 1536">
    <p class='ocr_par' dir='ltr' id='par_1_14' title="bbox 519 1449 3700 1536">
     <span class='ocr_line' id='line_1_14' title="bbox 519 1449 3700 1536; baseline 0.006 -35"><span class='ocrx_word' id='word_1_169' title='bbox 519 1449 674 1506; x_wconf 82' lang='lat' dir='ltr'><strong><em>immo</em></strong></span> <span class='ocrx_word' id='word_1_170' title='bbox 723 1463 768 1505; x_wconf 92' lang='lat' dir='ltr'><strong><em>et</em></strong></span> <span class='ocrx_word' id='word_1_171' title='bbox 815 1465 1019 1507; x_wconf 79' lang='lat' dir='ltr'><strong><em>eventus</em></strong></span> <span class='ocrx_word' id='word_1_172' title='bbox 1068 1454 1344 1524; x_wconf 87' lang='lat' dir='ltr'><strong><em>cujusdam</em></strong></span> <span class='ocrx_word' id='word_1_173' title='bbox 1387 1473 1534 1522; x_wconf 86' lang='lat' dir='ltr'><strong><em>quem</em></strong></span> <span class='ocrx_word' id='word_1_174' title='bbox 1585 1474 1708 1528; x_wconf 87' lang='lat' dir='ltr'><strong><em>puer</em></strong></span> <span class='ocrx_word' id='word_1_175' title='bbox 1763 1458 1932 1512; x_wconf 83' lang='lat' dir='ltr'><strong><em>adhuc</em></strong></span> <span class='ocrx_word' id='word_1_176' title='bbox 1987 1460 2099 1524; x_wconf 87' lang='lat' dir='ltr'><strong><em>ipse</em></strong></span> <span class='ocrx_word' id='word_1_177' title='bbox 2152 1473 2508 1532; x_wconf 84' lang='lat' dir='ltr'><strong><em>conspexerat,</em></strong></span> <span class='ocrx_word' id='word_1_178' title='bbox 2563 1465 2872 1517; x_wconf 76' lang='lat' dir='ltr'><strong><em>mentionem</em></strong></span> <span class='ocrx_word' id='word_1_179' title='bbox 2923 1465 3218 1536; x_wconf 83' lang='lat' dir='ltr'><strong><em>neutiquam</em></strong></span> <span class='ocrx_word' id='word_1_180' title='bbox 3265 1469 3700 1536; x_wconf 73' lang='lat' dir='ltr'><strong><em>prwterntiserit.</em></strong></span> 
     </span>
    </p>
   </div>
   <div class='ocr_carea' id='block_1_15' title="bbox 595 1545 3816 1628">
    <p class='ocr_par' dir='ltr' id='par_1_15' title="bbox 595 1545 3816 1628">
     <span class='ocr_line' id='line_1_15' title="bbox 595 1545 3816 1628; baseline 0.004 -28"><span class='ocrx_word' id='word_1_181' title='bbox 595 1545 757 1601; x_wconf 88' lang='lat' dir='ltr'><strong><em>Nunc</em></strong></span> <span class='ocrx_word' id='word_1_182' title='bbox 813 1549 1076 1602; x_wconf 68' lang='lat' dir='ltr'><strong><em>venirunus</em></strong></span> <span class='ocrx_word' id='word_1_183' title='bbox 1129 1549 1197 1604; x_wconf 90' lang='lat' dir='ltr'><strong><em>ad</em></strong></span> <span class='ocrx_word' id='word_1_184' title='bbox 1247 1549 1642 1618; x_wconf 72' lang='lat' dir='ltr'><strong><em>explicationem</em></strong></span> <span class='ocrx_word' id='word_1_185' title='bbox 1694 1553 1882 1623; x_wconf 85' lang='lat' dir='ltr'><strong><em>psalmi</em></strong></span> <span class='ocrx_word' id='word_1_186' title='bbox 1941 1569 2072 1608; x_wconf 70' lang='lat' dir='ltr'><strong><em>sun</em></strong></span> <span class='ocrx_word' id='word_1_187' title='bbox 2101 1596 2116 1618; x_wconf 92' lang='lat'><strong><em>,</em></strong></span> <span class='ocrx_word' id='word_1_188' title='bbox 2169 1555 2310 1625; x_wconf 89' lang='lat' dir='ltr'><strong><em>quod</em></strong></span> <span class='ocrx_word' id='word_1_189' title='bbox 2365 1571 2430 1609; x_wconf 78' lang='lat' dir='ltr'><strong><em>ex</em></strong></span> <span class='ocrx_word' id='word_1_190' title='bbox 2487 1555 2726 1628; x_wconf 74' lang='lat' dir='ltr'><strong><em>operibus</em></strong></span> <span class='ocrx_word' id='word_1_191' title='bbox 2777 1553 3018 1612; x_wconf 82' lang='lat' dir='ltr'><strong><em>Doctoris</em></strong></span> <span class='ocrx_word' id='word_1_192' title='bbox 3063 1559 3226 1612; x_wconf 84' lang='lat' dir='ltr'><strong><em>nostri</em></strong></span> <span class='ocrx_word' id='word_1_193' title='bbox 3277 1558 3554 1612; x_wconf 76' lang='lat' dir='ltr'><strong><em>ultimum</em></strong></span> <span class='ocrx_word' id='word_1_194' title='bbox 3611 1570 3701 1614; x_wconf 87' lang='lat' dir='ltr'><strong><em>est.</em></strong></span> <span class='ocrx_word' id='word_1_195' title='bbox 3741 1559 3816 1614; x_wconf 63' lang='lat' dir='ltr'><strong><em>Eis</em></strong></span> 
     </span>
    </p>
   </div>
   <div class='ocr_carea' id='block_1_16' title="bbox 519 1637 3812 1719">
    <p class='ocr_par' dir='ltr' id='par_1_16' title="bbox 519 1637 3812 1719">
     <span class='ocr_line' id='line_1_16' title="bbox 519 1637 3812 1719; baseline 0.004 -28"><span class='ocrx_word' id='word_1_196' title='bbox 519 1637 612 1691; x_wconf 87' lang='lat' dir='ltr'><strong><em>ille</em></strong></span> <span class='ocrx_word' id='word_1_197' title='bbox 671 1637 895 1694; x_wconf 88' lang='lat' dir='ltr'><strong><em>Paulino</em></strong></span> <span class='ocrx_word' id='word_1_198' title='bbox 950 1639 1170 1694; x_wconf 63' lang='lat' dir='ltr'><strong><em>dracono</em></strong></span> <span class='ocrx_word' id='word_1_199' title='bbox 1223 1657 1316 1694; x_wconf 88' lang='lat' dir='ltr'><strong><em>suo</em></strong></span> <span class='ocrx_word' id='word_1_200' title='bbox 1369 1653 1520 1714; x_wconf 80' lang='lat' dir='ltr'><strong><em>atque</em></strong></span> <span class='ocrx_word' id='word_1_201' title='bbox 1579 1644 1883 1698; x_wconf 88' lang='lat' dir='ltr'><strong><em>amanuensi</em></strong></span> <span class='ocrx_word' id='word_1_202' title='bbox 1943 1645 2125 1706; x_wconf 83' lang='lat' dir='ltr'><strong><em>paucis</em></strong></span> <span class='ocrx_word' id='word_1_203' title='bbox 2175 1655 2448 1712; x_wconf 85' lang='lat' dir='ltr'><strong><em>antequam</em></strong></span> <span class='ocrx_word' id='word_1_204' title='bbox 2505 1651 2614 1715; x_wconf 82' lang='lat' dir='ltr'><strong><em>[ato</em></strong></span> <span class='ocrx_word' id='word_1_205' title='bbox 2677 1650 2998 1718; x_wconf 77' lang='lat' dir='ltr'><strong><em>fungeretur.</em></strong></span> <span class='ocrx_word' id='word_1_206' title='bbox 3057 1647 3238 1702; x_wconf 85' lang='lat' dir='ltr'><strong><em>diebus</em></strong></span> <span class='ocrx_word' id='word_1_207' title='bbox 3301 1649 3560 1712; x_wconf 74' lang='lat' dir='ltr'><strong><em>dictavit,</em></strong></span> <span class='ocrx_word' id='word_1_208' title='bbox 3617 1651 3720 1719; x_wconf 73' lang='lat' dir='ltr'><strong><em>jam</em></strong></span> <span class='ocrx_word' id='word_1_209' title='bbox 3756 1651 3812 1708; x_wconf 72' lang='lat' dir='ltr'><strong><em>Du</em></strong></span> 
     </span>
    </p>
   </div>
   <div class='ocr_carea' id='block_1_17' title="bbox 521 1731 3804 1809">
    <p class='ocr_par' dir='ltr' id='par_1_17' title="bbox 521 1731 3804 1809">
     <span class='ocr_line' id='line_1_17' title="bbox 521 1731 3804 1809; baseline 0.003 -28"><span class='ocrx_word' id='word_1_210' title='bbox 521 1747 622 1800; x_wconf 89' lang='lat' dir='ltr'><strong><em>quo</em></strong></span> <span class='ocrx_word' id='word_1_211' title='bbox 665 1747 825 1802; x_wconf 87' lang='lat' dir='ltr'><strong><em>prope</em></strong></span> <span class='ocrx_word' id='word_1_212' title='bbox 877 1731 1013 1786; x_wconf 88' lang='lat' dir='ltr'><strong><em>diem</em></strong></span> <span class='ocrx_word' id='word_1_213' title='bbox 1063 1734 1318 1800; x_wconf 88' lang='lat' dir='ltr'><strong><em>potiturus</em></strong></span> <span class='ocrx_word' id='word_1_214' title='bbox 1370 1745 1513 1797; x_wconf 86' lang='lat' dir='ltr'><strong><em>erat,</em></strong></span> <span class='ocrx_word' id='word_1_215' title='bbox 1563 1735 1786 1805; x_wconf 86' lang='lat' dir='ltr'><strong><em>plenus;</em></strong></span> <span class='ocrx_word' id='word_1_216' title='bbox 1833 1745 1886 1788; x_wconf 86' lang='lat' dir='ltr'><strong><em>ut</em></strong></span> <span class='ocrx_word' id='word_1_217' title='bbox 1941 1736 2120 1806; x_wconf 83' lang='lat' dir='ltr'><strong><em>clypeo</em></strong></span> <span class='ocrx_word' id='word_1_218' title='bbox 2171 1736 2352 1804; x_wconf 85' lang='lat' dir='ltr'><strong><em>igneo,</em></strong></span> <span class='ocrx_word' id='word_1_219' title='bbox 2411 1752 2560 1806; x_wconf 79' lang='lat' dir='ltr'><strong><em>quem</em></strong></span> <span class='ocrx_word' id='word_1_220' title='bbox 2615 1737 2776 1807; x_wconf 85' lang='lat' dir='ltr'><strong><em>capiti</em></strong></span> <span class='ocrx_word' id='word_1_221' title='bbox 2819 1741 2932 1809; x_wconf 83' lang='lat' dir='ltr'><strong><em>ejus</em></strong></span> <span class='ocrx_word' id='word_1_222' title='bbox 2987 1737 3124 1792; x_wconf 87' lang='lat' dir='ltr'><strong><em>idem</em></strong></span> <span class='ocrx_word' id='word_1_223' title='bbox 3171 1737 3462 1792; x_wconf 79' lang='lat' dir='ltr'><strong><em>Paulinus</em></strong></span> <span class='ocrx_word' id='word_1_224' title='bbox 3509 1739 3804 1806; x_wconf 59' lang='lat' dir='ltr'><strong><em>impendente</em></strong></span> 
     </span>
    </p>
   </div>
   <div class='ocr_carea' id='block_1_18' title="bbox 515 1825 3793 1902">
    <p class='ocr_par' dir='ltr' id='par_1_18' title="bbox 515 1825 3793 1902">
     <span class='ocr_line' id='line_1_18' title="bbox 515 1825 3793 1902; baseline 0.003 -28"><span class='ocrx_word' id='word_1_225' title='bbox 515 1825 666 1891; x_wconf 76' lang='lat' dir='ltr'><strong><em>vidit,</em></strong></span> <span class='ocrx_word' id='word_1_226' title='bbox 707 1827 1124 1896; x_wconf 67' lang='lat' dir='ltr'><strong><em>portendebatur.</em></strong></span> <span class='ocrx_word' id='word_1_227' title='bbox 1171 1827 1238 1882; x_wconf 82' lang='lat' dir='ltr'><strong><em>In</em></strong></span> <span class='ocrx_word' id='word_1_228' title='bbox 1284 1830 1380 1884; x_wconf 87' lang='lat' dir='ltr'><strong><em>hac</em></strong></span> <span class='ocrx_word' id='word_1_229' title='bbox 1419 1833 1652 1901; x_wconf 75' lang='lat' dir='ltr'><strong><em>profecto</em></strong></span> <span class='ocrx_word' id='word_1_230' title='bbox 1689 1830 2048 1884; x_wconf 83' lang='lat' dir='ltr'><strong><em>lucubratione</em></strong></span> <span class='ocrx_word' id='word_1_231' title='bbox 2093 1829 2380 1900; x_wconf 73' lang='lat' dir='ltr'><strong><em>singularia</em></strong></span> <span class='ocrx_word' id='word_1_232' title='bbox 2421 1829 2660 1900; x_wconf 69' lang='lat' dir='ltr'><strong><em>quendam</em></strong></span> <span class='ocrx_word' id='word_1_233' title='bbox 2693 1831 2942 1884; x_wconf 71' lang='lat' dir='ltr'><strong><em>uirtutum</em></strong></span> <span class='ocrx_word' id='word_1_234' title='bbox 2983 1833 3268 1898; x_wconf 85' lang='lat' dir='ltr'><strong><em>specimina</em></strong></span> <span class='ocrx_word' id='word_1_235' title='bbox 3307 1831 3664 1902; x_wconf 72' lang='lat' dir='ltr'><strong><em>consignavi!</em></strong></span> <span class='ocrx_word' id='word_1_236' title='bbox 3697 1833 3712 1892; x_wconf 70' lang='grc' dir='ltr'><em>τ</em></span> <span class='ocrx_word' id='word_1_237' title='bbox 3733 1831 3793 1884; x_wconf 74' lang='lat' dir='ltr'><strong><em>Ps-</em></strong></span> 
     </span>
    </p>
   </div>
   <div class='ocr_carea' id='block_1_19' title="bbox 517 1913 3790 1994">
    <p class='ocr_par' dir='ltr' id='par_1_19' title="bbox 517 1913 3790 1994">
     <span class='ocr_line' id='line_1_19' title="bbox 517 1913 3790 1994; baseline 0.003 -27"><span class='ocrx_word' id='word_1_238' title='bbox 517 1913 616 1969; x_wconf 90' lang='lat' dir='ltr'><strong><em>lin.</em></strong></span> <span class='ocrx_word' id='word_1_239' title='bbox 670 1917 722 1970; x_wconf 90' lang='lat' dir='ltr'><strong><em>in</em></strong></span> <span class='ocrx_word' id='word_1_240' title='bbox 769 1918 870 1970; x_wconf 83' lang='lat' dir='ltr'><strong><em>vita</em></strong></span> <span class='ocrx_word' id='word_1_241' title='bbox 915 1917 1248 1988; x_wconf 79' lang='lat' dir='ltr'><strong><em>Ambrosii);</em></strong></span> <span class='ocrx_word' id='word_1_242' title='bbox 1285 1936 1374 1972; x_wconf 83' lang='lat' dir='ltr'><strong><em>nec</em></strong></span> <span class='ocrx_word' id='word_1_243' title='bbox 1415 1937 1550 1972; x_wconf 78' lang='lat' dir='ltr'><strong><em>enim</em></strong></span> <span class='ocrx_word' id='word_1_244' title='bbox 1591 1929 1789 1973; x_wconf 87' lang='lat' dir='ltr'><strong><em>tantum</em></strong></span> <span class='ocrx_word' id='word_1_245' title='bbox 1823 1919 2132 1973; x_wconf 79' lang='lat' dir='ltr'><strong><em>modestiam</em></strong></span> <span class='ocrx_word' id='word_1_246' title='bbox 2175 1921 2454 1974; x_wconf 77' lang='lat' dir='ltr'><strong><em>maximam</em></strong></span> <span class='ocrx_word' id='word_1_247' title='bbox 2499 1921 2672 1990; x_wconf 85' lang='lat' dir='ltr'><strong><em>prodit</em></strong></span> <span class='ocrx_word' id='word_1_248' title='bbox 2711 1938 2830 1974; x_wconf 89' lang='lat' dir='ltr'><strong><em>cum</em></strong></span> <span class='ocrx_word' id='word_1_249' title='bbox 2869 1923 2922 1974; x_wconf 88' lang='lat' dir='ltr'><strong><em>in</em></strong></span> <span class='ocrx_word' id='word_1_250' title='bbox 2957 1925 3282 1988; x_wconf 72' lang='lat' dir='ltr'><strong><em>explicandis</em></strong></span> <span class='ocrx_word' id='word_1_251' title='bbox 3333 1923 3654 1992; x_wconf 83' lang='lat' dir='ltr'><strong><em>Scripturis</em></strong></span> <span class='ocrx_word' id='word_1_252' title='bbox 3687 1925 3790 1994; x_wconf 62' lang='lat' dir='ltr'><strong><em>inpii</em></strong></span> 
     </span>
    </p>
   </div>
   <div class='ocr_carea' id='block_1_20' title="bbox 520 2008 3798 2086">
    <p class='ocr_par' dir='ltr' id='par_1_20' title="bbox 520 2008 3798 2086">
     <span class='ocr_line' id='line_1_20' title="bbox 520 2008 3798 2086; baseline 0.002 -26"><span class='ocrx_word' id='word_1_253' title='bbox 520 2023 615 2060; x_wconf 90' lang='lat' dir='ltr'><strong><em>suo</em></strong></span> <span class='ocrx_word' id='word_1_254' title='bbox 661 2023 715 2059; x_wconf 83' lang='lat' dir='ltr'><strong><em>se</em></strong></span> <span class='ocrx_word' id='word_1_255' title='bbox 764 2008 992 2080; x_wconf 72' lang='lat' dir='ltr'><strong><em>diﬂ&#39;idere</em></strong></span> <span class='ocrx_word' id='word_1_256' title='bbox 1039 2011 1351 2082; x_wconf 75' lang='lat' dir='ltr'><strong><em>profitetur:</em></strong></span> <span class='ocrx_word' id='word_1_257' title='bbox 1409 2026 1585 2064; x_wconf 76' lang='lat' dir='ltr'><strong><em>verum</em></strong></span> <span class='ocrx_word' id='word_1_258' title='bbox 1635 2011 1790 2063; x_wconf 88' lang='lat' dir='ltr'><strong><em>etiam</em></strong></span> <span class='ocrx_word' id='word_1_259' title='bbox 1843 2027 2102 2064; x_wconf 75' lang='lat' dir='ltr'><strong><em>summum</em></strong></span> <span class='ocrx_word' id='word_1_260' title='bbox 2155 2012 2384 2064; x_wconf 62' lang='lat' dir='ltr'><strong><em>studium</em></strong></span> <span class='ocrx_word' id='word_1_261' title='bbox 2427 2027 2552 2080; x_wconf 81' lang='lat' dir='ltr'><strong><em>ergo</em></strong></span> <span class='ocrx_word' id='word_1_262' title='bbox 2603 2009 2758 2080; x_wconf 81' lang='lat' dir='ltr'><strong><em>ﬁdem</em></strong></span> <span class='ocrx_word' id='word_1_263' title='bbox 2819 2013 3130 2065; x_wconf 87' lang='lat' dir='ltr'><strong><em>catholicam</em></strong></span> <span class='ocrx_word' id='word_1_264' title='bbox 3183 2016 3356 2086; x_wconf 85' lang='lat' dir='ltr'><strong><em>cujus</em></strong></span> <span class='ocrx_word' id='word_1_265' title='bbox 3413 2017 3600 2084; x_wconf 82' lang='lat' dir='ltr'><strong><em>gratia</em></strong></span> <span class='ocrx_word' id='word_1_266' title='bbox 3648 2013 3798 2068; x_wconf 69' lang='lat' dir='ltr'><strong><em>adcum</em></strong></span> 
     </span>
    </p>
   </div>
   <div class='ocr_carea' id='block_1_21' title="bbox 521 2102 3807 2176">
    <p class='ocr_par' dir='ltr' id='par_1_21' title="bbox 521 2102 3807 2176">
     <span class='ocr_line' id='line_1_21' title="bbox 521 2102 3807 2176; baseline 0.003 -22"><span class='ocrx_word' id='word_1_267' title='bbox 521 2102 811 2166; x_wconf 78' lang='lat' dir='ltr'><strong><em>luereticos,</em></strong></span> <span class='ocrx_word' id='word_1_268' title='bbox 861 2106 1082 2159; x_wconf 80' lang='lat' dir='ltr'><strong><em>maxime.</em></strong></span> <span class='ocrx_word' id='word_1_269' title='bbox 1137 2115 1308 2159; x_wconf 87' lang='lat' dir='ltr'><strong><em>autem</em></strong></span> <span class='ocrx_word' id='word_1_270' title='bbox 1361 2105 1582 2160; x_wconf 79' lang='lat' dir='ltr'><strong><em>Arianos</em></strong></span> <span class='ocrx_word' id='word_1_271' title='bbox 1633 2106 1701 2158; x_wconf 87' lang='lat' dir='ltr'><strong><em>ad</em></strong></span> <span class='ocrx_word' id='word_1_272' title='bbox 1753 2115 2036 2160; x_wconf 81' lang='lat' dir='ltr'><strong><em>extremum</em></strong></span> <span class='ocrx_word' id='word_1_273' title='bbox 2081 2122 2242 2172; x_wconf 88' lang='lat' dir='ltr'><strong><em>usque</em></strong></span> <span class='ocrx_word' id='word_1_274' title='bbox 2291 2107 2532 2168; x_wconf 82' lang='lat' dir='ltr'><strong><em>spiritum</em></strong></span> <span class='ocrx_word' id='word_1_275' title='bbox 2589 2107 2912 2171; x_wconf 75' lang='lat' dir='ltr'><strong><em>decertaeit;</em></strong></span> <span class='ocrx_word' id='word_1_276' title='bbox 2967 2119 3214 2176; x_wconf 74' lang='lat' dir='ltr'><strong><em>printerea</em></strong></span> <span class='ocrx_word' id='word_1_277' title='bbox 3271 2125 3406 2164; x_wconf 74' lang='lat' dir='ltr'><strong><em>vero</em></strong></span> <span class='ocrx_word' id='word_1_278' title='bbox 3463 2111 3712 2164; x_wconf 81' lang='lat' dir='ltr'><strong><em>eximiam</em></strong></span> <span class='ocrx_word' id='word_1_279' title='bbox 3747 2113 3807 2162; x_wconf 63' lang='grc' dir='ltr'>ίὲεκ</span> 
     </span>
    </p>
   </div>
   <div class='ocr_carea' id='block_1_22' title="bbox 519 2194 3808 2269">
    <p class='ocr_par' dir='ltr' id='par_1_22' title="bbox 519 2194 3808 2269">
     <span class='ocr_line' id='line_1_22' title="bbox 519 2194 3808 2269; baseline 0.003 -23"><span class='ocrx_word' id='word_1_280' title='bbox 519 2194 723 2246; x_wconf 85' lang='lat' dir='ltr'><strong><em>ritatem</em></strong></span> <span class='ocrx_word' id='word_1_281' title='bbox 771 2195 824 2246; x_wconf 89' lang='lat' dir='ltr'><strong><em>in</em></strong></span> <span class='ocrx_word' id='word_1_282' title='bbox 879 2211 1084 2266; x_wconf 80' lang='lat' dir='ltr'><strong><em>gregem</em></strong></span> <span class='ocrx_word' id='word_1_283' title='bbox 1138 2213 1324 2260; x_wconf 85' lang='lat' dir='ltr'><strong><em>suum,</em></strong></span> <span class='ocrx_word' id='word_1_284' title='bbox 1377 2200 1530 2269; x_wconf 83' lang='lat' dir='ltr'><strong><em>cujus</em></strong></span> <span class='ocrx_word' id='word_1_285' title='bbox 1578 2197 1782 2250; x_wconf 85' lang='lat' dir='ltr'><strong><em>demum</em></strong></span> <span class='ocrx_word' id='word_1_286' title='bbox 1829 2197 2134 2250; x_wconf 82' lang='lat' dir='ltr'><strong><em>instituendi</em></strong></span> <span class='ocrx_word' id='word_1_287' title='bbox 2185 2195 2449 2250; x_wconf 86' lang='lat' dir='ltr'><strong><em>laboribus</em></strong></span> <span class='ocrx_word' id='word_1_288' title='bbox 2497 2197 2806 2252; x_wconf 85' lang='lat' dir='ltr'><strong><em>immortnus</em></strong></span> <span class='ocrx_word' id='word_1_289' title='bbox 2855 2207 2950 2252; x_wconf 86' lang='lat' dir='ltr'><strong><em>est.</em></strong></span> <span class='ocrx_word' id='word_1_290' title='bbox 3003 2196 3312 2266; x_wconf 85' lang='lat' dir='ltr'><strong><em>Colligimus</em></strong></span> <span class='ocrx_word' id='word_1_291' title='bbox 3371 2203 3546 2254; x_wconf 87' lang='lat' dir='ltr'><strong><em>etiam</em></strong></span> <span class='ocrx_word' id='word_1_292' title='bbox 3598 2218 3660 2255; x_wconf 79' lang='lat' dir='ltr'><strong><em>ex</em></strong></span> <span class='ocrx_word' id='word_1_293' title='bbox 3701 2203 3808 2255; x_wconf 65' lang='lat' dir='ltr'><strong><em>(0th</em></strong></span> 
     </span>
    </p>
   </div>
   <div class='ocr_carea' id='block_1_23' title="bbox 520 2291 3810 2365">
    <p class='ocr_par' dir='ltr' id='par_1_23' title="bbox 520 2291 3810 2365">
     <span class='ocr_line' id='line_1_23' title="bbox 520 2291 3810 2365; baseline 0.001 -19"><span class='ocrx_word' id='word_1_294' title='bbox 520 2291 742 2346; x_wconf 77' lang='lat' dir='ltr'><strong><em>Paulino</em></strong></span> <span class='ocrx_word' id='word_1_295' title='bbox 798 2291 1024 2365; x_wconf 87' lang='lat' dir='ltr'><strong><em>(Ibid.)</em></strong></span> <span class='ocrx_word' id='word_1_296' title='bbox 1091 2305 1402 2362; x_wconf 85' lang='lat' dir='ltr'><strong><em>postremam</em></strong></span> <span class='ocrx_word' id='word_1_297' title='bbox 1456 2295 1588 2347; x_wconf 90' lang='lat' dir='ltr'><strong><em>hanc</em></strong></span> <span class='ocrx_word' id='word_1_298' title='bbox 1648 2294 1978 2356; x_wconf 86' lang='lat' dir='ltr'><strong><em>srriptionem</em></strong></span> <span class='ocrx_word' id='word_1_299' title='bbox 2049 2293 2305 2346; x_wconf 75' lang='lat' dir='ltr'><strong><em>Ambrosii</em></strong></span> <span class='ocrx_word' id='word_1_300' title='bbox 2370 2292 2514 2362; x_wconf 78' lang='lat' dir='ltr'><strong><em>festis</em></strong></span> <span class='ocrx_word' id='word_1_301' title='bbox 2575 2291 2908 2362; x_wconf 84' lang='lat' dir='ltr'><strong><em>paschalibus</em></strong></span> <span class='ocrx_word' id='word_1_302' title='bbox 2953 2295 3078 2348; x_wconf 89' lang='lat' dir='ltr'><strong><em>anni</em></strong></span> <span class='ocrx_word' id='word_1_303' title='bbox 3131 2294 3238 2349; x_wconf 72' lang='grc'><strong><em>597</em></strong></span> <span class='ocrx_word' id='word_1_304' title='bbox 3301 2295 3680 2350; x_wconf 86' lang='lat' dir='ltr'><strong><em>ascribendam</em></strong></span> <span class='ocrx_word' id='word_1_305' title='bbox 3721 2313 3810 2350; x_wconf 75' lang='lat' dir='ltr'><strong><em>em:</em></strong></span> 
     </span>
    </p>
   </div>
   <div class='ocr_carea' id='block_1_24' title="bbox 515 2383 3812 2457">
    <p class='ocr_par' dir='ltr' id='par_1_24' title="bbox 515 2383 3812 2457">
     <span class='ocr_line' id='line_1_24' title="bbox 515 2383 3812 2457; baseline 0 -21"><span class='ocrx_word' id='word_1_306' title='bbox 515 2385 934 2456; x_wconf 81' lang='lat' dir='ltr'><strong><em>quandoquidem</em></strong></span> <span class='ocrx_word' id='word_1_307' title='bbox 993 2401 1052 2440; x_wconf 89' lang='lat' dir='ltr'><strong><em>eo</em></strong></span> <span class='ocrx_word' id='word_1_308' title='bbox 1099 2394 1364 2457; x_wconf 80' lang='lat' dir='ltr'><strong><em>tempore,</em></strong></span> <span class='ocrx_word' id='word_1_309' title='bbox 1423 2395 1478 2439; x_wconf 88' lang='lat' dir='ltr'><strong><em>ut</em></strong></span> <span class='ocrx_word' id='word_1_310' title='bbox 1529 2389 1628 2456; x_wconf 84' lang='lat' dir='ltr'><strong><em>fert</em></strong></span> <span class='ocrx_word' id='word_1_311' title='bbox 1676 2383 1992 2456; x_wconf 86' lang='lat' dir='ltr'><strong><em>probabilior</em></strong></span> <span class='ocrx_word' id='word_1_312' title='bbox 2063 2384 2274 2456; x_wconf 89' lang='lat' dir='ltr'><strong><em>opinio,</em></strong></span> <span class='ocrx_word' id='word_1_313' title='bbox 2321 2383 2376 2438; x_wconf 84' lang='lat' dir='ltr'><strong><em>in</em></strong></span> <span class='ocrx_word' id='word_1_314' title='bbox 2429 2385 2556 2437; x_wconf 73' lang='lat' dir='ltr'><strong><em>viris</em></strong></span> <span class='ocrx_word' id='word_1_315' title='bbox 2609 2385 2810 2454; x_wconf 87' lang='lat' dir='ltr'><strong><em>agitare</em></strong></span> <span class='ocrx_word' id='word_1_316' title='bbox 2861 2385 3034 2440; x_wconf 76' lang='lat' dir='ltr'><strong><em>desiit.</em></strong></span> <span class='ocrx_word' id='word_1_317' title='bbox 3091 2384 3208 2452; x_wconf 84' lang='lat' dir='ltr'><strong><em>Qua</em></strong></span> <span class='ocrx_word' id='word_1_318' title='bbox 3265 2385 3338 2440; x_wconf 88' lang='lat' dir='ltr'><strong><em>de</em></strong></span> <span class='ocrx_word' id='word_1_319' title='bbox 3399 2403 3466 2440; x_wconf 86' lang='lat' dir='ltr'><strong><em>re</em></strong></span> <span class='ocrx_word' id='word_1_320' title='bbox 3507 2385 3638 2440; x_wconf 87' lang='lat' dir='ltr'><strong><em>alibi</em></strong></span> <span class='ocrx_word' id='word_1_321' title='bbox 3683 2385 3812 2439; x_wconf 65' lang='lat' dir='ltr'><strong><em>dicite</em></strong></span> 
     </span>
    </p>
   </div>
   <div class='ocr_carea' id='block_1_25' title="bbox 521 2477 749 2532">
    <p class='ocr_par' dir='ltr' id='par_1_25' title="bbox 521 2477 749 2532">
     <span class='ocr_line' id='line_1_25' title="bbox 521 2477 749 2532; baseline 0.004 -1"><span class='ocrx_word' id='word_1_322' title='bbox 521 2477 749 2532; x_wconf 81' lang='lat' dir='ltr'><strong><em>uberius.</em></strong></span> 
     </span>
    </p>
   </div>
   <div class='ocr_carea' id='block_1_26' title="bbox 599 2565 3808 2642">
    <p class='ocr_par' dir='ltr' id='par_1_26' title="bbox 599 2565 3808 2642">
     <span class='ocr_line' id='line_1_26' title="bbox 599 2565 3808 2642; baseline -0.003 -16"><span class='ocrx_word' id='word_1_323' title='bbox 599 2570 812 2627; x_wconf 70' lang='lat' dir='ltr'><strong><em>Ultimas</em></strong></span> <span class='ocrx_word' id='word_1_324' title='bbox 863 2581 1089 2642; x_wconf 82' lang='lat' dir='ltr'><strong><em>quatuor</em></strong></span> <span class='ocrx_word' id='word_1_325' title='bbox 1135 2571 1512 2627; x_wconf 86' lang='lat' dir='ltr'><strong><em>Enarrationes</em></strong></span> <span class='ocrx_word' id='word_1_326' title='bbox 1551 2589 1772 2641; x_wconf 88' lang='lat' dir='ltr'><strong><em>quarum</em></strong></span> <span class='ocrx_word' id='word_1_327' title='bbox 1815 2587 1922 2626; x_wconf 90' lang='lat' dir='ltr'><strong><em>una</em></strong></span> <span class='ocrx_word' id='word_1_328' title='bbox 1979 2570 2168 2624; x_wconf 90' lang='lat' dir='ltr'><strong><em>citatur</em></strong></span> <span class='ocrx_word' id='word_1_329' title='bbox 2219 2569 2282 2622; x_wconf 81' lang='lat' dir='ltr'><strong><em>ab</em></strong></span> <span class='ocrx_word' id='word_1_330' title='bbox 2329 2567 2639 2638; x_wconf 82' lang='lat' dir='ltr'><strong><em>Augustino,</em></strong></span> <span class='ocrx_word' id='word_1_331' title='bbox 2691 2565 2904 2639; x_wconf 85' lang='lat' dir='ltr'><strong><em>perinde</em></strong></span> <span class='ocrx_word' id='word_1_332' title='bbox 2947 2583 3011 2620; x_wconf 89' lang='lat' dir='ltr'><strong><em>ac</em></strong></span> <span class='ocrx_word' id='word_1_333' title='bbox 3051 2567 3171 2622; x_wconf 79' lang='lat' dir='ltr'><strong><em>alite</em></strong></span> <span class='ocrx_word' id='word_1_334' title='bbox 3217 2567 3572 2622; x_wconf 82' lang='lat' dir='ltr'><strong><em>sermonibus</em></strong></span> <span class='ocrx_word' id='word_1_335' title='bbox 3623 2575 3808 2628; x_wconf 70' lang='lat' dir='ltr'><strong><em>constant,</em></strong></span> 
     </span>
    </p>
   </div>
   <div class='ocr_carea' id='block_1_27' title="bbox 521 2657 3804 2738">
    <p class='ocr_par' dir='ltr' id='par_1_27' title="bbox 521 2657 3804 2738">
     <span class='ocr_line' id='line_1_27' title="bbox 521 2657 3804 2738; baseline -0.002 -20"><span class='ocrx_word' id='word_1_336' title='bbox 521 2666 660 2734; x_wconf 86' lang='lat' dir='ltr'><strong><em>quod</em></strong></span> <span class='ocrx_word' id='word_1_337' title='bbox 717 2675 764 2720; x_wconf 89' lang='lat' dir='ltr'><strong><em>et</em></strong></span> <span class='ocrx_word' id='word_1_338' title='bbox 821 2669 946 2738; x_wconf 82' lang='lat' dir='ltr'><strong><em>styli</em></strong></span> <span class='ocrx_word' id='word_1_339' title='bbox 991 2669 1127 2721; x_wconf 87' lang='lat' dir='ltr'><strong><em>ratio</em></strong></span> <span class='ocrx_word' id='word_1_340' title='bbox 1157 2710 1172 2732; x_wconf 92' lang='lat'><strong><em>,</em></strong></span> <span class='ocrx_word' id='word_1_341' title='bbox 1242 2677 1290 2721; x_wconf 86' lang='lat' dir='ltr'><strong><em>et</em></strong></span> <span class='ocrx_word' id='word_1_342' title='bbox 1349 2668 1494 2721; x_wconf 87' lang='lat' dir='ltr'><strong><em>citati</em></strong></span> <span class='ocrx_word' id='word_1_343' title='bbox 1544 2665 1836 2732; x_wconf 69' lang='lat' dir='ltr'><strong><em>Scriptura?</em></strong></span> <span class='ocrx_word' id='word_1_344' title='bbox 1891 2681 1981 2736; x_wconf 86' lang='lat' dir='ltr'><strong><em>per</em></strong></span> <span class='ocrx_word' id='word_1_345' title='bbox 2029 2664 2234 2717; x_wconf 88' lang='lat' dir='ltr'><strong><em>eosdem</em></strong></span> <span class='ocrx_word' id='word_1_346' title='bbox 2285 2661 2394 2714; x_wconf 86' lang='lat' dir='ltr'><strong><em>dies</em></strong></span> <span class='ocrx_word' id='word_1_347' title='bbox 2449 2662 2502 2714; x_wconf 89' lang='lat' dir='ltr'><strong><em>in</em></strong></span> <span class='ocrx_word' id='word_1_348' title='bbox 2553 2659 2790 2714; x_wconf 84' lang='lat' dir='ltr'><strong><em>Ecclesia</em></strong></span> <span class='ocrx_word' id='word_1_349' title='bbox 2841 2663 3069 2714; x_wconf 64' lang='lat' dir='ltr'><strong><em>recitata?</em></strong></span> <span class='ocrx_word' id='word_1_350' title='bbox 3121 2661 3224 2714; x_wconf 89' lang='lat' dir='ltr'><strong><em>loci</em></strong></span> <span class='ocrx_word' id='word_1_351' title='bbox 3277 2663 3420 2715; x_wconf 83' lang='lat' dir='ltr'><strong><em>satis</em></strong></span> <span class='ocrx_word' id='word_1_352' title='bbox 3467 2660 3694 2714; x_wconf 86' lang='lat' dir='ltr'><strong><em>indicant</em></strong></span> <span class='ocrx_word' id='word_1_353' title='bbox 3737 2657 3804 2728; x_wconf 71' lang='lat' dir='ltr'><strong><em>(la</em></strong></span> 
     </span>
    </p>
   </div>
   <div class='ocr_carea' id='block_1_28' title="bbox 523 2751 3806 2830">
    <p class='ocr_par' dir='ltr' id='par_1_28' title="bbox 523 2751 3806 2830">
     <span class='ocr_line' id='line_1_28' title="bbox 523 2751 3806 2830; baseline -0.004 -18"><span class='ocrx_word' id='word_1_354' title='bbox 523 2757 729 2813; x_wconf 85' lang='lat' dir='ltr'><strong><em>Psalm.</em></strong></span> <span class='ocrx_word' id='word_1_355' title='bbox 785 2776 909 2824; x_wconf 76' lang='lat' dir='ltr'><strong><em>XL&quot;,</em></strong></span> <span class='ocrx_word' id='word_1_356' title='bbox 965 2777 1110 2815; x_wconf 88' lang='lat' dir='ltr'><strong><em>num.</em></strong></span> <span class='ocrx_word' id='word_1_357' title='bbox 1167 2761 1234 2814; x_wconf 67' lang='lat' dir='ltr'><strong><em>‘lr‘i</em></strong></span> <span class='ocrx_word' id='word_1_358' title='bbox 1279 2771 1326 2815; x_wconf 86' lang='lat' dir='ltr'><strong><em>et</em></strong></span> <span class='ocrx_word' id='word_1_359' title='bbox 1373 2759 1496 2812; x_wconf 88' lang='lat' dir='ltr'><strong><em>alibi</em></strong></span> <span class='ocrx_word' id='word_1_360' title='bbox 1523 2760 1562 2830; x_wconf 92' lang='lat'><strong><em>).</em></strong></span> <span class='ocrx_word' id='word_1_361' title='bbox 1617 2757 1726 2813; x_wconf 89' lang='lat' dir='ltr'><strong><em>Sed</em></strong></span> <span class='ocrx_word' id='word_1_362' title='bbox 1765 2757 1916 2811; x_wconf 86' lang='lat' dir='ltr'><strong><em>valde</em></strong></span> <span class='ocrx_word' id='word_1_363' title='bbox 1957 2772 2156 2826; x_wconf 87' lang='lat' dir='ltr'><strong><em>quoque</em></strong></span> <span class='ocrx_word' id='word_1_364' title='bbox 2201 2753 2446 2808; x_wconf 85' lang='lat' dir='ltr'><strong><em>credibile</em></strong></span> <span class='ocrx_word' id='word_1_365' title='bbox 2489 2762 2562 2806; x_wconf 89' lang='lat' dir='ltr'><strong><em>est</em></strong></span> <span class='ocrx_word' id='word_1_366' title='bbox 2609 2767 2786 2806; x_wconf 89' lang='lat' dir='ltr'><strong><em>earum</em></strong></span> <span class='ocrx_word' id='word_1_367' title='bbox 2826 2751 3046 2819; x_wconf 84' lang='lat' dir='ltr'><strong><em>singulis</em></strong></span> <span class='ocrx_word' id='word_1_368' title='bbox 3089 2751 3328 2824; x_wconf 83' lang='lat' dir='ltr'><strong><em>singulos</em></strong></span> <span class='ocrx_word' id='word_1_369' title='bbox 3387 2767 3656 2806; x_wconf 84' lang='lat' dir='ltr'><strong><em>sermones</em></strong></span> <span class='ocrx_word' id='word_1_370' title='bbox 3693 2753 3806 2802; x_wconf 77' lang='lat' dir='ltr'><strong><em>conti-</em></strong></span> 
     </span>
    </p>
   </div>
   <div class='ocr_carea' id='block_1_29' title="bbox 526 2841 3802 2922">
    <p class='ocr_par' dir='ltr' id='par_1_29' title="bbox 526 2841 3802 2922">
     <span class='ocr_line' id='line_1_29' title="bbox 526 2841 3802 2922; baseline -0.002 -20"><span class='ocrx_word' id='word_1_371' title='bbox 526 2850 679 2913; x_wconf 90' lang='lat' dir='ltr'><strong><em>neri,</em></strong></span> <span class='ocrx_word' id='word_1_372' title='bbox 733 2867 850 2904; x_wconf 87' lang='lat' dir='ltr'><strong><em>cum</em></strong></span> <span class='ocrx_word' id='word_1_373' title='bbox 902 2850 1218 2922; x_wconf 90' lang='lat' dir='ltr'><strong><em>psalmorum</em></strong></span> <span class='ocrx_word' id='word_1_374' title='bbox 1274 2851 1511 2904; x_wconf 75' lang='lat' dir='ltr'><strong><em>versiculi</em></strong></span> <span class='ocrx_word' id='word_1_375' title='bbox 1567 2851 1756 2904; x_wconf 80' lang='lat' dir='ltr'><strong><em>raptim</em></strong></span> <span class='ocrx_word' id='word_1_376' title='bbox 1823 2857 2237 2918; x_wconf 83' lang='lat' dir='ltr'><strong><em>percurrantur.</em></strong></span> <span class='ocrx_word' id='word_1_377' title='bbox 2305 2857 2352 2898; x_wconf 88' lang='lat' dir='ltr'><strong><em>et</em></strong></span> <span class='ocrx_word' id='word_1_378' title='bbox 2405 2845 2706 2898; x_wconf 89' lang='lat' dir='ltr'><strong><em>ultimorum</em></strong></span> <span class='ocrx_word' id='word_1_379' title='bbox 2759 2843 3012 2914; x_wconf 74' lang='lat' dir='ltr'><strong><em>expositio</em></strong></span> <span class='ocrx_word' id='word_1_380' title='bbox 3071 2859 3224 2914; x_wconf 87' lang='lat' dir='ltr'><strong><em>quam</em></strong></span> <span class='ocrx_word' id='word_1_381' title='bbox 3281 2845 3537 2913; x_wconf 85' lang='lat' dir='ltr'><strong><em>priorum</em></strong></span> <span class='ocrx_word' id='word_1_382' title='bbox 3593 2845 3726 2896; x_wconf 85' lang='lat' dir='ltr'><strong><em>multo</em></strong></span> <span class='ocrx_word' id='word_1_383' title='bbox 3761 2841 3802 2893; x_wconf 76' lang='lat' dir='ltr'><strong><em>sit</em></strong></span> 
     </span>
    </p>
   </div>
   <div class='ocr_carea' id='block_1_30' title="bbox 522 2932 3800 3012">
    <p class='ocr_par' dir='ltr' id='par_1_30' title="bbox 522 2932 3800 3012">
     <span class='ocr_line' id='line_1_30' title="bbox 522 2932 3800 3012; baseline -0.004 -16"><span class='ocrx_word' id='word_1_384' title='bbox 522 2941 759 3009; x_wconf 75' lang='lat' dir='ltr'><strong><em>brevior;</em></strong></span> <span class='ocrx_word' id='word_1_385' title='bbox 812 2962 874 2998; x_wconf 90' lang='lat' dir='ltr'><strong><em>ne</em></strong></span> <span class='ocrx_word' id='word_1_386' title='bbox 926 2945 1122 2998; x_wconf 83' lang='lat' dir='ltr'><strong><em>scilicet</em></strong></span> <span class='ocrx_word' id='word_1_387' title='bbox 1169 2943 1230 2998; x_wconf 92' lang='lat' dir='ltr'><strong><em>ob</em></strong></span> <span class='ocrx_word' id='word_1_388' title='bbox 1281 2960 1480 2997; x_wconf 86' lang='lat' dir='ltr'><strong><em>moram</em></strong></span> <span class='ocrx_word' id='word_1_389' title='bbox 1536 2941 1918 3012; x_wconf 87' lang='lat' dir='ltr'><strong><em>longiusculam</em></strong></span> <span class='ocrx_word' id='word_1_390' title='bbox 1977 2940 2130 2994; x_wconf 74' lang='lat' dir='ltr'><strong><em>twdio</em></strong></span> <span class='ocrx_word' id='word_1_391' title='bbox 2185 2938 2508 3009; x_wconf 66' lang='lat' dir='ltr'><strong><em>afﬁcerentur</em></strong></span> <span class='ocrx_word' id='word_1_392' title='bbox 2557 2936 2836 2990; x_wconf 85' lang='lat' dir='ltr'><strong><em>auditores.</em></strong></span> <span class='ocrx_word' id='word_1_393' title='bbox 2887 2932 3092 2988; x_wconf 80' lang='lat' dir='ltr'><strong><em>Harum</em></strong></span> <span class='ocrx_word' id='word_1_394' title='bbox 3137 2949 3296 3006; x_wconf 88' lang='lat' dir='ltr'><strong><em>porro</em></strong></span> <span class='ocrx_word' id='word_1_395' title='bbox 3337 2935 3626 2989; x_wconf 79' lang='lat' dir='ltr'><strong><em>character</em></strong></span> <span class='ocrx_word' id='word_1_396' title='bbox 3657 2933 3800 2986; x_wconf 72' lang='lat' dir='ltr'><strong><em>misine</em></strong></span> 
     </span>
    </p>
   </div>
   <div class='ocr_carea' id='block_1_31' title="bbox 517 3027 3795 3102">
    <p class='ocr_par' dir='ltr' id='par_1_31' title="bbox 517 3027 3795 3102">
     <span class='ocr_line' id='line_1_31' title="bbox 517 3027 3795 3102; baseline -0.002 -16"><span class='ocrx_word' id='word_1_397' title='bbox 517 3033 748 3086; x_wconf 80' lang='lat' dir='ltr'><strong><em>diversus</em></strong></span> <span class='ocrx_word' id='word_1_398' title='bbox 794 3046 909 3089; x_wconf 86' lang='lat' dir='ltr'><strong><em>est:</em></strong></span> <span class='ocrx_word' id='word_1_399' title='bbox 957 3052 1049 3088; x_wconf 85' lang='lat' dir='ltr'><strong><em>nec</em></strong></span> <span class='ocrx_word' id='word_1_400' title='bbox 1097 3037 1202 3099; x_wconf 79' lang='lat' dir='ltr'><strong><em>iam</em></strong></span> <span class='ocrx_word' id='word_1_401' title='bbox 1257 3035 1310 3089; x_wconf 89' lang='lat' dir='ltr'><strong><em>in</em></strong></span> <span class='ocrx_word' id='word_1_402' title='bbox 1361 3033 1489 3102; x_wconf 85' lang='lat' dir='ltr'><strong><em>ipsis</em></strong></span> <span class='ocrx_word' id='word_1_403' title='bbox 1529 3035 1662 3087; x_wconf 71' lang='lat' dir='ltr'><strong><em>sicut</em></strong></span> <span class='ocrx_word' id='word_1_404' title='bbox 1711 3034 1766 3086; x_wconf 84' lang='lat' dir='ltr'><strong><em>in</em></strong></span> <span class='ocrx_word' id='word_1_405' title='bbox 1811 3031 2168 3101; x_wconf 84' lang='lat' dir='ltr'><strong><em>superioribus</em></strong></span> <span class='ocrx_word' id='word_1_406' title='bbox 2215 3031 2474 3085; x_wconf 81' lang='lat' dir='ltr'><strong><em>versioncs</em></strong></span> <span class='ocrx_word' id='word_1_407' title='bbox 2519 3029 2739 3098; x_wconf 66' lang='lat' dir='ltr'><strong><em>Aquilae,</em></strong></span> <span class='ocrx_word' id='word_1_408' title='bbox 2795 3027 3178 3090; x_wconf 85' lang='lat' dir='ltr'><strong><em>Theodotionis,</em></strong></span> <span class='ocrx_word' id='word_1_409' title='bbox 3226 3037 3322 3080; x_wconf 89' lang='lat' dir='ltr'><strong><em>aut</em></strong></span> <span class='ocrx_word' id='word_1_410' title='bbox 3370 3027 3674 3099; x_wconf 75' lang='lat' dir='ltr'><strong><em>Symmachi</em></strong></span> <span class='ocrx_word' id='word_1_411' title='bbox 3707 3027 3795 3084; x_wconf 69' lang='lat' dir='ltr'><strong><em>rele-</em></strong></span> 
     </span>
    </p>
   </div>
   <div class='ocr_carea' id='block_1_32' title="bbox 515 3115 3794 3200">
    <p class='ocr_par' dir='ltr' id='par_1_32' title="bbox 515 3115 3794 3200">
     <span class='ocr_line' id='line_1_32' title="bbox 515 3115 3794 3200; baseline -0.003 -22"><span class='ocrx_word' id='word_1_412' title='bbox 515 3137 725 3190; x_wconf 85' lang='lat' dir='ltr'><strong><em>runtur,</em></strong></span> <span class='ocrx_word' id='word_1_413' title='bbox 781 3139 994 3198; x_wconf 88' lang='lat' dir='ltr'><strong><em>excepta</em></strong></span> <span class='ocrx_word' id='word_1_414' title='bbox 1038 3128 1223 3182; x_wconf 88' lang='lat' dir='ltr'><strong><em>ultima</em></strong></span> <span class='ocrx_word' id='word_1_415' title='bbox 1261 3131 1410 3200; x_wconf 87' lang='lat' dir='ltr'><strong><em>cujus</em></strong></span> <span class='ocrx_word' id='word_1_416' title='bbox 1451 3127 1604 3180; x_wconf 80' lang='lat' dir='ltr'><strong><em>semel</em></strong></span> <span class='ocrx_word' id='word_1_417' title='bbox 1645 3137 1844 3178; x_wconf 87' lang='lat' dir='ltr'><strong><em>tantum</em></strong></span> <span class='ocrx_word' id='word_1_418' title='bbox 1888 3133 1938 3178; x_wconf 89' lang='lat' dir='ltr'><strong><em>et</em></strong></span> <span class='ocrx_word' id='word_1_419' title='bbox 1985 3123 2136 3193; x_wconf 87' lang='lat' dir='ltr'><strong><em>quasi</em></strong></span> <span class='ocrx_word' id='word_1_420' title='bbox 2177 3121 2340 3176; x_wconf 85' lang='lat' dir='ltr'><strong><em>obiter</em></strong></span> <span class='ocrx_word' id='word_1_421' title='bbox 2387 3122 2446 3191; x_wconf 81' lang='lat' dir='ltr'><strong><em>ﬁt</em></strong></span> <span class='ocrx_word' id='word_1_422' title='bbox 2489 3123 2698 3174; x_wconf 86' lang='lat' dir='ltr'><strong><em>mentio.</em></strong></span> <span class='ocrx_word' id='word_1_423' title='bbox 2755 3118 2818 3172; x_wconf 75' lang='lat' dir='ltr'><strong><em>Et</em></strong></span> <span class='ocrx_word' id='word_1_424' title='bbox 2871 3119 2992 3172; x_wconf 86' lang='lat' dir='ltr'><strong><em>hinc</em></strong></span> <span class='ocrx_word' id='word_1_425' title='bbox 3033 3121 3166 3190; x_wconf 76' lang='lat' dir='ltr'><strong><em>forte</em></strong></span> <span class='ocrx_word' id='word_1_426' title='bbox 3211 3135 3317 3171; x_wconf 89' lang='lat' dir='ltr'><strong><em>non</em></strong></span> <span class='ocrx_word' id='word_1_427' title='bbox 3369 3117 3610 3172; x_wconf 77' lang='lat' dir='ltr'><strong><em>absurde</em></strong></span> <span class='ocrx_word' id='word_1_428' title='bbox 3647 3115 3794 3182; x_wconf 70' lang='lat' dir='ltr'><strong><em>colligat</em></strong></span> 
     </span>
    </p>
   </div>
   <div class='ocr_carea' id='block_1_33' title="bbox 517 3207 3784 3290">
    <p class='ocr_par' dir='ltr' id='par_1_33' title="bbox 517 3207 3784 3290">
     <span class='ocr_line' id='line_1_33' title="bbox 517 3207 3784 3290; baseline -0.006 -18"><span class='ocrx_word' id='word_1_429' title='bbox 517 3220 747 3272; x_wconf 87' lang='lat' dir='ltr'><strong><em>eamdem</em></strong></span> <span class='ocrx_word' id='word_1_430' title='bbox 803 3237 920 3290; x_wconf 69' lang='lat' dir='ltr'><strong><em>quae</em></strong></span> <span class='ocrx_word' id='word_1_431' title='bbox 971 3222 1165 3284; x_wconf 87' lang='lat' dir='ltr'><strong><em>unius,</em></strong></span> <span class='ocrx_word' id='word_1_432' title='bbox 1229 3221 1383 3274; x_wconf 87' lang='lat' dir='ltr'><strong><em>etiam</em></strong></span> <span class='ocrx_word' id='word_1_433' title='bbox 1423 3219 1648 3271; x_wconf 88' lang='lat' dir='ltr'><strong><em>aliarum</em></strong></span> <span class='ocrx_word' id='word_1_434' title='bbox 1701 3228 1904 3272; x_wconf 77' lang='lat' dir='ltr'><strong><em>wtatem</em></strong></span> <span class='ocrx_word' id='word_1_435' title='bbox 1955 3231 2084 3269; x_wconf 87' lang='lat' dir='ltr'><strong><em>esse.</em></strong></span> <span class='ocrx_word' id='word_1_436' title='bbox 2144 3212 2474 3284; x_wconf 85' lang='lat' dir='ltr'><strong><em>Quapropter</em></strong></span> <span class='ocrx_word' id='word_1_437' title='bbox 2516 3227 2632 3264; x_wconf 88' lang='lat' dir='ltr'><strong><em>cum</em></strong></span> <span class='ocrx_word' id='word_1_438' title='bbox 2679 3211 2864 3278; x_wconf 86' lang='lat' dir='ltr'><strong><em>psalmi</em></strong></span> <span class='ocrx_word' id='word_1_439' title='bbox 2917 3225 3005 3264; x_wconf 73' lang='lat' dir='ltr'><strong><em>ut</em></strong></span> <span class='ocrx_word' id='word_1_440' title='bbox 3049 3209 3484 3279; x_wconf 68' lang='lat' dir='ltr'><strong><em>explanationem</em></strong></span> <span class='ocrx_word' id='word_1_441' title='bbox 3533 3207 3784 3275; x_wconf 75' lang='lat' dir='ltr'><strong><em>manifestis</em></strong></span> 
     </span>
    </p>
   </div>
   <div class='ocr_carea' id='block_1_34' title="bbox 518 3293 3783 3382">
    <p class='ocr_par' dir='ltr' id='par_1_34' title="bbox 518 3293 3783 3382">
     <span class='ocr_line' id='line_1_34' title="bbox 518 3293 3783 3382; baseline -0.005 -18"><span class='ocrx_word' id='word_1_442' title='bbox 518 3311 586 3364; x_wconf 83' lang='lat' dir='ltr'><strong><em>sit</em></strong></span> <span class='ocrx_word' id='word_1_443' title='bbox 634 3312 861 3364; x_wconf 85' lang='lat' dir='ltr'><strong><em>habitam</em></strong></span> <span class='ocrx_word' id='word_1_444' title='bbox 908 3311 1070 3378; x_wconf 72' lang='lat' dir='ltr'><strong><em>fuisse</em></strong></span> <span class='ocrx_word' id='word_1_445' title='bbox 1119 3311 1354 3382; x_wconf 82' lang='lat' dir='ltr'><strong><em>proxime</em></strong></span> <span class='ocrx_word' id='word_1_446' title='bbox 1399 3319 1512 3368; x_wconf 81' lang='lat' dir='ltr'><strong><em>post</em></strong></span> <span class='ocrx_word' id='word_1_447' title='bbox 1563 3307 1804 3363; x_wconf 84' lang='lat' dir='ltr'><strong><em>Gratiani</em></strong></span> <span class='ocrx_word' id='word_1_448' title='bbox 1847 3309 2062 3369; x_wconf 62' lang='lat' dir='ltr'><strong><em>caedem,</em></strong></span> <span class='ocrx_word' id='word_1_449' title='bbox 2105 3305 2324 3358; x_wconf 88' lang='lat' dir='ltr'><strong><em>alteram</em></strong></span> <span class='ocrx_word' id='word_1_450' title='bbox 2369 3302 2621 3357; x_wconf 80' lang='lat' dir='ltr'><strong><em>Ambrosii</em></strong></span> <span class='ocrx_word' id='word_1_451' title='bbox 2665 3301 2970 3372; x_wconf 85' lang='lat' dir='ltr'><strong><em>legationem</em></strong></span> <span class='ocrx_word' id='word_1_452' title='bbox 3015 3301 3085 3352; x_wconf 87' lang='lat' dir='ltr'><strong><em>ad</em></strong></span> <span class='ocrx_word' id='word_1_453' title='bbox 3131 3299 3457 3364; x_wconf 81' lang='lat' dir='ltr'><strong><em>Maximum,</em></strong></span> <span class='ocrx_word' id='word_1_454' title='bbox 3497 3311 3547 3353; x_wconf 88' lang='lat' dir='ltr'><strong><em>et</em></strong></span> <span class='ocrx_word' id='word_1_455' title='bbox 3587 3293 3783 3350; x_wconf 65' lang='lat' dir='ltr'><strong><em>Theodecti</em></strong></span> 
     </span>
    </p>
   </div>
   <div class='ocr_carea' id='block_1_35' title="bbox 517 3389 3769 3471">
    <p class='ocr_par' dir='ltr' id='par_1_35' title="bbox 517 3389 3769 3471">
     <span class='ocr_line' id='line_1_35' title="bbox 517 3389 3769 3471; baseline -0.003 -20"><span class='ocrx_word' id='word_1_456' title='bbox 517 3399 584 3452; x_wconf 90' lang='lat' dir='ltr'><strong><em>de</em></strong></span> <span class='ocrx_word' id='word_1_457' title='bbox 629 3402 726 3454; x_wconf 85' lang='lat' dir='ltr'><strong><em>hoc</em></strong></span> <span class='ocrx_word' id='word_1_458' title='bbox 775 3413 996 3471; x_wconf 79' lang='lat' dir='ltr'><strong><em>tyranno</em></strong></span> <span class='ocrx_word' id='word_1_459' title='bbox 1045 3402 1335 3463; x_wconf 82' lang='lat' dir='ltr'><strong><em>victoriam,</em></strong></span> <span class='ocrx_word' id='word_1_460' title='bbox 1385 3401 1612 3468; x_wconf 86' lang='lat' dir='ltr'><strong><em>sequitur</em></strong></span> <span class='ocrx_word' id='word_1_461' title='bbox 1661 3415 1748 3452; x_wconf 89' lang='lat' dir='ltr'><strong><em>eas</em></strong></span> <span class='ocrx_word' id='word_1_462' title='bbox 1799 3413 1972 3452; x_wconf 89' lang='lat' dir='ltr'><strong><em>omnes</em></strong></span> <span class='ocrx_word' id='word_1_463' title='bbox 2023 3411 2160 3451; x_wconf 88' lang='lat' dir='ltr'><strong><em>anno</em></strong></span> <span class='ocrx_word' id='word_1_464' title='bbox 2213 3395 2320 3450; x_wconf 75' lang='lat'><strong><em>590</em></strong></span> <span class='ocrx_word' id='word_1_465' title='bbox 2357 3395 2439 3450; x_wconf 90' lang='lat' dir='ltr'><strong><em>cui</em></strong></span> <span class='ocrx_word' id='word_1_466' title='bbox 2487 3395 2662 3467; x_wconf 84' lang='lat' dir='ltr'><strong><em>plures</em></strong></span> <span class='ocrx_word' id='word_1_467' title='bbox 2709 3393 3008 3466; x_wconf 86' lang='lat' dir='ltr'><strong><em>hujusmodi</em></strong></span> <span class='ocrx_word' id='word_1_468' title='bbox 3057 3391 3440 3446; x_wconf 75' lang='lat' dir='ltr'><strong><em>Ambrosianus</em></strong></span> <span class='ocrx_word' id='word_1_469' title='bbox 3483 3389 3769 3445; x_wconf 57' lang='lat' dir='ltr'><strong><em>lucubrabat!</em></strong></span> 
     </span>
    </p>
   </div>
   <div class='ocr_carea' id='block_1_36' title="bbox 517 3487 1923 3560">
    <p class='ocr_par' dir='ltr' id='par_1_36' title="bbox 517 3487 1923 3560">
     <span class='ocr_line' id='line_1_36' title="bbox 517 3487 1923 3560; baseline -0.001 -18"><span class='ocrx_word' id='word_1_470' title='bbox 517 3491 746 3544; x_wconf 88' lang='lat' dir='ltr'><strong><em>tribuunt</em></strong></span> <span class='ocrx_word' id='word_1_471' title='bbox 803 3487 1058 3556; x_wconf 84' lang='lat' dir='ltr'><strong><em>historici,</em></strong></span> <span class='ocrx_word' id='word_1_472' title='bbox 1113 3490 1196 3544; x_wconf 82' lang='lat' dir='ltr'><strong><em>vix</em></strong></span> <span class='ocrx_word' id='word_1_473' title='bbox 1247 3505 1395 3560; x_wconf 82' lang='lat' dir='ltr'><strong><em>posse</em></strong></span> <span class='ocrx_word' id='word_1_474' title='bbox 1448 3489 1550 3542; x_wconf 88' lang='lat' dir='ltr'><strong><em>dici</em></strong></span> <span class='ocrx_word' id='word_1_475' title='bbox 1597 3491 1923 3558; x_wconf 82' lang='lat' dir='ltr'><strong><em>posteriores.</em></strong></span> 
     </span>
    </p>
   </div>
   <div class='ocr_carea' id='block_1_37' title="bbox 595 3567 3780 3652">
    <p class='ocr_par' dir='ltr' id='par_1_37' title="bbox 595 3567 3780 3652">
     <span class='ocr_line' id='line_1_37' title="bbox 595 3567 3780 3652; baseline -0.004 -19"><span class='ocrx_word' id='word_1_476' title='bbox 595 3581 894 3634; x_wconf 82' lang='lat' dir='ltr'><strong><em>Ambrosius</em></strong></span> <span class='ocrx_word' id='word_1_477' title='bbox 925 3582 978 3634; x_wconf 89' lang='lat' dir='ltr'><strong><em>in</em></strong></span> <span class='ocrx_word' id='word_1_478' title='bbox 1011 3583 1318 3652; x_wconf 77' lang='lat' dir='ltr'><strong><em>pra’fatione</em></strong></span> <span class='ocrx_word' id='word_1_479' title='bbox 1357 3590 1509 3650; x_wconf 89' lang='lat' dir='ltr'><strong><em>atque</em></strong></span> <span class='ocrx_word' id='word_1_480' title='bbox 1546 3581 1874 3632; x_wconf 84' lang='lat' dir='ltr'><strong><em>enarratione</em></strong></span> <span class='ocrx_word' id='word_1_481' title='bbox 1905 3579 1959 3632; x_wconf 88' lang='lat' dir='ltr'><strong><em>in</em></strong></span> <span class='ocrx_word' id='word_1_482' title='bbox 1993 3580 2250 3651; x_wconf 88' lang='lat' dir='ltr'><strong><em>psalmum</em></strong></span> <span class='ocrx_word' id='word_1_483' title='bbox 2283 3580 2506 3650; x_wconf 85' lang='lat' dir='ltr'><strong><em>primum</em></strong></span> <span class='ocrx_word' id='word_1_484' title='bbox 2535 3595 2600 3632; x_wconf 88' lang='lat' dir='ltr'><strong><em>ex</em></strong></span> <span class='ocrx_word' id='word_1_485' title='bbox 2627 3575 2825 3632; x_wconf 86' lang='lat' dir='ltr'><strong><em>Basilio</em></strong></span> <span class='ocrx_word' id='word_1_486' title='bbox 2857 3578 3018 3630; x_wconf 89' lang='lat' dir='ltr'><strong><em>multa</em></strong></span> <span class='ocrx_word' id='word_1_487' title='bbox 3043 3593 3258 3642; x_wconf 86' lang='lat' dir='ltr'><strong><em>quorum</em></strong></span> <span class='ocrx_word' id='word_1_488' title='bbox 3289 3574 3557 3630; x_wconf 85' lang='lat' dir='ltr'><strong><em>nonnulla</em></strong></span> <span class='ocrx_word' id='word_1_489' title='bbox 3589 3573 3685 3626; x_wconf 79' lang='lat' dir='ltr'><strong><em>suis</em></strong></span> <span class='ocrx_word' id='word_1_490' title='bbox 3705 3567 3780 3622; x_wconf 67' lang='lat' dir='ltr'><strong><em>locis</em></strong></span> 
     </span>
    </p>
   </div>
   <div class='ocr_carea' id='block_1_38' title="bbox 516 3661 3784 3744">
    <p class='ocr_par' dir='ltr' id='par_1_38' title="bbox 516 3661 3784 3744">
     <span class='ocr_line' id='line_1_38' title="bbox 516 3661 3784 3744; baseline -0.002 -18"><span class='ocrx_word' id='word_1_491' title='bbox 516 3673 883 3736; x_wconf 81' lang='lat' dir='ltr'><strong><em>indicavimus,</em></strong></span> <span class='ocrx_word' id='word_1_492' title='bbox 930 3691 1024 3727; x_wconf 88' lang='lat' dir='ltr'><strong><em>suo</em></strong></span> <span class='ocrx_word' id='word_1_493' title='bbox 1061 3689 1200 3726; x_wconf 85' lang='lat' dir='ltr'><strong><em>more</em></strong></span> <span class='ocrx_word' id='word_1_494' title='bbox 1238 3683 1414 3726; x_wconf 88' lang='lat' dir='ltr'><strong><em>mutuo</em></strong></span> <span class='ocrx_word' id='word_1_495' title='bbox 1460 3673 1722 3744; x_wconf 83' lang='lat' dir='ltr'><strong><em>sumpsit;</em></strong></span> <span class='ocrx_word' id='word_1_496' title='bbox 1755 3669 2030 3741; x_wconf 85' lang='lat' dir='ltr'><strong><em>Origenem</em></strong></span> <span class='ocrx_word' id='word_1_497' title='bbox 2059 3689 2278 3743; x_wconf 89' lang='lat' dir='ltr'><strong><em>quoque,</em></strong></span> <span class='ocrx_word' id='word_1_498' title='bbox 2317 3681 2368 3726; x_wconf 87' lang='lat' dir='ltr'><strong><em>ut</em></strong></span> <span class='ocrx_word' id='word_1_499' title='bbox 2407 3671 2690 3726; x_wconf 67' lang='lat' dir='ltr'><strong><em>observavit</em></strong></span> <span class='ocrx_word' id='word_1_500' title='bbox 2745 3669 2806 3728; x_wconf 88' lang='lat' dir='ltr'><strong><em>S.</em></strong></span> <span class='ocrx_word' id='word_1_501' title='bbox 2858 3670 3206 3742; x_wconf 80' lang='lat' dir='ltr'><strong><em>Hieronymus</em></strong></span> <span class='ocrx_word' id='word_1_502' title='bbox 3253 3669 3422 3740; x_wconf 82' lang='lat' dir='ltr'><strong><em>(Loco</em></strong></span> <span class='ocrx_word' id='word_1_503' title='bbox 3471 3685 3595 3738; x_wconf 88' lang='lat' dir='ltr'><strong><em>sup.</em></strong></span> <span class='ocrx_word' id='word_1_504' title='bbox 3644 3661 3784 3726; x_wconf 73' lang='lat' dir='ltr'><strong><em>citato).</em></strong></span> 
     </span>
    </p>
   </div>
   <div class='ocr_carea' id='block_1_39' title="bbox 518 3759 3787 3836">
    <p class='ocr_par' dir='ltr' id='par_1_39' title="bbox 518 3759 3787 3836">
     <span class='ocr_line' id='line_1_39' title="bbox 518 3759 3787 3836; baseline -0.002 -17"><span class='ocrx_word' id='word_1_505' title='bbox 518 3765 572 3819; x_wconf 86' lang='lat' dir='ltr'><strong><em>in</em></strong></span> <span class='ocrx_word' id='word_1_506' title='bbox 637 3765 958 3836; x_wconf 84' lang='lat' dir='ltr'><strong><em>quihusdam</em></strong></span> <span class='ocrx_word' id='word_1_507' title='bbox 1021 3773 1238 3818; x_wconf 73' lang='lat' dir='ltr'><strong><em>secutus</em></strong></span> <span class='ocrx_word' id='word_1_508' title='bbox 1301 3773 1406 3817; x_wconf 72' lang='lat' dir='ltr'><strong><em>est.</em></strong></span> <span class='ocrx_word' id='word_1_509' title='bbox 1475 3761 1620 3817; x_wconf 90' lang='lat' dir='ltr'><strong><em>Certe</em></strong></span> <span class='ocrx_word' id='word_1_510' title='bbox 1674 3765 1880 3832; x_wconf 87' lang='lat' dir='ltr'><strong><em>quidem</em></strong></span> <span class='ocrx_word' id='word_1_511' title='bbox 1929 3763 2016 3832; x_wconf 87' lang='lat' dir='ltr'><strong><em>qui</em></strong></span> <span class='ocrx_word' id='word_1_512' title='bbox 2073 3764 2339 3832; x_wconf 84' lang='lat' dir='ltr'><strong><em>utriusque</em></strong></span> <span class='ocrx_word' id='word_1_513' title='bbox 2387 3763 2842 3816; x_wconf 88' lang='lat' dir='ltr'><strong><em>commentationes</em></strong></span> <span class='ocrx_word' id='word_1_514' title='bbox 2893 3763 2944 3814; x_wconf 90' lang='lat' dir='ltr'><strong><em>in</em></strong></span> <span class='ocrx_word' id='word_1_515' title='bbox 3001 3763 3230 3830; x_wconf 86' lang='lat' dir='ltr'><strong><em>psalmos</em></strong></span> <span class='ocrx_word' id='word_1_516' title='bbox 3283 3775 3499 3824; x_wconf 65' lang='lat' dir='ltr'><strong><em>xxx“,</em></strong></span> <span class='ocrx_word' id='word_1_517' title='bbox 3565 3767 3721 3812; x_wconf 69' lang='lat' dir='ltr'><strong><em>In&quot;!</em></strong></span> <span class='ocrx_word' id='word_1_518' title='bbox 3755 3759 3787 3802; x_wconf 60' lang='grc' dir='ltr'><em>εἰ</em></span> 
     </span>
    </p>
   </div>
   <div class='ocr_carea' id='block_1_40' title="bbox 517 3841 3785 3925">
    <p class='ocr_par' dir='ltr' id='par_1_40' title="bbox 517 3841 3785 3925">
     <span class='ocr_line' id='line_1_40' title="bbox 517 3841 3785 3925; baseline -0.004 -10"><span class='ocrx_word' id='word_1_519' title='bbox 517 3875 724 3915; x_wconf 72' lang='grc' dir='ltr'><strong><em>κχκνιιι</em></strong></span> <span class='ocrx_word' id='word_1_520' title='bbox 785 3861 920 3913; x_wconf 88' lang='lat' dir='ltr'><strong><em>inter</em></strong></span> <span class='ocrx_word' id='word_1_521' title='bbox 976 3877 1030 3913; x_wconf 87' lang='lat' dir='ltr'><strong><em>se</em></strong></span> <span class='ocrx_word' id='word_1_522' title='bbox 1083 3857 1394 3922; x_wconf 85' lang='lat' dir='ltr'><strong><em>contulerit,</em></strong></span> <span class='ocrx_word' id='word_1_523' title='bbox 1453 3857 1592 3910; x_wconf 86' lang='lat' dir='ltr'><strong><em>haud</em></strong></span> <span class='ocrx_word' id='word_1_524' title='bbox 1653 3873 1816 3925; x_wconf 88' lang='lat' dir='ltr'><strong><em>pauca</em></strong></span> <span class='ocrx_word' id='word_1_525' title='bbox 1871 3872 1934 3910; x_wconf 83' lang='lat' dir='ltr'><strong><em>ex</em></strong></span> <span class='ocrx_word' id='word_1_526' title='bbox 1988 3853 2314 3924; x_wconf 76' lang='lat' dir='ltr'><strong><em>Origcnianis</em></strong></span> <span class='ocrx_word' id='word_1_527' title='bbox 2365 3855 2419 3908; x_wconf 89' lang='lat' dir='ltr'><strong><em>in</em></strong></span> <span class='ocrx_word' id='word_1_528' title='bbox 2477 3855 2846 3908; x_wconf 83' lang='lat' dir='ltr'><strong><em>Ambrosianus</em></strong></span> <span class='ocrx_word' id='word_1_529' title='bbox 2899 3855 3175 3924; x_wconf 71' lang='lat' dir='ltr'><strong><em>comperiet</em></strong></span> <span class='ocrx_word' id='word_1_530' title='bbox 3235 3869 3346 3908; x_wconf 86' lang='lat' dir='ltr'><strong><em>esse</em></strong></span> <span class='ocrx_word' id='word_1_531' title='bbox 3397 3851 3670 3908; x_wconf 84' lang='lat' dir='ltr'><strong><em>translata.</em></strong></span> <span class='ocrx_word' id='word_1_532' title='bbox 3715 3841 3785 3898; x_wconf 69' lang='lat' dir='ltr'><strong><em>Sed</em></strong></span> 
     </span>
    </p>
   </div>
   <div class='ocr_carea' id='block_1_41' title="bbox 511 3937 3773 4025">
    <p class='ocr_par' dir='ltr' id='par_1_41' title="bbox 511 3937 3773 4025">
     <span class='ocr_line' id='line_1_41' title="bbox 511 3937 3773 4025; baseline -0.002 -20"><span class='ocrx_word' id='word_1_533' title='bbox 511 3952 596 4005; x_wconf 86' lang='lat' dir='ltr'><strong><em>hic</em></strong></span> <span class='ocrx_word' id='word_1_534' title='bbox 639 3952 851 4024; x_wconf 76' lang='lat' dir='ltr'><strong><em>insuper</em></strong></span> <span class='ocrx_word' id='word_1_535' title='bbox 905 3951 1146 4025; x_wconf 88' lang='lat' dir='ltr'><strong><em>dogmata</em></strong></span> <span class='ocrx_word' id='word_1_536' title='bbox 1193 3953 1428 4022; x_wconf 70' lang='lat' dir='ltr'><strong><em>qua’dam</em></strong></span> <span class='ocrx_word' id='word_1_537' title='bbox 1475 3968 1592 4006; x_wconf 89' lang='lat' dir='ltr'><strong><em>cum</em></strong></span> <span class='ocrx_word' id='word_1_538' title='bbox 1649 3949 1886 4020; x_wconf 81' lang='lat' dir='ltr'><strong><em>Origenis</em></strong></span> <span class='ocrx_word' id='word_1_539' title='bbox 1939 3951 2198 4004; x_wconf 89' lang='lat' dir='ltr'><strong><em>erroribus</em></strong></span> <span class='ocrx_word' id='word_1_540' title='bbox 2243 3949 2308 4002; x_wconf 85' lang='lat' dir='ltr'><strong><em>de</em></strong></span> <span class='ocrx_word' id='word_1_541' title='bbox 2347 3947 2573 4022; x_wconf 87' lang='lat' dir='ltr'><strong><em>judicio,</em></strong></span> <span class='ocrx_word' id='word_1_542' title='bbox 2629 3948 3001 4002; x_wconf 83' lang='lat' dir='ltr'><strong><em>resurrectiOne</em></strong></span> <span class='ocrx_word' id='word_1_543' title='bbox 3041 3946 3151 4008; x_wconf 83' lang='lat' dir='ltr'><strong><em>(In</em></strong></span> <span class='ocrx_word' id='word_1_544' title='bbox 3207 3946 3400 4018; x_wconf 84' lang='lat' dir='ltr'><strong><em>psalm.</em></strong></span> <span class='ocrx_word' id='word_1_545' title='bbox 3451 3961 3492 4005; x_wconf 79' lang='grc' dir='ltr'><strong><em>ι,</em></strong></span> <span class='ocrx_word' id='word_1_546' title='bbox 3551 3937 3773 3996; x_wconf 43' lang='lat' dir='ltr'><strong><em>nam.“</em></strong></span> 
     </span>
    </p>
   </div>
   <div class='ocr_carea' id='block_1_42' title="bbox 515 4028 3782 4116">
    <p class='ocr_par' dir='ltr' id='par_1_42' title="bbox 515 4028 3782 4116">
     <span class='ocr_line' id='line_1_42' title="bbox 515 4028 3782 4116; baseline -0.001 -20"><span class='ocrx_word' id='word_1_547' title='bbox 515 4056 562 4096; x_wconf 87' lang='lat' dir='ltr'><strong><em>et</em></strong></span> <span class='ocrx_word' id='word_1_548' title='bbox 609 4043 660 4095; x_wconf 87' lang='lat' dir='ltr'><strong><em>in</em></strong></span> <span class='ocrx_word' id='word_1_549' title='bbox 711 4043 897 4108; x_wconf 85' lang='lat' dir='ltr'><strong><em>psalm.</em></strong></span> <span class='ocrx_word' id='word_1_550' title='bbox 955 4061 1139 4108; x_wconf 75' lang='lat' dir='ltr'><strong><em>xxwu,</em></strong></span> <span class='ocrx_word' id='word_1_551' title='bbox 1183 4061 1324 4098; x_wconf 90' lang='lat' dir='ltr'><strong><em>num.</em></strong></span> <span class='ocrx_word' id='word_1_552' title='bbox 1378 4043 1507 4111; x_wconf 66' lang='lat' dir='ltr'><strong><em>5&#39;s),</em></strong></span> <span class='ocrx_word' id='word_1_553' title='bbox 1555 4061 1750 4097; x_wconf 80' lang='lat' dir='ltr'><strong><em>necnon</em></strong></span> <span class='ocrx_word' id='word_1_554' title='bbox 1813 4045 2040 4098; x_wconf 85' lang='lat' dir='ltr'><strong><em>omnium</em></strong></span> <span class='ocrx_word' id='word_1_555' title='bbox 2086 4045 2241 4097; x_wconf 84' lang='lat' dir='ltr'><strong><em>etiam</em></strong></span> <span class='ocrx_word' id='word_1_556' title='bbox 2283 4044 2560 4097; x_wconf 85' lang='lat' dir='ltr'><strong><em>electarum</em></strong></span> <span class='ocrx_word' id='word_1_557' title='bbox 2609 4059 2700 4111; x_wconf 88' lang='lat' dir='ltr'><strong><em>per</em></strong></span> <span class='ocrx_word' id='word_1_558' title='bbox 2746 4044 2914 4116; x_wconf 84' lang='lat' dir='ltr'><strong><em>ignem</em></strong></span> <span class='ocrx_word' id='word_1_559' title='bbox 2963 4043 3267 4114; x_wconf 87' lang='lat' dir='ltr'><strong><em>purgatione</em></strong></span> <span class='ocrx_word' id='word_1_560' title='bbox 3335 4039 3620 4094; x_wconf 82' lang='lat' dir='ltr'><strong><em>admodum</em></strong></span> <span class='ocrx_word' id='word_1_561' title='bbox 3657 4028 3782 4100; x_wconf 53' lang='grc' dir='ltr'><strong><em>αῶηίη</em></strong></span> 
     </span>
    </p>
   </div>
   <div class='ocr_carea' id='block_1_43' title="bbox 515 4125 3782 4209">
    <p class='ocr_par' dir='ltr' id='par_1_43' title="bbox 515 4125 3782 4209">
     <span class='ocr_line' id='line_1_43' title="bbox 515 4125 3782 4209; baseline -0.002 -24"><span class='ocrx_word' id='word_1_562' title='bbox 515 4134 961 4205; x_wconf 78' lang='lat' dir='ltr'><strong><em>deprehendimus.</em></strong></span> <span class='ocrx_word' id='word_1_563' title='bbox 1025 4134 1216 4189; x_wconf 83' lang='lat' dir='ltr'><strong><em>Verum</em></strong></span> <span class='ocrx_word' id='word_1_564' title='bbox 1275 4136 1558 4209; x_wconf 83' lang='lat' dir='ltr'><strong><em>insignium</em></strong></span> <span class='ocrx_word' id='word_1_565' title='bbox 1611 4137 1837 4189; x_wconf 80' lang='lat' dir='ltr'><strong><em>virorum</em></strong></span> <span class='ocrx_word' id='word_1_566' title='bbox 1893 4137 2077 4189; x_wconf 85' lang='lat' dir='ltr'><strong><em>honori</em></strong></span> <span class='ocrx_word' id='word_1_567' title='bbox 2123 4135 2258 4200; x_wconf 88' lang='lat' dir='ltr'><strong><em>hoc,</em></strong></span> <span class='ocrx_word' id='word_1_568' title='bbox 2315 4135 2391 4189; x_wconf 89' lang='lat' dir='ltr'><strong><em>uti</em></strong></span> <span class='ocrx_word' id='word_1_569' title='bbox 2435 4151 2527 4189; x_wconf 86' lang='lat' dir='ltr'><strong><em>nos</em></strong></span> <span class='ocrx_word' id='word_1_570' title='bbox 2583 4136 2707 4190; x_wconf 88' lang='lat' dir='ltr'><strong><em>alibi</em></strong></span> <span class='ocrx_word' id='word_1_571' title='bbox 2761 4136 3118 4190; x_wconf 83' lang='lat' dir='ltr'><strong><em>annotarimus</em></strong></span> <span class='ocrx_word' id='word_1_572' title='bbox 3163 4135 3472 4204; x_wconf 87' lang='lat' dir='ltr'><strong><em>(Admonit.</em></strong></span> <span class='ocrx_word' id='word_1_573' title='bbox 3531 4133 3584 4184; x_wconf 88' lang='lat' dir='ltr'><strong><em>in</em></strong></span> <span class='ocrx_word' id='word_1_574' title='bbox 3635 4125 3705 4180; x_wconf 75' lang='lat' dir='ltr'><strong><em>lib.</em></strong></span> <span class='ocrx_word' id='word_1_575' title='bbox 3749 4129 3782 4172; x_wconf 68' lang='grc' dir='ltr'><strong><em>τί</em></strong></span> 
     </span>
    </p>
   </div>
   <div class='ocr_carea' id='block_1_44' title="bbox 510 4221 3775 4298">
    <p class='ocr_par' dir='ltr' id='par_1_44' title="bbox 510 4221 3775 4298">
     <span class='ocr_line' id='line_1_44' title="bbox 510 4221 3775 4298; baseline -0.003 -21"><span class='ocrx_word' id='word_1_576' title='bbox 510 4224 716 4296; x_wconf 89' lang='lat' dir='ltr'><strong><em>alibi),</em></strong></span> <span class='ocrx_word' id='word_1_577' title='bbox 781 4227 976 4290; x_wconf 87' lang='lat' dir='ltr'><strong><em>dabat;</em></strong></span> <span class='ocrx_word' id='word_1_578' title='bbox 1029 4237 1082 4281; x_wconf 86' lang='lat' dir='ltr'><strong><em>ut</em></strong></span> <span class='ocrx_word' id='word_1_579' title='bbox 1133 4243 1308 4280; x_wconf 83' lang='lat' dir='ltr'><strong><em>eorum</em></strong></span> <span class='ocrx_word' id='word_1_580' title='bbox 1351 4228 1620 4290; x_wconf 76' lang='lat' dir='ltr'><strong><em>opiniones</em></strong></span> <span class='ocrx_word' id='word_1_581' title='bbox 1676 4227 1906 4280; x_wconf 85' lang='lat' dir='ltr'><strong><em>nondum</em></strong></span> <span class='ocrx_word' id='word_1_582' title='bbox 1959 4226 2158 4292; x_wconf 88' lang='lat' dir='ltr'><strong><em>liquido</em></strong></span> <span class='ocrx_word' id='word_1_583' title='bbox 2217 4227 2533 4292; x_wconf 82' lang='lat' dir='ltr'><strong><em>proscriptus</em></strong></span> <span class='ocrx_word' id='word_1_584' title='bbox 2598 4227 2660 4281; x_wconf 90' lang='lat' dir='ltr'><strong><em>ab</em></strong></span> <span class='ocrx_word' id='word_1_585' title='bbox 2717 4226 2948 4280; x_wconf 78' lang='lat' dir='ltr'><strong><em>Ecclesia</em></strong></span> <span class='ocrx_word' id='word_1_586' title='bbox 3002 4241 3286 4298; x_wconf 86' lang='lat' dir='ltr'><strong><em>proponere</em></strong></span> <span class='ocrx_word' id='word_1_587' title='bbox 3337 4242 3443 4278; x_wconf 88' lang='lat' dir='ltr'><strong><em>non</em></strong></span> <span class='ocrx_word' id='word_1_588' title='bbox 3502 4221 3775 4294; x_wconf 65' lang='lat' dir='ltr'><strong><em>gravaretur.</em></strong></span> 
     </span>
    </p>
   </div>
   <div class='ocr_carea' id='block_1_45' title="bbox 513 4311 3780 4389">
    <p class='ocr_par' dir='ltr' id='par_1_45' title="bbox 513 4311 3780 4389">
     <span class='ocr_line' id='line_1_45' title="bbox 513 4311 3780 4389; baseline 0 -21"><span class='ocrx_word' id='word_1_589' title='bbox 513 4315 626 4368; x_wconf 87' lang='lat' dir='ltr'><strong><em>licet</em></strong></span> <span class='ocrx_word' id='word_1_590' title='bbox 677 4317 962 4388; x_wconf 80' lang='lat' dir='ltr'><strong><em>oppositam</em></strong></span> <span class='ocrx_word' id='word_1_591' title='bbox 1018 4319 1321 4371; x_wconf 80' lang='lat' dir='ltr'><strong><em>sententiam</em></strong></span> <span class='ocrx_word' id='word_1_592' title='bbox 1377 4317 1498 4371; x_wconf 83' lang='lat' dir='ltr'><strong><em>data</em></strong></span> <span class='ocrx_word' id='word_1_593' title='bbox 1549 4319 1818 4370; x_wconf 84' lang='lat' dir='ltr'><strong><em>occasione</em></strong></span> <span class='ocrx_word' id='word_1_594' title='bbox 1863 4319 2041 4372; x_wconf 83' lang='lat' dir='ltr'><strong><em>docent</em></strong></span> <span class='ocrx_word' id='word_1_595' title='bbox 2092 4331 2246 4386; x_wconf 83' lang='lat' dir='ltr'><strong><em>atque</em></strong></span> <span class='ocrx_word' id='word_1_596' title='bbox 2283 4319 2550 4389; x_wconf 79' lang='lat' dir='ltr'><strong><em>approbet.</em></strong></span> <span class='ocrx_word' id='word_1_597' title='bbox 2611 4316 2678 4372; x_wconf 85' lang='lat' dir='ltr'><strong><em>Id</em></strong></span> <span class='ocrx_word' id='word_1_598' title='bbox 2733 4329 2902 4372; x_wconf 82' lang='lat' dir='ltr'><strong><em>autem</em></strong></span> <span class='ocrx_word' id='word_1_599' title='bbox 2955 4333 3069 4370; x_wconf 85' lang='lat' dir='ltr'><strong><em>cum</em></strong></span> <span class='ocrx_word' id='word_1_600' title='bbox 3123 4318 3178 4370; x_wconf 89' lang='lat' dir='ltr'><strong><em>in</em></strong></span> <span class='ocrx_word' id='word_1_601' title='bbox 3231 4318 3328 4370; x_wconf 87' lang='lat' dir='ltr'><strong><em>hoc</em></strong></span> <span class='ocrx_word' id='word_1_602' title='bbox 3369 4318 3488 4386; x_wconf 87' lang='lat' dir='ltr'><strong><em>ipso</em></strong></span> <span class='ocrx_word' id='word_1_603' title='bbox 3533 4311 3780 4380; x_wconf 66' lang='grc' dir='ltr'><strong><em>αῖςιιηιεπτθ</em></strong></span> 
     </span>
    </p>
   </div>
   <div class='ocr_carea' id='block_1_46' title="bbox 513 4391 3772 4478">
    <p class='ocr_par' dir='ltr' id='par_1_46' title="bbox 513 4391 3772 4478">
     <span class='ocr_line' id='line_1_46' title="bbox 513 4391 3772 4478; baseline -0.002 -18"><span class='ocrx_word' id='word_1_604' title='bbox 513 4407 705 4474; x_wconf 69' lang='lat' dir='ltr'><strong><em>factum</em></strong></span> <span class='ocrx_word' id='word_1_605' title='bbox 759 4407 820 4460; x_wconf 87' lang='lat' dir='ltr'><strong><em>ab</em></strong></span> <span class='ocrx_word' id='word_1_606' title='bbox 870 4423 928 4460; x_wconf 87' lang='lat' dir='ltr'><strong><em>ea</em></strong></span> <span class='ocrx_word' id='word_1_607' title='bbox 974 4425 1380 4476; x_wconf 82' lang='lat' dir='ltr'><strong><em>cognoscamus,</em></strong></span> <span class='ocrx_word' id='word_1_608' title='bbox 1440 4409 1661 4461; x_wconf 78' lang='lat' dir='ltr'><strong><em>maxime</em></strong></span> <span class='ocrx_word' id='word_1_609' title='bbox 1711 4423 1778 4460; x_wconf 81' lang='lat' dir='ltr'><strong><em>ex</em></strong></span> <span class='ocrx_word' id='word_1_610' title='bbox 1832 4407 1910 4462; x_wconf 88' lang='lat' dir='ltr'><strong><em>his</em></strong></span> <span class='ocrx_word' id='word_1_611' title='bbox 1954 4423 2068 4472; x_wconf 68' lang='lat' dir='ltr'><strong><em>qua</em></strong></span> <span class='ocrx_word' id='word_1_612' title='bbox 2117 4410 2172 4461; x_wconf 89' lang='lat' dir='ltr'><strong><em>in</em></strong></span> <span class='ocrx_word' id='word_1_613' title='bbox 2219 4409 2539 4474; x_wconf 69' lang='lat' dir='ltr'><strong><em>expositione</em></strong></span> <span class='ocrx_word' id='word_1_614' title='bbox 2591 4411 2779 4478; x_wconf 79' lang='lat' dir='ltr'><strong><em>psalmi</em></strong></span> <span class='ocrx_word' id='word_1_615' title='bbox 2805 4423 3192 4474; x_wconf 83' lang='lat' dir='ltr'><strong><em>cxvm,serm.</em></strong></span> <span class='ocrx_word' id='word_1_616' title='bbox 3249 4406 3352 4466; x_wconf 78' lang='lat'><strong><em>20,</em></strong></span> <span class='ocrx_word' id='word_1_617' title='bbox 3395 4421 3530 4462; x_wconf 73' lang='lat' dir='ltr'><strong><em>vers.</em></strong></span> <span class='ocrx_word' id='word_1_618' title='bbox 3581 4401 3613 4454; x_wconf 75' lang='grc'>2</span> <span class='ocrx_word' id='word_1_619' title='bbox 3647 4406 3686 4450; x_wconf 71' lang='grc' dir='ltr'><strong><em>ει</em></strong></span> <span class='ocrx_word' id='word_1_620' title='bbox 3727 4391 3772 4450; x_wconf 54' lang='grc'><strong><em>8,</em></strong></span> 
     </span>
    </p>
   </div>
   <div class='ocr_carea' id='block_1_47' title="bbox 513 4483 3774 4570">
    <p class='ocr_par' dir='ltr' id='par_1_47' title="bbox 513 4483 3774 4570">
     <span class='ocr_line' id='line_1_47' title="bbox 513 4483 3774 4570; baseline -0.002 -20"><span class='ocrx_word' id='word_1_621' title='bbox 513 4501 691 4562; x_wconf 88' lang='lat' dir='ltr'><strong><em>tradit,</em></strong></span> <span class='ocrx_word' id='word_1_622' title='bbox 738 4499 1014 4552; x_wconf 71' lang='lat' dir='ltr'><strong><em>admodum</em></strong></span> <span class='ocrx_word' id='word_1_623' title='bbox 1063 4500 1233 4554; x_wconf 78' lang='lat' dir='ltr'><strong><em>simile</em></strong></span> <span class='ocrx_word' id='word_1_624' title='bbox 1284 4501 1386 4553; x_wconf 82' lang='lat' dir='ltr'><strong><em>veri</em></strong></span> <span class='ocrx_word' id='word_1_625' title='bbox 1430 4509 1501 4553; x_wconf 87' lang='lat' dir='ltr'><strong><em>est</em></strong></span> <span class='ocrx_word' id='word_1_626' title='bbox 1549 4500 1688 4552; x_wconf 88' lang='lat' dir='ltr'><strong><em>circa</em></strong></span> <span class='ocrx_word' id='word_1_627' title='bbox 1728 4499 1834 4551; x_wconf 68' lang='lat' dir='ltr'><strong><em>lia&#39;c</em></strong></span> <span class='ocrx_word' id='word_1_628' title='bbox 1889 4498 1992 4551; x_wconf 90' lang='lat' dir='ltr'><strong><em>duo</em></strong></span> <span class='ocrx_word' id='word_1_629' title='bbox 2035 4499 2203 4570; x_wconf 82' lang='lat' dir='ltr'><strong><em>capita</em></strong></span> <span class='ocrx_word' id='word_1_630' title='bbox 2241 4500 2414 4570; x_wconf 81' lang='lat' dir='ltr'><strong><em>ipsum</em></strong></span> <span class='ocrx_word' id='word_1_631' title='bbox 2457 4517 2558 4552; x_wconf 87' lang='lat' dir='ltr'><strong><em>non</em></strong></span> <span class='ocrx_word' id='word_1_632' title='bbox 2605 4499 2710 4553; x_wconf 78' lang='lat' dir='ltr'><strong><em>alia</em></strong></span> <span class='ocrx_word' id='word_1_633' title='bbox 2762 4503 3006 4562; x_wconf 85' lang='lat' dir='ltr'><strong><em>sensisse,</em></strong></span> <span class='ocrx_word' id='word_1_634' title='bbox 3051 4515 3204 4566; x_wconf 87' lang='lat' dir='ltr'><strong><em>qnam</em></strong></span> <span class='ocrx_word' id='word_1_635' title='bbox 3247 4511 3362 4560; x_wconf 71' lang='lat' dir='ltr'><strong><em>qua?</em></strong></span> <span class='ocrx_word' id='word_1_636' title='bbox 3411 4503 3588 4566; x_wconf 86' lang='lat' dir='ltr'><strong><em>postea</em></strong></span> <span class='ocrx_word' id='word_1_637' title='bbox 3627 4483 3774 4543; x_wconf 59' lang='lat' dir='ltr'><strong><em>clarii“</em></strong></span> 
     </span>
    </p>
   </div>
   <div class='ocr_carea' id='block_1_48' title="bbox 508 4575 3766 4663">
    <p class='ocr_par' dir='ltr' id='par_1_48' title="bbox 508 4575 3766 4663">
     <span class='ocr_line' id='line_1_48' title="bbox 508 4575 3766 4663; baseline -0.002 -21"><span class='ocrx_word' id='word_1_638' title='bbox 508 4592 572 4643; x_wconf 89' lang='lat' dir='ltr'><strong><em>ab</em></strong></span> <span class='ocrx_word' id='word_1_639' title='bbox 629 4592 918 4660; x_wconf 83' lang='lat' dir='ltr'><strong><em>Augustino</em></strong></span> <span class='ocrx_word' id='word_1_640' title='bbox 971 4589 1131 4663; x_wconf 87' lang='lat' dir='ltr'><strong><em>(Lib.</em></strong></span> <span class='ocrx_word' id='word_1_641' title='bbox 1190 4607 1257 4645; x_wconf 77' lang='lat' dir='ltr'><strong><em>xx</em></strong></span> <span class='ocrx_word' id='word_1_642' title='bbox 1288 4633 1301 4653; x_wconf 87' lang='lat'><strong><em>,</em></strong></span> <span class='ocrx_word' id='word_1_643' title='bbox 1355 4589 1417 4645; x_wconf 88' lang='lat' dir='ltr'><strong><em>de</em></strong></span> <span class='ocrx_word' id='word_1_644' title='bbox 1465 4589 1658 4656; x_wconf 83' lang='lat' dir='ltr'><strong><em>Civit.,</em></strong></span> <span class='ocrx_word' id='word_1_645' title='bbox 1711 4607 1826 4656; x_wconf 88' lang='lat' dir='ltr'><strong><em>cap.</em></strong></span> <span class='ocrx_word' id='word_1_646' title='bbox 1887 4589 1920 4644; x_wconf 91' lang='lat'><strong>8</strong></span> <span class='ocrx_word' id='word_1_647' title='bbox 1955 4631 1968 4652; x_wconf 93' lang='lat'><strong><em>,</em></strong></span> <span class='ocrx_word' id='word_1_648' title='bbox 2041 4589 2129 4642; x_wconf 87' lang='lat' dir='ltr'><strong><em>lib.</em></strong></span> <span class='ocrx_word' id='word_1_649' title='bbox 2188 4605 2319 4655; x_wconf 75' lang='lat' dir='ltr'><strong><em>xxI,</em></strong></span> <span class='ocrx_word' id='word_1_650' title='bbox 2377 4605 2493 4660; x_wconf 87' lang='lat' dir='ltr'><strong><em>cap.</em></strong></span> <span class='ocrx_word' id='word_1_651' title='bbox 2535 4587 2648 4659; x_wconf 69' lang='lat'><strong><em>26)</em></strong></span> <span class='ocrx_word' id='word_1_652' title='bbox 2701 4593 2815 4662; x_wconf 86' lang='lat' dir='ltr'><strong><em>ejus</em></strong></span> <span class='ocrx_word' id='word_1_653' title='bbox 2859 4589 3114 4660; x_wconf 87' lang='lat' dir='ltr'><strong><em>discipulo</em></strong></span> <span class='ocrx_word' id='word_1_654' title='bbox 3163 4588 3444 4658; x_wconf 84' lang='lat' dir='ltr'><strong><em>explanata</em></strong></span> <span class='ocrx_word' id='word_1_655' title='bbox 3497 4575 3766 4658; x_wconf 65' lang='lat' dir='ltr'><strong><em>postmodm</em></strong></span> 
     </span>
    </p>
   </div>
   <div class='ocr_carea' id='block_1_49' title="bbox 512 4679 1987 4750">
    <p class='ocr_par' dir='ltr' id='par_1_49' title="bbox 512 4679 1987 4750">
     <span class='ocr_line' id='line_1_49' title="bbox 512 4679 1987 4750; baseline 0.002 -20"><span class='ocrx_word' id='word_1_656' title='bbox 512 4682 768 4736; x_wconf 87' lang='lat' dir='ltr'><strong><em>communi</em></strong></span> <span class='ocrx_word' id='word_1_657' title='bbox 814 4697 1060 4736; x_wconf 82' lang='lat' dir='ltr'><strong><em>consensu</em></strong></span> <span class='ocrx_word' id='word_1_658' title='bbox 1100 4682 1324 4750; x_wconf 81' lang='lat' dir='ltr'><strong><em>amplexi</em></strong></span> <span class='ocrx_word' id='word_1_659' title='bbox 1366 4691 1482 4736; x_wconf 84' lang='lat' dir='ltr'><strong><em>sunt</em></strong></span> <span class='ocrx_word' id='word_1_660' title='bbox 1525 4697 1700 4736; x_wconf 84' lang='lat' dir='ltr'><strong><em>omnes</em></strong></span> <span class='ocrx_word' id='word_1_661' title='bbox 1741 4679 1987 4750; x_wconf 84' lang='lat' dir='ltr'><strong><em>theologi.</em></strong></span> 
     </span>
    </p>
   </div>
  </div>
