  <div class='ocr_page' id='page_1' title='image "/cluster/home/n/w/nwhite01/storage/ocr_20150623/14/hvd.32044015471303/472.png"; bbox 0 0 4042 6378; ppageno 0'>
   <div class='ocr_carea' id='block_1_1' title="bbox 101 315 238 386">
    <p class='ocr_par' dir='ltr' id='par_1_1' title="bbox 101 315 238 386">
     <span class='ocr_line' id='line_1_1' title="bbox 101 315 238 386; baseline 0.015 -4"><span class='ocrx_word' id='word_1_1' title='bbox 101 315 238 386; x_wconf 71' lang='lat' dir='ltr'><strong>93f;</strong></span> 
     </span>
    </p>
   </div>
   <div class='ocr_carea' id='block_1_2' title="bbox 1374 333 2338 398">
    <p class='ocr_par' dir='ltr' id='par_1_2' title="bbox 1374 333 2338 398">
     <span class='ocr_line' id='line_1_2' title="bbox 1374 333 2338 398; baseline -0.001 -8"><span class='ocrx_word' id='word_1_2' title='bbox 1374 334 1438 390; x_wconf 80' lang='grc' dir='ltr'><strong>ΙΝ</strong></span> <span class='ocrx_word' id='word_1_3' title='bbox 1478 333 1808 398; x_wconf 71' lang='lat' dir='ltr'><strong>PSALMUM</strong></span> <span class='ocrx_word' id='word_1_4' title='bbox 1853 335 1870 390; x_wconf 89' lang='grc' dir='ltr'><strong>Ι</strong></span> <span class='ocrx_word' id='word_1_5' title='bbox 1913 333 2338 394; x_wconf 74' lang='lat' dir='ltr'><strong>ENABBATIU.</strong></span> 
     </span>
    </p>
   </div>
   <div class='ocr_carea' id='block_1_3' title="bbox 3406 330 3510 398">
    <p class='ocr_par' dir='ltr' id='par_1_3' title="bbox 3406 330 3510 398">
     <span class='ocr_line' id='line_1_3' title="bbox 3406 330 3510 398; baseline 0.01 -13"><span class='ocrx_word' id='word_1_6' title='bbox 3406 330 3510 398; x_wconf 63' lang='grc'><strong>954</strong></span> 
     </span>
    </p>
   </div>
   <div class='ocr_carea' id='block_1_4' title="bbox 102 446 3512 522">
    <p class='ocr_par' dir='ltr' id='par_1_4' title="bbox 102 446 3512 522">
     <span class='ocr_line' id='line_1_4' title="bbox 102 446 3512 522; baseline -0.001 -20"><span class='ocrx_word' id='word_1_7' title='bbox 102 460 462 521; x_wconf 65' lang='lat' dir='ltr'><strong>praerupta</strong></span> <span class='ocrx_word' id='word_1_8' title='bbox 529 453 816 517; x_wconf 87' lang='lat' dir='ltr'><strong>montium,</strong></span> <span class='ocrx_word' id='word_1_9' title='bbox 860 453 1028 509; x_wconf 90' lang='lat' dir='ltr'><strong>densa</strong></span> <span class='ocrx_word' id='word_1_10' title='bbox 1083 453 1366 508; x_wconf 75' lang='lat' dir='ltr'><strong>silvarum.</strong></span> <span class='ocrx_word' id='word_1_11' title='bbox 1399 451 1652 522; x_wconf 53' lang='lat' dir='ltr'><strong>Taediasti</strong></span> <span class='ocrx_word' id='word_1_12' title='bbox 1707 467 1798 520; x_wconf 90' lang='lat' dir='ltr'><strong>pa-</strong></span> <span class='ocrx_word' id='word_1_13' title='bbox 1829 461 1872 519; x_wconf 72' lang='grc' dir='ltr'><strong>Α</strong></span> <span class='ocrx_word' id='word_1_14' title='bbox 1908 466 2065 518; x_wconf 78' lang='lat' dir='ltr'><strong>prava</strong></span> <span class='ocrx_word' id='word_1_15' title='bbox 2115 453 2428 514; x_wconf 86' lang='lat' dir='ltr'><strong>constituat.</strong></span> <span class='ocrx_word' id='word_1_16' title='bbox 2457 449 2573 514; x_wconf 78' lang='lat' dir='ltr'><strong>Non</strong></span> <span class='ocrx_word' id='word_1_17' title='bbox 2608 446 2807 518; x_wconf 83' lang='lat' dir='ltr'><strong>dicitur</strong></span> <span class='ocrx_word' id='word_1_18' title='bbox 2850 446 2933 502; x_wconf 92' lang='lat' dir='ltr'><strong>ci:</strong></span> <span class='ocrx_word' id='word_1_19' title='bbox 2971 446 3063 502; x_wconf 79' lang='lat' dir='ltr'><strong>l’te</strong></span> <span class='ocrx_word' id='word_1_20' title='bbox 3108 446 3193 516; x_wconf 85' lang='lat' dir='ltr'><strong>qui</strong></span> <span class='ocrx_word' id='word_1_21' title='bbox 3233 446 3512 516; x_wconf 82' lang='lat' dir='ltr'><strong>dereliqui-</strong></span> 
     </span>
    </p>
   </div>
   <div class='ocr_carea' id='block_1_5' title="bbox 101 543 1799 620">
    <p class='ocr_par' dir='ltr' id='par_1_5' title="bbox 101 543 1799 620">
     <span class='ocr_line' id='line_1_5' title="bbox 101 543 1799 620; baseline 0.002 -25"><span class='ocrx_word' id='word_1_22' title='bbox 101 556 259 596; x_wconf 83' lang='lat' dir='ltr'><strong>rum</strong></span> <span class='ocrx_word' id='word_1_23' title='bbox 288 583 307 606; x_wconf 93' lang='lat'><strong>,</strong></span> <span class='ocrx_word' id='word_1_24' title='bbox 363 543 590 601; x_wconf 83' lang='lat' dir='ltr'><strong>iterum</strong></span> <span class='ocrx_word' id='word_1_25' title='bbox 625 545 885 601; x_wconf 91' lang='lat' dir='ltr'><strong>transisti.</strong></span> <span class='ocrx_word' id='word_1_26' title='bbox 921 546 1067 620; x_wconf 81' lang='lat' dir='ltr'><strong>Talis</strong></span> <span class='ocrx_word' id='word_1_27' title='bbox 1096 546 1213 600; x_wconf 83' lang='lat' dir='ltr'><strong>ha-e</strong></span> <span class='ocrx_word' id='word_1_28' title='bbox 1241 544 1344 616; x_wconf 87' lang='lat' dir='ltr'><strong>vita</strong></span> <span class='ocrx_word' id='word_1_29' title='bbox 1377 555 1481 608; x_wconf 87' lang='lat' dir='ltr'><strong>est,</strong></span> <span class='ocrx_word' id='word_1_30' title='bbox 1512 544 1666 615; x_wconf 84' lang='lat' dir='ltr'><strong>cujus</strong></span> <span class='ocrx_word' id='word_1_31' title='bbox 1699 559 1799 598; x_wconf 89' lang='lat' dir='ltr'><strong>nec</strong></span> 
     </span>
    </p>
   </div>
   <div class='ocr_carea' id='block_1_6' title="bbox 105 627 1796 714">
    <p class='ocr_par' dir='ltr' id='par_1_6' title="bbox 105 627 1796 714">
     <span class='ocr_line' id='line_1_6' title="bbox 105 627 1796 714; baseline 0 -24"><span class='ocrx_word' id='word_1_32' title='bbox 105 652 446 708; x_wconf 81' lang='lat' dir='ltr'><strong>prospera</strong></span> <span class='ocrx_word' id='word_1_33' title='bbox 512 650 871 712; x_wconf 88' lang='lat' dir='ltr'><strong>permanent,</strong></span> <span class='ocrx_word' id='word_1_34' title='bbox 914 658 1013 698; x_wconf 90' lang='lat' dir='ltr'><strong>nec</strong></span> <span class='ocrx_word' id='word_1_35' title='bbox 1071 641 1296 714; x_wconf 69' lang='lat' dir='ltr'><strong>adversa</strong></span> <span class='ocrx_word' id='word_1_36' title='bbox 1350 627 1606 712; x_wconf 79' lang='lat' dir='ltr'><strong>diuturna</strong></span> <span class='ocrx_word' id='word_1_37' title='bbox 1652 647 1796 691; x_wconf 86' lang='lat' dir='ltr'><strong>sunt.</strong></span> 
     </span>
    </p>
   </div>
   <div class='ocr_carea' id='block_1_7' title="bbox 108 729 1799 810">
    <p class='ocr_par' dir='ltr' id='par_1_7' title="bbox 108 729 1799 810">
     <span class='ocr_line' id='line_1_7' title="bbox 108 729 1799 810; baseline -0.001 -24"><span class='ocrx_word' id='word_1_38' title='bbox 108 729 299 803; x_wconf 77' lang='lat' dir='ltr'><strong>Ergo</strong></span> <span class='ocrx_word' id='word_1_39' title='bbox 333 735 522 810; x_wconf 81' lang='lat' dir='ltr'><strong>quasi</strong></span> <span class='ocrx_word' id='word_1_40' title='bbox 554 737 606 792; x_wconf 92' lang='lat' dir='ltr'><strong>iu</strong></span> <span class='ocrx_word' id='word_1_41' title='bbox 629 737 712 792; x_wconf 88' lang='lat' dir='ltr'><strong>via</strong></span> <span class='ocrx_word' id='word_1_42' title='bbox 745 736 979 791; x_wconf 80' lang='lat' dir='ltr'><strong>locatum</strong></span> <span class='ocrx_word' id='word_1_43' title='bbox 1027 751 1200 805; x_wconf 91' lang='lat' dir='ltr'><strong>neque</strong></span> <span class='ocrx_word' id='word_1_44' title='bbox 1231 730 1466 786; x_wconf 82' lang='lat' dir='ltr'><strong>secunda</strong></span> <span class='ocrx_word' id='word_1_45' title='bbox 1516 731 1799 806; x_wconf 63' lang='lat' dir='ltr'><strong>exiollant,</strong></span> 
     </span>
    </p>
   </div>
   <div class='ocr_carea' id='block_1_8' title="bbox 115 819 1804 906">
    <p class='ocr_par' dir='ltr' id='par_1_8' title="bbox 115 819 1804 906">
     <span class='ocr_line' id='line_1_8' title="bbox 115 819 1804 906; baseline 0 -24"><span class='ocrx_word' id='word_1_46' title='bbox 115 819 631 900; x_wconf 49' lang='lat' dir='ltr'><strong>ncque‘adversa</strong></span> <span class='ocrx_word' id='word_1_47' title='bbox 661 840 712 886; x_wconf 89' lang='lat' dir='ltr'><strong>te</strong></span> <span class='ocrx_word' id='word_1_48' title='bbox 745 830 1014 906; x_wconf 73' lang='lat' dir='ltr'><strong>frangant,</strong></span> <span class='ocrx_word' id='word_1_49' title='bbox 1051 845 1150 884; x_wconf 90' lang='lat' dir='ltr'><strong>nec</strong></span> <span class='ocrx_word' id='word_1_50' title='bbox 1192 826 1499 898; x_wconf 82' lang='lat' dir='ltr'><strong>plausibilia</strong></span> <span class='ocrx_word' id='word_1_51' title='bbox 1533 841 1804 882; x_wconf 87' lang='lat' dir='ltr'><strong>remoren-</strong></span> 
     </span>
    </p>
   </div>
   <div class='ocr_carea' id='block_1_9' title="bbox 120 915 1801 990">
    <p class='ocr_par' dir='ltr' id='par_1_9' title="bbox 120 915 1801 990">
     <span class='ocr_line' id='line_1_9' title="bbox 120 915 1801 990; baseline -0.001 -18"><span class='ocrx_word' id='word_1_52' title='bbox 120 928 261 987; x_wconf 86' lang='lat' dir='ltr'><strong>tur,</strong></span> <span class='ocrx_word' id='word_1_53' title='bbox 296 939 425 978; x_wconf 86' lang='lat' dir='ltr'><strong>nec</strong></span> <span class='ocrx_word' id='word_1_54' title='bbox 465 933 659 979; x_wconf 77' lang='lat' dir='ltr'><strong>intesta</strong></span> <span class='ocrx_word' id='word_1_55' title='bbox 685 924 983 978; x_wconf 86' lang='lat' dir='ltr'><strong>detineant.</strong></span> <span class='ocrx_word' id='word_1_56' title='bbox 1033 921 1247 976; x_wconf 83' lang='lat' dir='ltr'><strong>Festina</strong></span> <span class='ocrx_word' id='word_1_57' title='bbox 1278 934 1496 990; x_wconf 82' lang='lat' dir='ltr'><strong>semper</strong></span> <span class='ocrx_word' id='word_1_58' title='bbox 1516 915 1583 972; x_wconf 90' lang='lat' dir='ltr'><strong>ad</strong></span> <span class='ocrx_word' id='word_1_59' title='bbox 1615 917 1801 984; x_wconf 88' lang='lat' dir='ltr'><strong>linem,</strong></span> 
     </span>
    </p>
   </div>
   <div class='ocr_carea' id='block_1_10' title="bbox 129 1009 1802 1087">
    <p class='ocr_par' dir='ltr' id='par_1_10' title="bbox 129 1009 1802 1087">
     <span class='ocr_line' id='line_1_10' title="bbox 129 1009 1802 1087; baseline 0.001 -21"><span class='ocrx_word' id='word_1_60' title='bbox 129 1009 377 1070; x_wconf 81' lang='lat' dir='ltr'><strong>festina</strong></span> <span class='ocrx_word' id='word_1_61' title='bbox 446 1026 511 1087; x_wconf 92' lang='lat' dir='ltr'><strong>ut</strong></span> <span class='ocrx_word' id='word_1_62' title='bbox 567 1017 866 1087; x_wconf 86' lang='lat' dir='ltr'><strong>pervenias.</strong></span> <span class='ocrx_word' id='word_1_63' title='bbox 901 1016 1050 1087; x_wconf 79' lang='lat' dir='ltr'><strong>Elige</strong></span> <span class='ocrx_word' id='word_1_64' title='bbox 1083 1025 1262 1069; x_wconf 90' lang='lat' dir='ltr'><strong>tamen</strong></span> <span class='ocrx_word' id='word_1_65' title='bbox 1317 1012 1459 1065; x_wconf 89' lang='lat' dir='ltr'><strong>viam</strong></span> <span class='ocrx_word' id='word_1_66' title='bbox 1511 1021 1802 1082; x_wconf 87' lang='lat' dir='ltr'><strong>antequam</strong></span> 
     </span>
    </p>
   </div>
   <div class='ocr_carea' id='block_1_11' title="bbox 126 1085 456 1163">
    <p class='ocr_par' dir='ltr' id='par_1_11' title="bbox 126 1085 456 1163">
     <span class='ocr_line' id='line_1_11' title="bbox 126 1085 456 1163; baseline 0.009 -3"><span class='ocrx_word' id='word_1_67' title='bbox 126 1120 392 1163; x_wconf 84' lang='lat' dir='ltr'><strong>curras.</strong></span> <span class='ocrx_word' id='word_1_68' title='bbox 449 1085 456 1096; x_wconf 34' lang='grc' dir='ltr'>ι</span> 
     </span>
    </p>
   </div>
   <div class='ocr_carea' id='block_1_12' title="bbox 221 1199 1807 1280">
    <p class='ocr_par' dir='ltr' id='par_1_12' title="bbox 221 1199 1807 1280">
     <span class='ocr_line' id='line_1_12' title="bbox 221 1199 1807 1280; baseline -0.001 -26"><span class='ocrx_word' id='word_1_69' title='bbox 221 1199 332 1255; x_wconf 73' lang='lat'><strong>25.</strong></span> <span class='ocrx_word' id='word_1_70' title='bbox 390 1202 535 1256; x_wconf 73' lang='lat' dir='ltr'><strong>Dum</strong></span> <span class='ocrx_word' id='word_1_71' title='bbox 561 1202 660 1256; x_wconf 62' lang='lat' dir='ltr'><strong>vice</strong></span> <span class='ocrx_word' id='word_1_72' title='bbox 691 1212 818 1256; x_wconf 89' lang='lat' dir='ltr'><strong>sunt</strong></span> <span class='ocrx_word' id='word_1_73' title='bbox 851 1219 864 1255; x_wconf 90' lang='lat'><strong>:</strong></span> <span class='ocrx_word' id='word_1_74' title='bbox 901 1218 1004 1257; x_wconf 90' lang='lat' dir='ltr'><strong>ttna</strong></span> <span class='ocrx_word' id='word_1_75' title='bbox 1042 1203 1337 1273; x_wconf 85' lang='lat' dir='ltr'><strong>jnstorum,</strong></span> <span class='ocrx_word' id='word_1_76' title='bbox 1396 1202 1560 1280; x_wconf 76' lang='lat' dir='ltr'><strong>altera</strong></span> <span class='ocrx_word' id='word_1_77' title='bbox 1617 1214 1807 1280; x_wconf 79' lang='lat' dir='ltr'><strong>pecca-</strong></span> 
     </span>
    </p>
   </div>
   <div class='ocr_carea' id='block_1_13' title="bbox 131 1277 1806 1366">
    <p class='ocr_par' dir='ltr' id='par_1_13' title="bbox 131 1277 1806 1366">
     <span class='ocr_line' id='line_1_13' title="bbox 131 1277 1806 1366; baseline 0.001 -22"><span class='ocrx_word' id='word_1_78' title='bbox 131 1299 351 1346; x_wconf 88' lang='lat' dir='ltr'><strong>torum</strong></span> <span class='ocrx_word' id='word_1_79' title='bbox 401 1312 416 1347; x_wconf 91' lang='lat'><strong>:</strong></span> <span class='ocrx_word' id='word_1_80' title='bbox 463 1311 571 1348; x_wconf 91' lang='lat' dir='ltr'><strong>una</strong></span> <span class='ocrx_word' id='word_1_81' title='bbox 627 1279 901 1365; x_wconf 65' lang='lat' dir='ltr'><strong>aequitatis</strong></span> <span class='ocrx_word' id='word_1_82' title='bbox 930 1336 945 1360; x_wconf 94' lang='lat'><strong>,</strong></span> <span class='ocrx_word' id='word_1_83' title='bbox 993 1298 1170 1352; x_wconf 87' lang='lat' dir='ltr'><strong>altera</strong></span> <span class='ocrx_word' id='word_1_84' title='bbox 1220 1277 1555 1366; x_wconf 81' lang='lat' dir='ltr'><strong>iniquitatis,</strong></span> <span class='ocrx_word' id='word_1_85' title='bbox 1598 1277 1667 1347; x_wconf 79' lang='lat' dir='ltr'><strong>de</strong></span> <span class='ocrx_word' id='word_1_86' title='bbox 1704 1307 1806 1363; x_wconf 89' lang='lat' dir='ltr'><strong>qua</strong></span> 
     </span>
    </p>
   </div>
   <div class='ocr_carea' id='block_1_14' title="bbox 130 1383 1808 1464">
    <p class='ocr_par' dir='ltr' id='par_1_14' title="bbox 130 1383 1808 1464">
     <span class='ocr_line' id='line_1_14' title="bbox 130 1383 1808 1464; baseline 0.001 -27"><span class='ocrx_word' id='word_1_87' title='bbox 130 1383 301 1438; x_wconf 84' lang='lat' dir='ltr'><strong>dixit</strong></span> <span class='ocrx_word' id='word_1_88' title='bbox 330 1385 674 1455; x_wconf 83' lang='lat' dir='ltr'><strong>Propheta:</strong></span> <span class='ocrx_word' id='word_1_89' title='bbox 714 1387 783 1442; x_wconf 84' lang='lat' dir='ltr'><strong>Et</strong></span> <span class='ocrx_word' id='word_1_90' title='bbox 823 1389 935 1443; x_wconf 84' lang='lat' dir='ltr'><strong>vide</strong></span> <span class='ocrx_word' id='word_1_91' title='bbox 962 1390 1005 1443; x_wconf 86' lang='lat' dir='ltr'><strong>si</strong></span> <span class='ocrx_word' id='word_1_92' title='bbox 1053 1391 1136 1443; x_wconf 87' lang='lat' dir='ltr'><strong>via</strong></span> <span class='ocrx_word' id='word_1_93' title='bbox 1180 1389 1465 1464; x_wconf 71' lang='lat' dir='ltr'><strong>iniquitatis</strong></span> <span class='ocrx_word' id='word_1_94' title='bbox 1513 1389 1565 1441; x_wconf 88' lang='lat' dir='ltr'><strong>in</strong></span> <span class='ocrx_word' id='word_1_95' title='bbox 1606 1404 1688 1440; x_wconf 89' lang='lat' dir='ltr'><strong>me</strong></span> <span class='ocrx_word' id='word_1_96' title='bbox 1733 1395 1808 1452; x_wconf 84' lang='lat' dir='ltr'><strong>est</strong></span> 
     </span>
    </p>
   </div>
   <div class='ocr_carea' id='block_1_15' title="bbox 130 1474 1810 1560">
    <p class='ocr_par' dir='ltr' id='par_1_15' title="bbox 130 1474 1810 1560">
     <span class='ocr_line' id='line_1_15' title="bbox 130 1474 1810 1560; baseline 0.005 -29"><span class='ocrx_word' id='word_1_97' title='bbox 130 1474 351 1549; x_wconf 86' lang='lat' dir='ltr'><strong>(Psnl.</strong></span> <span class='ocrx_word' id='word_1_98' title='bbox 393 1497 679 1560; x_wconf 73' lang='lat' dir='ltr'><strong>cxxxvut.</strong></span> <span class='ocrx_word' id='word_1_99' title='bbox 710 1481 827 1553; x_wconf 66' lang='lat'><strong>24).</strong></span> <span class='ocrx_word' id='word_1_100' title='bbox 858 1482 974 1537; x_wconf 87' lang='lat' dir='ltr'><strong>Non</strong></span> <span class='ocrx_word' id='word_1_101' title='bbox 1002 1484 1178 1537; x_wconf 91' lang='lat' dir='ltr'><strong>solum</strong></span> <span class='ocrx_word' id='word_1_102' title='bbox 1203 1500 1332 1556; x_wconf 83' lang='lat' dir='ltr'><strong>ergo</strong></span> <span class='ocrx_word' id='word_1_103' title='bbox 1356 1484 1461 1536; x_wconf 87' lang='lat' dir='ltr'><strong>vita</strong></span> <span class='ocrx_word' id='word_1_104' title='bbox 1507 1493 1690 1540; x_wconf 77' lang='lat' dir='ltr'><strong>nostra</strong></span> <span class='ocrx_word' id='word_1_105' title='bbox 1724 1479 1810 1535; x_wconf 81' lang='lat' dir='ltr'><strong>\‘ia</strong></span> 
     </span>
    </p>
   </div>
   <div class='ocr_carea' id='block_1_16' title="bbox 137 1572 1808 1648">
    <p class='ocr_par' dir='ltr' id='par_1_16' title="bbox 137 1572 1808 1648">
     <span class='ocr_line' id='line_1_16' title="bbox 137 1572 1808 1648; baseline 0.001 -23"><span class='ocrx_word' id='word_1_106' title='bbox 137 1581 266 1636; x_wconf 89' lang='lat' dir='ltr'><strong>est,</strong></span> <span class='ocrx_word' id='word_1_107' title='bbox 305 1573 420 1626; x_wconf 87' lang='lat' dir='ltr'><strong>sed</strong></span> <span class='ocrx_word' id='word_1_108' title='bbox 460 1574 625 1628; x_wconf 88' lang='lat' dir='ltr'><strong>etiam</strong></span> <span class='ocrx_word' id='word_1_109' title='bbox 658 1576 708 1628; x_wconf 91' lang='lat' dir='ltr'><strong>in</strong></span> <span class='ocrx_word' id='word_1_110' title='bbox 739 1576 853 1648; x_wconf 82' lang='lat' dir='ltr'><strong>ipsa</strong></span> <span class='ocrx_word' id='word_1_111' title='bbox 891 1576 998 1629; x_wconf 89' lang='lat' dir='ltr'><strong>vita</strong></span> <span class='ocrx_word' id='word_1_112' title='bbox 1026 1586 1208 1630; x_wconf 87' lang='lat' dir='ltr'><strong>nostra</strong></span> <span class='ocrx_word' id='word_1_113' title='bbox 1239 1583 1332 1629; x_wconf 89' lang='lat' dir='ltr'><strong>ant</strong></span> <span class='ocrx_word' id='word_1_114' title='bbox 1353 1572 1567 1628; x_wconf 81' lang='lat' dir='ltr'><strong>virtutis</strong></span> <span class='ocrx_word' id='word_1_115' title='bbox 1595 1573 1678 1642; x_wconf 79' lang='lat' dir='ltr'><strong>via</strong></span> <span class='ocrx_word' id='word_1_116' title='bbox 1704 1580 1808 1638; x_wconf 88' lang='lat' dir='ltr'><strong>est,</strong></span> 
     </span>
    </p>
   </div>
   <div class='ocr_carea' id='block_1_17' title="bbox 138 1665 1815 1744">
    <p class='ocr_par' dir='ltr' id='par_1_17' title="bbox 138 1665 1815 1744">
     <span class='ocr_line' id='line_1_17' title="bbox 138 1665 1815 1744; baseline 0.002 -29"><span class='ocrx_word' id='word_1_117' title='bbox 138 1674 249 1718; x_wconf 81' lang='lat' dir='ltr'><strong>aut</strong></span> <span class='ocrx_word' id='word_1_118' title='bbox 289 1665 644 1736; x_wconf 88' lang='lat' dir='ltr'><strong>iniquitatis.</strong></span> <span class='ocrx_word' id='word_1_119' title='bbox 675 1667 819 1724; x_wconf 83' lang='lat' dir='ltr'><strong>Cave</strong></span> <span class='ocrx_word' id='word_1_120' title='bbox 851 1668 1011 1738; x_wconf 77' lang='lat' dir='ltr'><strong>igitur</strong></span> <span class='ocrx_word' id='word_1_121' title='bbox 1034 1671 1166 1725; x_wconf 89' lang='lat' dir='ltr'><strong>nein</strong></span> <span class='ocrx_word' id='word_1_122' title='bbox 1194 1679 1246 1725; x_wconf 89' lang='lat' dir='ltr'><strong>te</strong></span> <span class='ocrx_word' id='word_1_123' title='bbox 1273 1685 1492 1740; x_wconf 86' lang='lat' dir='ltr'><strong>gressus</strong></span> <span class='ocrx_word' id='word_1_124' title='bbox 1537 1684 1664 1738; x_wconf 83' lang='lat' dir='ltr'><strong>spos</strong></span> <span class='ocrx_word' id='word_1_125' title='bbox 1696 1666 1815 1744; x_wconf 83' lang='lat' dir='ltr'><strong>col-</strong></span> 
     </span>
    </p>
   </div>
   <div class='ocr_carea' id='block_1_18' title="bbox 141 1754 1812 1840">
    <p class='ocr_par' dir='ltr' id='par_1_18' title="bbox 141 1754 1812 1840">
     <span class='ocr_line' id='line_1_18' title="bbox 141 1754 1812 1840; baseline 0.002 -30"><span class='ocrx_word' id='word_1_126' title='bbox 141 1754 310 1826; x_wconf 71' lang='grc' dir='ltr'><strong>Ιραυι</strong></span> <span class='ocrx_word' id='word_1_127' title='bbox 345 1761 620 1828; x_wconf 70' lang='lat' dir='ltr'><strong>aviiritia,</strong></span> <span class='ocrx_word' id='word_1_128' title='bbox 674 1770 726 1814; x_wconf 91' lang='lat' dir='ltr'><strong>et</strong></span> <span class='ocrx_word' id='word_1_129' title='bbox 755 1762 829 1815; x_wconf 89' lang='lat' dir='ltr'><strong>sis</strong></span> <span class='ocrx_word' id='word_1_130' title='bbox 855 1762 940 1814; x_wconf 88' lang='lat' dir='ltr'><strong>via</strong></span> <span class='ocrx_word' id='word_1_131' title='bbox 969 1761 1237 1825; x_wconf 86' lang='lat' dir='ltr'><strong>criminis;</strong></span> <span class='ocrx_word' id='word_1_132' title='bbox 1281 1780 1345 1815; x_wconf 91' lang='lat' dir='ltr'><strong>ne</strong></span> <span class='ocrx_word' id='word_1_133' title='bbox 1370 1762 1710 1840; x_wconf 83' lang='lat' dir='ltr'><strong>improbitas,</strong></span> <span class='ocrx_word' id='word_1_134' title='bbox 1746 1775 1812 1814; x_wconf 89' lang='lat' dir='ltr'><strong>ne</strong></span> 
     </span>
    </p>
   </div>
   <div class='ocr_carea' id='block_1_19' title="bbox 141 1848 1814 1922">
    <p class='ocr_par' dir='ltr' id='par_1_19' title="bbox 141 1848 1814 1922">
     <span class='ocr_line' id='line_1_19' title="bbox 141 1848 1814 1922; baseline 0.002 -22"><span class='ocrx_word' id='word_1_135' title='bbox 141 1848 366 1914; x_wconf 85' lang='lat' dir='ltr'><strong>libido,</strong></span> <span class='ocrx_word' id='word_1_136' title='bbox 408 1864 472 1904; x_wconf 83' lang='lat' dir='ltr'><strong>et</strong></span> <span class='ocrx_word' id='word_1_137' title='bbox 499 1855 575 1906; x_wconf 87' lang='lat' dir='ltr'><strong>sis</strong></span> <span class='ocrx_word' id='word_1_138' title='bbox 601 1852 684 1905; x_wconf 85' lang='lat' dir='ltr'><strong>via</strong></span> <span class='ocrx_word' id='word_1_139' title='bbox 718 1853 1015 1922; x_wconf 78' lang='lat' dir='ltr'><strong>iniquitatis</strong></span> <span class='ocrx_word' id='word_1_140' title='bbox 1041 1855 1422 1909; x_wconf 88' lang='lat' dir='ltr'><strong>itineranlibus</strong></span> <span class='ocrx_word' id='word_1_141' title='bbox 1444 1854 1641 1910; x_wconf 84' lang='lat' dir='ltr'><strong>detrita</strong></span> <span class='ocrx_word' id='word_1_142' title='bbox 1667 1853 1814 1922; x_wconf 82' lang='lat' dir='ltr'><strong>ﬂagi-</strong></span> 
     </span>
    </p>
   </div>
   <div class='ocr_carea' id='block_1_20' title="bbox 148 1937 1818 2016">
    <p class='ocr_par' dir='ltr' id='par_1_20' title="bbox 148 1937 1818 2016">
     <span class='ocr_line' id='line_1_20' title="bbox 148 1937 1818 2016; baseline 0.004 -23"><span class='ocrx_word' id='word_1_143' title='bbox 148 1937 277 1994; x_wconf 87' lang='lat' dir='ltr'><strong>tiis.</strong></span> <span class='ocrx_word' id='word_1_144' title='bbox 312 1939 492 1996; x_wconf 84' lang='lat' dir='ltr'><strong>Licet</strong></span> <span class='ocrx_word' id='word_1_145' title='bbox 521 1943 616 1997; x_wconf 85' lang='lat' dir='ltr'><strong>tibi</strong></span> <span class='ocrx_word' id='word_1_146' title='bbox 645 1943 848 2012; x_wconf 83' lang='lat' dir='ltr'><strong>eligere</strong></span> <span class='ocrx_word' id='word_1_147' title='bbox 875 1961 1010 2015; x_wconf 86' lang='lat' dir='ltr'><strong>quos</strong></span> <span class='ocrx_word' id='word_1_148' title='bbox 1040 1947 1286 2015; x_wconf 80' lang='lat' dir='ltr'><strong>sequaris</strong></span> <span class='ocrx_word' id='word_1_149' title='bbox 1315 1988 1328 2010; x_wconf 92' lang='lat'><strong>,</strong></span> <span class='ocrx_word' id='word_1_150' title='bbox 1376 1955 1468 2001; x_wconf 91' lang='lat' dir='ltr'><strong>aut</strong></span> <span class='ocrx_word' id='word_1_151' title='bbox 1491 1946 1694 2016; x_wconf 84' lang='lat' dir='ltr'><strong>justas,</strong></span> <span class='ocrx_word' id='word_1_152' title='bbox 1723 1955 1818 2000; x_wconf 89' lang='lat' dir='ltr'><strong>aut</strong></span> 
     </span>
    </p>
   </div>
   <div class='ocr_carea' id='block_1_21' title="bbox 150 2033 1817 2118">
    <p class='ocr_par' dir='ltr' id='par_1_21' title="bbox 150 2033 1817 2118">
     <span class='ocr_line' id='line_1_21' title="bbox 150 2033 1817 2118; baseline 0.004 -32"><span class='ocrx_word' id='word_1_153' title='bbox 150 2033 444 2101; x_wconf 70' lang='lat' dir='ltr'><strong>iniustos.</strong></span> <span class='ocrx_word' id='word_1_154' title='bbox 496 2035 777 2109; x_wconf 59' lang='lat' dir='ltr'><strong>Justorum</strong></span> <span class='ocrx_word' id='word_1_155' title='bbox 812 2039 897 2090; x_wconf 92' lang='lat' dir='ltr'><strong>via</strong></span> <span class='ocrx_word' id='word_1_156' title='bbox 942 2041 1222 2108; x_wconf 83' lang='lat' dir='ltr'><strong>angustior</strong></span> <span class='ocrx_word' id='word_1_157' title='bbox 1249 2049 1352 2105; x_wconf 83' lang='lat' dir='ltr'><strong>est,</strong></span> <span class='ocrx_word' id='word_1_158' title='bbox 1391 2037 1710 2118; x_wconf 86' lang='lat' dir='ltr'><strong>injustorum</strong></span> <span class='ocrx_word' id='word_1_159' title='bbox 1742 2038 1817 2092; x_wconf 87' lang='lat' dir='ltr'><strong>la-</strong></span> 
     </span>
    </p>
   </div>
   <div class='ocr_carea' id='block_1_22' title="bbox 157 2124 1813 2199">
    <p class='ocr_par' dir='ltr' id='par_1_22' title="bbox 157 2124 1813 2199">
     <span class='ocr_line' id='line_1_22' title="bbox 157 2124 1813 2199; baseline 0.002 -20"><span class='ocrx_word' id='word_1_160' title='bbox 157 2124 277 2180; x_wconf 83' lang='lat' dir='ltr'><strong>tior</strong></span> <span class='ocrx_word' id='word_1_161' title='bbox 310 2143 327 2180; x_wconf 86' lang='lat'><strong>:</strong></span> <span class='ocrx_word' id='word_1_162' title='bbox 370 2126 475 2181; x_wconf 90' lang='lat' dir='ltr'><strong>illa</strong></span> <span class='ocrx_word' id='word_1_163' title='bbox 501 2128 816 2184; x_wconf 83' lang='lat' dir='ltr'><strong>sobrietatis</strong></span> <span class='ocrx_word' id='word_1_164' title='bbox 847 2132 1146 2199; x_wconf 81' lang='lat' dir='ltr'><strong>angustior,</strong></span> <span class='ocrx_word' id='word_1_165' title='bbox 1177 2131 1294 2186; x_wconf 73' lang='lat' dir='ltr'><strong>Itzrc</strong></span> <span class='ocrx_word' id='word_1_166' title='bbox 1323 2131 1606 2185; x_wconf 79' lang='lat' dir='ltr'><strong>ebrietatis</strong></span> <span class='ocrx_word' id='word_1_167' title='bbox 1635 2132 1813 2195; x_wconf 87' lang='lat' dir='ltr'><strong>latior,</strong></span> 
     </span>
    </p>
   </div>
   <div class='ocr_carea' id='block_1_23' title="bbox 162 2219 1817 2291">
    <p class='ocr_par' dir='ltr' id='par_1_23' title="bbox 162 2219 1817 2291">
     <span class='ocr_line' id='line_1_23' title="bbox 162 2219 1817 2291; baseline 0.004 -20"><span class='ocrx_word' id='word_1_168' title='bbox 162 2227 222 2271; x_wconf 88' lang='lat' dir='ltr'><strong>ut</strong></span> <span class='ocrx_word' id='word_1_169' title='bbox 249 2219 448 2288; x_wconf 89' lang='lat' dir='ltr'><strong>possit</strong></span> <span class='ocrx_word' id='word_1_170' title='bbox 480 2236 680 2290; x_wconf 82' lang='lat' dir='ltr'><strong>capere</strong></span> <span class='ocrx_word' id='word_1_171' title='bbox 708 2221 1052 2288; x_wconf 81' lang='lat' dir='ltr'><strong>ﬂuctuantes;</strong></span> <span class='ocrx_word' id='word_1_172' title='bbox 1090 2223 1206 2278; x_wconf 70' lang='lat' dir='ltr'><strong>hme</strong></span> <span class='ocrx_word' id='word_1_173' title='bbox 1239 2225 1400 2278; x_wconf 82' lang='lat' dir='ltr'><strong>liabet</strong></span> <span class='ocrx_word' id='word_1_174' title='bbox 1428 2225 1608 2278; x_wconf 76' lang='lat' dir='ltr'><strong>saeculi</strong></span> <span class='ocrx_word' id='word_1_175' title='bbox 1659 2224 1817 2291; x_wconf 87' lang='lat' dir='ltr'><strong>hujus</strong></span> 
     </span>
    </p>
   </div>
   <div class='ocr_carea' id='block_1_24' title="bbox 162 2310 1818 2386">
    <p class='ocr_par' dir='ltr' id='par_1_24' title="bbox 162 2310 1818 2386">
     <span class='ocr_line' id='line_1_24' title="bbox 162 2310 1818 2386; baseline 0.004 -22"><span class='ocrx_word' id='word_1_176' title='bbox 162 2310 533 2377; x_wconf 75' lang='lat' dir='ltr'><strong>illecebras,</strong></span> <span class='ocrx_word' id='word_1_177' title='bbox 587 2313 675 2368; x_wconf 87' lang='lat' dir='ltr'><strong>illa</strong></span> <span class='ocrx_word' id='word_1_178' title='bbox 729 2314 890 2369; x_wconf 80' lang='lat' dir='ltr'><strong>habet</strong></span> <span class='ocrx_word' id='word_1_179' title='bbox 940 2315 1241 2370; x_wconf 79' lang='lat' dir='ltr'><strong>futurorum</strong></span> <span class='ocrx_word' id='word_1_180' title='bbox 1292 2317 1534 2386; x_wconf 66' lang='lat' dir='ltr'><strong>praatnia.</strong></span> <span class='ocrx_word' id='word_1_181' title='bbox 1594 2317 1648 2371; x_wconf 92' lang='lat' dir='ltr'><strong>In</strong></span> <span class='ocrx_word' id='word_1_182' title='bbox 1701 2316 1818 2371; x_wconf 88' lang='lat' dir='ltr'><strong>istis</strong></span> 
     </span>
    </p>
   </div>
   <div class='ocr_carea' id='block_1_25' title="bbox 161 2407 1814 2482">
    <p class='ocr_par' dir='ltr' id='par_1_25' title="bbox 161 2407 1814 2482">
     <span class='ocr_line' id='line_1_25' title="bbox 161 2407 1814 2482; baseline 0.002 -22"><span class='ocrx_word' id='word_1_183' title='bbox 161 2407 400 2462; x_wconf 78' lang='lat' dir='ltr'><strong>fructus</strong></span> <span class='ocrx_word' id='word_1_184' title='bbox 437 2408 789 2476; x_wconf 77' lang='lat' dir='ltr'><strong>praesentior.</strong></span> <span class='ocrx_word' id='word_1_185' title='bbox 847 2409 900 2464; x_wconf 92' lang='lat' dir='ltr'><strong>in</strong></span> <span class='ocrx_word' id='word_1_186' title='bbox 947 2411 1054 2465; x_wconf 90' lang='lat' dir='ltr'><strong>illis</strong></span> <span class='ocrx_word' id='word_1_187' title='bbox 1109 2428 1233 2480; x_wconf 84' lang='lat' dir='ltr'><strong>spes</strong></span> <span class='ocrx_word' id='word_1_188' title='bbox 1265 2411 1488 2478; x_wconf 87' lang='lat' dir='ltr'><strong>tardior;</strong></span> <span class='ocrx_word' id='word_1_189' title='bbox 1524 2429 1642 2482; x_wconf 69' lang='lat' dir='ltr'><strong>qua:</strong></span> <span class='ocrx_word' id='word_1_190' title='bbox 1672 2412 1814 2466; x_wconf 88' lang='lat' dir='ltr'><strong>enim</strong></span> 
     </span>
    </p>
   </div>
   <div class='ocr_carea' id='block_1_26' title="bbox 163 2501 1819 2575">
    <p class='ocr_par' dir='ltr' id='par_1_26' title="bbox 163 2501 1819 2575">
     <span class='ocr_line' id='line_1_26' title="bbox 163 2501 1819 2575; baseline 0.002 -23"><span class='ocrx_word' id='word_1_191' title='bbox 163 2503 377 2554; x_wconf 82' lang='lat' dir='ltr'><strong>suavia</strong></span> <span class='ocrx_word' id='word_1_192' title='bbox 428 2512 585 2566; x_wconf 89' lang='lat' dir='ltr'><strong>sunt,</strong></span> <span class='ocrx_word' id='word_1_193' title='bbox 625 2517 728 2557; x_wconf 91' lang='lat' dir='ltr'><strong>n0n</strong></span> <span class='ocrx_word' id='word_1_194' title='bbox 758 2501 1014 2557; x_wconf 77' lang='lat' dir='ltr'><strong>diﬂ&#39;eruut</strong></span> <span class='ocrx_word' id='word_1_195' title='bbox 1042 2516 1063 2538; x_wconf 71' lang='grc' dir='ltr'><strong>ί·</strong></span> <span class='ocrx_word' id='word_1_196' title='bbox 1089 2504 1399 2559; x_wconf 87' lang='lat' dir='ltr'><strong>diuturnam</strong></span> <span class='ocrx_word' id='word_1_197' title='bbox 1454 2506 1819 2575; x_wconf 61' lang='lat' dir='ltr'><strong>exspectatio-</strong></span> 
     </span>
    </p>
   </div>
   <div class='ocr_carea' id='block_1_27' title="bbox 169 2592 1817 2668">
    <p class='ocr_par' dir='ltr' id='par_1_27' title="bbox 169 2592 1817 2668">
     <span class='ocr_line' id='line_1_27' title="bbox 169 2592 1817 2668; baseline 0.004 -22"><span class='ocrx_word' id='word_1_198' title='bbox 169 2609 339 2658; x_wconf 87' lang='lat' dir='ltr'><strong>nent,</strong></span> <span class='ocrx_word' id='word_1_199' title='bbox 395 2592 502 2647; x_wconf 86' lang='lat' dir='ltr'><strong>sed</strong></span> <span class='ocrx_word' id='word_1_200' title='bbox 555 2594 754 2648; x_wconf 85' lang='lat' dir='ltr'><strong>habent</strong></span> <span class='ocrx_word' id='word_1_201' title='bbox 785 2604 1108 2664; x_wconf 66' lang='lat' dir='ltr'><strong>praesentem</strong></span> <span class='ocrx_word' id='word_1_202' title='bbox 1168 2598 1602 2663; x_wconf 80' lang='lat' dir='ltr'><strong>perfunctiouem</strong></span> <span class='ocrx_word' id='word_1_203' title='bbox 1629 2613 1644 2662; x_wconf 88' lang='lat'><strong>;</strong></span> <span class='ocrx_word' id='word_1_204' title='bbox 1674 2597 1817 2668; x_wconf 88' lang='lat' dir='ltr'><strong>quod</strong></span> 
     </span>
    </p>
   </div>
   <div class='ocr_carea' id='block_1_28' title="bbox 169 2684 1818 2760">
    <p class='ocr_par' dir='ltr' id='par_1_28' title="bbox 169 2684 1818 2760">
     <span class='ocr_line' id='line_1_28' title="bbox 169 2684 1818 2760; baseline 0.005 -23"><span class='ocrx_word' id='word_1_205' title='bbox 169 2694 377 2738; x_wconf 86' lang='lat' dir='ltr'><strong>autem</strong></span> <span class='ocrx_word' id='word_1_206' title='bbox 403 2684 620 2739; x_wconf 83' lang='lat' dir='ltr'><strong>serium</strong></span> <span class='ocrx_word' id='word_1_207' title='bbox 650 2697 756 2752; x_wconf 85' lang='lat' dir='ltr'><strong>est,</strong></span> <span class='ocrx_word' id='word_1_208' title='bbox 808 2687 993 2742; x_wconf 87' lang='lat' dir='ltr'><strong>labore</strong></span> <span class='ocrx_word' id='word_1_209' title='bbox 1021 2690 1306 2758; x_wconf 89' lang='lat' dir='ltr'><strong>qna-ritur,</strong></span> <span class='ocrx_word' id='word_1_210' title='bbox 1341 2705 1408 2744; x_wconf 91' lang='lat' dir='ltr'><strong>eo</strong></span> <span class='ocrx_word' id='word_1_211' title='bbox 1435 2691 1579 2760; x_wconf 91' lang='lat' dir='ltr'><strong>quod</strong></span> <span class='ocrx_word' id='word_1_212' title='bbox 1607 2706 1635 2742; x_wconf 87' lang='lat' dir='ltr'><strong>a</strong></span> <span class='ocrx_word' id='word_1_213' title='bbox 1665 2691 1818 2745; x_wconf 91' lang='lat' dir='ltr'><strong>beata</strong></span> 
     </span>
    </p>
   </div>
   <div class='ocr_carea' id='block_1_29' title="bbox 174 2777 1822 2854">
    <p class='ocr_par' dir='ltr' id='par_1_29' title="bbox 174 2777 1822 2854">
     <span class='ocr_line' id='line_1_29' title="bbox 174 2777 1822 2854; baseline 0.005 -24"><span class='ocrx_word' id='word_1_214' title='bbox 174 2777 540 2847; x_wconf 78' lang='lat' dir='ltr'><strong>cogitatione</strong></span> <span class='ocrx_word' id='word_1_215' title='bbox 569 2778 659 2830; x_wconf 77' lang='lat' dir='ltr'><strong>vix</strong></span> <span class='ocrx_word' id='word_1_216' title='bbox 712 2779 954 2847; x_wconf 90' lang='lat' dir='ltr'><strong>capitur;</strong></span> <span class='ocrx_word' id='word_1_217' title='bbox 985 2781 1108 2854; x_wconf 85' lang='lat' dir='ltr'><strong>quia</strong></span> <span class='ocrx_word' id='word_1_218' title='bbox 1137 2781 1328 2835; x_wconf 87' lang='lat' dir='ltr'><strong>oculus</strong></span> <span class='ocrx_word' id='word_1_219' title='bbox 1378 2798 1485 2836; x_wconf 93' lang='lat' dir='ltr'><strong>non</strong></span> <span class='ocrx_word' id='word_1_220' title='bbox 1537 2783 1688 2849; x_wconf 79' lang='lat' dir='ltr'><strong>vidit,</strong></span> <span class='ocrx_word' id='word_1_221' title='bbox 1723 2799 1822 2838; x_wconf 89' lang='lat' dir='ltr'><strong>nec</strong></span> 
     </span>
    </p>
   </div>
   <div class='ocr_carea' id='block_1_30' title="bbox 178 2871 1818 2947">
    <p class='ocr_par' dir='ltr' id='par_1_30' title="bbox 178 2871 1818 2947">
     <span class='ocr_line' id='line_1_30' title="bbox 178 2871 1818 2947; baseline 0.004 -24"><span class='ocrx_word' id='word_1_222' title='bbox 178 2872 343 2925; x_wconf 87' lang='lat' dir='ltr'><strong>auris</strong></span> <span class='ocrx_word' id='word_1_223' title='bbox 377 2871 615 2937; x_wconf 78' lang='lat' dir='ltr'><strong>audivit,</strong></span> <span class='ocrx_word' id='word_1_224' title='bbox 649 2888 769 2943; x_wconf 67' lang='lat' dir='ltr'><strong>qua:</strong></span> <span class='ocrx_word' id='word_1_225' title='bbox 799 2878 1124 2943; x_wconf 71' lang='lat' dir='ltr'><strong>prteparavit</strong></span> <span class='ocrx_word' id='word_1_226' title='bbox 1155 2875 1298 2931; x_wconf 89' lang='lat' dir='ltr'><strong>Deus</strong></span> <span class='ocrx_word' id='word_1_227' title='bbox 1338 2875 1690 2947; x_wconf 80' lang='lat' dir='ltr'><strong>diligentibus</strong></span> <span class='ocrx_word' id='word_1_228' title='bbox 1740 2894 1818 2930; x_wconf 89' lang='lat' dir='ltr'><strong>se.</strong></span> 
     </span>
    </p>
   </div>
   <div class='ocr_carea' id='block_1_31' title="bbox 185 2963 1823 3035">
    <p class='ocr_par' dir='ltr' id='par_1_31' title="bbox 185 2963 1823 3035">
     <span class='ocr_line' id='line_1_31' title="bbox 185 2963 1823 3035; baseline 0.005 -19"><span class='ocrx_word' id='word_1_229' title='bbox 185 2963 444 3019; x_wconf 76' lang='lat' dir='ltr'><strong>Difﬁcile</strong></span> <span class='ocrx_word' id='word_1_230' title='bbox 477 2965 721 3018; x_wconf 90' lang='lat' dir='ltr'><strong>solemus</strong></span> <span class='ocrx_word' id='word_1_231' title='bbox 747 2965 972 3020; x_wconf 88' lang='lat' dir='ltr'><strong>credere</strong></span> <span class='ocrx_word' id='word_1_232' title='bbox 1001 2983 1120 3035; x_wconf 79' lang='lat' dir='ltr'><strong>qua:</strong></span> <span class='ocrx_word' id='word_1_233' title='bbox 1163 2984 1270 3022; x_wconf 92' lang='lat' dir='ltr'><strong>non</strong></span> <span class='ocrx_word' id='word_1_234' title='bbox 1311 2969 1583 3024; x_wconf 84' lang='lat' dir='ltr'><strong>videmus:</strong></span> <span class='ocrx_word' id='word_1_235' title='bbox 1618 2980 1671 3024; x_wconf 89' lang='lat' dir='ltr'><strong>et</strong></span> <span class='ocrx_word' id='word_1_236' title='bbox 1701 2970 1823 3025; x_wconf 90' lang='lat' dir='ltr'><strong>ideo</strong></span> 
     </span>
    </p>
   </div>
   <div class='ocr_carea' id='block_1_32' title="bbox 179 3059 1822 3133">
    <p class='ocr_par' dir='ltr' id='par_1_32' title="bbox 179 3059 1822 3133">
     <span class='ocr_line' id='line_1_32' title="bbox 179 3059 1822 3133; baseline 0.005 -23"><span class='ocrx_word' id='word_1_237' title='bbox 179 3059 385 3112; x_wconf 85' lang='lat' dir='ltr'><strong>anima</strong></span> <span class='ocrx_word' id='word_1_238' title='bbox 413 3069 640 3126; x_wconf 68' lang='lat' dir='ltr'><strong>(estnat,</strong></span> <span class='ocrx_word' id='word_1_239' title='bbox 673 3070 726 3114; x_wconf 89' lang='lat' dir='ltr'><strong>et</strong></span> <span class='ocrx_word' id='word_1_240' title='bbox 755 3060 856 3114; x_wconf 89' lang='lat' dir='ltr'><strong>huc</strong></span> <span class='ocrx_word' id='word_1_241' title='bbox 898 3072 1062 3131; x_wconf 83' lang='lat' dir='ltr'><strong>atque</strong></span> <span class='ocrx_word' id='word_1_242' title='bbox 1095 3061 1220 3116; x_wconf 93' lang='lat' dir='ltr'><strong>illuc</strong></span> <span class='ocrx_word' id='word_1_243' title='bbox 1249 3063 1397 3116; x_wconf 80' lang='lat' dir='ltr'><strong>velut</strong></span> <span class='ocrx_word' id='word_1_244' title='bbox 1444 3064 1631 3117; x_wconf 89' lang='lat' dir='ltr'><strong>oculos</strong></span> <span class='ocrx_word' id='word_1_245' title='bbox 1661 3079 1822 3133; x_wconf 80' lang='lat' dir='ltr'><strong>quos-</strong></span> 
     </span>
    </p>
   </div>
   <div class='ocr_carea' id='block_1_33' title="bbox 184 3151 1825 3223">
    <p class='ocr_par' dir='ltr' id='par_1_33' title="bbox 184 3151 1825 3223">
     <span class='ocr_line' id='line_1_33' title="bbox 184 3151 1825 3223; baseline 0.001 -17"><span class='ocrx_word' id='word_1_246' title='bbox 184 3151 318 3206; x_wconf 85' lang='lat' dir='ltr'><strong>dam</strong></span> <span class='ocrx_word' id='word_1_247' title='bbox 380 3151 705 3206; x_wconf 84' lang='lat' dir='ltr'><strong>circumfert</strong></span> <span class='ocrx_word' id='word_1_248' title='bbox 736 3153 1096 3223; x_wconf 78' lang='lat' dir='ltr'><strong>cogitationes</strong></span> <span class='ocrx_word' id='word_1_249' title='bbox 1149 3169 1295 3208; x_wconf 86' lang='lat' dir='ltr'><strong>suas.</strong></span> <span class='ocrx_word' id='word_1_250' title='bbox 1327 3154 1482 3208; x_wconf 84' lang='lat' dir='ltr'><strong>Tunc</strong></span> <span class='ocrx_word' id='word_1_251' title='bbox 1511 3155 1587 3208; x_wconf 91' lang='lat' dir='ltr'><strong>illi</strong></span> <span class='ocrx_word' id='word_1_252' title='bbox 1633 3170 1825 3209; x_wconf 81' lang='lat' dir='ltr'><strong>oecur-</strong></span> 
     </span>
    </p>
   </div>
   <div class='ocr_carea' id='block_1_34' title="bbox 1902 537 3510 616">
    <p class='ocr_par' dir='ltr' id='par_1_34' title="bbox 1902 537 3510 616">
     <span class='ocr_line' id='line_1_34' title="bbox 1902 537 3510 616; baseline 0.001 -22"><span class='ocrx_word' id='word_1_253' title='bbox 1902 543 1967 594; x_wconf 77' lang='lat' dir='ltr'><strong>sti</strong></span> <span class='ocrx_word' id='word_1_254' title='bbox 1996 543 2199 598; x_wconf 77' lang='lat' dir='ltr'><strong>semitas</strong></span> <span class='ocrx_word' id='word_1_255' title='bbox 2231 543 2473 610; x_wconf 86' lang='lat' dir='ltr'><strong>directas,</strong></span> <span class='ocrx_word' id='word_1_256' title='bbox 2510 540 2744 614; x_wconf 83' lang='lat' dir='ltr'><strong>abeundo</strong></span> <span class='ocrx_word' id='word_1_257' title='bbox 2773 541 2825 594; x_wconf 86' lang='lat' dir='ltr'><strong>in</strong></span> <span class='ocrx_word' id='word_1_258' title='bbox 2851 541 2956 596; x_wconf 86' lang='lat' dir='ltr'><strong>vias</strong></span> <span class='ocrx_word' id='word_1_259' title='bbox 2987 539 3311 594; x_wconf 87' lang='lat' dir='ltr'><strong>tenebrarum</strong></span> <span class='ocrx_word' id='word_1_260' title='bbox 3339 537 3510 616; x_wconf 73' lang='grc' dir='ltr'><strong>(Εεεζ.</strong></span> 
     </span>
    </p>
   </div>
   <div class='ocr_carea' id='block_1_35' title="bbox 1906 635 2174 704">
    <p class='ocr_par' dir='ltr' id='par_1_35' title="bbox 1906 635 2174 704">
     <span class='ocr_line' id='line_1_35' title="bbox 1906 635 2174 704; baseline 0.015 -18"><span class='ocrx_word' id='word_1_261' title='bbox 1906 649 2019 695; x_wconf 82' lang='lat' dir='ltr'><strong>vui,</strong></span> <span class='ocrx_word' id='word_1_262' title='bbox 2053 635 2174 704; x_wconf 81' lang='lat' dir='ltr'><strong>l6)!</strong></span> 
     </span>
    </p>
   </div>
   <div class='ocr_carea' id='block_1_36' title="bbox 1973 725 3506 807">
    <p class='ocr_par' dir='ltr' id='par_1_36' title="bbox 1973 725 3506 807">
     <span class='ocr_line' id='line_1_36' title="bbox 1973 725 3506 807; baseline 0.001 -29"><span class='ocrx_word' id='word_1_263' title='bbox 1973 725 2066 779; x_wconf 85' lang='lat'><strong>26.</strong></span> <span class='ocrx_word' id='word_1_264' title='bbox 2109 728 2472 797; x_wconf 80' lang='lat' dir='ltr'><strong>Cognovimus</strong></span> <span class='ocrx_word' id='word_1_265' title='bbox 2499 729 2659 807; x_wconf 64' lang='lat' dir='ltr'><strong>igitur</strong></span> <span class='ocrx_word' id='word_1_266' title='bbox 2687 745 2808 802; x_wconf 77' lang='lat' dir='ltr'><strong>qua:</strong></span> <span class='ocrx_word' id='word_1_267' title='bbox 2839 727 2908 782; x_wconf 90' lang='lat' dir='ltr'><strong>sit</strong></span> <span class='ocrx_word' id='word_1_268' title='bbox 2946 726 3027 782; x_wconf 85' lang='lat' dir='ltr'><strong>via</strong></span> <span class='ocrx_word' id='word_1_269' title='bbox 3059 735 3427 800; x_wconf 73' lang='lat' dir='ltr'><strong>peccatorum.</strong></span> <span class='ocrx_word' id='word_1_270' title='bbox 3455 726 3506 781; x_wconf 88' lang='lat' dir='ltr'><strong>itt</strong></span> 
     </span>
    </p>
   </div>
   <div class='ocr_carea' id='block_1_37' title="bbox 1904 816 3514 892">
    <p class='ocr_par' dir='ltr' id='par_1_37' title="bbox 1904 816 3514 892">
     <span class='ocr_line' id='line_1_37' title="bbox 1904 816 3514 892; baseline -0.001 -18"><span class='ocrx_word' id='word_1_271' title='bbox 1904 835 2006 890; x_wconf 81' lang='lat' dir='ltr'><strong>qua</strong></span> <span class='ocrx_word' id='word_1_272' title='bbox 2032 819 2282 874; x_wconf 89' lang='lat' dir='ltr'><strong>standum</strong></span> <span class='ocrx_word' id='word_1_273' title='bbox 2309 836 2414 876; x_wconf 91' lang='lat' dir='ltr'><strong>non</strong></span> <span class='ocrx_word' id='word_1_274' title='bbox 2471 837 2595 878; x_wconf 88' lang='lat' dir='ltr'><strong>esse</strong></span> <span class='ocrx_word' id='word_1_275' title='bbox 2627 821 2902 892; x_wconf 74' lang='lat' dir='ltr'><strong>Propheta</strong></span> <span class='ocrx_word' id='word_1_276' title='bbox 2953 835 3052 874; x_wconf 87' lang='lat' dir='ltr'><strong>nos</strong></span> <span class='ocrx_word' id='word_1_277' title='bbox 3104 820 3383 886; x_wconf 88' lang='lat' dir='ltr'><strong>admouet;</strong></span> <span class='ocrx_word' id='word_1_278' title='bbox 3416 816 3514 874; x_wconf 82' lang='lat' dir='ltr'><strong>sed</strong></span> 
     </span>
    </p>
   </div>
   <div class='ocr_carea' id='block_1_38' title="bbox 1905 911 3515 985">
    <p class='ocr_par' dir='ltr' id='par_1_38' title="bbox 1905 911 3515 985">
     <span class='ocr_line' id='line_1_38' title="bbox 1905 911 3515 985; baseline -0.001 -19"><span class='ocrx_word' id='word_1_279' title='bbox 1905 914 2068 966; x_wconf 87' lang='lat' dir='ltr'><strong>etiam</strong></span> <span class='ocrx_word' id='word_1_280' title='bbox 2103 912 2458 970; x_wconf 69' lang='lat' dir='ltr'><strong>Ecclesiastes</strong></span> <span class='ocrx_word' id='word_1_281' title='bbox 2495 915 2675 976; x_wconf 84' lang='lat' dir='ltr'><strong>docet.</strong></span> <span class='ocrx_word' id='word_1_282' title='bbox 2701 913 2793 985; x_wconf 87' lang='lat' dir='ltr'><strong>qui</strong></span> <span class='ocrx_word' id='word_1_283' title='bbox 2826 915 2900 967; x_wconf 89' lang='lat' dir='ltr'><strong>ait</strong></span> <span class='ocrx_word' id='word_1_284' title='bbox 2930 931 2942 965; x_wconf 92' lang='lat'><strong>:</strong></span> <span class='ocrx_word' id='word_1_285' title='bbox 2979 911 3110 967; x_wconf 82' lang='lat' dir='ltr'><strong>Noli</strong></span> <span class='ocrx_word' id='word_1_286' title='bbox 3132 923 3270 967; x_wconf 87' lang='lat' dir='ltr'><strong>stare</strong></span> <span class='ocrx_word' id='word_1_287' title='bbox 3319 913 3372 967; x_wconf 88' lang='lat' dir='ltr'><strong>in</strong></span> <span class='ocrx_word' id='word_1_288' title='bbox 3401 929 3515 967; x_wconf 84' lang='lat' dir='ltr'><strong>ser-</strong></span> 
     </span>
    </p>
   </div>
   <div class='ocr_carea' id='block_1_39' title="bbox 1907 1005 3517 1078">
    <p class='ocr_par' dir='ltr' id='par_1_39' title="bbox 1907 1005 3517 1078">
     <span class='ocr_line' id='line_1_39' title="bbox 1907 1005 3517 1078; baseline 0.003 -23"><span class='ocrx_word' id='word_1_289' title='bbox 1907 1021 2056 1058; x_wconf 87' lang='lat' dir='ltr'><strong>mone</strong></span> <span class='ocrx_word' id='word_1_290' title='bbox 2115 1006 2252 1058; x_wconf 84' lang='lat' dir='ltr'><strong>mnta</strong></span> <span class='ocrx_word' id='word_1_291' title='bbox 2305 1005 2472 1074; x_wconf 85' lang='lat' dir='ltr'><strong>(Ibid.</strong></span> <span class='ocrx_word' id='word_1_292' title='bbox 2510 1007 2587 1073; x_wconf 80' lang='lat'><strong>3).</strong></span> <span class='ocrx_word' id='word_1_293' title='bbox 2617 1018 2638 1044; x_wconf 77' lang='grc' dir='ltr'>ε</span> <span class='ocrx_word' id='word_1_294' title='bbox 2680 1006 2781 1060; x_wconf 89' lang='lat' dir='ltr'><strong>hoc</strong></span> <span class='ocrx_word' id='word_1_295' title='bbox 2825 1018 2930 1072; x_wconf 87' lang='lat' dir='ltr'><strong>est,</strong></span> <span class='ocrx_word' id='word_1_296' title='bbox 2965 1022 3069 1072; x_wconf 81' lang='lat' dir='ltr'><strong>non</strong></span> <span class='ocrx_word' id='word_1_297' title='bbox 3125 1008 3419 1078; x_wconf 78' lang='lat' dir='ltr'><strong>persistere</strong></span> <span class='ocrx_word' id='word_1_298' title='bbox 3462 1005 3517 1062; x_wconf 88' lang='lat' dir='ltr'><strong>in</strong></span> 
     </span>
    </p>
   </div>
   <div class='ocr_carea' id='block_1_40' title="bbox 1909 1095 3523 1181">
    <p class='ocr_par' dir='ltr' id='par_1_40' title="bbox 1909 1095 3523 1181">
     <span class='ocr_line' id='line_1_40' title="bbox 1909 1095 3523 1181; baseline 0.001 -30"><span class='ocrx_word' id='word_1_299' title='bbox 1909 1097 2249 1162; x_wconf 49' lang='lat' dir='ltr'><strong>sermonibus;</strong></span> <span class='ocrx_word' id='word_1_300' title='bbox 2471 1097 2648 1170; x_wconf 79' lang='lat' dir='ltr'><strong>malis,</strong></span> <span class='ocrx_word' id='word_1_301' title='bbox 2679 1100 2931 1154; x_wconf 85' lang='lat' dir='ltr'><strong>similiter</strong></span> <span class='ocrx_word' id='word_1_302' title='bbox 2957 1109 3011 1162; x_wconf 79' lang='lat' dir='ltr'><strong>et</strong></span> <span class='ocrx_word' id='word_1_303' title='bbox 3041 1098 3297 1172; x_wconf 75' lang='lat' dir='ltr'><strong>operibus</strong></span> <span class='ocrx_word' id='word_1_304' title='bbox 3320 1100 3523 1170; x_wconf 82' lang='lat' dir='ltr'><strong>impro-</strong></span> 
     </span>
    </p>
   </div>
   <div class='ocr_carea' id='block_1_41' title="bbox 1911 1189 3521 1266">
    <p class='ocr_par' dir='ltr' id='par_1_41' title="bbox 1911 1189 3521 1266">
     <span class='ocr_line' id='line_1_41' title="bbox 1911 1189 3521 1266; baseline 0 -22"><span class='ocrx_word' id='word_1_305' title='bbox 1911 1189 2118 1244; x_wconf 88' lang='lat' dir='ltr'><strong>bandis.</strong></span> <span class='ocrx_word' id='word_1_306' title='bbox 2153 1189 2436 1257; x_wconf 82' lang='lat' dir='ltr'><strong>Quomodo</strong></span> <span class='ocrx_word' id='word_1_307' title='bbox 2469 1191 2520 1246; x_wconf 91' lang='lat' dir='ltr'><strong>in</strong></span> <span class='ocrx_word' id='word_1_308' title='bbox 2549 1191 2701 1248; x_wconf 89' lang='lat' dir='ltr'><strong>bonis</strong></span> <span class='ocrx_word' id='word_1_309' title='bbox 2729 1193 2800 1266; x_wconf 71' lang='lat' dir='ltr'><strong>sit</strong></span> <span class='ocrx_word' id='word_1_310' title='bbox 2827 1192 3103 1266; x_wconf 78' lang='lat' dir='ltr'><strong>standum,</strong></span> <span class='ocrx_word' id='word_1_311' title='bbox 3134 1202 3352 1262; x_wconf 74' lang='lat' dir='ltr'><strong>sanctus</strong></span> <span class='ocrx_word' id='word_1_312' title='bbox 3379 1190 3521 1246; x_wconf 90' lang='lat' dir='ltr'><strong>idem</strong></span> 
     </span>
    </p>
   </div>
   <div class='ocr_carea' id='block_1_42' title="bbox 1913 1267 3526 1360">
    <p class='ocr_par' dir='ltr' id='par_1_42' title="bbox 1913 1267 3526 1360">
     <span class='ocr_line' id='line_1_42' title="bbox 1913 1267 3526 1360; baseline 0 -25"><span class='ocrx_word' id='word_1_313' title='bbox 1913 1267 2180 1358; x_wconf 71' lang='lat' dir='ltr'><strong>Propheta</strong></span> <span class='ocrx_word' id='word_1_314' title='bbox 2211 1286 2456 1354; x_wconf 60' lang='lat' dir='ltr'><strong>praecipit</strong></span> <span class='ocrx_word' id='word_1_315' title='bbox 2482 1283 2699 1358; x_wconf 78' lang='lat' dir='ltr'><strong>dicens:</strong></span> <span class='ocrx_word' id='word_1_316' title='bbox 2736 1284 2948 1360; x_wconf 82' lang='lat' dir='ltr'><strong>Stantes</strong></span> <span class='ocrx_word' id='word_1_317' title='bbox 3001 1295 3147 1342; x_wconf 86' lang='lat' dir='ltr'><strong>erant</strong></span> <span class='ocrx_word' id='word_1_318' title='bbox 3181 1285 3334 1354; x_wconf 82' lang='lat' dir='ltr'><strong>pedes</strong></span> <span class='ocrx_word' id='word_1_319' title='bbox 3364 1281 3526 1336; x_wconf 80' lang='lat' dir='ltr'><strong>nostri</strong></span> 
     </span>
    </p>
   </div>
   <div class='ocr_carea' id='block_1_43' title="bbox 1911 1375 3524 1452">
    <p class='ocr_par' dir='ltr' id='par_1_43' title="bbox 1911 1375 3524 1452">
     <span class='ocr_line' id='line_1_43' title="bbox 1911 1375 3524 1452; baseline 0.002 -24"><span class='ocrx_word' id='word_1_320' title='bbox 1911 1376 1962 1428; x_wconf 85' lang='lat' dir='ltr'><strong>in</strong></span> <span class='ocrx_word' id='word_1_321' title='bbox 1993 1376 2139 1452; x_wconf 80' lang='lat' dir='ltr'><strong>atriis</strong></span> <span class='ocrx_word' id='word_1_322' title='bbox 2172 1377 2290 1442; x_wconf 84' lang='lat' dir='ltr'><strong>tuis,</strong></span> <span class='ocrx_word' id='word_1_323' title='bbox 2324 1375 2618 1452; x_wconf 70' lang='lat' dir='ltr'><strong>Jerusalem</strong></span> <span class='ocrx_word' id='word_1_324' title='bbox 2643 1375 2818 1445; x_wconf 82' lang='lat' dir='ltr'><strong>(Psal.</strong></span> <span class='ocrx_word' id='word_1_325' title='bbox 2853 1392 2999 1451; x_wconf 67' lang='lat' dir='ltr'><strong>cui,</strong></span> <span class='ocrx_word' id='word_1_326' title='bbox 3028 1380 3107 1447; x_wconf 82' lang='lat'><strong>2).</strong></span> <span class='ocrx_word' id='word_1_327' title='bbox 3136 1375 3192 1432; x_wconf 88' lang='lat' dir='ltr'><strong>In</strong></span> <span class='ocrx_word' id='word_1_328' title='bbox 3217 1376 3524 1442; x_wconf 77' lang='lat' dir='ltr'><strong>Jerusalem</strong></span> 
     </span>
    </p>
   </div>
   <div class='ocr_carea' id='block_1_44' title="bbox 1912 1449 3529 1545">
    <p class='ocr_par' dir='ltr' id='par_1_44' title="bbox 1912 1449 3529 1545">
     <span class='ocr_line' id='line_1_44' title="bbox 1912 1449 3529 1545; baseline 0.001 -23"><span class='ocrx_word' id='word_1_329' title='bbox 1912 1449 2166 1522; x_wconf 87' lang='lat' dir='ltr'><strong>standum</strong></span> <span class='ocrx_word' id='word_1_330' title='bbox 2191 1478 2292 1532; x_wconf 82' lang='lat' dir='ltr'><strong>est,</strong></span> <span class='ocrx_word' id='word_1_331' title='bbox 2317 1449 2384 1524; x_wconf 87' lang='lat' dir='ltr'><strong>de</strong></span> <span class='ocrx_word' id='word_1_332' title='bbox 2411 1469 2684 1540; x_wconf 81' lang='lat' dir='ltr'><strong>Babylone</strong></span> <span class='ocrx_word' id='word_1_333' title='bbox 2715 1449 3050 1545; x_wconf 78' lang='lat' dir='ltr'><strong>fugiendum.</strong></span> <span class='ocrx_word' id='word_1_334' title='bbox 3086 1471 3154 1524; x_wconf 85' lang='lat' dir='ltr'><strong>Et</strong></span> <span class='ocrx_word' id='word_1_335' title='bbox 3177 1470 3346 1539; x_wconf 63' lang='lat' dir='ltr'><strong>Moysi</strong></span> <span class='ocrx_word' id='word_1_336' title='bbox 3394 1468 3529 1532; x_wconf 87' lang='lat' dir='ltr'><strong>dici-</strong></span> 
     </span>
    </p>
   </div>
   <div class='ocr_carea' id='block_1_45' title="bbox 1903 1560 3530 1638">
    <p class='ocr_par' dir='ltr' id='par_1_45' title="bbox 1903 1560 3530 1638">
     <span class='ocr_line' id='line_1_45' title="bbox 1903 1560 3530 1638; baseline 0.002 -24"><span class='ocrx_word' id='word_1_337' title='bbox 1903 1571 2040 1626; x_wconf 50' lang='lat' dir='ltr'><strong>,tur:</strong></span> <span class='ocrx_word' id='word_1_338' title='bbox 2097 1560 2172 1615; x_wconf 89' lang='lat' dir='ltr'><strong>Tu</strong></span> <span class='ocrx_word' id='word_1_339' title='bbox 2203 1575 2373 1636; x_wconf 78' lang='lat' dir='ltr'><strong>autem</strong></span> <span class='ocrx_word' id='word_1_340' title='bbox 2421 1573 2500 1618; x_wconf 82' lang='lat' dir='ltr'><strong>sta</strong></span> <span class='ocrx_word' id='word_1_341' title='bbox 2559 1579 2756 1624; x_wconf 85' lang='lat' dir='ltr'><strong>mecum</strong></span> <span class='ocrx_word' id='word_1_342' title='bbox 2806 1562 3013 1638; x_wconf 73' lang='lat' dir='ltr'><strong>(Deut.</strong></span> <span class='ocrx_word' id='word_1_343' title='bbox 3056 1579 3107 1634; x_wconf 83' lang='lat' dir='ltr'><strong>v,</strong></span> <span class='ocrx_word' id='word_1_344' title='bbox 3149 1563 3266 1638; x_wconf 75' lang='grc'>51),</span> <span class='ocrx_word' id='word_1_345' title='bbox 3316 1564 3404 1633; x_wconf 81' lang='lat' dir='ltr'><strong>qui</strong></span> <span class='ocrx_word' id='word_1_346' title='bbox 3460 1564 3530 1624; x_wconf 83' lang='lat' dir='ltr'><strong>de</strong></span> 
     </span>
    </p>
   </div>
   <div class='ocr_carea' id='block_1_46' title="bbox 1917 1652 3527 1739">
    <p class='ocr_par' dir='ltr' id='par_1_46' title="bbox 1917 1652 3527 1739">
     <span class='ocr_line' id='line_1_46' title="bbox 1917 1652 3527 1739; baseline 0.002 -33"><span class='ocrx_word' id='word_1_347' title='bbox 1917 1652 2155 1726; x_wconf 66' lang='lat' dir='ltr'><strong>Aigypto</strong></span> <span class='ocrx_word' id='word_1_348' title='bbox 2209 1654 2362 1724; x_wconf 77' lang='lat' dir='ltr'><strong>lugit,</strong></span> <span class='ocrx_word' id='word_1_349' title='bbox 2391 1663 2446 1710; x_wconf 89' lang='lat' dir='ltr'><strong>et</strong></span> <span class='ocrx_word' id='word_1_350' title='bbox 2489 1671 2612 1708; x_wconf 88' lang='lat' dir='ltr'><strong>cum</strong></span> <span class='ocrx_word' id='word_1_351' title='bbox 2657 1656 2883 1712; x_wconf 86' lang='lat' dir='ltr'><strong>Domino</strong></span> <span class='ocrx_word' id='word_1_352' title='bbox 2915 1664 3068 1722; x_wconf 85' lang='lat' dir='ltr'><strong>stans</strong></span> <span class='ocrx_word' id='word_1_353' title='bbox 3117 1657 3527 1739; x_wconf 60' lang='lat' dir='ltr'><strong>perseverabat.</strong></span> 
     </span>
    </p>
   </div>
   <div class='ocr_carea' id='block_1_47' title="bbox 1918 1746 3531 1828">
    <p class='ocr_par' dir='ltr' id='par_1_47' title="bbox 1918 1746 3531 1828">
     <span class='ocr_line' id='line_1_47' title="bbox 1918 1746 3531 1828; baseline 0.002 -29"><span class='ocrx_word' id='word_1_354' title='bbox 1918 1746 1984 1820; x_wconf 71' lang='lat' dir='ltr'><strong>Et.</strong></span> <span class='ocrx_word' id='word_1_355' title='bbox 2013 1752 2064 1802; x_wconf 92' lang='lat' dir='ltr'><strong>iu</strong></span> <span class='ocrx_word' id='word_1_356' title='bbox 2097 1748 2387 1828; x_wconf 62' lang='lat' dir='ltr'><strong>Evangelto</strong></span> <span class='ocrx_word' id='word_1_357' title='bbox 2422 1747 2634 1824; x_wconf 55' lang='lat' dir='ltr'><strong>(.llattlt.</strong></span> <span class='ocrx_word' id='word_1_358' title='bbox 2669 1765 2759 1828; x_wconf 70' lang='lat' dir='ltr'><strong>xx,</strong></span> <span class='ocrx_word' id='word_1_359' title='bbox 2791 1749 2868 1818; x_wconf 89' lang='lat'><strong>9),</strong></span> <span class='ocrx_word' id='word_1_360' title='bbox 2924 1749 3016 1816; x_wconf 85' lang='lat' dir='ltr'><strong>qui</strong></span> <span class='ocrx_word' id='word_1_361' title='bbox 3063 1757 3332 1804; x_wconf 70' lang='lat' dir='ltr'><strong>steterunt</strong></span> <span class='ocrx_word' id='word_1_362' title='bbox 3361 1763 3531 1824; x_wconf 57' lang='lat' dir='ltr'><strong>usque</strong></span> 
     </span>
    </p>
   </div>
   <div class='ocr_carea' id='block_1_48' title="bbox 1919 1840 3531 1920">
    <p class='ocr_par' dir='ltr' id='par_1_48' title="bbox 1919 1840 3531 1920">
     <span class='ocr_line' id='line_1_48' title="bbox 1919 1840 3531 1920; baseline 0 -26"><span class='ocrx_word' id='word_1_363' title='bbox 1919 1840 1985 1894; x_wconf 87' lang='lat' dir='ltr'><strong>ad</strong></span> <span class='ocrx_word' id='word_1_364' title='bbox 2012 1840 2199 1894; x_wconf 79' lang='lat' dir='ltr'><strong>lteram</strong></span> <span class='ocrx_word' id='word_1_365' title='bbox 2227 1840 2589 1920; x_wconf 76' lang='lat' dir='ltr'><strong>undecimam,</strong></span> <span class='ocrx_word' id='word_1_366' title='bbox 2614 1844 2877 1912; x_wconf 76' lang='lat' dir='ltr'><strong>:Bqtialetn</strong></span> <span class='ocrx_word' id='word_1_367' title='bbox 2912 1841 3218 1904; x_wconf 77' lang='lat' dir='ltr'><strong>mercedem</strong></span> <span class='ocrx_word' id='word_1_368' title='bbox 3251 1840 3531 1910; x_wconf 75' lang='lat' dir='ltr'><strong>operanti-</strong></span> 
     </span>
    </p>
   </div>
   <div class='ocr_carea' id='block_1_49' title="bbox 1923 1933 3534 2012">
    <p class='ocr_par' dir='ltr' id='par_1_49' title="bbox 1923 1933 3534 2012">
     <span class='ocr_line' id='line_1_49' title="bbox 1923 1933 3534 2012; baseline 0.002 -26"><span class='ocrx_word' id='word_1_369' title='bbox 1923 1933 2022 2012; x_wconf 83' lang='lat' dir='ltr'><strong>bus</strong></span> <span class='ocrx_word' id='word_1_370' title='bbox 2053 1946 2398 2004; x_wconf 87' lang='lat' dir='ltr'><strong>acceperunt.</strong></span> <span class='ocrx_word' id='word_1_371' title='bbox 2438 1936 2500 1987; x_wconf 69' lang='lat' dir='ltr'><strong>Et</strong></span> <span class='ocrx_word' id='word_1_372' title='bbox 2523 1950 2644 2004; x_wconf 62' lang='lat' dir='ltr'><strong>quae</strong></span> <span class='ocrx_word' id='word_1_373' title='bbox 2670 1944 2938 1990; x_wconf 85' lang='lat' dir='ltr'><strong>steterunt</strong></span> <span class='ocrx_word' id='word_1_374' title='bbox 2969 1937 3206 2006; x_wconf 78' lang='lat' dir='ltr'><strong>virgines</strong></span> <span class='ocrx_word' id='word_1_375' title='bbox 3259 1951 3425 2006; x_wconf 85' lang='lat' dir='ltr'><strong>usque</strong></span> <span class='ocrx_word' id='word_1_376' title='bbox 3466 1933 3534 1990; x_wconf 89' lang='lat' dir='ltr'><strong>ad</strong></span> 
     </span>
    </p>
   </div>
   <div class='ocr_carea' id='block_1_50' title="bbox 1920 2027 3538 2114">
    <p class='ocr_par' dir='ltr' id='par_1_50' title="bbox 1920 2027 3538 2114">
     <span class='ocr_line' id='line_1_50' title="bbox 1920 2027 3538 2114; baseline 0.004 -37"><span class='ocrx_word' id='word_1_377' title='bbox 1920 2030 2213 2081; x_wconf 89' lang='lat' dir='ltr'><strong>adventum</strong></span> <span class='ocrx_word' id='word_1_378' title='bbox 2246 2029 2454 2114; x_wconf 81' lang='lat' dir='ltr'><strong>sponsi,</strong></span> <span class='ocrx_word' id='word_1_379' title='bbox 2499 2027 2564 2082; x_wconf 89' lang='lat' dir='ltr'><strong>ad</strong></span> <span class='ocrx_word' id='word_1_380' title='bbox 2599 2027 2815 2098; x_wconf 85' lang='lat' dir='ltr'><strong>nuptias</strong></span> <span class='ocrx_word' id='word_1_381' title='bbox 2858 2029 3018 2090; x_wconf 84' lang='lat' dir='ltr'><strong>simul</strong></span> <span class='ocrx_word' id='word_1_382' title='bbox 3043 2029 3276 2102; x_wconf 79' lang='lat' dir='ltr'><strong>introire</strong></span> <span class='ocrx_word' id='word_1_383' title='bbox 3322 2045 3538 2102; x_wconf 68' lang='lat' dir='ltr'><strong>incrue-</strong></span> 
     </span>
    </p>
   </div>
   <div class='ocr_carea' id='block_1_51' title="bbox 1921 2121 3536 2196">
    <p class='ocr_par' dir='ltr' id='par_1_51' title="bbox 1921 2121 3536 2196">
     <span class='ocr_line' id='line_1_51' title="bbox 1921 2121 3536 2196; baseline 0.001 -21"><span class='ocrx_word' id='word_1_384' title='bbox 1921 2130 2066 2185; x_wconf 87' lang='lat' dir='ltr'><strong>runt;</strong></span> <span class='ocrx_word' id='word_1_385' title='bbox 2096 2137 2218 2191; x_wconf 65' lang='lat' dir='ltr'><strong>quin</strong></span> <span class='ocrx_word' id='word_1_386' title='bbox 2247 2135 2428 2175; x_wconf 88' lang='lat' dir='ltr'><strong>autem</strong></span> <span class='ocrx_word' id='word_1_387' title='bbox 2462 2121 2859 2187; x_wconf 61' lang='lat' dir='ltr'><strong>discesserunt,</strong></span> <span class='ocrx_word' id='word_1_388' title='bbox 2886 2132 2940 2177; x_wconf 87' lang='lat' dir='ltr'><strong>et</strong></span> <span class='ocrx_word' id='word_1_389' title='bbox 2962 2133 3145 2196; x_wconf 72' lang='lat' dir='ltr'><strong>postea</strong></span> <span class='ocrx_word' id='word_1_390' title='bbox 3173 2131 3536 2186; x_wconf 83' lang='lat' dir='ltr'><strong>reverterunt,</strong></span> 
     </span>
    </p>
   </div>
   <div class='ocr_carea' id='block_1_52' title="bbox 1925 2214 3536 2294">
    <p class='ocr_par' dir='ltr' id='par_1_52' title="bbox 1925 2214 3536 2294">
     <span class='ocr_line' id='line_1_52' title="bbox 1925 2214 3536 2294; baseline 0.001 -26"><span class='ocrx_word' id='word_1_391' title='bbox 1925 2214 2220 2270; x_wconf 66' lang='grc' dir='ltr'><strong>ῡυιηίιιὶοω</strong></span> <span class='ocrx_word' id='word_1_392' title='bbox 2252 2217 2620 2286; x_wconf 76' lang='lat' dir='ltr'><strong>excluduntur</strong></span> <span class='ocrx_word' id='word_1_393' title='bbox 2644 2220 2965 2290; x_wconf 75' lang='lat' dir='ltr'><strong>auctoritate</strong></span> <span class='ocrx_word' id='word_1_394' title='bbox 2996 2218 3285 2294; x_wconf 69' lang='lat' dir='ltr'><strong>sententia:</strong></span> <span class='ocrx_word' id='word_1_395' title='bbox 3316 2215 3536 2292; x_wconf 69' lang='lat' dir='ltr'><strong>(blattlt.</strong></span> 
     </span>
    </p>
   </div>
   <div class='ocr_carea' id='block_1_53' title="bbox 1920 2309 3538 2388">
    <p class='ocr_par' dir='ltr' id='par_1_53' title="bbox 1920 2309 3538 2388">
     <span class='ocr_line' id='line_1_53' title="bbox 1920 2309 3538 2388; baseline 0.002 -26"><span class='ocrx_word' id='word_1_396' title='bbox 1920 2324 2046 2371; x_wconf 81' lang='lat' dir='ltr'><strong>xxv,</strong></span> <span class='ocrx_word' id='word_1_397' title='bbox 2084 2310 2196 2379; x_wconf 71' lang='grc'>10).</span> <span class='ocrx_word' id='word_1_398' title='bbox 2233 2309 2532 2370; x_wconf 82' lang='lat' dir='ltr'><strong>Didicimus</strong></span> <span class='ocrx_word' id='word_1_399' title='bbox 2580 2325 2711 2384; x_wconf 74' lang='lat' dir='ltr'><strong>ergo</strong></span> <span class='ocrx_word' id='word_1_400' title='bbox 2759 2328 2865 2388; x_wconf 79' lang='lat' dir='ltr'><strong>pen</strong></span> <span class='ocrx_word' id='word_1_401' title='bbox 2898 2321 3044 2365; x_wconf 89' lang='lat' dir='ltr'><strong>stare</strong></span> <span class='ocrx_word' id='word_1_402' title='bbox 3088 2311 3138 2364; x_wconf 90' lang='lat' dir='ltr'><strong>in</strong></span> <span class='ocrx_word' id='word_1_403' title='bbox 3171 2312 3254 2378; x_wconf 86' lang='lat' dir='ltr'><strong>via</strong></span> <span class='ocrx_word' id='word_1_404' title='bbox 3286 2317 3538 2382; x_wconf 84' lang='lat' dir='ltr'><strong>peccato-</strong></span> 
     </span>
    </p>
   </div>
   <div class='ocr_carea' id='block_1_54' title="bbox 1923 2402 3539 2480">
    <p class='ocr_par' dir='ltr' id='par_1_54' title="bbox 1923 2402 3539 2480">
     <span class='ocr_line' id='line_1_54' title="bbox 1923 2402 3539 2480; baseline 0.001 -26"><span class='ocrx_word' id='word_1_405' title='bbox 1923 2417 2064 2464; x_wconf 89' lang='lat' dir='ltr'><strong>rum,</strong></span> <span class='ocrx_word' id='word_1_406' title='bbox 2108 2412 2256 2456; x_wconf 86' lang='lat' dir='ltr'><strong>stare</strong></span> <span class='ocrx_word' id='word_1_407' title='bbox 2304 2415 2484 2457; x_wconf 90' lang='lat' dir='ltr'><strong>autem</strong></span> <span class='ocrx_word' id='word_1_408' title='bbox 2520 2404 2573 2456; x_wconf 91' lang='lat' dir='ltr'><strong>in</strong></span> <span class='ocrx_word' id='word_1_409' title='bbox 2617 2406 2834 2462; x_wconf 86' lang='lat' dir='ltr'><strong>virtutis</strong></span> <span class='ocrx_word' id='word_1_410' title='bbox 2866 2402 3072 2465; x_wconf 77' lang='lat' dir='ltr'><strong>cilicio;</strong></span> <span class='ocrx_word' id='word_1_411' title='bbox 3123 2403 3245 2480; x_wconf 79' lang='lat' dir='ltr'><strong>quia</strong></span> <span class='ocrx_word' id='word_1_412' title='bbox 3278 2404 3539 2474; x_wconf 62' lang='lat' dir='ltr'><strong>Scriptum</strong></span> 
     </span>
    </p>
   </div>
   <div class='ocr_carea' id='block_1_55' title="bbox 1921 2492 3162 2576">
    <p class='ocr_par' dir='ltr' id='par_1_55' title="bbox 1921 2492 3162 2576">
     <span class='ocr_line' id='line_1_55' title="bbox 1921 2492 3162 2576; baseline -0.001 -28"><span class='ocrx_word' id='word_1_413' title='bbox 1921 2505 2006 2568; x_wconf 85' lang='lat' dir='ltr'><strong>est</strong></span> <span class='ocrx_word' id='word_1_414' title='bbox 2033 2515 2046 2570; x_wconf 86' lang='lat'><strong>_:</strong></span> <span class='ocrx_word' id='word_1_415' title='bbox 2078 2492 2103 2530; x_wconf 76' lang='grc' dir='ltr'>ά</span> <span class='ocrx_word' id='word_1_416' title='bbox 2141 2494 2218 2566; x_wconf 74' lang='lat' dir='ltr'><strong>Tu</strong></span> <span class='ocrx_word' id='word_1_417' title='bbox 2250 2510 2424 2550; x_wconf 87' lang='lat' dir='ltr'><strong>autem</strong></span> <span class='ocrx_word' id='word_1_418' title='bbox 2453 2498 2558 2567; x_wconf 74' lang='lat' dir='ltr'><strong>[ide</strong></span> <span class='ocrx_word' id='word_1_419' title='bbox 2587 2506 2693 2551; x_wconf 84' lang='lat' dir='ltr'><strong>stas</strong></span> <span class='ocrx_word' id='word_1_420' title='bbox 2725 2495 2907 2576; x_wconf 74' lang='lat' dir='ltr'><strong>(Rom.</strong></span> <span class='ocrx_word' id='word_1_421' title='bbox 2939 2513 3018 2562; x_wconf 76' lang='lat' dir='ltr'><strong>Xl,</strong></span> <span class='ocrx_word' id='word_1_422' title='bbox 3045 2496 3162 2566; x_wconf 66' lang='grc' dir='ltr'>ΞΟ).</span> 
     </span>
    </p>
   </div>
   <div class='ocr_carea' id='block_1_56' title="bbox 1991 2586 3545 2666">
    <p class='ocr_par' dir='ltr' id='par_1_56' title="bbox 1991 2586 3545 2666">
     <span class='ocr_line' id='line_1_56' title="bbox 1991 2586 3545 2666; baseline 0.001 -27"><span class='ocrx_word' id='word_1_423' title='bbox 1991 2586 2084 2641; x_wconf 80' lang='lat'><strong>27.</strong></span> <span class='ocrx_word' id='word_1_424' title='bbox 2128 2587 2283 2643; x_wconf 80' lang='lat' dir='ltr'><strong>Nunc</strong></span> <span class='ocrx_word' id='word_1_425' title='bbox 2326 2588 2745 2644; x_wconf 83' lang='lat' dir='ltr'><strong>consideremus</strong></span> <span class='ocrx_word' id='word_1_426' title='bbox 2786 2590 2912 2656; x_wconf 86' lang='lat' dir='ltr'><strong>quid</strong></span> <span class='ocrx_word' id='word_1_427' title='bbox 2954 2590 3062 2644; x_wconf 87' lang='lat' dir='ltr'><strong>sit:</strong></span> <span class='ocrx_word' id='word_1_428' title='bbox 3096 2586 3166 2644; x_wconf 87' lang='lat' dir='ltr'><strong>Et</strong></span> <span class='ocrx_word' id='word_1_429' title='bbox 3202 2591 3254 2666; x_wconf 75' lang='lat' dir='ltr'><strong>in</strong></span> <span class='ocrx_word' id='word_1_430' title='bbox 3297 2588 3545 2662; x_wconf 80' lang='lat' dir='ltr'><strong>cathedra</strong></span> 
     </span>
    </p>
   </div>
   <div class='ocr_carea' id='block_1_57' title="bbox 1924 2680 3544 2762">
    <p class='ocr_par' dir='ltr' id='par_1_57' title="bbox 1924 2680 3544 2762">
     <span class='ocr_line' id='line_1_57' title="bbox 1924 2680 3544 2762; baseline 0.003 -31"><span class='ocrx_word' id='word_1_431' title='bbox 1924 2681 2232 2754; x_wconf 75' lang='lat' dir='ltr'><strong>pestilentia:</strong></span> <span class='ocrx_word' id='word_1_432' title='bbox 2267 2698 2368 2734; x_wconf 89' lang='lat' dir='ltr'><strong>non</strong></span> <span class='ocrx_word' id='word_1_433' title='bbox 2408 2680 2563 2735; x_wconf 86' lang='lat' dir='ltr'><strong>sedit.</strong></span> <span class='ocrx_word' id='word_1_434' title='bbox 2606 2680 2676 2735; x_wconf 90' lang='lat' dir='ltr'><strong>Et</strong></span> <span class='ocrx_word' id='word_1_435' title='bbox 2715 2681 2931 2753; x_wconf 87' lang='lat' dir='ltr'><strong>quidem</strong></span> <span class='ocrx_word' id='word_1_436' title='bbox 2965 2681 3328 2762; x_wconf 64' lang='lat' dir='ltr'><strong>pra-misimus</strong></span> <span class='ocrx_word' id='word_1_437' title='bbox 3351 2722 3366 2746; x_wconf 93' lang='lat'><strong>,</strong></span> <span class='ocrx_word' id='word_1_438' title='bbox 3399 2680 3544 2752; x_wconf 87' lang='lat' dir='ltr'><strong>quod</strong></span> 
     </span>
    </p>
   </div>
   <div class='ocr_carea' id='block_1_58' title="bbox 1927 2775 3541 2846">
    <p class='ocr_par' dir='ltr' id='par_1_58' title="bbox 1927 2775 3541 2846">
     <span class='ocr_line' id='line_1_58' title="bbox 1927 2775 3541 2846; baseline 0.003 -22"><span class='ocrx_word' id='word_1_439' title='bbox 1927 2790 2032 2827; x_wconf 93' lang='lat' dir='ltr'><strong>non</strong></span> <span class='ocrx_word' id='word_1_440' title='bbox 2085 2775 2317 2841; x_wconf 79' lang='lat' dir='ltr'><strong>simplex</strong></span> <span class='ocrx_word' id='word_1_441' title='bbox 2359 2791 2654 2829; x_wconf 85' lang='lat' dir='ltr'><strong>consessus</strong></span> <span class='ocrx_word' id='word_1_442' title='bbox 2697 2777 2749 2828; x_wconf 91' lang='lat' dir='ltr'><strong>iu</strong></span> <span class='ocrx_word' id='word_1_443' title='bbox 2791 2775 3099 2845; x_wconf 60' lang='lat' dir='ltr'><strong>huiusmodi</strong></span> <span class='ocrx_word' id='word_1_444' title='bbox 3142 2775 3288 2846; x_wconf 88' lang='lat' dir='ltr'><strong>quod</strong></span> <span class='ocrx_word' id='word_1_445' title='bbox 3335 2782 3387 2830; x_wconf 89' lang='lat' dir='ltr'><strong>iu</strong></span> <span class='ocrx_word' id='word_1_446' title='bbox 3441 2789 3541 2829; x_wconf 78' lang='lat' dir='ltr'><strong>usu</strong></span> 
     </span>
    </p>
   </div>
   <div class='ocr_carea' id='block_1_59' title="bbox 1925 2847 3547 2940">
    <p class='ocr_par' dir='ltr' id='par_1_59' title="bbox 1925 2847 3547 2940">
     <span class='ocr_line' id='line_1_59' title="bbox 1925 2847 3547 2940; baseline 0.003 -24"><span class='ocrx_word' id='word_1_447' title='bbox 1925 2877 2008 2917; x_wconf 89' lang='lat' dir='ltr'><strong>est</strong></span> <span class='ocrx_word' id='word_1_448' title='bbox 2058 2865 2232 2940; x_wconf 83' lang='lat' dir='ltr'><strong>solio,</strong></span> <span class='ocrx_word' id='word_1_449' title='bbox 2280 2867 2736 2936; x_wconf 89' lang='lat' dir='ltr'><strong>reprehendatur.</strong></span> <span class='ocrx_word' id='word_1_450' title='bbox 2785 2847 2937 2936; x_wconf 74' lang='lat' dir='ltr'><strong>Quid</strong></span> <span class='ocrx_word' id='word_1_451' title='bbox 2976 2885 3122 2930; x_wconf 82' lang='lat' dir='ltr'><strong>enim</strong></span> <span class='ocrx_word' id='word_1_452' title='bbox 3173 2867 3396 2924; x_wconf 79' lang='lat' dir='ltr'><strong>invidia:</strong></span> <span class='ocrx_word' id='word_1_453' title='bbox 3449 2867 3547 2932; x_wconf 84' lang='lat' dir='ltr'><strong>ha-</strong></span> 
     </span>
    </p>
   </div>
   <div class='ocr_carea' id='block_1_60' title="bbox 1925 2945 3548 3034">
    <p class='ocr_par' dir='ltr' id='par_1_60' title="bbox 1925 2945 3548 3034">
     <span class='ocr_line' id='line_1_60' title="bbox 1925 2945 3548 3034; baseline 0.004 -22"><span class='ocrx_word' id='word_1_454' title='bbox 1925 2959 2079 3012; x_wconf 89' lang='lat' dir='ltr'><strong>beret</strong></span> <span class='ocrx_word' id='word_1_455' title='bbox 2125 2959 2190 3012; x_wconf 90' lang='lat' dir='ltr'><strong>ad</strong></span> <span class='ocrx_word' id='word_1_456' title='bbox 2243 2960 2502 3032; x_wconf 81' lang='lat' dir='ltr'><strong>culpam?</strong></span> <span class='ocrx_word' id='word_1_457' title='bbox 2553 2960 2662 3014; x_wconf 86' lang='lat' dir='ltr'><strong>Sed</strong></span> <span class='ocrx_word' id='word_1_458' title='bbox 2709 2975 2831 3032; x_wconf 78' lang='lat' dir='ltr'><strong>cum</strong></span> <span class='ocrx_word' id='word_1_459' title='bbox 2884 2963 3025 3015; x_wconf 84' lang='lat' dir='ltr'><strong>oculi</strong></span> <span class='ocrx_word' id='word_1_460' title='bbox 3070 2945 3282 3016; x_wconf 85' lang='lat' dir='ltr'><strong>Domini</strong></span> <span class='ocrx_word' id='word_1_461' title='bbox 3329 2978 3548 3034; x_wconf 80' lang='lat' dir='ltr'><strong>semper</strong></span> 
     </span>
    </p>
   </div>
   <div class='ocr_carea' id='block_1_61' title="bbox 1926 3045 3547 3130">
    <p class='ocr_par' dir='ltr' id='par_1_61' title="bbox 1926 3045 3547 3130">
     <span class='ocr_line' id='line_1_61' title="bbox 1926 3045 3547 3130; baseline 0.003 -26"><span class='ocrx_word' id='word_1_462' title='bbox 1926 3068 2090 3121; x_wconf 89' lang='lat' dir='ltr'><strong>super</strong></span> <span class='ocrx_word' id='word_1_463' title='bbox 2133 3045 2534 3128; x_wconf 47' lang='lat' dir='ltr'><strong>lideles&#39;terra:</strong></span> <span class='ocrx_word' id='word_1_464' title='bbox 2582 3054 2726 3118; x_wconf 90' lang='lat' dir='ltr'><strong>sint;</strong></span> <span class='ocrx_word' id='word_1_465' title='bbox 2784 3065 3054 3124; x_wconf 83' lang='lat' dir='ltr'><strong>tamquam</strong></span> <span class='ocrx_word' id='word_1_466' title='bbox 3104 3055 3204 3107; x_wconf 87' lang='lat' dir='ltr'><strong>sub</strong></span> <span class='ocrx_word' id='word_1_467' title='bbox 3246 3065 3547 3130; x_wconf 71' lang='lat' dir='ltr'><strong>cunspectu</strong></span> 
     </span>
    </p>
   </div>
   <div class='ocr_carea' id='block_1_62' title="bbox 1928 3146 3546 3226">
    <p class='ocr_par' dir='ltr' id='par_1_62' title="bbox 1928 3146 3546 3226">
     <span class='ocr_line' id='line_1_62' title="bbox 1928 3146 3546 3226; baseline 0.004 -28"><span class='ocrx_word' id='word_1_468' title='bbox 1928 3147 2272 3222; x_wconf 81' lang='lat' dir='ltr'><strong>imperatoris</strong></span> <span class='ocrx_word' id='word_1_469' title='bbox 2315 3147 2515 3211; x_wconf 88' lang='lat' dir='ltr'><strong>locati,</strong></span> <span class='ocrx_word' id='word_1_470' title='bbox 2558 3155 2615 3202; x_wconf 87' lang='lat' dir='ltr'><strong>et</strong></span> <span class='ocrx_word' id='word_1_471' title='bbox 2651 3148 2814 3224; x_wconf 81' lang='lat' dir='ltr'><strong>veluti</strong></span> <span class='ocrx_word' id='word_1_472' title='bbox 2860 3149 2910 3226; x_wconf 79' lang='lat' dir='ltr'><strong>in</strong></span> <span class='ocrx_word' id='word_1_473' title='bbox 2960 3146 3263 3202; x_wconf 89' lang='lat' dir='ltr'><strong>ministerio</strong></span> <span class='ocrx_word' id='word_1_474' title='bbox 3306 3150 3546 3219; x_wconf 79' lang='lat' dir='ltr'><strong>quodam</strong></span> 
     </span>
    </p>
   </div>
   <div class='ocr_carea' id='block_1_63' title="bbox 184 3241 3548 3326">
    <p class='ocr_par' dir='ltr' id='par_1_63' title="bbox 184 3241 3548 3326">
     <span class='ocr_line' id='line_1_63' title="bbox 184 3241 3548 3326; baseline -0.001 -27"><span class='ocrx_word' id='word_1_475' title='bbox 184 3252 325 3299; x_wconf 90' lang='lat' dir='ltr'><strong>runt</strong></span> <span class='ocrx_word' id='word_1_476' title='bbox 356 3243 605 3298; x_wconf 78' lang='lat' dir='ltr'><strong>diversa:</strong></span> <span class='ocrx_word' id='word_1_477' title='bbox 634 3260 816 3299; x_wconf 91' lang='lat' dir='ltr'><strong>rerum</strong></span> <span class='ocrx_word' id='word_1_478' title='bbox 839 3244 1264 3317; x_wconf 82' lang='lat' dir='ltr'><strong>species,seque</strong></span> <span class='ocrx_word' id='word_1_479' title='bbox 1295 3246 1600 3300; x_wconf 78' lang='lat' dir='ltr'><strong>oli&#39;nndunt.</strong></span> <span class='ocrx_word' id='word_1_480' title='bbox 1659 3246 1712 3301; x_wconf 90' lang='lat' dir='ltr'><strong>Si</strong></span> <span class='ocrx_word' id='word_1_481' title='bbox 1751 3247 1817 3300; x_wconf 87' lang='lat' dir='ltr'><strong>ad</strong></span> <span class='ocrx_word' id='word_1_482' title='bbox 1850 3264 1894 3326; x_wconf 67' lang='grc' dir='ltr'><strong>ρ</strong></span> <span class='ocrx_word' id='word_1_483' title='bbox 1931 3241 2127 3311; x_wconf 78' lang='lat' dir='ltr'><strong>positi,</strong></span> <span class='ocrx_word' id='word_1_484' title='bbox 2159 3253 2304 3297; x_wconf 84' lang='lat' dir='ltr'><strong>stare</strong></span> <span class='ocrx_word' id='word_1_485' title='bbox 2333 3243 2616 3300; x_wconf 88' lang='lat' dir='ltr'><strong>debemus.</strong></span> <span class='ocrx_word' id='word_1_486' title='bbox 2653 3243 2806 3298; x_wconf 85' lang='lat' dir='ltr'><strong>Miles</strong></span> <span class='ocrx_word' id='word_1_487' title='bbox 2849 3246 2899 3298; x_wconf 92' lang='lat' dir='ltr'><strong>in</strong></span> <span class='ocrx_word' id='word_1_488' title='bbox 2946 3244 3226 3324; x_wconf 69' lang='lat' dir='ltr'><strong>procinctu</strong></span> <span class='ocrx_word' id='word_1_489' title='bbox 3265 3255 3404 3312; x_wconf 89' lang='lat' dir='ltr'><strong>stat,</strong></span> <span class='ocrx_word' id='word_1_490' title='bbox 3442 3262 3548 3322; x_wconf 74' lang='lat' dir='ltr'><strong>non</strong></span> 
     </span>
    </p>
   </div>
   <div class='ocr_carea' id='block_1_64' title="bbox 190 3337 1822 3412">
    <p class='ocr_par' dir='ltr' id='par_1_64' title="bbox 190 3337 1822 3412">
     <span class='ocr_line' id='line_1_64' title="bbox 190 3337 1822 3412; baseline 0.002 -20"><span class='ocrx_word' id='word_1_491' title='bbox 190 3337 544 3407; x_wconf 86' lang='lat' dir='ltr'><strong>sempiterna</strong></span> <span class='ocrx_word' id='word_1_492' title='bbox 600 3338 868 3401; x_wconf 85' lang='lat' dir='ltr'><strong>intendat,</strong></span> <span class='ocrx_word' id='word_1_493' title='bbox 901 3339 1152 3393; x_wconf 89' lang='lat' dir='ltr'><strong>virtutem</strong></span> <span class='ocrx_word' id='word_1_494' title='bbox 1201 3339 1370 3410; x_wconf 73' lang='lat' dir='ltr'><strong>eligit;</strong></span> <span class='ocrx_word' id='word_1_495' title='bbox 1401 3342 1444 3395; x_wconf 88' lang='lat' dir='ltr'><strong>si</strong></span> <span class='ocrx_word' id='word_1_496' title='bbox 1473 3342 1538 3395; x_wconf 88' lang='lat' dir='ltr'><strong>ad</strong></span> <span class='ocrx_word' id='word_1_497' title='bbox 1578 3357 1822 3412; x_wconf 83' lang='lat' dir='ltr'><strong>praesen-</strong></span> 
     </span>
    </p>
   </div>
   <div class='ocr_carea' id='block_1_65' title="bbox 193 3431 1823 3502">
    <p class='ocr_par' dir='ltr' id='par_1_65' title="bbox 193 3431 1823 3502">
     <span class='ocr_line' id='line_1_65' title="bbox 193 3431 1823 3502; baseline 0.004 -19"><span class='ocrx_word' id='word_1_498' title='bbox 193 3431 292 3496; x_wconf 87' lang='lat' dir='ltr'><strong>tia,</strong></span> <span class='ocrx_word' id='word_1_499' title='bbox 321 3433 666 3501; x_wconf 86' lang='lat' dir='ltr'><strong>voluptatem</strong></span> <span class='ocrx_word' id='word_1_500' title='bbox 692 3434 974 3502; x_wconf 77' lang='lat' dir='ltr'><strong>przeponit.</strong></span> <span class='ocrx_word' id='word_1_501' title='bbox 1002 3431 1178 3489; x_wconf 87' lang='lat' dir='ltr'><strong>Grave</strong></span> <span class='ocrx_word' id='word_1_502' title='bbox 1202 3444 1256 3488; x_wconf 90' lang='lat' dir='ltr'><strong>et</strong></span> <span class='ocrx_word' id='word_1_503' title='bbox 1286 3436 1524 3502; x_wconf 86' lang='lat' dir='ltr'><strong>iniquum</strong></span> <span class='ocrx_word' id='word_1_504' title='bbox 1549 3447 1823 3490; x_wconf 87' lang='lat' dir='ltr'><strong>certamen</strong></span> 
     </span>
    </p>
   </div>
   <div class='ocr_carea' id='block_1_66' title="bbox 196 3524 1826 3596">
    <p class='ocr_par' dir='ltr' id='par_1_66' title="bbox 196 3524 1826 3596">
     <span class='ocr_line' id='line_1_66' title="bbox 196 3524 1826 3596; baseline 0.006 -20"><span class='ocrx_word' id='word_1_505' title='bbox 196 3525 480 3580; x_wconf 84' lang='lat' dir='ltr'><strong>adversus</strong></span> <span class='ocrx_word' id='word_1_506' title='bbox 523 3524 916 3581; x_wconf 86' lang='lat' dir='ltr'><strong>delectationes</strong></span> <span class='ocrx_word' id='word_1_507' title='bbox 946 3530 1320 3596; x_wconf 72' lang='lat' dir='ltr'><strong>praesentium.</strong></span> <span class='ocrx_word' id='word_1_508' title='bbox 1357 3529 1452 3583; x_wconf 90' lang='lat' dir='ltr'><strong>llic</strong></span> <span class='ocrx_word' id='word_1_509' title='bbox 1493 3530 1717 3585; x_wconf 88' lang='lat' dir='ltr'><strong>libertas</strong></span> <span class='ocrx_word' id='word_1_510' title='bbox 1743 3541 1826 3586; x_wconf 90' lang='lat' dir='ltr'><strong>est</strong></span> 
     </span>
    </p>
   </div>
   <div class='ocr_carea' id='block_1_67' title="bbox 197 3617 1825 3694">
    <p class='ocr_par' dir='ltr' id='par_1_67' title="bbox 197 3617 1825 3694">
     <span class='ocr_line' id='line_1_67' title="bbox 197 3617 1825 3694; baseline 0.003 -22"><span class='ocrx_word' id='word_1_511' title='bbox 197 3617 594 3686; x_wconf 82' lang='lat' dir='ltr'><strong>cupiditatum,</strong></span> <span class='ocrx_word' id='word_1_512' title='bbox 629 3619 740 3674; x_wconf 91' lang='lat' dir='ltr'><strong>illic</strong></span> <span class='ocrx_word' id='word_1_513' title='bbox 765 3618 791 3657; x_wconf 75' lang='grc' dir='ltr'>δ</span> <span class='ocrx_word' id='word_1_514' title='bbox 819 3623 1056 3676; x_wconf 85' lang='lat' dir='ltr'><strong>servitus</strong></span> <span class='ocrx_word' id='word_1_515' title='bbox 1090 3621 1443 3689; x_wconf 74' lang='lat' dir='ltr'><strong>iniuriarum,</strong></span> <span class='ocrx_word' id='word_1_516' title='bbox 1478 3620 1656 3677; x_wconf 79' lang='lat' dir='ltr'><strong>facere</strong></span> <span class='ocrx_word' id='word_1_517' title='bbox 1705 3640 1825 3694; x_wconf 65' lang='lat' dir='ltr'><strong>qua:</strong></span> 
     </span>
    </p>
   </div>
   <div class='ocr_carea' id='block_1_68' title="bbox 203 3711 1826 3782">
    <p class='ocr_par' dir='ltr' id='par_1_68' title="bbox 203 3711 1826 3782">
     <span class='ocr_line' id='line_1_68' title="bbox 203 3711 1826 3782; baseline 0.003 -15"><span class='ocrx_word' id='word_1_518' title='bbox 203 3729 316 3767; x_wconf 92' lang='lat' dir='ltr'><strong>non</strong></span> <span class='ocrx_word' id='word_1_519' title='bbox 353 3711 459 3776; x_wconf 87' lang='lat' dir='ltr'><strong>vis,</strong></span> <span class='ocrx_word' id='word_1_520' title='bbox 485 3721 541 3766; x_wconf 90' lang='lat' dir='ltr'><strong>et</strong></span> <span class='ocrx_word' id='word_1_521' title='bbox 569 3712 637 3765; x_wconf 90' lang='lat' dir='ltr'><strong>ab</strong></span> <span class='ocrx_word' id='word_1_522' title='bbox 680 3713 743 3766; x_wconf 90' lang='lat' dir='ltr'><strong>iis</strong></span> <span class='ocrx_word' id='word_1_523' title='bbox 771 3730 891 3782; x_wconf 76' lang='lat' dir='ltr'><strong>qua:</strong></span> <span class='ocrx_word' id='word_1_524' title='bbox 942 3713 1363 3780; x_wconf 84' lang='lat' dir='ltr'><strong>desideraveris,</strong></span> <span class='ocrx_word' id='word_1_525' title='bbox 1405 3715 1704 3782; x_wconf 86' lang='lat' dir='ltr'><strong>abstinere;</strong></span> <span class='ocrx_word' id='word_1_526' title='bbox 1741 3718 1826 3772; x_wconf 84' lang='lat' dir='ltr'><strong>hic</strong></span> 
     </span>
    </p>
   </div>
   <div class='ocr_carea' id='block_1_69' title="bbox 201 3805 1826 3878">
    <p class='ocr_par' dir='ltr' id='par_1_69' title="bbox 201 3805 1826 3878">
     <span class='ocr_line' id='line_1_69' title="bbox 201 3805 1826 3878; baseline 0.002 -19"><span class='ocrx_word' id='word_1_527' title='bbox 201 3805 545 3870; x_wconf 85' lang='lat' dir='ltr'><strong>convivium,</strong></span> <span class='ocrx_word' id='word_1_528' title='bbox 582 3805 693 3858; x_wconf 91' lang='lat' dir='ltr'><strong>illic</strong></span> <span class='ocrx_word' id='word_1_529' title='bbox 717 3805 1010 3875; x_wconf 83' lang='lat' dir='ltr'><strong>jejunium;</strong></span> <span class='ocrx_word' id='word_1_530' title='bbox 1037 3806 1124 3862; x_wconf 91' lang='lat' dir='ltr'><strong>hic</strong></span> <span class='ocrx_word' id='word_1_531' title='bbox 1157 3808 1572 3877; x_wconf 89' lang='lat' dir='ltr'><strong>intemperantia</strong></span> <span class='ocrx_word' id='word_1_532' title='bbox 1599 3811 1826 3878; x_wconf 84' lang='lat' dir='ltr'><strong>gaudio-</strong></span> 
     </span>
    </p>
   </div>
   <div class='ocr_carea' id='block_1_70' title="bbox 212 3897 1823 3971">
    <p class='ocr_par' dir='ltr' id='par_1_70' title="bbox 212 3897 1823 3971">
     <span class='ocr_line' id='line_1_70' title="bbox 212 3897 1823 3971; baseline 0.004 -21"><span class='ocrx_word' id='word_1_533' title='bbox 212 3912 373 3961; x_wconf 90' lang='lat' dir='ltr'><strong>rum,</strong></span> <span class='ocrx_word' id='word_1_534' title='bbox 427 3897 538 3950; x_wconf 88' lang='lat' dir='ltr'><strong>illic</strong></span> <span class='ocrx_word' id='word_1_535' title='bbox 592 3900 995 3963; x_wconf 85' lang='lat' dir='ltr'><strong>perseverantia</strong></span> <span class='ocrx_word' id='word_1_536' title='bbox 1057 3901 1456 3971; x_wconf 82' lang='lat' dir='ltr'><strong>lacrymarum;</strong></span> <span class='ocrx_word' id='word_1_537' title='bbox 1506 3901 1596 3958; x_wconf 89' lang='lat' dir='ltr'><strong>hic</strong></span> <span class='ocrx_word' id='word_1_538' title='bbox 1658 3908 1823 3957; x_wconf 82' lang='lat' dir='ltr'><strong>salta-</strong></span> 
     </span>
    </p>
   </div>
   <div class='ocr_carea' id='block_1_71' title="bbox 213 3986 1828 4066">
    <p class='ocr_par' dir='ltr' id='par_1_71' title="bbox 213 3986 1828 4066">
     <span class='ocr_line' id='line_1_71' title="bbox 213 3986 1828 4066; baseline 0.007 -26"><span class='ocrx_word' id='word_1_539' title='bbox 213 3987 324 4053; x_wconf 87' lang='lat' dir='ltr'><strong>tio,</strong></span> <span class='ocrx_word' id='word_1_540' title='bbox 379 3986 494 4042; x_wconf 89' lang='lat' dir='ltr'><strong>illic</strong></span> <span class='ocrx_word' id='word_1_541' title='bbox 542 3988 746 4055; x_wconf 84' lang='lat' dir='ltr'><strong>oratiu;</strong></span> <span class='ocrx_word' id='word_1_542' title='bbox 799 3991 885 4044; x_wconf 89' lang='lat' dir='ltr'><strong>hic</strong></span> <span class='ocrx_word' id='word_1_543' title='bbox 927 4000 1119 4045; x_wconf 89' lang='lat' dir='ltr'><strong>cantus</strong></span> <span class='ocrx_word' id='word_1_544' title='bbox 1167 3992 1378 4059; x_wconf 84' lang='lat' dir='ltr'><strong>dulces,</strong></span> <span class='ocrx_word' id='word_1_545' title='bbox 1433 3994 1542 4048; x_wconf 90' lang='lat' dir='ltr'><strong>illic</strong></span> <span class='ocrx_word' id='word_1_546' title='bbox 1589 3997 1828 4066; x_wconf 86' lang='lat' dir='ltr'><strong>gemitus</strong></span> 
     </span>
    </p>
   </div>
   <div class='ocr_carea' id='block_1_72' title="bbox 213 4075 1830 4156">
    <p class='ocr_par' dir='ltr' id='par_1_72' title="bbox 213 4075 1830 4156">
     <span class='ocr_line' id='line_1_72' title="bbox 213 4075 1830 4156; baseline 0.006 -22"><span class='ocrx_word' id='word_1_547' title='bbox 213 4097 432 4152; x_wconf 89' lang='lat' dir='ltr'><strong>graves.</strong></span> <span class='ocrx_word' id='word_1_548' title='bbox 465 4083 739 4150; x_wconf 87' lang='lat' dir='ltr'><strong>Scriptum</strong></span> <span class='ocrx_word' id='word_1_549' title='bbox 765 4093 848 4138; x_wconf 92' lang='lat' dir='ltr'><strong>est</strong></span> <span class='ocrx_word' id='word_1_550' title='bbox 874 4085 1091 4156; x_wconf 87' lang='lat' dir='ltr'><strong>quidem</strong></span> <span class='ocrx_word' id='word_1_551' title='bbox 1121 4103 1134 4140; x_wconf 90' lang='lat'>:</span> <span class='ocrx_word' id='word_1_552' title='bbox 1163 4084 1263 4141; x_wconf 88' lang='lat' dir='ltr'><strong>Cor</strong></span> <span class='ocrx_word' id='word_1_553' title='bbox 1288 4089 1604 4155; x_wconf 86' lang='lat' dir='ltr'><strong>sapientium</strong></span> <span class='ocrx_word' id='word_1_554' title='bbox 1634 4075 1708 4142; x_wconf 28' lang='lat' dir='ltr'><strong>in:</strong></span> <span class='ocrx_word' id='word_1_555' title='bbox 1733 4089 1830 4143; x_wconf 90' lang='lat' dir='ltr'><strong>do-</strong></span> 
     </span>
    </p>
   </div>
   <div class='ocr_carea' id='block_1_73' title="bbox 215 4159 1828 4251">
    <p class='ocr_par' dir='ltr' id='par_1_73' title="bbox 215 4159 1828 4251">
     <span class='ocr_line' id='line_1_73' title="bbox 215 4159 1828 4251; baseline 0.005 -24"><span class='ocrx_word' id='word_1_556' title='bbox 215 4191 302 4228; x_wconf 87' lang='lat' dir='ltr'><strong>mo</strong></span> <span class='ocrx_word' id='word_1_557' title='bbox 333 4175 526 4234; x_wconf 82' lang='lat' dir='ltr'><strong>luctus.</strong></span> <span class='ocrx_word' id='word_1_558' title='bbox 561 4184 609 4228; x_wconf 85' lang='lat' dir='ltr'><strong>et</strong></span> <span class='ocrx_word' id='word_1_559' title='bbox 652 4192 740 4230; x_wconf 90' lang='lat' dir='ltr'><strong>cor</strong></span> <span class='ocrx_word' id='word_1_560' title='bbox 758 4177 1036 4230; x_wconf 76' lang='lat' dir='ltr'><strong>stultorum</strong></span> <span class='ocrx_word' id='word_1_561' title='bbox 1059 4179 1111 4230; x_wconf 88' lang='lat' dir='ltr'><strong>in</strong></span> <span class='ocrx_word' id='word_1_562' title='bbox 1133 4178 1283 4230; x_wconf 90' lang='lat' dir='ltr'><strong>donto</strong></span> <span class='ocrx_word' id='word_1_563' title='bbox 1309 4159 1606 4251; x_wconf 77' lang='lat' dir='ltr'><strong>epularum.</strong></span> <span class='ocrx_word' id='word_1_564' title='bbox 1638 4179 1828 4236; x_wconf 81' lang='lat' dir='ltr'><strong>Melius</strong></span> 
     </span>
    </p>
   </div>
   <div class='ocr_carea' id='block_1_74' title="bbox 218 4269 1829 4343">
    <p class='ocr_par' dir='ltr' id='par_1_74' title="bbox 218 4269 1829 4343">
     <span class='ocr_line' id='line_1_74' title="bbox 218 4269 1829 4343; baseline 0.004 -22"><span class='ocrx_word' id='word_1_565' title='bbox 218 4278 295 4322; x_wconf 85' lang='lat' dir='ltr'><strong>est</strong></span> <span class='ocrx_word' id='word_1_566' title='bbox 324 4269 510 4323; x_wconf 83' lang='lat' dir='ltr'><strong>audire</strong></span> <span class='ocrx_word' id='word_1_567' title='bbox 539 4269 939 4339; x_wconf 84' lang='lat' dir='ltr'><strong>increpationem</strong></span> <span class='ocrx_word' id='word_1_568' title='bbox 977 4269 1248 4339; x_wconf 74' lang='lat' dir='ltr'><strong>sapientis,</strong></span> <span class='ocrx_word' id='word_1_569' title='bbox 1274 4273 1438 4342; x_wconf 89' lang='lat' dir='ltr'><strong>magis</strong></span> <span class='ocrx_word' id='word_1_570' title='bbox 1460 4289 1615 4343; x_wconf 89' lang='lat' dir='ltr'><strong>quam</strong></span> <span class='ocrx_word' id='word_1_571' title='bbox 1663 4275 1829 4328; x_wconf 89' lang='lat' dir='ltr'><strong>virum</strong></span> 
     </span>
    </p>
   </div>
   <div class='ocr_carea' id='block_1_75' title="bbox 219 4361 1829 4435">
    <p class='ocr_par' dir='ltr' id='par_1_75' title="bbox 219 4361 1829 4435">
     <span class='ocr_line' id='line_1_75' title="bbox 219 4361 1829 4435; baseline 0.004 -21"><span class='ocrx_word' id='word_1_572' title='bbox 219 4361 515 4416; x_wconf 82' lang='lat' dir='ltr'><strong>audientem</strong></span> <span class='ocrx_word' id='word_1_573' title='bbox 547 4362 806 4433; x_wconf 72' lang='lat' dir='ltr'><strong>canticum</strong></span> <span class='ocrx_word' id='word_1_574' title='bbox 833 4366 1110 4417; x_wconf 83' lang='lat' dir='ltr'><strong>stultorum</strong></span> <span class='ocrx_word' id='word_1_575' title='bbox 1138 4362 1310 4433; x_wconf 83' lang='lat' dir='ltr'><strong>(Eccl.</strong></span> <span class='ocrx_word' id='word_1_576' title='bbox 1341 4381 1432 4430; x_wconf 88' lang='lat' dir='ltr'><strong>vtt,</strong></span> <span class='ocrx_word' id='word_1_577' title='bbox 1468 4370 1500 4418; x_wconf 93' lang='lat'><strong>5</strong></span> <span class='ocrx_word' id='word_1_578' title='bbox 1531 4377 1578 4420; x_wconf 78' lang='lat' dir='ltr'><strong>et</strong></span> <span class='ocrx_word' id='word_1_579' title='bbox 1608 4365 1686 4435; x_wconf 87' lang='lat'><strong>6).</strong></span> <span class='ocrx_word' id='word_1_580' title='bbox 1721 4366 1829 4421; x_wconf 81' lang='lat' dir='ltr'><strong>Sed</strong></span> 
     </span>
    </p>
   </div>
   <div class='ocr_carea' id='block_1_76' title="bbox 222 4453 1832 4526">
    <p class='ocr_par' dir='ltr' id='par_1_76' title="bbox 222 4453 1832 4526">
     <span class='ocr_line' id='line_1_76' title="bbox 222 4453 1832 4526; baseline 0.004 -18"><span class='ocrx_word' id='word_1_581' title='bbox 222 4455 380 4522; x_wconf 85' lang='lat' dir='ltr'><strong>pauci</strong></span> <span class='ocrx_word' id='word_1_582' title='bbox 405 4454 520 4509; x_wconf 80' lang='lat' dir='ltr'><strong>inec</strong></span> <span class='ocrx_word' id='word_1_583' title='bbox 539 4453 786 4519; x_wconf 85' lang='lat' dir='ltr'><strong>audiunt,</strong></span> <span class='ocrx_word' id='word_1_584' title='bbox 821 4455 1105 4526; x_wconf 86' lang='lat' dir='ltr'><strong>pauciores</strong></span> <span class='ocrx_word' id='word_1_585' title='bbox 1155 4470 1472 4526; x_wconf 85' lang='lat' dir='ltr'><strong>sequuntur.</strong></span> <span class='ocrx_word' id='word_1_586' title='bbox 1503 4457 1688 4512; x_wconf 84' lang='lat' dir='ltr'><strong>Allu-it</strong></span> <span class='ocrx_word' id='word_1_587' title='bbox 1732 4459 1832 4514; x_wconf 80' lang='lat' dir='ltr'><strong>bo-</strong></span> 
     </span>
    </p>
   </div>
   <div class='ocr_carea' id='block_1_77' title="bbox 225 4538 1832 4620">
    <p class='ocr_par' dir='ltr' id='par_1_77' title="bbox 225 4538 1832 4620">
     <span class='ocr_line' id='line_1_77' title="bbox 225 4538 1832 4620; baseline 0.006 -22"><span class='ocrx_word' id='word_1_588' title='bbox 225 4545 402 4600; x_wconf 91' lang='lat' dir='ltr'><strong>mines</strong></span> <span class='ocrx_word' id='word_1_589' title='bbox 431 4545 599 4616; x_wconf 84' lang='lat' dir='ltr'><strong>magis</strong></span> <span class='ocrx_word' id='word_1_590' title='bbox 641 4538 1072 4616; x_wconf 53' lang='lat' dir='ltr'><strong>dulce&#39;peccati,</strong></span> <span class='ocrx_word' id='word_1_591' title='bbox 1097 4548 1240 4618; x_wconf 90' lang='lat' dir='ltr'><strong>quod</strong></span> <span class='ocrx_word' id='word_1_592' title='bbox 1281 4549 1347 4604; x_wconf 89' lang='lat' dir='ltr'><strong>ad</strong></span> <span class='ocrx_word' id='word_1_593' title='bbox 1387 4565 1624 4620; x_wconf 56' lang='lat' dir='ltr'><strong>praesens</strong></span> <span class='ocrx_word' id='word_1_594' title='bbox 1657 4553 1832 4607; x_wconf 84' lang='lat' dir='ltr'><strong>inﬂuit</strong></span> 
     </span>
    </p>
   </div>
   <div class='ocr_carea' id='block_1_78' title="bbox 1929 3335 3551 3414">
    <p class='ocr_par' dir='ltr' id='par_1_78' title="bbox 1929 3335 3551 3414">
     <span class='ocr_line' id='line_1_78' title="bbox 1929 3335 3551 3414; baseline 0.002 -26"><span class='ocrx_word' id='word_1_595' title='bbox 1929 3337 2116 3414; x_wconf 77' lang='lat' dir='ltr'><strong>sedet;</strong></span> <span class='ocrx_word' id='word_1_596' title='bbox 2152 3335 2309 3406; x_wconf 87' lang='lat' dir='ltr'><strong>miles</strong></span> <span class='ocrx_word' id='word_1_597' title='bbox 2341 3337 2392 3389; x_wconf 93' lang='lat' dir='ltr'><strong>iu</strong></span> <span class='ocrx_word' id='word_1_598' title='bbox 2425 3337 2590 3391; x_wconf 88' lang='lat' dir='ltr'><strong>armis</strong></span> <span class='ocrx_word' id='word_1_599' title='bbox 2637 3353 2742 3392; x_wconf 89' lang='lat' dir='ltr'><strong>non</strong></span> <span class='ocrx_word' id='word_1_600' title='bbox 2792 3354 2851 3391; x_wconf 87' lang='lat' dir='ltr'><strong>se</strong></span> <span class='ocrx_word' id='word_1_601' title='bbox 2899 3337 3168 3403; x_wconf 81' lang='lat' dir='ltr'><strong>reﬂectit,</strong></span> <span class='ocrx_word' id='word_1_602' title='bbox 3216 3340 3308 3394; x_wconf 86' lang='lat' dir='ltr'><strong>sed</strong></span> <span class='ocrx_word' id='word_1_603' title='bbox 3349 3341 3551 3410; x_wconf 79' lang='lat' dir='ltr'><strong>excitat</strong></span> 
     </span>
    </p>
   </div>
   <div class='ocr_carea' id='block_1_79' title="bbox 1930 3429 3552 3512">
    <p class='ocr_par' dir='ltr' id='par_1_79' title="bbox 1930 3429 3552 3512">
     <span class='ocr_line' id='line_1_79' title="bbox 1930 3429 3552 3512; baseline 0.004 -30"><span class='ocrx_word' id='word_1_604' title='bbox 1930 3439 2092 3500; x_wconf 86' lang='lat' dir='ltr'><strong>atque</strong></span> <span class='ocrx_word' id='word_1_605' title='bbox 2123 3430 2300 3501; x_wconf 87' lang='lat' dir='ltr'><strong>erigit.</strong></span> <span class='ocrx_word' id='word_1_606' title='bbox 2352 3429 2585 3501; x_wconf 85' lang='lat' dir='ltr'><strong>Ideoque</strong></span> <span class='ocrx_word' id='word_1_607' title='bbox 2628 3433 2889 3487; x_wconf 88' lang='lat' dir='ltr'><strong>militibus</strong></span> <span class='ocrx_word' id='word_1_608' title='bbox 2920 3431 3118 3504; x_wconf 66' lang='lat' dir='ltr'><strong>(litt-isti</strong></span> <span class='ocrx_word' id='word_1_609' title='bbox 3149 3432 3380 3512; x_wconf 66' lang='lat' dir='ltr'><strong>dicitur:</strong></span> <span class='ocrx_word' id='word_1_610' title='bbox 3415 3430 3552 3500; x_wconf 71' lang='lat' dir='ltr'><strong>Ecce</strong></span> 
     </span>
    </p>
   </div>
   <div class='ocr_carea' id='block_1_80' title="bbox 1931 3517 3553 3606">
    <p class='ocr_par' dir='ltr' id='par_1_80' title="bbox 1931 3517 3553 3606">
     <span class='ocr_line' id='line_1_80' title="bbox 1931 3517 3553 3606; baseline 0.001 -28"><span class='ocrx_word' id='word_1_611' title='bbox 1931 3517 2068 3578; x_wconf 84' lang='lat' dir='ltr'><strong>nunc</strong></span> <span class='ocrx_word' id='word_1_612' title='bbox 2109 3525 2392 3578; x_wconf 80' lang='lat' dir='ltr'><strong>benedicite</strong></span> <span class='ocrx_word' id='word_1_613' title='bbox 2436 3522 2726 3578; x_wconf 85' lang='lat' dir='ltr'><strong>Dominum</strong></span> <span class='ocrx_word' id='word_1_614' title='bbox 2767 3542 2943 3578; x_wconf 87' lang='lat' dir='ltr'><strong>onmes</strong></span> <span class='ocrx_word' id='word_1_615' title='bbox 2984 3527 3116 3580; x_wconf 77' lang='lat' dir='ltr'><strong>servi</strong></span> <span class='ocrx_word' id='word_1_616' title='bbox 3159 3523 3373 3606; x_wconf 78' lang='lat' dir='ltr'><strong>Domini</strong></span> <span class='ocrx_word' id='word_1_617' title='bbox 3399 3567 3413 3589; x_wconf 93' lang='lat'><strong>,</strong></span> <span class='ocrx_word' id='word_1_618' title='bbox 3463 3525 3553 3597; x_wconf 86' lang='lat' dir='ltr'><strong>qui</strong></span> 
     </span>
    </p>
   </div>
   <div class='ocr_carea' id='block_1_81' title="bbox 1928 3614 3551 3689">
    <p class='ocr_par' dir='ltr' id='par_1_81' title="bbox 1928 3614 3551 3689">
     <span class='ocr_line' id='line_1_81' title="bbox 1928 3614 3551 3689; baseline 0.002 -20"><span class='ocrx_word' id='word_1_619' title='bbox 1928 3618 2077 3669; x_wconf 76' lang='lat' dir='ltr'><strong>statis</strong></span> <span class='ocrx_word' id='word_1_620' title='bbox 2107 3617 2160 3669; x_wconf 85' lang='lat' dir='ltr'><strong>in</strong></span> <span class='ocrx_word' id='word_1_621' title='bbox 2189 3615 2341 3669; x_wconf 86' lang='lat' dir='ltr'><strong>domo</strong></span> <span class='ocrx_word' id='word_1_622' title='bbox 2376 3614 2590 3670; x_wconf 85' lang='lat' dir='ltr'><strong>Domini</strong></span> <span class='ocrx_word' id='word_1_623' title='bbox 2620 3616 2805 3686; x_wconf 69' lang='lat' dir='ltr'><strong>(Paul.</strong></span> <span class='ocrx_word' id='word_1_624' title='bbox 2835 3634 3045 3680; x_wconf 76' lang='lat' dir='ltr'><strong>cxxxut</strong></span> <span class='ocrx_word' id='word_1_625' title='bbox 3069 3659 3083 3682; x_wconf 93' lang='lat'><strong>,</strong></span> <span class='ocrx_word' id='word_1_626' title='bbox 3121 3620 3207 3689; x_wconf 80' lang='grc'><strong>1).</strong></span> <span class='ocrx_word' id='word_1_627' title='bbox 3252 3620 3319 3672; x_wconf 81' lang='lat' dir='ltr'><strong>At</strong></span> <span class='ocrx_word' id='word_1_628' title='bbox 3359 3624 3551 3674; x_wconf 81' lang='lat' dir='ltr'><strong>contra</strong></span> 
     </span>
    </p>
   </div>
   <div class='ocr_carea' id='block_1_82' title="bbox 1931 3709 3550 3794">
    <p class='ocr_par' dir='ltr' id='par_1_82' title="bbox 1931 3709 3550 3794">
     <span class='ocr_line' id='line_1_82' title="bbox 1931 3709 3550 3794; baseline 0.002 -30"><span class='ocrx_word' id='word_1_629' title='bbox 1931 3710 2186 3780; x_wconf 88' lang='lat' dir='ltr'><strong>iniquitas</strong></span> <span class='ocrx_word' id='word_1_630' title='bbox 2213 3709 2264 3784; x_wconf 87' lang='lat' dir='ltr'><strong>in</strong></span> <span class='ocrx_word' id='word_1_631' title='bbox 2311 3709 2512 3782; x_wconf 85' lang='lat' dir='ltr'><strong>talento</strong></span> <span class='ocrx_word' id='word_1_632' title='bbox 2557 3711 2812 3780; x_wconf 84' lang='lat' dir='ltr'><strong>plumbeo</strong></span> <span class='ocrx_word' id='word_1_633' title='bbox 2855 3713 3044 3776; x_wconf 85' lang='lat' dir='ltr'><strong>sedet,</strong></span> <span class='ocrx_word' id='word_1_634' title='bbox 3078 3728 3144 3794; x_wconf 84' lang='lat' dir='ltr'><strong>eo</strong></span> <span class='ocrx_word' id='word_1_635' title='bbox 3178 3715 3318 3782; x_wconf 80' lang='lat' dir='ltr'><strong>quod</strong></span> <span class='ocrx_word' id='word_1_636' title='bbox 3355 3714 3458 3784; x_wconf 77' lang='lat' dir='ltr'><strong>lixa</strong></span> <span class='ocrx_word' id='word_1_637' title='bbox 3493 3711 3550 3792; x_wconf 72' lang='lat' dir='ltr'><strong>iit</strong></span> 
     </span>
    </p>
   </div>
   <div class='ocr_carea' id='block_1_83' title="bbox 1934 3805 3552 3893">
    <p class='ocr_par' dir='ltr' id='par_1_83' title="bbox 1934 3805 3552 3893">
     <span class='ocr_line' id='line_1_83' title="bbox 1934 3805 3552 3893; baseline 0.004 -35"><span class='ocrx_word' id='word_1_638' title='bbox 1934 3818 2189 3874; x_wconf 87' lang='lat' dir='ltr'><strong>peccato,</strong></span> <span class='ocrx_word' id='word_1_639' title='bbox 2225 3821 2283 3857; x_wconf 91' lang='lat' dir='ltr'><strong>se</strong></span> <span class='ocrx_word' id='word_1_640' title='bbox 2317 3805 2383 3859; x_wconf 92' lang='lat' dir='ltr'><strong>ab</strong></span> <span class='ocrx_word' id='word_1_641' title='bbox 2411 3823 2477 3859; x_wconf 86' lang='lat' dir='ltr'><strong>eo</strong></span> <span class='ocrx_word' id='word_1_642' title='bbox 2518 3823 2774 3880; x_wconf 80' lang='lat' dir='ltr'><strong>separare</strong></span> <span class='ocrx_word' id='word_1_643' title='bbox 2816 3822 2922 3862; x_wconf 91' lang='lat' dir='ltr'><strong>non</strong></span> <span class='ocrx_word' id='word_1_644' title='bbox 2967 3808 3157 3893; x_wconf 81' lang='lat' dir='ltr'><strong>possit.</strong></span> <span class='ocrx_word' id='word_1_645' title='bbox 3204 3807 3420 3878; x_wconf 84' lang='lat' dir='ltr'><strong>Etenim</strong></span> <span class='ocrx_word' id='word_1_646' title='bbox 3466 3807 3552 3886; x_wconf 76' lang='lat' dir='ltr'><strong>in-</strong></span> 
     </span>
    </p>
   </div>
   <div class='ocr_carea' id='block_1_84' title="bbox 1932 3899 3553 3984">
    <p class='ocr_par' dir='ltr' id='par_1_84' title="bbox 1932 3899 3553 3984">
     <span class='ocr_line' id='line_1_84' title="bbox 1932 3899 3553 3984; baseline 0.009 -34"><span class='ocrx_word' id='word_1_647' title='bbox 1932 3901 2156 3954; x_wconf 87' lang='lat' dir='ltr'><strong>veterati</strong></span> <span class='ocrx_word' id='word_1_648' title='bbox 2187 3899 2240 3976; x_wconf 81' lang='lat' dir='ltr'><strong>in</strong></span> <span class='ocrx_word' id='word_1_649' title='bbox 2277 3916 2466 3978; x_wconf 76' lang='lat' dir='ltr'><strong>errore</strong></span> <span class='ocrx_word' id='word_1_650' title='bbox 2489 3943 2502 3965; x_wconf 90' lang='lat'><strong>,</strong></span> <span class='ocrx_word' id='word_1_651' title='bbox 2535 3911 2590 3956; x_wconf 90' lang='lat' dir='ltr'><strong>et</strong></span> <span class='ocrx_word' id='word_1_652' title='bbox 2631 3903 2878 3958; x_wconf 88' lang='lat' dir='ltr'><strong>studiose</strong></span> <span class='ocrx_word' id='word_1_653' title='bbox 2921 3904 3137 3984; x_wconf 66' lang='lat' dir='ltr'><strong>flagitiis</strong></span> <span class='ocrx_word' id='word_1_654' title='bbox 3179 3904 3511 3980; x_wconf 58' lang='lat' dir='ltr'><strong>inlitereiitcs,</strong></span> <span class='ocrx_word' id='word_1_655' title='bbox 3533 3944 3553 3972; x_wconf 66' lang='grc' dir='ltr'><strong><em>ν</em></strong></span> 
     </span>
    </p>
   </div>
   <div class='ocr_carea' id='block_1_85' title="bbox 1933 3993 3554 4074">
    <p class='ocr_par' dir='ltr' id='par_1_85' title="bbox 1933 3993 3554 4074">
     <span class='ocr_line' id='line_1_85' title="bbox 1933 3993 3554 4074; baseline 0.006 -28"><span class='ocrx_word' id='word_1_656' title='bbox 1933 3993 2123 4048; x_wconf 91' lang='lat' dir='ltr'><strong>sedere</strong></span> <span class='ocrx_word' id='word_1_657' title='bbox 2165 3994 2440 4068; x_wconf 84' lang='lat' dir='ltr'><strong>dicuntur,</strong></span> <span class='ocrx_word' id='word_1_658' title='bbox 2481 3997 2571 4066; x_wconf 81' lang='lat' dir='ltr'><strong>qui</strong></span> <span class='ocrx_word' id='word_1_659' title='bbox 2615 3997 2806 4066; x_wconf 85' lang='lat' dir='ltr'><strong>nolunt</strong></span> <span class='ocrx_word' id='word_1_660' title='bbox 2849 4013 3176 4072; x_wconf 80' lang='lat' dir='ltr'><strong>assurgere.</strong></span> <span class='ocrx_word' id='word_1_661' title='bbox 3221 4014 3320 4074; x_wconf 64' lang='lat' dir='ltr'><strong>nec</strong></span> <span class='ocrx_word' id='word_1_662' title='bbox 3363 4000 3554 4068; x_wconf 76' lang='lat' dir='ltr'><strong>audire</strong></span> 
     </span>
    </p>
   </div>
   <div class='ocr_carea' id='block_1_86' title="bbox 1933 4088 3550 4168">
    <p class='ocr_par' dir='ltr' id='par_1_86' title="bbox 1933 4088 3550 4168">
     <span class='ocr_line' id='line_1_86' title="bbox 1933 4088 3550 4168; baseline 0.005 -27"><span class='ocrx_word' id='word_1_663' title='bbox 1933 4088 2202 4156; x_wconf 84' lang='lat' dir='ltr'><strong>dicentem</strong></span> <span class='ocrx_word' id='word_1_664' title='bbox 2231 4107 2243 4140; x_wconf 92' lang='lat'><strong>:</strong></span> <span class='ocrx_word' id='word_1_665' title='bbox 2277 4088 2490 4161; x_wconf 83' lang='lat' dir='ltr'><strong>Surgite</strong></span> <span class='ocrx_word' id='word_1_666' title='bbox 2531 4101 2801 4162; x_wconf 81' lang='lat' dir='ltr'><strong>postquam</strong></span> <span class='ocrx_word' id='word_1_667' title='bbox 2841 4092 3080 4168; x_wconf 46' lang='lat' dir='ltr'><strong>{ederitis</strong></span> <span class='ocrx_word' id='word_1_668' title='bbox 3113 4091 3287 4166; x_wconf 82' lang='lat' dir='ltr'><strong>(Psal.</strong></span> <span class='ocrx_word' id='word_1_669' title='bbox 3347 4109 3512 4168; x_wconf 67' lang='lat' dir='ltr'><strong>ctxvt</strong></span> <span class='ocrx_word' id='word_1_670' title='bbox 3534 4135 3550 4166; x_wconf 89' lang='lat'><strong>,</strong></span> 
     </span>
    </p>
   </div>
   <div class='ocr_carea' id='block_1_87' title="bbox 1932 4188 3556 4266">
    <p class='ocr_par' dir='ltr' id='par_1_87' title="bbox 1932 4188 3556 4266">
     <span class='ocr_line' id='line_1_87' title="bbox 1932 4188 3556 4266; baseline 0.004 -24"><span class='ocrx_word' id='word_1_671' title='bbox 1932 4188 2014 4260; x_wconf 92' lang='lat'><strong>2).</strong></span> <span class='ocrx_word' id='word_1_672' title='bbox 2062 4188 2303 4258; x_wconf 86' lang='lat' dir='ltr'><strong>Denique</strong></span> <span class='ocrx_word' id='word_1_673' title='bbox 2350 4189 2439 4245; x_wconf 80' lang='lat' dir='ltr'><strong>hic</strong></span> <span class='ocrx_word' id='word_1_674' title='bbox 2488 4191 2603 4259; x_wconf 86' lang='lat' dir='ltr'><strong>ipse</strong></span> <span class='ocrx_word' id='word_1_675' title='bbox 2649 4190 2920 4266; x_wconf 74' lang='lat' dir='ltr'><strong>Propheta</strong></span> <span class='ocrx_word' id='word_1_676' title='bbox 2972 4191 3104 4256; x_wconf 84' lang='lat' dir='ltr'><strong>alibi</strong></span> <span class='ocrx_word' id='word_1_677' title='bbox 3149 4194 3261 4246; x_wconf 87' lang='lat' dir='ltr'><strong>ait:</strong></span> <span class='ocrx_word' id='word_1_678' title='bbox 3296 4192 3556 4258; x_wconf 73' lang='lat' dir='ltr'><strong>Sederunt</strong></span> 
     </span>
    </p>
   </div>
   <div class='ocr_carea' id='block_1_88' title="bbox 1933 4281 3547 4362">
    <p class='ocr_par' dir='ltr' id='par_1_88' title="bbox 1933 4281 3547 4362">
     <span class='ocr_line' id='line_1_88' title="bbox 1933 4281 3547 4362; baseline 0.009 -30"><span class='ocrx_word' id='word_1_679' title='bbox 1933 4282 2210 4354; x_wconf 81' lang='lat' dir='ltr'><strong>principes,</strong></span> <span class='ocrx_word' id='word_1_680' title='bbox 2240 4291 2289 4360; x_wconf 69' lang='lat' dir='ltr'><strong>et</strong></span> <span class='ocrx_word' id='word_1_681' title='bbox 2320 4293 2341 4319; x_wconf 74' lang='grc' dir='ltr'>ε</span> <span class='ocrx_word' id='word_1_682' title='bbox 2370 4281 2647 4337; x_wconf 75' lang='lat' dir='ltr'><strong>adversum</strong></span> <span class='ocrx_word' id='word_1_683' title='bbox 2676 4301 2755 4339; x_wconf 88' lang='lat' dir='ltr'><strong>me</strong></span> <span class='ocrx_word' id='word_1_684' title='bbox 2781 4283 3118 4358; x_wconf 73' lang='lat' dir='ltr'><strong>detrahebant</strong></span> <span class='ocrx_word' id='word_1_685' title='bbox 3145 4283 3320 4362; x_wconf 67' lang='grc' dir='ltr'><strong>(ζ’δαι.</strong></span> <span class='ocrx_word' id='word_1_686' title='bbox 3348 4301 3547 4360; x_wconf 72' lang='lat' dir='ltr'><strong>cxvttt.</strong></span> 
     </span>
    </p>
   </div>
   <div class='ocr_carea' id='block_1_89' title="bbox 1931 4355 3558 4450">
    <p class='ocr_par' dir='ltr' id='par_1_89' title="bbox 1931 4355 3558 4450">
     <span class='ocr_line' id='line_1_89' title="bbox 1931 4355 3558 4450; baseline 0.006 -25"><span class='ocrx_word' id='word_1_687' title='bbox 1931 4371 2048 4442; x_wconf 83' lang='lat'><strong>25).</strong></span> <span class='ocrx_word' id='word_1_688' title='bbox 2077 4376 2156 4450; x_wconf 65' lang='lat' dir='ltr'><strong>An</strong></span> <span class='ocrx_word' id='word_1_689' title='bbox 2185 4355 2498 4448; x_wconf 85' lang='lat' dir='ltr'><strong>ignoramus</strong></span> <span class='ocrx_word' id='word_1_690' title='bbox 2521 4375 2664 4446; x_wconf 87' lang='lat' dir='ltr'><strong>quod</strong></span> <span class='ocrx_word' id='word_1_691' title='bbox 2708 4383 2912 4450; x_wconf 81' lang='lat' dir='ltr'><strong>tantam</strong></span> <span class='ocrx_word' id='word_1_692' title='bbox 2959 4355 3064 4450; x_wconf 75' lang='lat' dir='ltr'><strong>vim</strong></span> <span class='ocrx_word' id='word_1_693' title='bbox 3111 4355 3306 4450; x_wconf 85' lang='lat' dir='ltr'><strong>habeat</strong></span> <span class='ocrx_word' id='word_1_694' title='bbox 3351 4355 3558 4446; x_wconf 33' lang='lat' dir='ltr'><strong>iuvi-tce,</strong></span> 
     </span>
    </p>
   </div>
   <div class='ocr_carea' id='block_1_90' title="bbox 1935 4469 3554 4550">
    <p class='ocr_par' dir='ltr' id='par_1_90' title="bbox 1935 4469 3554 4550">
     <span class='ocr_line' id='line_1_90' title="bbox 1935 4469 3554 4550; baseline 0.006 -30"><span class='ocrx_word' id='word_1_695' title='bbox 1935 4478 2048 4522; x_wconf 88' lang='lat' dir='ltr'><strong>rata</strong></span> <span class='ocrx_word' id='word_1_696' title='bbox 2096 4469 2434 4524; x_wconf 88' lang='lat' dir='ltr'><strong>consuetudo</strong></span> <span class='ocrx_word' id='word_1_697' title='bbox 2486 4471 2790 4542; x_wconf 79' lang='lat' dir='ltr'><strong>peccandi,</strong></span> <span class='ocrx_word' id='word_1_698' title='bbox 2845 4479 2903 4524; x_wconf 90' lang='lat' dir='ltr'><strong>ut</strong></span> <span class='ocrx_word' id='word_1_699' title='bbox 2948 4471 3204 4546; x_wconf 77' lang='lat' dir='ltr'><strong>excludat</strong></span> <span class='ocrx_word' id='word_1_700' title='bbox 3256 4482 3554 4550; x_wconf 77' lang='lat' dir='ltr'><strong>naturain,</strong></span> 
     </span>
    </p>
   </div>
   <div class='ocr_carea' id='block_1_91' title="bbox 1935 4557 3558 4643">
    <p class='ocr_par' dir='ltr' id='par_1_91' title="bbox 1935 4557 3558 4643">
     <span class='ocr_line' id='line_1_91' title="bbox 1935 4557 3558 4643; baseline 0.004 -28"><span class='ocrx_word' id='word_1_701' title='bbox 1935 4579 2055 4634; x_wconf 76' lang='lat' dir='ltr'><strong>qua:</strong></span> <span class='ocrx_word' id='word_1_702' title='bbox 2085 4580 2208 4617; x_wconf 85' lang='lat' dir='ltr'><strong>cum</strong></span> <span class='ocrx_word' id='word_1_703' title='bbox 2240 4564 2312 4620; x_wconf 87' lang='lat' dir='ltr'><strong>sit</strong></span> <span class='ocrx_word' id='word_1_704' title='bbox 2341 4564 2680 4620; x_wconf 85' lang='lat' dir='ltr'><strong>medicabilis</strong></span> <span class='ocrx_word' id='word_1_705' title='bbox 2709 4563 2778 4643; x_wconf 74' lang='lat' dir='ltr'><strong>ad</strong></span> <span class='ocrx_word' id='word_1_706' title='bbox 2807 4565 3062 4642; x_wconf 84' lang='lat' dir='ltr'><strong>salutem,</strong></span> <span class='ocrx_word' id='word_1_707' title='bbox 3105 4563 3122 4602; x_wconf 72' lang='grc' dir='ltr'><em>τ</em></span> <span class='ocrx_word' id='word_1_708' title='bbox 3158 4576 3336 4620; x_wconf 89' lang='lat' dir='ltr'><strong>tamen</strong></span> <span class='ocrx_word' id='word_1_709' title='bbox 3369 4557 3558 4633; x_wconf 69' lang='grc' dir='ltr'><strong>ουτω-ξ</strong></span> 
     </span>
    </p>
   </div>
   <div class='ocr_carea' id='block_1_92' title="bbox 225 4639 1824 4736">
    <p class='ocr_par' dir='ltr' id='par_1_92' title="bbox 225 4639 1824 4714">
     <span class='ocr_line' id='line_1_92' title="bbox 225 4639 1824 4714; baseline 0.008 -24"><span class='ocrx_word' id='word_1_710' title='bbox 225 4646 284 4691; x_wconf 87' lang='lat' dir='ltr'><strong>et</strong></span> <span class='ocrx_word' id='word_1_711' title='bbox 302 4639 600 4708; x_wconf 89' lang='lat' dir='ltr'><strong>itnpingttat</strong></span> <span class='ocrx_word' id='word_1_712' title='bbox 623 4641 893 4695; x_wconf 78' lang='lat' dir='ltr'><strong>audientis</strong></span> <span class='ocrx_word' id='word_1_713' title='bbox 923 4641 1200 4708; x_wconf 76' lang='lat' dir='ltr'><strong>alIectum,</strong></span> <span class='ocrx_word' id='word_1_714' title='bbox 1231 4659 1392 4714; x_wconf 90' lang='lat' dir='ltr'><strong>quam</strong></span> <span class='ocrx_word' id='word_1_715' title='bbox 1447 4647 1601 4702; x_wconf 91' lang='lat' dir='ltr'><strong>triste</strong></span> <span class='ocrx_word' id='word_1_716' title='bbox 1643 4648 1824 4701; x_wconf 83' lang='lat' dir='ltr'><strong>virtu-</strong></span> 
     </span>
    </p>
   </div>
   <div class='ocr_carea' id='block_1_93' title="bbox 1931 4639 3558 4736">
    <p class='ocr_par' dir='ltr' id='par_1_93' title="bbox 1936 4639 3558 4736">
     <span class='ocr_line' id='line_1_93' title="bbox 1936 4639 3558 4736; baseline 0.003 -27"><span class='ocrx_word' id='word_1_717' title='bbox 1936 4658 2140 4732; x_wconf 80' lang='lat' dir='ltr'><strong>boratis</strong></span> <span class='ocrx_word' id='word_1_718' title='bbox 2191 4670 2435 4732; x_wconf 85' lang='lat' dir='ltr'><strong>tempore</strong></span> <span class='ocrx_word' id='word_1_719' title='bbox 2484 4639 2828 4736; x_wconf 69' lang='lat' dir='ltr'><strong>pass&#39;iouibns</strong></span> <span class='ocrx_word' id='word_1_720' title='bbox 2879 4659 3296 4724; x_wconf 79' lang='lat' dir='ltr'><strong>immedicabilis</strong></span> <span class='ocrx_word' id='word_1_721' title='bbox 3348 4660 3558 4726; x_wconf 82' lang='lat' dir='ltr'><strong>inveni-</strong></span> 
     </span>
    </p>
   </div>
   <div class='ocr_carea' id='block_1_94' title="bbox 231 4731 1830 4805">
    <p class='ocr_par' dir='ltr' id='par_1_94' title="bbox 231 4731 1830 4805">
     <span class='ocr_line' id='line_1_94' title="bbox 231 4731 1830 4805; baseline 0.008 -23"><span class='ocrx_word' id='word_1_722' title='bbox 231 4731 319 4790; x_wconf 84' lang='lat' dir='ltr'><strong>tis,</strong></span> <span class='ocrx_word' id='word_1_723' title='bbox 349 4747 468 4800; x_wconf 66' lang='lat' dir='ltr'><strong>qua:</strong></span> <span class='ocrx_word' id='word_1_724' title='bbox 498 4733 620 4788; x_wconf 77' lang='lat' dir='ltr'><strong>ﬁdei</strong></span> <span class='ocrx_word' id='word_1_725' title='bbox 644 4750 796 4803; x_wconf 84' lang='lat' dir='ltr'><strong>spem</strong></span> <span class='ocrx_word' id='word_1_726' title='bbox 828 4736 972 4789; x_wconf 88' lang='lat' dir='ltr'><strong>velut</strong></span> <span class='ocrx_word' id='word_1_727' title='bbox 993 4737 1226 4805; x_wconf 90' lang='lat' dir='ltr'><strong>quodam</strong></span> <span class='ocrx_word' id='word_1_728' title='bbox 1250 4739 1452 4793; x_wconf 87' lang='lat' dir='ltr'><strong>cortice</strong></span> <span class='ocrx_word' id='word_1_729' title='bbox 1475 4742 1644 4795; x_wconf 83' lang='lat' dir='ltr'><strong>amari</strong></span> <span class='ocrx_word' id='word_1_730' title='bbox 1679 4741 1830 4795; x_wconf 82' lang='lat' dir='ltr'><strong>labo—</strong></span> 
     </span>
    </p>
   </div>
   <div class='ocr_carea' id='block_1_95' title="bbox 232 4821 1827 4902">
    <p class='ocr_par' dir='ltr' id='par_1_95' title="bbox 232 4821 1827 4902">
     <span class='ocr_line' id='line_1_95' title="bbox 232 4821 1827 4902; baseline 0.011 -28"><span class='ocrx_word' id='word_1_731' title='bbox 232 4821 308 4875; x_wconf 87' lang='lat' dir='ltr'><strong>ris</strong></span> <span class='ocrx_word' id='word_1_732' title='bbox 333 4823 576 4878; x_wconf 89' lang='lat' dir='ltr'><strong>involvit.</strong></span> <span class='ocrx_word' id='word_1_733' title='bbox 622 4826 819 4881; x_wconf 85' lang='lat' dir='ltr'><strong>Beatus</strong></span> <span class='ocrx_word' id='word_1_734' title='bbox 843 4842 974 4897; x_wconf 82' lang='lat' dir='ltr'><strong>ergo</strong></span> <span class='ocrx_word' id='word_1_735' title='bbox 1003 4840 1166 4898; x_wconf 89' lang='lat' dir='ltr'><strong>atque</strong></span> <span class='ocrx_word' id='word_1_736' title='bbox 1215 4829 1499 4896; x_wconf 87' lang='lat' dir='ltr'><strong>mirabilis,</strong></span> <span class='ocrx_word' id='word_1_737' title='bbox 1528 4835 1616 4902; x_wconf 84' lang='lat' dir='ltr'><strong>qui</strong></span> <span class='ocrx_word' id='word_1_738' title='bbox 1640 4837 1827 4891; x_wconf 89' lang='lat' dir='ltr'><strong>taliutn</strong></span> 
     </span>
    </p>
   </div>
   <div class='ocr_carea' id='block_1_96' title="bbox 238 4912 1833 4986">
    <p class='ocr_par' dir='ltr' id='par_1_96' title="bbox 238 4912 1833 4986">
     <span class='ocr_line' id='line_1_96' title="bbox 238 4912 1833 4986; baseline 0.013 -23"><span class='ocrx_word' id='word_1_739' title='bbox 238 4912 437 4977; x_wconf 82' lang='lat' dir='ltr'><strong>viarum</strong></span> <span class='ocrx_word' id='word_1_740' title='bbox 485 4919 688 4986; x_wconf 83' lang='lat' dir='ltr'><strong>positus</strong></span> <span class='ocrx_word' id='word_1_741' title='bbox 741 4919 794 4973; x_wconf 92' lang='lat' dir='ltr'><strong>in</strong></span> <span class='ocrx_word' id='word_1_742' title='bbox 844 4920 1132 4986; x_wconf 88' lang='lat' dir='ltr'><strong>electione,</strong></span> <span class='ocrx_word' id='word_1_743' title='bbox 1192 4937 1299 4976; x_wconf 91' lang='lat' dir='ltr'><strong>non</strong></span> <span class='ocrx_word' id='word_1_744' title='bbox 1351 4923 1510 4978; x_wconf 75' lang='lat' dir='ltr'><strong>luerit</strong></span> <span class='ocrx_word' id='word_1_745' title='bbox 1558 4927 1833 4985; x_wconf 85' lang='lat' dir='ltr'><strong>illecebris</strong></span> 
     </span>
    </p>
   </div>
   <div class='ocr_carea' id='block_1_97' title="bbox 236 5005 1834 5086">
    <p class='ocr_par' dir='ltr' id='par_1_97' title="bbox 236 5005 1834 5086">
     <span class='ocr_line' id='line_1_97' title="bbox 236 5005 1834 5086; baseline 0.014 -28"><span class='ocrx_word' id='word_1_746' title='bbox 236 5006 522 5076; x_wconf 77' lang='lat' dir='ltr'><strong>Voluptatis</strong></span> <span class='ocrx_word' id='word_1_747' title='bbox 556 5011 802 5079; x_wconf 75' lang='lat' dir='ltr'><strong>inﬂexus;</strong></span> <span class='ocrx_word' id='word_1_748' title='bbox 825 5020 887 5066; x_wconf 90' lang='lat' dir='ltr'><strong>ut</strong></span> <span class='ocrx_word' id='word_1_749' title='bbox 913 5005 1142 5083; x_wconf 87' lang='lat' dir='ltr'><strong>gradum</strong></span> <span class='ocrx_word' id='word_1_750' title='bbox 1165 5030 1322 5069; x_wconf 91' lang='lat' dir='ltr'><strong>suum</strong></span> <span class='ocrx_word' id='word_1_751' title='bbox 1353 5032 1516 5086; x_wconf 89' lang='lat' dir='ltr'><strong>super</strong></span> <span class='ocrx_word' id='word_1_752' title='bbox 1550 5021 1746 5078; x_wconf 87' lang='lat' dir='ltr'><strong>vadosa</strong></span> <span class='ocrx_word' id='word_1_753' title='bbox 1780 5035 1834 5080; x_wconf 88' lang='lat' dir='ltr'><strong>et</strong></span> 
     </span>
    </p>
   </div>
   <div class='ocr_carea' id='block_1_98' title="bbox 310 5141 1842 5228">
    <p class='ocr_par' dir='ltr' id='par_1_98' title="bbox 310 5141 1842 5228">
     <span class='ocr_line' id='line_1_98' title="bbox 310 5141 1842 5228; baseline 0.014 -48"><span class='ocrx_word' id='word_1_754' title='bbox 310 5152 334 5180; x_wconf 73' lang='grc' dir='ltr'>α</span> <span class='ocrx_word' id='word_1_755' title='bbox 365 5141 519 5228; x_wconf 55' lang='lat' dir='ltr'><strong>Rom.</strong></span> <span class='ocrx_word' id='word_1_756' title='bbox 541 5147 668 5228; x_wconf 72' lang='lat' dir='ltr'><strong>edit.</strong></span> <span class='ocrx_word' id='word_1_757' title='bbox 694 5150 828 5214; x_wconf 86' lang='lat' dir='ltr'><strong>sola,</strong></span> <span class='ocrx_word' id='word_1_758' title='bbox 858 5151 1103 5204; x_wconf 86' lang='lat' dir='ltr'><strong>diuturna</strong></span> <span class='ocrx_word' id='word_1_759' title='bbox 1125 5155 1497 5228; x_wconf 55' lang='lat' dir='ltr'><strong>egspertati&#39;one</strong></span> <span class='ocrx_word' id='word_1_760' title='bbox 1520 5160 1842 5228; x_wconf 61' lang='lat' dir='ltr'><strong>perfunctio-</strong></span> 
     </span>
    </p>
   </div>
   <div class='ocr_carea' id='block_1_99' title="bbox 241 5219 1837 5295">
    <p class='ocr_par' dir='ltr' id='par_1_99' title="bbox 241 5219 1837 5295">
     <span class='ocr_line' id='line_1_99' title="bbox 241 5219 1837 5295; baseline 0.01 -27"><span class='ocrx_word' id='word_1_761' title='bbox 241 5232 388 5280; x_wconf 87' lang='lat' dir='ltr'><strong>nent,</strong></span> <span class='ocrx_word' id='word_1_762' title='bbox 420 5221 513 5295; x_wconf 75' lang='lat' dir='ltr'><strong>sed</strong></span> <span class='ocrx_word' id='word_1_763' title='bbox 540 5219 724 5294; x_wconf 62' lang='lat' dir='ltr'><strong>habent</strong></span> <span class='ocrx_word' id='word_1_764' title='bbox 773 5233 1094 5287; x_wconf 63' lang='lat' dir='ltr'><strong>praesentem.</strong></span> <span class='ocrx_word' id='word_1_765' title='bbox 1151 5223 1212 5276; x_wconf 86' lang='lat' dir='ltr'><strong>Et</strong></span> <span class='ocrx_word' id='word_1_766' title='bbox 1272 5219 1534 5278; x_wconf 71' lang='lat' dir='ltr'><strong>Continuo</strong></span> <span class='ocrx_word' id='word_1_767' title='bbox 1581 5219 1699 5295; x_wconf 76' lang='lat' dir='ltr'><strong>post</strong></span> <span class='ocrx_word' id='word_1_768' title='bbox 1749 5230 1837 5285; x_wconf 90' lang='lat' dir='ltr'><strong>ubi</strong></span> 
     </span>
    </p>
   </div>
   <div class='ocr_carea' id='block_1_100' title="bbox 241 5290 1836 5366">
    <p class='ocr_par' dir='ltr' id='par_1_100' title="bbox 241 5290 1836 5366">
     <span class='ocr_line' id='line_1_100' title="bbox 241 5290 1836 5366; baseline 0.008 -27"><span class='ocrx_word' id='word_1_769' title='bbox 241 5290 679 5366; x_wconf 22' lang='lat' dir='ltr'><strong>omnes‘edit.&#39;ac</strong></span> <span class='ocrx_word' id='word_1_770' title='bbox 733 5295 913 5366; x_wconf 57' lang='lat' dir='ltr'><strong>plures</strong></span> <span class='ocrx_word' id='word_1_771' title='bbox 960 5310 1117 5360; x_wconf 89' lang='lat' dir='ltr'><strong>mss.,</strong></span> <span class='ocrx_word' id='word_1_772' title='bbox 1145 5296 1284 5364; x_wconf 87' lang='lat' dir='ltr'><strong>quod</strong></span> <span class='ocrx_word' id='word_1_773' title='bbox 1313 5303 1484 5349; x_wconf 85' lang='lat' dir='ltr'><strong>autem</strong></span> <span class='ocrx_word' id='word_1_774' title='bbox 1537 5290 1707 5352; x_wconf 70' lang='lat' dir='ltr'><strong>set-nm</strong></span> <span class='ocrx_word' id='word_1_775' title='bbox 1739 5312 1836 5366; x_wconf 84' lang='lat' dir='ltr'><strong>est;</strong></span> 
     </span>
    </p>
   </div>
   <div class='ocr_carea' id='block_1_101' title="bbox 244 5358 1836 5440">
    <p class='ocr_par' dir='ltr' id='par_1_101' title="bbox 244 5358 1836 5440">
     <span class='ocr_line' id='line_1_101' title="bbox 244 5358 1836 5440; baseline 0.011 -30"><span class='ocrx_word' id='word_1_776' title='bbox 244 5358 312 5412; x_wconf 89' lang='lat' dir='ltr'><strong>ibi</strong></span> <span class='ocrx_word' id='word_1_777' title='bbox 351 5362 466 5415; x_wconf 88' lang='lat' dir='ltr'><strong>cod.</strong></span> <span class='ocrx_word' id='word_1_778' title='bbox 494 5364 633 5440; x_wconf 45' lang='lat' dir='ltr'><strong>Sict.</strong></span> <span class='ocrx_word' id='word_1_779' title='bbox 672 5358 943 5440; x_wconf 35' lang='lat' dir='ltr'><strong>git-Coll»,</strong></span> <span class='ocrx_word' id='word_1_780' title='bbox 972 5358 1110 5432; x_wconf 86' lang='lat' dir='ltr'><strong>quod</strong></span> <span class='ocrx_word' id='word_1_781' title='bbox 1132 5358 1308 5440; x_wconf 68' lang='lat' dir='ltr'><strong>autem</strong></span> <span class='ocrx_word' id='word_1_782' title='bbox 1339 5369 1530 5440; x_wconf 78' lang='lat' dir='ltr'><strong>serium</strong></span> <span class='ocrx_word' id='word_1_783' title='bbox 1560 5379 1651 5423; x_wconf 85' lang='lat' dir='ltr'><strong>est.</strong></span> <span class='ocrx_word' id='word_1_784' title='bbox 1681 5358 1836 5440; x_wconf 53' lang='lat' dir='ltr'><strong>Opti;</strong></span> 
     </span>
    </p>
   </div>
   <div class='ocr_carea' id='block_1_102' title="bbox 247 5437 1839 5511">
    <p class='ocr_par' dir='ltr' id='par_1_102' title="bbox 247 5437 1839 5511">
     <span class='ocr_line' id='line_1_102' title="bbox 247 5437 1839 5511; baseline 0.011 -30"><span class='ocrx_word' id='word_1_785' title='bbox 247 5446 354 5511; x_wconf 82' lang='lat' dir='ltr'><strong>me;</strong></span> <span class='ocrx_word' id='word_1_786' title='bbox 405 5437 590 5510; x_wconf 74' lang='lat' dir='ltr'><strong>serium</strong></span> <span class='ocrx_word' id='word_1_787' title='bbox 635 5440 780 5504; x_wconf 75' lang='lat' dir='ltr'><strong>enim</strong></span> <span class='ocrx_word' id='word_1_788' title='bbox 833 5438 918 5491; x_wconf 89' lang='lat' dir='ltr'><strong>hic</strong></span> <span class='ocrx_word' id='word_1_789' title='bbox 945 5438 1238 5507; x_wconf 88' lang='lat' dir='ltr'><strong>opponitur</strong></span> <span class='ocrx_word' id='word_1_790' title='bbox 1262 5439 1523 5506; x_wconf 80' lang='lat' dir='ltr'><strong>suavibus,</strong></span> <span class='ocrx_word' id='word_1_791' title='bbox 1556 5458 1676 5511; x_wconf 74' lang='lat' dir='ltr'><strong>qua:</strong></span> <span class='ocrx_word' id='word_1_792' title='bbox 1705 5437 1839 5506; x_wconf 74' lang='lat' dir='ltr'><strong>levi-</strong></span> 
     </span>
    </p>
   </div>
   <div class='ocr_carea' id='block_1_103' title="bbox 245 5501 954 5566">
    <p class='ocr_par' dir='ltr' id='par_1_103' title="bbox 245 5501 954 5566">
     <span class='ocr_line' id='line_1_103' title="bbox 245 5501 954 5566; baseline 0.017 -12"><span class='ocrx_word' id='word_1_793' title='bbox 245 5501 356 5554; x_wconf 89' lang='lat' dir='ltr'><strong>cula</strong></span> <span class='ocrx_word' id='word_1_794' title='bbox 384 5518 500 5559; x_wconf 82' lang='lat' dir='ltr'><strong>esse</strong></span> <span class='ocrx_word' id='word_1_795' title='bbox 532 5501 954 5566; x_wconf 83' lang='lat' dir='ltr'><strong>consueverunt.</strong></span> 
     </span>
    </p>
   </div>
   <div class='ocr_carea' id='block_1_104' title="bbox 315 5571 1834 5652">
    <p class='ocr_par' dir='ltr' id='par_1_104' title="bbox 315 5571 1834 5652">
     <span class='ocr_line' id='line_1_104' title="bbox 315 5571 1834 5652; baseline 0.012 -28"><span class='ocrx_word' id='word_1_796' title='bbox 315 5571 338 5609; x_wconf 70' lang='grc' dir='ltr'>δ</span> <span class='ocrx_word' id='word_1_797' title='bbox 380 5575 516 5633; x_wconf 77' lang='lat' dir='ltr'><strong>Edit.</strong></span> <span class='ocrx_word' id='word_1_798' title='bbox 541 5597 730 5652; x_wconf 73' lang='lat' dir='ltr'><strong>omnes</strong></span> <span class='ocrx_word' id='word_1_799' title='bbox 767 5593 825 5639; x_wconf 88' lang='lat' dir='ltr'><strong>et</strong></span> <span class='ocrx_word' id='word_1_800' title='bbox 873 5598 1004 5640; x_wconf 88' lang='lat' dir='ltr'><strong>mss.</strong></span> <span class='ocrx_word' id='word_1_801' title='bbox 1039 5582 1266 5652; x_wconf 80' lang='lat' dir='ltr'><strong>aliquot,</strong></span> <span class='ocrx_word' id='word_1_802' title='bbox 1311 5584 1569 5642; x_wconf 80' lang='lat' dir='ltr'><strong>servitutis</strong></span> <span class='ocrx_word' id='word_1_803' title='bbox 1611 5586 1834 5652; x_wconf 71' lang='lat' dir='ltr'><strong>Iniuria;</strong></span> 
     </span>
    </p>
   </div>
   <div class='ocr_carea' id='block_1_105' title="bbox 250 5649 1833 5730">
    <p class='ocr_par' dir='ltr' id='par_1_105' title="bbox 250 5649 1833 5730">
     <span class='ocr_line' id='line_1_105' title="bbox 250 5649 1833 5730; baseline 0.013 -37"><span class='ocrx_word' id='word_1_804' title='bbox 250 5653 486 5712; x_wconf 87' lang='lat' dir='ltr'><strong>quatuor,</strong></span> <span class='ocrx_word' id='word_1_805' title='bbox 519 5649 734 5730; x_wconf 58' lang='lat' dir='ltr'><strong>servitus</strong></span> <span class='ocrx_word' id='word_1_806' title='bbox 763 5649 1093 5730; x_wconf 36' lang='lat' dir='ltr'><strong>injuriarum‘.</strong></span> <span class='ocrx_word' id='word_1_807' title='bbox 1116 5649 1321 5730; x_wconf 64' lang='lat' dir='ltr'><strong>Rursus</strong></span> <span class='ocrx_word' id='word_1_808' title='bbox 1375 5667 1496 5730; x_wconf 75' lang='lat' dir='ltr'><strong>pust</strong></span> <span class='ocrx_word' id='word_1_809' title='bbox 1521 5649 1712 5730; x_wconf 78' lang='lat' dir='ltr'><strong>pauca,</strong></span> <span class='ocrx_word' id='word_1_810' title='bbox 1744 5649 1833 5714; x_wconf 83' lang='lat' dir='ltr'><strong>ubi</strong></span> 
     </span>
    </p>
   </div>
   <div class='ocr_carea' id='block_1_106' title="bbox 249 5721 1838 5798">
    <p class='ocr_par' dir='ltr' id='par_1_106' title="bbox 249 5721 1838 5798">
     <span class='ocr_line' id='line_1_106' title="bbox 249 5721 1838 5798; baseline 0.013 -32"><span class='ocrx_word' id='word_1_811' title='bbox 249 5729 440 5798; x_wconf 76' lang='lat' dir='ltr'><strong>cuneta:</strong></span> <span class='ocrx_word' id='word_1_812' title='bbox 475 5721 614 5798; x_wconf 68' lang='lat' dir='ltr'><strong>edit.’</strong></span> <span class='ocrx_word' id='word_1_813' title='bbox 637 5739 767 5798; x_wconf 5' lang='lat' dir='ltr'><strong>cuin,</strong></span> <span class='ocrx_word' id='word_1_814' title='bbox 805 5721 981 5780; x_wconf 77' lang='lat' dir='ltr'><strong>iribus</strong></span> <span class='ocrx_word' id='word_1_815' title='bbox 1010 5721 1169 5798; x_wconf 57' lang='lat' dir='ltr'><strong>mss.,</strong></span> <span class='ocrx_word' id='word_1_816' title='bbox 1199 5723 1298 5777; x_wconf 83' lang='lat' dir='ltr'><strong>Hic</strong></span> <span class='ocrx_word' id='word_1_817' title='bbox 1323 5721 1550 5798; x_wconf 55' lang='lat' dir='ltr'><strong>saltatio,</strong></span> <span class='ocrx_word' id='word_1_818' title='bbox 1581 5729 1689 5784; x_wconf 84' lang='lat' dir='ltr'><strong>illic</strong></span> <span class='ocrx_word' id='word_1_819' title='bbox 1718 5747 1838 5786; x_wconf 86' lang='lat' dir='ltr'><strong>ora-</strong></span> 
     </span>
    </p>
   </div>
   <div class='ocr_carea' id='block_1_107' title="bbox 253 5786 1834 5874">
    <p class='ocr_par' dir='ltr' id='par_1_107' title="bbox 253 5786 1834 5874">
     <span class='ocr_line' id='line_1_107' title="bbox 253 5786 1834 5874; baseline -0.013 2"><span class='ocrx_word' id='word_1_820' title='bbox 361 5804 491 5869; x_wconf 75' lang='lat'><strong>.&#39;&quot;35-</strong></span> <span class='ocrx_word' id='word_1_821' title='bbox 509 5793 610 5874; x_wconf 76' lang='lat' dir='ltr'><strong>_a_lii</strong></span> <span class='ocrx_word' id='word_1_822' title='bbox 624 5832 684 5874; x_wconf 85' lang='lat'><strong>,..</strong></span> <span class='ocrx_word' id='word_1_823' title='bbox 711 5797 818 5874; x_wconf 67' lang='lat' dir='ltr'><strong>illis</strong></span> <span class='ocrx_word' id='word_1_824' title='bbox 838 5797 1097 5874; x_wconf 67' lang='lat' dir='ltr'><strong>ploratio._</strong></span> <span class='ocrx_word' id='word_1_825' title='bbox 1114 5786 1245 5866; x_wconf 67' lang='lat' dir='ltr'><strong>Quae</strong></span> <span class='ocrx_word' id='word_1_826' title='bbox 1275 5786 1708 5874; x_wconf 46' lang='lat' dir='ltr'><strong>quideuiulegio,</strong></span> <span class='ocrx_word' id='word_1_827' title='bbox 1727 5803 1834 5874; x_wconf 78' lang='lat' dir='ltr'><strong>etsi</strong></span> 
     </span>
    </p>
   </div>
   <div class='ocr_carea' id='block_1_108' title="bbox 256 5864 1833 5938">
    <p class='ocr_par' dir='ltr' id='par_1_108' title="bbox 256 5864 1833 5938">
     <span class='ocr_line' id='line_1_108' title="bbox 256 5864 1833 5938; baseline 0.013 -30"><span class='ocrx_word' id='word_1_828' title='bbox 256 5864 458 5916; x_wconf 86' lang='lat' dir='ltr'><strong>minime</strong></span> <span class='ocrx_word' id='word_1_829' title='bbox 473 5864 718 5920; x_wconf 87' lang='lat' dir='ltr'><strong>videatur</strong></span> <span class='ocrx_word' id='word_1_830' title='bbox 741 5864 1156 5934; x_wconf 59' lang='lat' dir='ltr'><strong>contemnenda,</strong></span> <span class='ocrx_word' id='word_1_831' title='bbox 1187 5864 1552 5938; x_wconf 50' lang='lat' dir='ltr'><strong>tamen&#39;priori</strong></span> <span class='ocrx_word' id='word_1_832' title='bbox 1581 5864 1833 5938; x_wconf 80' lang='lat' dir='ltr'><strong>Basilius,</strong></span> 
     </span>
    </p>
   </div>
   <div class='ocr_carea' id='block_1_109' title="bbox 1939 4753 3558 4826">
    <p class='ocr_par' dir='ltr' id='par_1_109' title="bbox 1939 4753 3558 4826">
     <span class='ocr_line' id='line_1_109' title="bbox 1939 4753 3558 4826; baseline 0.004 -20"><span class='ocrx_word' id='word_1_833' title='bbox 1939 4756 2071 4818; x_wconf 74' lang='lat' dir='ltr'><strong>tur?</strong></span> <span class='ocrx_word' id='word_1_834' title='bbox 2122 4753 2234 4808; x_wconf 77' lang='lat' dir='ltr'><strong>Non</strong></span> <span class='ocrx_word' id='word_1_835' title='bbox 2278 4771 2409 4824; x_wconf 80' lang='lat' dir='ltr'><strong>ergo</strong></span> <span class='ocrx_word' id='word_1_836' title='bbox 2457 4769 2879 4824; x_wconf 87' lang='lat' dir='ltr'><strong>permaneamus</strong></span> <span class='ocrx_word' id='word_1_837' title='bbox 2926 4757 2978 4826; x_wconf 83' lang='lat' dir='ltr'><strong>in</strong></span> <span class='ocrx_word' id='word_1_838' title='bbox 3021 4755 3209 4824; x_wconf 72' lang='lat' dir='ltr'><strong>vitiis;</strong></span> <span class='ocrx_word' id='word_1_839' title='bbox 3251 4753 3347 4807; x_wconf 90' lang='lat' dir='ltr'><strong>sed</strong></span> <span class='ocrx_word' id='word_1_840' title='bbox 3391 4768 3558 4824; x_wconf 62' lang='lat' dir='ltr'><strong>unus:</strong></span> 
     </span>
    </p>
   </div>
   <div class='ocr_carea' id='block_1_110' title="bbox 1936 4847 3558 4922">
    <p class='ocr_par' dir='ltr' id='par_1_110' title="bbox 1936 4847 3558 4922">
     <span class='ocr_line' id='line_1_110' title="bbox 1936 4847 3558 4922; baseline 0.002 -24"><span class='ocrx_word' id='word_1_841' title='bbox 1936 4847 2164 4916; x_wconf 87' lang='lat' dir='ltr'><strong>quisque</strong></span> <span class='ocrx_word' id='word_1_842' title='bbox 2194 4849 2406 4901; x_wconf 88' lang='lat' dir='ltr'><strong>etiamsi</strong></span> <span class='ocrx_word' id='word_1_843' title='bbox 2443 4849 2569 4911; x_wconf 87' lang='lat' dir='ltr'><strong>l&#39;uit,</strong></span> <span class='ocrx_word' id='word_1_844' title='bbox 2605 4849 2819 4914; x_wconf 80' lang='lat' dir='ltr'><strong>exsiliat</strong></span> <span class='ocrx_word' id='word_1_845' title='bbox 2848 4864 2875 4901; x_wconf 89' lang='lat' dir='ltr'><strong>a</strong></span> <span class='ocrx_word' id='word_1_846' title='bbox 2906 4848 3092 4916; x_wconf 78' lang='lat' dir='ltr'><strong>culpa,</strong></span> <span class='ocrx_word' id='word_1_847' title='bbox 3127 4847 3265 4920; x_wconf 74' lang='lat' dir='ltr'><strong>sicut</strong></span> <span class='ocrx_word' id='word_1_848' title='bbox 3293 4847 3558 4922; x_wconf 58' lang='lat' dir='ltr'><strong>scriptun;</strong></span> 
     </span>
    </p>
   </div>
   <div class='ocr_carea' id='block_1_111' title="bbox 1938 4936 3560 5014">
    <p class='ocr_par' dir='ltr' id='par_1_111' title="bbox 1938 4936 3560 5014">
     <span class='ocr_line' id='line_1_111' title="bbox 1938 4936 3560 5014; baseline 0.001 -22"><span class='ocrx_word' id='word_1_849' title='bbox 1938 4949 2021 4992; x_wconf 87' lang='lat' dir='ltr'><strong>est</strong></span> <span class='ocrx_word' id='word_1_850' title='bbox 2051 4936 2237 5008; x_wconf 80' lang='lat' dir='ltr'><strong>(Prov.</strong></span> <span class='ocrx_word' id='word_1_851' title='bbox 2273 4955 2323 5006; x_wconf 84' lang='grc' dir='ltr'><em>ν,</em></span> <span class='ocrx_word' id='word_1_852' title='bbox 2356 4938 2412 5010; x_wconf 80' lang='grc'><strong>5)</strong></span> <span class='ocrx_word' id='word_1_853' title='bbox 2445 4940 2513 4998; x_wconf 85' lang='lat' dir='ltr'><strong>de</strong></span> <span class='ocrx_word' id='word_1_854' title='bbox 2552 4941 2783 4997; x_wconf 89' lang='lat' dir='ltr'><strong>muliere</strong></span> <span class='ocrx_word' id='word_1_855' title='bbox 2821 4943 3148 5014; x_wconf 71' lang='lat' dir='ltr'><strong>meretrice.</strong></span> <span class='ocrx_word' id='word_1_856' title='bbox 3188 4939 3266 5010; x_wconf 73' lang='lat' dir='ltr'><strong>Ne</strong></span> <span class='ocrx_word' id='word_1_857' title='bbox 3307 4939 3560 5008; x_wconf 74' lang='lat' dir='ltr'><strong>intendas</strong></span> 
     </span>
    </p>
   </div>
   <div class='ocr_carea' id='block_1_112' title="bbox 1944 5029 3558 5110">
    <p class='ocr_par' dir='ltr' id='par_1_112' title="bbox 1944 5029 3558 5110">
     <span class='ocr_line' id='line_1_112' title="bbox 1944 5029 3558 5110; baseline 0.007 -30"><span class='ocrx_word' id='word_1_858' title='bbox 1944 5029 1998 5082; x_wconf 92' lang='lat' dir='ltr'><strong>in</strong></span> <span class='ocrx_word' id='word_1_859' title='bbox 2026 5043 2148 5082; x_wconf 90' lang='lat' dir='ltr'><strong>eam</strong></span> <span class='ocrx_word' id='word_1_860' title='bbox 2181 5031 2395 5085; x_wconf 87' lang='lat' dir='ltr'><strong>oculum</strong></span> <span class='ocrx_word' id='word_1_861' title='bbox 2431 5041 2613 5098; x_wconf 89' lang='lat' dir='ltr'><strong>tuum,</strong></span> <span class='ocrx_word' id='word_1_862' title='bbox 2644 5031 2740 5086; x_wconf 88' lang='lat' dir='ltr'><strong>sed</strong></span> <span class='ocrx_word' id='word_1_863' title='bbox 2767 5031 2956 5110; x_wconf 66' lang='lat' dir='ltr'><strong>exsili,</strong></span> <span class='ocrx_word' id='word_1_864' title='bbox 2989 5047 3057 5104; x_wconf 76' lang='lat' dir='ltr'><strong>ne</strong></span> <span class='ocrx_word' id='word_1_865' title='bbox 3086 5031 3318 5102; x_wconf 79' lang='lat' dir='ltr'><strong>moreris</strong></span> <span class='ocrx_word' id='word_1_866' title='bbox 3347 5047 3361 5097; x_wconf 78' lang='grc' dir='ltr'>ς</span> <span class='ocrx_word' id='word_1_867' title='bbox 3394 5031 3558 5106; x_wconf 54' lang='grc' dir='ltr'><strong>ἓξεηὶ</strong></span> 
     </span>
    </p>
   </div>
   <div class='ocr_carea' id='block_1_113' title="bbox 1946 5163 3555 5244">
    <p class='ocr_par' dir='ltr' id='par_1_113' title="bbox 1946 5163 3555 5244">
     <span class='ocr_line' id='line_1_113' title="bbox 1946 5163 3555 5244; baseline 0.004 -28"><span class='ocrx_word' id='word_1_868' title='bbox 1946 5178 2015 5244; x_wconf 59' lang='grc' dir='ltr'><strong>εξ</strong></span> <span class='ocrx_word' id='word_1_869' title='bbox 2045 5179 2152 5232; x_wconf 89' lang='lat' dir='ltr'><strong>quo</strong></span> <span class='ocrx_word' id='word_1_870' title='bbox 2181 5164 2348 5233; x_wconf 89' lang='lat' dir='ltr'><strong>petita</strong></span> <span class='ocrx_word' id='word_1_871' title='bbox 2381 5176 2486 5244; x_wconf 85' lang='lat' dir='ltr'><strong>est,</strong></span> <span class='ocrx_word' id='word_1_872' title='bbox 2522 5165 2663 5221; x_wconf 78' lang='lat' dir='ltr'><strong>favet</strong></span> <span class='ocrx_word' id='word_1_873' title='bbox 2691 5167 2774 5221; x_wconf 90' lang='lat' dir='ltr'><strong>his</strong></span> <span class='ocrx_word' id='word_1_874' title='bbox 2801 5167 3018 5222; x_wconf 87' lang='lat' dir='ltr'><strong>verbis:</strong></span> <span class='ocrx_word' id='word_1_875' title='bbox 3053 5167 3269 5223; x_wconf 78' lang='grc' dir='ltr'><strong>ἐνταῦθα</strong></span> <span class='ocrx_word' id='word_1_876' title='bbox 3299 5163 3555 5244; x_wconf 79' lang='grc' dir='ltr'><strong>ὄρχεσιν,</strong></span> 
     </span>
    </p>
   </div>
   <div class='ocr_carea' id='block_1_114' title="bbox 1944 5237 2445 5311">
    <p class='ocr_par' dir='ltr' id='par_1_114' title="bbox 1944 5237 2445 5311">
     <span class='ocr_line' id='line_1_114' title="bbox 1944 5237 2445 5311; baseline 0 -23"><span class='ocrx_word' id='word_1_877' title='bbox 1944 5237 2095 5311; x_wconf 56' lang='lat' dir='ltr'><strong>nanti:</strong></span> <span class='ocrx_word' id='word_1_878' title='bbox 2117 5257 2314 5311; x_wconf 79' lang='grc' dir='ltr'><strong><em>προσευ</em></strong></span> <span class='ocrx_word' id='word_1_879' title='bbox 2323 5243 2445 5309; x_wconf 78' lang='grc' dir='ltr'>χήν.</span> 
     </span>
    </p>
   </div>
   <div class='ocr_carea' id='block_1_115' title="bbox 2018 5307 3408 5393">
    <p class='ocr_par' dir='ltr' id='par_1_115' title="bbox 2018 5307 3408 5393">
     <span class='ocr_line' id='line_1_115' title="bbox 2018 5307 3408 5393; baseline 0.006 -37"><span class='ocrx_word' id='word_1_880' title='bbox 2018 5318 2038 5393; x_wconf 62' lang='grc' dir='ltr'>ξ</span> <span class='ocrx_word' id='word_1_881' title='bbox 2065 5307 2320 5393; x_wconf 31' lang='lat' dir='ltr'><strong>Quit-dam</strong></span> <span class='ocrx_word' id='word_1_882' title='bbox 2346 5307 2704 5393; x_wconf 76' lang='lat' dir='ltr'><strong>edit_._Paris.,</strong></span> <span class='ocrx_word' id='word_1_883' title='bbox 2730 5310 2826 5393; x_wconf 53' lang='lat' dir='ltr'><strong>hoc</strong></span> <span class='ocrx_word' id='word_1_884' title='bbox 2855 5320 2950 5376; x_wconf 76' lang='lat' dir='ltr'><strong>est,</strong></span> <span class='ocrx_word' id='word_1_885' title='bbox 2981 5312 3408 5393; x_wconf 55' lang='lat' dir='ltr'><strong>qoli_pet‘sistere.</strong></span> 
     </span>
    </p>
   </div>
   <div class='ocr_carea' id='block_1_116' title="bbox 2013 5375 3559 5456">
    <p class='ocr_par' dir='ltr' id='par_1_116' title="bbox 2013 5375 3559 5456">
     <span class='ocr_line' id='line_1_116' title="bbox 2013 5375 3559 5456; baseline 0.005 -26"><span class='ocrx_word' id='word_1_886' title='bbox 2013 5375 2040 5413; x_wconf 77' lang='grc' dir='ltr'><strong><em>ἀ</em></strong></span> <span class='ocrx_word' id='word_1_887' title='bbox 2077 5379 2220 5456; x_wconf 82' lang='lat' dir='ltr'><strong>Edit.</strong></span> <span class='ocrx_word' id='word_1_888' title='bbox 2251 5395 2372 5434; x_wconf 91' lang='lat' dir='ltr'><strong>cum</strong></span> <span class='ocrx_word' id='word_1_889' title='bbox 2407 5383 2582 5434; x_wconf 86' lang='lat' dir='ltr'><strong>tribus</strong></span> <span class='ocrx_word' id='word_1_890' title='bbox 2614 5397 2744 5436; x_wconf 74' lang='lat' dir='ltr'><strong>mss.</strong></span> <span class='ocrx_word' id='word_1_891' title='bbox 2775 5377 2858 5456; x_wconf 83' lang='lat' dir='ltr'><strong>Tu</strong></span> <span class='ocrx_word' id='word_1_892' title='bbox 2885 5375 3057 5456; x_wconf 55' lang='lat' dir='ltr'><strong>autem</strong></span> <span class='ocrx_word' id='word_1_893' title='bbox 3087 5375 3322 5454; x_wconf 55' lang='lat' dir='ltr'><strong>fide.&#39;vel</strong></span> <span class='ocrx_word' id='word_1_894' title='bbox 3351 5389 3405 5439; x_wconf 86' lang='lat' dir='ltr'><strong>in</strong></span> <span class='ocrx_word' id='word_1_895' title='bbox 3431 5385 3559 5456; x_wconf 77' lang='lat' dir='ltr'><strong>ﬁde,</strong></span> 
     </span>
    </p>
   </div>
   <div class='ocr_carea' id='block_1_117' title="bbox 1939 5453 3560 5526">
    <p class='ocr_par' dir='ltr' id='par_1_117' title="bbox 1939 5453 3560 5526">
     <span class='ocr_line' id='line_1_117' title="bbox 1939 5453 3560 5526; baseline 0.007 -25"><span class='ocrx_word' id='word_1_896' title='bbox 1939 5456 2019 5526; x_wconf 77' lang='lat' dir='ltr'><strong>sta</strong></span> <span class='ocrx_word' id='word_1_897' title='bbox 2045 5464 2064 5502; x_wconf 83' lang='lat'><strong>.&#39;</strong></span> <span class='ocrx_word' id='word_1_898' title='bbox 2091 5454 2491 5526; x_wconf 10' lang='lat' dir='ltr'><strong>quinquegtnss.</strong></span> <span class='ocrx_word' id='word_1_899' title='bbox 2527 5467 2648 5506; x_wconf 89' lang='lat' dir='ltr'><strong>cum</strong></span> <span class='ocrx_word' id='word_1_900' title='bbox 2691 5454 2944 5507; x_wconf 92' lang='lat' dir='ltr'><strong>omnthus</strong></span> <span class='ocrx_word' id='word_1_901' title='bbox 2985 5453 3232 5524; x_wconf 80' lang='lat' dir='ltr'><strong>Apostoli</strong></span> <span class='ocrx_word' id='word_1_902' title='bbox 3259 5453 3560 5526; x_wconf 65' lang='lat' dir='ltr'><strong>&#39;eXetnpla-</strong></span> 
     </span>
    </p>
   </div>
   <div class='ocr_carea' id='block_1_118' title="bbox 1943 5522 2572 5589">
    <p class='ocr_par' dir='ltr' id='par_1_118' title="bbox 1943 5522 2572 5589">
     <span class='ocr_line' id='line_1_118' title="bbox 1943 5522 2572 5589; baseline 0.003 -16"><span class='ocrx_word' id='word_1_903' title='bbox 1943 5522 2091 5573; x_wconf 83' lang='lat' dir='ltr'><strong>t&#39;ibns</strong></span> <span class='ocrx_word' id='word_1_904' title='bbox 2123 5561 2134 5574; x_wconf 92' lang='lat'><strong>.</strong></span> <span class='ocrx_word' id='word_1_905' title='bbox 2172 5562 2184 5574; x_wconf 92' lang='lat'><strong>.</strong></span> <span class='ocrx_word' id='word_1_906' title='bbox 2220 5561 2233 5574; x_wconf 93' lang='lat'><strong>.</strong></span> <span class='ocrx_word' id='word_1_907' title='bbox 2268 5561 2281 5574; x_wconf 94' lang='lat'><strong>.</strong></span> <span class='ocrx_word' id='word_1_908' title='bbox 2314 5522 2418 5589; x_wconf 82' lang='lat' dir='ltr'><strong>ﬁde</strong></span> <span class='ocrx_word' id='word_1_909' title='bbox 2445 5537 2572 5577; x_wconf 86' lang='lat' dir='ltr'><strong>stas.</strong></span> 
     </span>
    </p>
   </div>
   <div class='ocr_carea' id='block_1_119' title="bbox 2016 5591 3271 5664">
    <p class='ocr_par' dir='ltr' id='par_1_119' title="bbox 2016 5591 3271 5664">
     <span class='ocr_line' id='line_1_119' title="bbox 2016 5591 3271 5664; baseline 0.007 -21"><span class='ocrx_word' id='word_1_910' title='bbox 2016 5599 2039 5664; x_wconf 60' lang='lat' dir='ltr'><strong>f3</strong></span> <span class='ocrx_word' id='word_1_911' title='bbox 2074 5591 2203 5664; x_wconf 78' lang='lat' dir='ltr'><strong>Mss.</strong></span> <span class='ocrx_word' id='word_1_912' title='bbox 2240 5595 2519 5659; x_wconf 92' lang='lat' dir='ltr'><strong>nonnulli,</strong></span> <span class='ocrx_word' id='word_1_913' title='bbox 2551 5595 2820 5649; x_wconf 85' lang='lat' dir='ltr'><strong>adversum</strong></span> <span class='ocrx_word' id='word_1_914' title='bbox 2857 5612 2934 5649; x_wconf 86' lang='lat' dir='ltr'><strong>me</strong></span> <span class='ocrx_word' id='word_1_915' title='bbox 2964 5597 3271 5664; x_wconf 77' lang='lat' dir='ltr'><strong>tractabant.</strong></span> 
     </span>
    </p>
   </div>
   <div class='ocr_carea' id='block_1_120' title="bbox 2013 5661 3594 5742">
    <p class='ocr_par' dir='ltr' id='par_1_120' title="bbox 2013 5661 3594 5742">
     <span class='ocr_line' id='line_1_120' title="bbox 2013 5661 3594 5742; baseline 0.006 -26"><span class='ocrx_word' id='word_1_916' title='bbox 2013 5661 2033 5698; x_wconf 68' lang='grc' dir='ltr'><strong>ί</strong></span> <span class='ocrx_word' id='word_1_917' title='bbox 2071 5663 2144 5717; x_wconf 85' lang='lat' dir='ltr'><strong>Ita</strong></span> <span class='ocrx_word' id='word_1_918' title='bbox 2174 5666 2302 5742; x_wconf 52' lang='lat' dir='ltr'><strong>rod.</strong></span> <span class='ocrx_word' id='word_1_919' title='bbox 2341 5664 2459 5719; x_wconf 83' lang='lat' dir='ltr'><strong>Vat.</strong></span> <span class='ocrx_word' id='word_1_920' title='bbox 2505 5682 2665 5742; x_wconf 57' lang='lat' dir='ltr'><strong>unus</strong></span> <span class='ocrx_word' id='word_1_921' title='bbox 2689 5676 2742 5720; x_wconf 91' lang='lat' dir='ltr'><strong>et</strong></span> <span class='ocrx_word' id='word_1_922' title='bbox 2784 5668 3024 5740; x_wconf 78' lang='lat' dir='ltr'><strong>quinque</strong></span> <span class='ocrx_word' id='word_1_923' title='bbox 3068 5661 3355 5742; x_wconf 78' lang='lat' dir='ltr'><strong>Gallicani.</strong></span> <span class='ocrx_word' id='word_1_924' title='bbox 3405 5667 3594 5742; x_wconf 53' lang='lat' dir='ltr'><strong>Vict-</strong></span> 
     </span>
    </p>
   </div>
   <div class='ocr_carea' id='block_1_121' title="bbox 1937 5733 3526 5815">
    <p class='ocr_par' dir='ltr' id='par_1_121' title="bbox 1937 5733 3526 5815">
     <span class='ocr_line' id='line_1_121' title="bbox 1937 5733 3526 5815; baseline 0.009 -34"><span class='ocrx_word' id='word_1_925' title='bbox 1937 5742 2138 5815; x_wconf 69' lang='lat' dir='ltr'><strong>:iutertt,</strong></span> <span class='ocrx_word' id='word_1_926' title='bbox 2157 5733 2327 5815; x_wconf 55' lang='lat' dir='ltr'><strong>polii.</strong></span> <span class='ocrx_word' id='word_1_927' title='bbox 2350 5751 2414 5790; x_wconf 89' lang='lat' dir='ltr'><strong>ac</strong></span> <span class='ocrx_word' id='word_1_928' title='bbox 2442 5746 2549 5815; x_wconf 71' lang='lat' dir='ltr'><strong>vet.</strong></span> <span class='ocrx_word' id='word_1_929' title='bbox 2580 5737 2737 5815; x_wconf 48' lang='lat' dir='ltr'><strong>edit&quot;</strong></span> <span class='ocrx_word' id='word_1_930' title='bbox 2764 5733 3526 5815; x_wconf 41' lang='lat' dir='ltr'><strong>tanien-corroborata&#39;icnipor</strong></span> 
     </span>
    </p>
   </div>
   <div class='ocr_carea' id='block_1_122' title="bbox 1939 5759 3566 5892">
    <p class='ocr_par' dir='ltr' id='par_1_122' title="bbox 1939 5759 3566 5892">
     <span class='ocr_line' id='line_1_122' title="bbox 1939 5759 3526 5815; baseline 0.007 -30"><span class='ocrx_word' id='word_1_931' title='bbox 1939 5759 2138 5799; x_wconf 71' lang='lat' dir='ltr'><strong>iluuﬂll,</strong></span> <span class='ocrx_word' id='word_1_932' title='bbox 2167 5759 2321 5790; x_wconf 83' lang='grc' dir='ltr'><strong>υυιυ.</strong></span> <span class='ocrx_word' id='word_1_933' title='bbox 2350 5759 2414 5790; x_wconf 79' lang='lat' dir='ltr'><strong>ac</strong></span> <span class='ocrx_word' id='word_1_934' title='bbox 2442 5759 2549 5790; x_wconf 65' lang='grc' dir='ltr'><strong>νει.</strong></span> <span class='ocrx_word' id='word_1_935' title='bbox 2580 5759 2737 5810; x_wconf 56' lang='lat' dir='ltr'><strong>eum,</strong></span> <span class='ocrx_word' id='word_1_936' title='bbox 2764 5759 2936 5793; x_wconf 83' lang='lat' dir='ltr'><strong>tamen</strong></span> <span class='ocrx_word' id='word_1_937' title='bbox 2961 5759 3291 5812; x_wconf 63' lang='grc' dir='ltr'><strong>εονῖοσοηιιιι</strong></span> <span class='ocrx_word' id='word_1_938' title='bbox 3327 5759 3526 5815; x_wconf 61' lang='grc' dir='ltr'><strong>ιςηξροι·</strong></span> 
     </span>
     <span class='ocr_line' id='line_1_123' title="bbox 1939 5759 3566 5892; baseline 0.007 -34"><span class='ocrx_word' id='word_1_939' title='bbox 1939 5805 2261 5872; x_wconf 79' lang='lat' dir='ltr'><strong>passionibus</strong></span> <span class='ocrx_word' id='word_1_940' title='bbox 2308 5807 2722 5892; x_wconf 55' lang='lat' dir='ltr'><strong>immedicabilis.</strong></span> <span class='ocrx_word' id='word_1_941' title='bbox 2767 5807 2928 5892; x_wconf 61' lang='lat' dir='ltr'><strong>Rom;</strong></span> <span class='ocrx_word' id='word_1_942' title='bbox 2954 5809 3091 5892; x_wconf 70' lang='lat' dir='ltr'><strong>sola,</strong></span> <span class='ocrx_word' id='word_1_943' title='bbox 3121 5759 3566 5892; x_wconf 49' lang='grc' dir='ltr'><strong>άξιξςέηςοιςζρῃςξᾶ</strong></span> 
     </span>
    </p>
   </div>
   <div class='ocr_carea' id='block_1_123' title="bbox 1940 5875 3521 5951">
    <p class='ocr_par' dir='ltr' id='par_1_123' title="bbox 1940 5875 3521 5951">
     <span class='ocr_line' id='line_1_124' title="bbox 1940 5875 3521 5951; baseline -0.018 6"><span class='ocrx_word' id='word_1_944' title='bbox 1940 5884 2164 5945; x_wconf 59' lang='lat' dir='ltr'><strong>“mw”</strong></span> <span class='ocrx_word' id='word_1_945' title='bbox 2189 5875 2510 5948; x_wconf 63' lang='grc' dir='ltr'><strong>Ραδεθάηίθηε</strong></span> <span class='ocrx_word' id='word_1_946' title='bbox 2537 5881 2849 5951; x_wconf 70' lang='lat' dir='ltr'><strong>depravata,</strong></span> <span class='ocrx_word' id='word_1_947' title='bbox 2881 5875 3271 5938; x_wconf 60' lang='lat' dir='ltr'><strong>immedicabilis</strong></span> <span class='ocrx_word' id='word_1_948' title='bbox 3293 5875 3521 5951; x_wconf 66' lang='grc' dir='ltr'><strong>,’ριόξ”³’”</strong></span> 
     </span>
    </p>
   </div>
  </div>
