  <div class='ocr_page' id='page_1' title='image "/cluster/home/n/w/nwhite01/storage/ocr_20150623/14/hvd.32044015471303/474.png"; bbox 0 0 4048 6388; ppageno 0'>
   <div class='ocr_carea' id='block_1_1' title="bbox 154 325 3466 390">
    <p class='ocr_par' dir='ltr' id='par_1_1' title="bbox 154 325 3466 390">
     <span class='ocr_line' id='line_1_1' title="bbox 154 325 3466 390; baseline 0.001 -2"><span class='ocrx_word' id='word_1_1' title='bbox 154 333 265 390; x_wconf 76' lang='lat'><strong>957</strong></span> <span class='ocrx_word' id='word_1_2' title='bbox 1318 330 1384 385; x_wconf 87' lang='lat' dir='ltr'><strong>IN</strong></span> <span class='ocrx_word' id='word_1_3' title='bbox 1426 325 1754 388; x_wconf 83' lang='lat' dir='ltr'><strong>PSALMUM</strong></span> <span class='ocrx_word' id='word_1_4' title='bbox 1799 331 1818 386; x_wconf 97' lang='grc'><strong>1</strong></span> <span class='ocrx_word' id='word_1_5' title='bbox 1861 329 2286 388; x_wconf 82' lang='lat' dir='ltr'><strong>ENARRA&#39;I‘IO.</strong></span> <span class='ocrx_word' id='word_1_6' title='bbox 3357 335 3466 390; x_wconf 79' lang='lat'><strong>958</strong></span> 
     </span>
    </p>
   </div>
   <div class='ocr_carea' id='block_1_2' title="bbox 155 444 3470 536">
    <p class='ocr_par' dir='ltr' id='par_1_2' title="bbox 155 444 3470 536">
     <span class='ocr_line' id='line_1_2' title="bbox 155 444 3470 536; baseline 0.001 -32"><span class='ocrx_word' id='word_1_7' title='bbox 155 449 370 517; x_wconf 84' lang='lat' dir='ltr'><strong>Quanta</strong></span> <span class='ocrx_word' id='word_1_8' title='bbox 396 447 534 504; x_wconf 84' lang='lat' dir='ltr'><strong>dixit</strong></span> <span class='ocrx_word' id='word_1_9' title='bbox 569 460 599 502; x_wconf 92' lang='lat' dir='ltr'><strong>a</strong></span> <span class='ocrx_word' id='word_1_10' title='bbox 630 446 827 519; x_wconf 84' lang='lat' dir='ltr'><strong>quibus</strong></span> <span class='ocrx_word' id='word_1_11' title='bbox 865 444 1055 502; x_wconf 85' lang='lat' dir='ltr'><strong>beatus</strong></span> <span class='ocrx_word' id='word_1_12' title='bbox 1095 447 1176 532; x_wconf 76' lang='lat' dir='ltr'><strong>vir</strong></span> <span class='ocrx_word' id='word_1_13' title='bbox 1214 447 1411 503; x_wconf 87' lang='lat' dir='ltr'><strong>debeat</strong></span> <span class='ocrx_word' id='word_1_14' title='bbox 1444 447 1756 503; x_wconf 84' lang='lat' dir='ltr'><strong>abstinere!</strong></span> <span class='ocrx_word' id='word_1_15' title='bbox 1787 477 1839 536; x_wconf 74' lang='grc' dir='ltr'><strong>Α</strong></span> <span class='ocrx_word' id='word_1_16' title='bbox 1933 449 2024 505; x_wconf 78' lang='lat' dir='ltr'><strong>5i.</strong></span> <span class='ocrx_word' id='word_1_17' title='bbox 2075 449 2306 520; x_wconf 82' lang='lat' dir='ltr'><strong>Ideoque</strong></span> <span class='ocrx_word' id='word_1_18' title='bbox 2351 446 2440 503; x_wconf 88' lang='lat' dir='ltr'><strong>die</strong></span> <span class='ocrx_word' id='word_1_19' title='bbox 2467 457 2522 502; x_wconf 90' lang='lat' dir='ltr'><strong>et</strong></span> <span class='ocrx_word' id='word_1_20' title='bbox 2552 459 2709 504; x_wconf 90' lang='lat' dir='ltr'><strong>nocte</strong></span> <span class='ocrx_word' id='word_1_21' title='bbox 2759 450 2811 504; x_wconf 92' lang='lat' dir='ltr'><strong>in</strong></span> <span class='ocrx_word' id='word_1_22' title='bbox 2859 450 3004 522; x_wconf 90' lang='lat' dir='ltr'><strong>Lege</strong></span> <span class='ocrx_word' id='word_1_23' title='bbox 3044 451 3374 518; x_wconf 71' lang='lat' dir='ltr'><strong>meditatur;</strong></span> <span class='ocrx_word' id='word_1_24' title='bbox 3417 454 3470 508; x_wconf 90' lang='lat' dir='ltr'><strong>in</strong></span> 
     </span>
    </p>
   </div>
   <div class='ocr_carea' id='block_1_3' title="bbox 155 540 3468 614">
    <p class='ocr_par' dir='ltr' id='par_1_3' title="bbox 155 540 3468 614">
     <span class='ocr_line' id='line_1_3' title="bbox 155 540 3468 614; baseline 0 -17"><span class='ocrx_word' id='word_1_25' title='bbox 155 541 232 597; x_wconf 90' lang='lat' dir='ltr'><strong>Et</strong></span> <span class='ocrx_word' id='word_1_26' title='bbox 258 541 436 597; x_wconf 86' lang='lat' dir='ltr'><strong>adhuc</strong></span> <span class='ocrx_word' id='word_1_27' title='bbox 461 540 647 610; x_wconf 87' lang='lat' dir='ltr'><strong>adjicit</strong></span> <span class='ocrx_word' id='word_1_28' title='bbox 671 541 797 596; x_wconf 89' lang='lat' dir='ltr'><strong>alia.</strong></span> <span class='ocrx_word' id='word_1_29' title='bbox 1864 558 1974 613; x_wconf 90' lang='lat' dir='ltr'><strong>quo</strong></span> <span class='ocrx_word' id='word_1_30' title='bbox 2004 560 2110 598; x_wconf 90' lang='lat' dir='ltr'><strong>non</strong></span> <span class='ocrx_word' id='word_1_31' title='bbox 2155 553 2260 598; x_wconf 92' lang='lat' dir='ltr'><strong>tam</strong></span> <span class='ocrx_word' id='word_1_32' title='bbox 2301 542 2558 598; x_wconf 89' lang='lat' dir='ltr'><strong>continua</strong></span> <span class='ocrx_word' id='word_1_33' title='bbox 2602 543 2814 613; x_wconf 86' lang='lat' dir='ltr'><strong>legendi</strong></span> <span class='ocrx_word' id='word_1_34' title='bbox 2857 545 3156 614; x_wconf 76' lang='lat' dir='ltr'><strong>postulatur</strong></span> <span class='ocrx_word' id='word_1_35' title='bbox 3197 545 3468 611; x_wconf 84' lang='lat' dir='ltr'><strong>intentio,</strong></span> 
     </span>
    </p>
   </div>
   <div class='ocr_carea' id='block_1_4' title="bbox 230 632 3476 709">
    <p class='ocr_par' dir='ltr' id='par_1_4' title="bbox 230 632 3476 709">
     <span class='ocr_line' id='line_1_4' title="bbox 230 632 3476 709; baseline 0.001 -17"><span class='ocrx_word' id='word_1_36' title='bbox 230 636 325 693; x_wconf 78' lang='lat' dir='ltr'><strong>5t).</strong></span> <span class='ocrx_word' id='word_1_37' title='bbox 375 633 575 706; x_wconf 83' lang='lat' dir='ltr'><strong>(Vers.</strong></span> <span class='ocrx_word' id='word_1_38' title='bbox 601 634 705 706; x_wconf 71' lang='lat'><strong>2.)</strong></span> <span class='ocrx_word' id='word_1_39' title='bbox 754 633 862 690; x_wconf 91' lang='lat' dir='ltr'><strong>Sed</strong></span> <span class='ocrx_word' id='word_1_40' title='bbox 898 634 954 689; x_wconf 92' lang='lat' dir='ltr'><strong>in</strong></span> <span class='ocrx_word' id='word_1_41' title='bbox 997 634 1107 705; x_wconf 83' lang='lat' dir='ltr'><strong>lege</strong></span> <span class='ocrx_word' id='word_1_42' title='bbox 1151 632 1358 689; x_wconf 87' lang='lat' dir='ltr'><strong>Domini</strong></span> <span class='ocrx_word' id='word_1_43' title='bbox 1396 634 1498 705; x_wconf 77' lang='lat' dir='ltr'><strong>fuit</strong></span> <span class='ocrx_word' id='word_1_44' title='bbox 1527 634 1764 690; x_wconf 72' lang='lat' dir='ltr'><strong>voluntas</strong></span> <span class='ocrx_word' id='word_1_45' title='bbox 1866 651 2027 706; x_wconf 91' lang='lat' dir='ltr'><strong>quam</strong></span> <span class='ocrx_word' id='word_1_46' title='bbox 2056 637 2336 692; x_wconf 71' lang='lat' dir='ltr'><strong>servanda:</strong></span> <span class='ocrx_word' id='word_1_47' title='bbox 2365 636 2524 708; x_wconf 90' lang='lat' dir='ltr'><strong>Legis</strong></span> <span class='ocrx_word' id='word_1_48' title='bbox 2549 634 2798 692; x_wconf 57' lang='lat' dir='ltr'><strong>allectus.</strong></span> <span class='ocrx_word' id='word_1_49' title='bbox 2843 636 2939 692; x_wconf 89' lang='lat' dir='ltr'><strong>Ille</strong></span> <span class='ocrx_word' id='word_1_50' title='bbox 2979 637 3122 694; x_wconf 90' lang='lat' dir='ltr'><strong>enim</strong></span> <span class='ocrx_word' id='word_1_51' title='bbox 3163 638 3321 709; x_wconf 88' lang='lat' dir='ltr'><strong>plene</strong></span> <span class='ocrx_word' id='word_1_52' title='bbox 3359 655 3476 694; x_wconf 91' lang='lat' dir='ltr'><strong>me-</strong></span> 
     </span>
    </p>
   </div>
   <div class='ocr_carea' id='block_1_5' title="bbox 155 726 3475 803">
    <p class='ocr_par' dir='ltr' id='par_1_5' title="bbox 155 726 3475 803">
     <span class='ocr_line' id='line_1_5' title="bbox 155 726 3475 803; baseline -0.001 -15"><span class='ocrx_word' id='word_1_53' title='bbox 155 733 312 803; x_wconf 84' lang='lat' dir='ltr'><strong>ejus,</strong></span> <span class='ocrx_word' id='word_1_54' title='bbox 358 740 410 787; x_wconf 88' lang='lat' dir='ltr'><strong>et</strong></span> <span class='ocrx_word' id='word_1_55' title='bbox 456 732 510 786; x_wconf 84' lang='lat' dir='ltr'><strong>in</strong></span> <span class='ocrx_word' id='word_1_56' title='bbox 555 731 664 802; x_wconf 86' lang='lat' dir='ltr'><strong>lege</strong></span> <span class='ocrx_word' id='word_1_57' title='bbox 701 734 818 803; x_wconf 85' lang='lat' dir='ltr'><strong>ejus</strong></span> <span class='ocrx_word' id='word_1_58' title='bbox 853 729 1186 784; x_wconf 73' lang='lat' dir='ltr'><strong>meditabitur</strong></span> <span class='ocrx_word' id='word_1_59' title='bbox 1225 728 1308 784; x_wconf 88' lang='lat' dir='ltr'><strong>die</strong></span> <span class='ocrx_word' id='word_1_60' title='bbox 1346 746 1406 784; x_wconf 83' lang='lat' dir='ltr'><strong>at:</strong></span> <span class='ocrx_word' id='word_1_61' title='bbox 1446 739 1628 794; x_wconf 88' lang='lat' dir='ltr'><strong>nocte;</strong></span> <span class='ocrx_word' id='word_1_62' title='bbox 1663 729 1766 784; x_wconf 89' lang='lat' dir='ltr'><strong>hoc</strong></span> <span class='ocrx_word' id='word_1_63' title='bbox 1867 726 2092 794; x_wconf 89' lang='lat' dir='ltr'><strong>ditatur,</strong></span> <span class='ocrx_word' id='word_1_64' title='bbox 2122 729 2211 799; x_wconf 87' lang='lat' dir='ltr'><strong>qui</strong></span> <span class='ocrx_word' id='word_1_65' title='bbox 2244 729 2346 784; x_wconf 86' lang='lat' dir='ltr'><strong>sibi</strong></span> <span class='ocrx_word' id='word_1_66' title='bbox 2372 729 2489 798; x_wconf 92' lang='lat' dir='ltr'><strong>ipse</strong></span> <span class='ocrx_word' id='word_1_67' title='bbox 2516 730 2600 784; x_wconf 88' lang='lat' dir='ltr'><strong>lex</strong></span> <span class='ocrx_word' id='word_1_68' title='bbox 2633 739 2748 795; x_wconf 90' lang='lat' dir='ltr'><strong>est,</strong></span> <span class='ocrx_word' id='word_1_69' title='bbox 2781 729 3044 799; x_wconf 87' lang='lat' dir='ltr'><strong>scriptum</strong></span> <span class='ocrx_word' id='word_1_70' title='bbox 3083 733 3136 786; x_wconf 90' lang='lat' dir='ltr'><strong>in</strong></span> <span class='ocrx_word' id='word_1_71' title='bbox 3169 731 3333 788; x_wconf 88' lang='lat' dir='ltr'><strong>corde</strong></span> <span class='ocrx_word' id='word_1_72' title='bbox 3373 747 3475 786; x_wconf 90' lang='lat' dir='ltr'><strong>suo</strong></span> 
     </span>
    </p>
   </div>
   <div class='ocr_carea' id='block_1_6' title="bbox 154 819 3475 896">
    <p class='ocr_par' dir='ltr' id='par_1_6' title="bbox 154 819 3475 896">
     <span class='ocr_line' id='line_1_6' title="bbox 154 819 3475 896; baseline -0.001 -14"><span class='ocrx_word' id='word_1_73' title='bbox 154 833 284 892; x_wconf 87' lang='lat' dir='ltr'><strong>est,</strong></span> <span class='ocrx_word' id='word_1_74' title='bbox 329 824 520 881; x_wconf 88' lang='lat' dir='ltr'><strong>beatus</strong></span> <span class='ocrx_word' id='word_1_75' title='bbox 561 823 655 880; x_wconf 90' lang='lat' dir='ltr'><strong>ille</strong></span> <span class='ocrx_word' id='word_1_76' title='bbox 700 822 793 896; x_wconf 87' lang='lat' dir='ltr'><strong>qui</strong></span> <span class='ocrx_word' id='word_1_77' title='bbox 834 824 952 878; x_wconf 59' lang='lat' dir='ltr'><strong>haec</strong></span> <span class='ocrx_word' id='word_1_78' title='bbox 996 822 1160 878; x_wconf 85' lang='lat' dir='ltr'><strong>faciat</strong></span> <span class='ocrx_word' id='word_1_79' title='bbox 1201 823 1467 892; x_wconf 90' lang='lat' dir='ltr'><strong>consilio,</strong></span> <span class='ocrx_word' id='word_1_80' title='bbox 1516 821 1762 890; x_wconf 91' lang='lat' dir='ltr'><strong>ratione,</strong></span> <span class='ocrx_word' id='word_1_81' title='bbox 1868 819 2002 890; x_wconf 80' lang='lat' dir='ltr'><strong>legis</strong></span> <span class='ocrx_word' id='word_1_82' title='bbox 2048 821 2356 877; x_wconf 86' lang='lat' dir='ltr'><strong>intendens.</strong></span> <span class='ocrx_word' id='word_1_83' title='bbox 2409 822 2598 893; x_wconf 86' lang='lat' dir='ltr'><strong>Aquila</strong></span> <span class='ocrx_word' id='word_1_84' title='bbox 2647 834 2828 878; x_wconf 89' lang='lat' dir='ltr'><strong>tamen</strong></span> <span class='ocrx_word' id='word_1_85' title='bbox 2884 823 3028 878; x_wconf 89' lang='lat' dir='ltr'><strong>diem</strong></span> <span class='ocrx_word' id='word_1_86' title='bbox 3099 823 3475 879; x_wconf 87' lang='lat' dir='ltr'><strong>tantummodo</strong></span> 
     </span>
    </p>
   </div>
   <div class='ocr_carea' id='block_1_7' title="bbox 156 911 3477 990">
    <p class='ocr_par' dir='ltr' id='par_1_7' title="bbox 156 911 3477 990">
     <span class='ocr_line' id='line_1_7' title="bbox 156 911 3477 990; baseline -0.001 -16"><span class='ocrx_word' id='word_1_87' title='bbox 156 916 493 990; x_wconf 84' lang='lat' dir='ltr'><strong>prudentia;</strong></span> <span class='ocrx_word' id='word_1_88' title='bbox 541 925 722 987; x_wconf 86' lang='lat' dir='ltr'><strong>potest</strong></span> <span class='ocrx_word' id='word_1_89' title='bbox 765 916 910 972; x_wconf 91' lang='lat' dir='ltr'><strong>enim</strong></span> <span class='ocrx_word' id='word_1_90' title='bbox 952 925 1008 971; x_wconf 89' lang='lat' dir='ltr'><strong>et</strong></span> <span class='ocrx_word' id='word_1_91' title='bbox 1047 915 1303 985; x_wconf 86' lang='lat' dir='ltr'><strong>parvulus</strong></span> <span class='ocrx_word' id='word_1_92' title='bbox 1333 930 1442 971; x_wconf 91' lang='lat' dir='ltr'><strong>non</strong></span> <span class='ocrx_word' id='word_1_93' title='bbox 1473 930 1572 986; x_wconf 90' lang='lat' dir='ltr'><strong>per</strong></span> <span class='ocrx_word' id='word_1_94' title='bbox 1601 913 1770 970; x_wconf 88' lang='lat' dir='ltr'><strong>virtu-</strong></span> <span class='ocrx_word' id='word_1_95' title='bbox 1871 911 2090 982; x_wconf 84' lang='lat' dir='ltr'><strong>posuit,</strong></span> <span class='ocrx_word' id='word_1_96' title='bbox 2125 927 2232 968; x_wconf 91' lang='lat' dir='ltr'><strong>non</strong></span> <span class='ocrx_word' id='word_1_97' title='bbox 2264 914 2424 969; x_wconf 88' lang='lat' dir='ltr'><strong>etiam</strong></span> <span class='ocrx_word' id='word_1_98' title='bbox 2458 922 2696 970; x_wconf 91' lang='lat' dir='ltr'><strong>noctem.</strong></span> <span class='ocrx_word' id='word_1_99' title='bbox 2730 914 2885 983; x_wconf 84' lang='lat' dir='ltr'><strong>Quod</strong></span> <span class='ocrx_word' id='word_1_100' title='bbox 2919 932 3025 972; x_wconf 91' lang='lat' dir='ltr'><strong>non</strong></span> <span class='ocrx_word' id='word_1_101' title='bbox 3057 926 3164 971; x_wconf 90' lang='lat' dir='ltr'><strong>tam</strong></span> <span class='ocrx_word' id='word_1_102' title='bbox 3196 933 3226 972; x_wconf 92' lang='lat' dir='ltr'><strong>a</strong></span> <span class='ocrx_word' id='word_1_103' title='bbox 3258 918 3477 973; x_wconf 82' lang='lat' dir='ltr'><strong>caeteris</strong></span> 
     </span>
    </p>
   </div>
   <div class='ocr_carea' id='block_1_8' title="bbox 157 1004 3476 1082">
    <p class='ocr_par' dir='ltr' id='par_1_8' title="bbox 157 1004 3476 1082">
     <span class='ocr_line' id='line_1_8' title="bbox 157 1004 3476 1082; baseline -0.001 -14"><span class='ocrx_word' id='word_1_104' title='bbox 157 1020 278 1068; x_wconf 85' lang='lat' dir='ltr'><strong>tem</strong></span> <span class='ocrx_word' id='word_1_105' title='bbox 301 1050 316 1078; x_wconf 90' lang='lat'><strong>,</strong></span> <span class='ocrx_word' id='word_1_106' title='bbox 346 1009 444 1066; x_wconf 88' lang='lat' dir='ltr'><strong>sed</strong></span> <span class='ocrx_word' id='word_1_107' title='bbox 475 1025 570 1080; x_wconf 87' lang='lat' dir='ltr'><strong>per</strong></span> <span class='ocrx_word' id='word_1_108' title='bbox 600 1009 1098 1080; x_wconf 87' lang='lat' dir='ltr'><strong>impossibilitatem</strong></span> <span class='ocrx_word' id='word_1_109' title='bbox 1126 1016 1185 1065; x_wconf 90' lang='lat' dir='ltr'><strong>et</strong></span> <span class='ocrx_word' id='word_1_110' title='bbox 1211 1008 1558 1064; x_wconf 87' lang='lat' dir='ltr'><strong>inscientiam</strong></span> <span class='ocrx_word' id='word_1_111' title='bbox 1589 1006 1767 1063; x_wconf 87' lang='lat' dir='ltr'><strong>delin-</strong></span> <span class='ocrx_word' id='word_1_112' title='bbox 1871 1004 2185 1078; x_wconf 83' lang='lat' dir='ltr'><strong>discrepans</strong></span> <span class='ocrx_word' id='word_1_113' title='bbox 2207 1048 2221 1072; x_wconf 95' lang='lat'><strong>,</strong></span> <span class='ocrx_word' id='word_1_114' title='bbox 2249 1022 2409 1076; x_wconf 87' lang='lat' dir='ltr'><strong>quam</strong></span> <span class='ocrx_word' id='word_1_115' title='bbox 2443 1007 2551 1063; x_wconf 89' lang='lat' dir='ltr'><strong>alio</strong></span> <span class='ocrx_word' id='word_1_116' title='bbox 2581 1007 2826 1064; x_wconf 81' lang='lat' dir='ltr'><strong>referens</strong></span> <span class='ocrx_word' id='word_1_117' title='bbox 2851 1011 3066 1080; x_wconf 87' lang='lat' dir='ltr'><strong>posuit;</strong></span> <span class='ocrx_word' id='word_1_118' title='bbox 3099 1011 3352 1081; x_wconf 91' lang='lat' dir='ltr'><strong>quoniam</strong></span> <span class='ocrx_word' id='word_1_119' title='bbox 3384 1011 3476 1082; x_wconf 89' lang='lat' dir='ltr'><strong>qui</strong></span> 
     </span>
    </p>
   </div>
   <div class='ocr_carea' id='block_1_9' title="bbox 158 1097 3477 1178">
    <p class='ocr_par' dir='ltr' id='par_1_9' title="bbox 158 1097 3477 1178">
     <span class='ocr_line' id='line_1_9' title="bbox 158 1097 3477 1178; baseline -0.002 -16"><span class='ocrx_word' id='word_1_120' title='bbox 158 1105 368 1178; x_wconf 89' lang='lat' dir='ltr'><strong>quendi</strong></span> <span class='ocrx_word' id='word_1_121' title='bbox 407 1106 476 1161; x_wconf 91' lang='lat' dir='ltr'><strong>ab</strong></span> <span class='ocrx_word' id='word_1_122' title='bbox 522 1105 588 1161; x_wconf 90' lang='lat' dir='ltr'><strong>iis</strong></span> <span class='ocrx_word' id='word_1_123' title='bbox 626 1121 747 1176; x_wconf 75' lang='lat' dir='ltr'><strong>qua:</strong></span> <span class='ocrx_word' id='word_1_124' title='bbox 787 1104 931 1160; x_wconf 91' lang='lat' dir='ltr'><strong>dicta</strong></span> <span class='ocrx_word' id='word_1_125' title='bbox 980 1112 1128 1171; x_wconf 88' lang='lat' dir='ltr'><strong>sunt,</strong></span> <span class='ocrx_word' id='word_1_126' title='bbox 1175 1103 1468 1160; x_wconf 89' lang='lat' dir='ltr'><strong>abstinere.</strong></span> <span class='ocrx_word' id='word_1_127' title='bbox 1493 1101 1678 1156; x_wconf 87' lang='lat' dir='ltr'><strong>Potest</strong></span> <span class='ocrx_word' id='word_1_128' title='bbox 1716 1107 1773 1156; x_wconf 90' lang='lat' dir='ltr'><strong>et</strong></span> <span class='ocrx_word' id='word_1_129' title='bbox 1871 1097 2070 1168; x_wconf 80' lang='lat' dir='ltr'><strong>Legem</strong></span> <span class='ocrx_word' id='word_1_130' title='bbox 2104 1097 2418 1164; x_wconf 83' lang='lat' dir='ltr'><strong>meditatur,</strong></span> <span class='ocrx_word' id='word_1_131' title='bbox 2450 1113 2668 1171; x_wconf 88' lang='lat' dir='ltr'><strong>semper</strong></span> <span class='ocrx_word' id='word_1_132' title='bbox 2695 1099 2754 1155; x_wconf 90' lang='lat' dir='ltr'><strong>in</strong></span> <span class='ocrx_word' id='word_1_133' title='bbox 2795 1101 2917 1157; x_wconf 92' lang='lat' dir='ltr'><strong>luce</strong></span> <span class='ocrx_word' id='word_1_134' title='bbox 2947 1112 3066 1170; x_wconf 90' lang='lat' dir='ltr'><strong>est,</strong></span> <span class='ocrx_word' id='word_1_135' title='bbox 3111 1111 3325 1159; x_wconf 87' lang='lat' dir='ltr'><strong>noctem</strong></span> <span class='ocrx_word' id='word_1_136' title='bbox 3366 1118 3477 1157; x_wconf 90' lang='lat' dir='ltr'><strong>non</strong></span> 
     </span>
    </p>
   </div>
   <div class='ocr_carea' id='block_1_10' title="bbox 160 1188 3485 1268">
    <p class='ocr_par' dir='ltr' id='par_1_10' title="bbox 160 1188 3485 1268">
     <span class='ocr_line' id='line_1_10' title="bbox 160 1188 3485 1268; baseline -0.002 -13"><span class='ocrx_word' id='word_1_137' title='bbox 160 1197 528 1255; x_wconf 90' lang='lat' dir='ltr'><strong>irrationabili</strong></span> <span class='ocrx_word' id='word_1_138' title='bbox 555 1197 750 1268; x_wconf 88' lang='lat' dir='ltr'><strong>pecudi</strong></span> <span class='ocrx_word' id='word_1_139' title='bbox 777 1197 1104 1263; x_wconf 87' lang='lat' dir='ltr'><strong>convenire,</strong></span> <span class='ocrx_word' id='word_1_140' title='bbox 1132 1197 1221 1252; x_wconf 93' lang='lat' dir='ltr'><strong>cui</strong></span> <span class='ocrx_word' id='word_1_141' title='bbox 1251 1195 1399 1252; x_wconf 92' lang='lat' dir='ltr'><strong>nulla</strong></span> <span class='ocrx_word' id='word_1_142' title='bbox 1425 1195 1504 1250; x_wconf 80' lang='lat' dir='ltr'><strong>vis</strong></span> <span class='ocrx_word' id='word_1_143' title='bbox 1533 1195 1769 1261; x_wconf 87' lang='lat' dir='ltr'><strong>consilii,</strong></span> <span class='ocrx_word' id='word_1_144' title='bbox 1874 1188 2058 1245; x_wconf 87' lang='lat' dir='ltr'><strong>habet.</strong></span> <span class='ocrx_word' id='word_1_145' title='bbox 2095 1190 2307 1246; x_wconf 85' lang='lat' dir='ltr'><strong>Etenim</strong></span> <span class='ocrx_word' id='word_1_146' title='bbox 2340 1191 2494 1262; x_wconf 88' lang='lat' dir='ltr'><strong>cujus</strong></span> <span class='ocrx_word' id='word_1_147' title='bbox 2527 1193 2714 1249; x_wconf 89' lang='lat' dir='ltr'><strong>lucent</strong></span> <span class='ocrx_word' id='word_1_148' title='bbox 2735 1208 2920 1264; x_wconf 89' lang='lat' dir='ltr'><strong>opera,</strong></span> <span class='ocrx_word' id='word_1_149' title='bbox 2953 1211 3060 1250; x_wconf 89' lang='lat' dir='ltr'><strong>non</strong></span> <span class='ocrx_word' id='word_1_150' title='bbox 3090 1206 3270 1266; x_wconf 86' lang='lat' dir='ltr'><strong>potest</strong></span> <span class='ocrx_word' id='word_1_151' title='bbox 3297 1195 3485 1267; x_wconf 85' lang='lat' dir='ltr'><strong>utique</strong></span> 
     </span>
    </p>
   </div>
   <div class='ocr_carea' id='block_1_11' title="bbox 161 1285 3481 1360">
    <p class='ocr_par' dir='ltr' id='par_1_11' title="bbox 161 1285 3481 1360">
     <span class='ocr_line' id='line_1_11' title="bbox 161 1285 3481 1360; baseline -0.001 -13"><span class='ocrx_word' id='word_1_152' title='bbox 161 1291 352 1348; x_wconf 87' lang='lat' dir='ltr'><strong>nullus</strong></span> <span class='ocrx_word' id='word_1_153' title='bbox 375 1305 572 1347; x_wconf 86' lang='lat' dir='ltr'><strong>sensus</strong></span> <span class='ocrx_word' id='word_1_154' title='bbox 593 1289 799 1347; x_wconf 88' lang='lat' dir='ltr'><strong>erroris</strong></span> <span class='ocrx_word' id='word_1_155' title='bbox 818 1299 922 1346; x_wconf 87' lang='lat' dir='ltr'><strong>est.</strong></span> <span class='ocrx_word' id='word_1_156' title='bbox 948 1289 1063 1345; x_wconf 82' lang='lat' dir='ltr'><strong>Hoc</strong></span> <span class='ocrx_word' id='word_1_157' title='bbox 1087 1298 1171 1346; x_wconf 90' lang='lat' dir='ltr'><strong>est</strong></span> <span class='ocrx_word' id='word_1_158' title='bbox 1195 1305 1328 1360; x_wconf 90' lang='lat' dir='ltr'><strong>ergo</strong></span> <span class='ocrx_word' id='word_1_159' title='bbox 1352 1297 1602 1360; x_wconf 87' lang='lat' dir='ltr'><strong>quartmn</strong></span> <span class='ocrx_word' id='word_1_160' title='bbox 1630 1287 1772 1358; x_wconf 92' lang='lat' dir='ltr'><strong>quod</strong></span> <span class='ocrx_word' id='word_1_161' title='bbox 1875 1286 1927 1340; x_wconf 89' lang='lat' dir='ltr'><strong>in</strong></span> <span class='ocrx_word' id='word_1_162' title='bbox 1962 1285 2202 1342; x_wconf 85' lang='lat' dir='ltr'><strong>tenebris</strong></span> <span class='ocrx_word' id='word_1_163' title='bbox 2231 1288 2511 1344; x_wconf 87' lang='lat' dir='ltr'><strong>ambulare</strong></span> <span class='ocrx_word' id='word_1_164' title='bbox 2536 1305 2550 1355; x_wconf 93' lang='lat'><strong>;</strong></span> <span class='ocrx_word' id='word_1_165' title='bbox 2583 1290 2708 1358; x_wconf 83' lang='lat' dir='ltr'><strong>quia</strong></span> <span class='ocrx_word' id='word_1_166' title='bbox 2731 1289 2937 1359; x_wconf 73' lang='lat' dir='ltr'><strong>iustitia</strong></span> <span class='ocrx_word' id='word_1_167' title='bbox 2969 1293 3089 1360; x_wconf 87' lang='lat' dir='ltr'><strong>ejus</strong></span> <span class='ocrx_word' id='word_1_168' title='bbox 3119 1292 3257 1348; x_wconf 86' lang='lat' dir='ltr'><strong>sicut</strong></span> <span class='ocrx_word' id='word_1_169' title='bbox 3296 1293 3481 1346; x_wconf 90' lang='lat' dir='ltr'><strong>lumen</strong></span> 
     </span>
    </p>
   </div>
   <div class='ocr_carea' id='block_1_12' title="bbox 163 1381 3488 1457">
    <p class='ocr_par' dir='ltr' id='par_1_12' title="bbox 163 1381 3488 1457">
     <span class='ocr_line' id='line_1_12' title="bbox 163 1381 3488 1457; baseline 0 -15"><span class='ocrx_word' id='word_1_170' title='bbox 163 1384 433 1456; x_wconf 86' lang='lat' dir='ltr'><strong>sequitur,</strong></span> <span class='ocrx_word' id='word_1_171' title='bbox 467 1384 520 1438; x_wconf 92' lang='lat' dir='ltr'><strong>in</strong></span> <span class='ocrx_word' id='word_1_172' title='bbox 551 1398 660 1455; x_wconf 91' lang='lat' dir='ltr'><strong>quo</strong></span> <span class='ocrx_word' id='word_1_173' title='bbox 689 1383 935 1439; x_wconf 87' lang='lat' dir='ltr'><strong>definitio</strong></span> <span class='ocrx_word' id='word_1_174' title='bbox 965 1384 1106 1440; x_wconf 85' lang='lat' dir='ltr'><strong>beati</strong></span> <span class='ocrx_word' id='word_1_175' title='bbox 1137 1383 1240 1439; x_wconf 90' lang='lat' dir='ltr'><strong>viri</strong></span> <span class='ocrx_word' id='word_1_176' title='bbox 1270 1398 1298 1437; x_wconf 91' lang='lat' dir='ltr'><strong>a</strong></span> <span class='ocrx_word' id='word_1_177' title='bbox 1331 1381 1539 1453; x_wconf 87' lang='lat' dir='ltr'><strong>pecude</strong></span> <span class='ocrx_word' id='word_1_178' title='bbox 1569 1382 1776 1436; x_wconf 85' lang='lat' dir='ltr'><strong>discer—</strong></span> <span class='ocrx_word' id='word_1_179' title='bbox 1877 1382 2115 1454; x_wconf 80' lang='lat' dir='ltr'><strong>effulget.</strong></span> <span class='ocrx_word' id='word_1_180' title='bbox 2163 1383 2452 1440; x_wconf 86' lang='lat' dir='ltr'><strong>Meditetur</strong></span> <span class='ocrx_word' id='word_1_181' title='bbox 2491 1400 2622 1456; x_wconf 88' lang='lat' dir='ltr'><strong>ergo</strong></span> <span class='ocrx_word' id='word_1_182' title='bbox 2661 1386 2858 1457; x_wconf 80' lang='lat' dir='ltr'><strong>Legem</strong></span> <span class='ocrx_word' id='word_1_183' title='bbox 2899 1387 3012 1441; x_wconf 87' lang='lat' dir='ltr'><strong>vita</strong></span> <span class='ocrx_word' id='word_1_184' title='bbox 3053 1398 3237 1442; x_wconf 90' lang='lat' dir='ltr'><strong>nostra</strong></span> <span class='ocrx_word' id='word_1_185' title='bbox 3262 1431 3276 1452; x_wconf 91' lang='lat'><strong>,</strong></span> <span class='ocrx_word' id='word_1_186' title='bbox 3317 1388 3488 1444; x_wconf 91' lang='lat' dir='ltr'><strong>medi-</strong></span> 
     </span>
    </p>
   </div>
   <div class='ocr_carea' id='block_1_13' title="bbox 167 1474 3492 1550">
    <p class='ocr_par' dir='ltr' id='par_1_13' title="bbox 167 1474 3492 1550">
     <span class='ocr_line' id='line_1_13' title="bbox 167 1474 3492 1550; baseline 0.002 -19"><span class='ocrx_word' id='word_1_187' title='bbox 167 1477 351 1545; x_wconf 84' lang='lat' dir='ltr'><strong>nitur;</strong></span> <span class='ocrx_word' id='word_1_188' title='bbox 381 1478 507 1550; x_wconf 90' lang='lat' dir='ltr'><strong>quia</strong></span> <span class='ocrx_word' id='word_1_189' title='bbox 537 1477 620 1532; x_wconf 90' lang='lat' dir='ltr'><strong>vir</strong></span> <span class='ocrx_word' id='word_1_190' title='bbox 646 1477 866 1547; x_wconf 87' lang='lat' dir='ltr'><strong>sapiens</strong></span> <span class='ocrx_word' id='word_1_191' title='bbox 894 1476 1142 1532; x_wconf 87' lang='lat' dir='ltr'><strong>subditus</strong></span> <span class='ocrx_word' id='word_1_192' title='bbox 1183 1476 1289 1547; x_wconf 89' lang='lat' dir='ltr'><strong>legi</strong></span> <span class='ocrx_word' id='word_1_193' title='bbox 1331 1484 1415 1530; x_wconf 88' lang='lat' dir='ltr'><strong>est</strong></span> <span class='ocrx_word' id='word_1_194' title='bbox 1453 1474 1736 1530; x_wconf 78' lang='lat' dir='ltr'><strong>voluntate</strong></span> <span class='ocrx_word' id='word_1_195' title='bbox 1759 1513 1774 1536; x_wconf 85' lang='grc'><em>,</em></span> <span class='ocrx_word' id='word_1_196' title='bbox 1879 1487 2023 1534; x_wconf 89' lang='lat' dir='ltr'><strong>tetur</strong></span> <span class='ocrx_word' id='word_1_197' title='bbox 2051 1480 2430 1549; x_wconf 88' lang='lat' dir='ltr'><strong>conversatio,</strong></span> <span class='ocrx_word' id='word_1_198' title='bbox 2463 1480 2758 1536; x_wconf 89' lang='lat' dir='ltr'><strong>meditetur</strong></span> <span class='ocrx_word' id='word_1_199' title='bbox 2787 1492 2942 1537; x_wconf 89' lang='lat' dir='ltr'><strong>actus</strong></span> <span class='ocrx_word' id='word_1_200' title='bbox 2964 1525 2978 1550; x_wconf 91' lang='lat'><strong>,</strong></span> <span class='ocrx_word' id='word_1_201' title='bbox 3011 1484 3301 1540; x_wconf 89' lang='lat' dir='ltr'><strong>meditetur</strong></span> <span class='ocrx_word' id='word_1_202' title='bbox 3331 1483 3492 1539; x_wconf 84' lang='lat' dir='ltr'><strong>intel-</strong></span> 
     </span>
    </p>
   </div>
   <div class='ocr_carea' id='block_1_14' title="bbox 173 1567 3492 1647">
    <p class='ocr_par' dir='ltr' id='par_1_14' title="bbox 173 1567 3492 1647">
     <span class='ocr_line' id='line_1_14' title="bbox 173 1567 3492 1647; baseline 0.001 -19"><span class='ocrx_word' id='word_1_203' title='bbox 173 1589 284 1629; x_wconf 90' lang='lat' dir='ltr'><strong>non</strong></span> <span class='ocrx_word' id='word_1_204' title='bbox 315 1571 662 1628; x_wconf 83' lang='lat' dir='ltr'><strong>necessitate.</strong></span> <span class='ocrx_word' id='word_1_205' title='bbox 695 1570 992 1626; x_wconf 89' lang='lat' dir='ltr'><strong>Plurimum</strong></span> <span class='ocrx_word' id='word_1_206' title='bbox 1022 1567 1166 1625; x_wconf 89' lang='lat' dir='ltr'><strong>enim</strong></span> <span class='ocrx_word' id='word_1_207' title='bbox 1199 1568 1405 1634; x_wconf 88' lang='lat' dir='ltr'><strong>refert;</strong></span> <span class='ocrx_word' id='word_1_208' title='bbox 1439 1567 1563 1638; x_wconf 86' lang='lat' dir='ltr'><strong>quia</strong></span> <span class='ocrx_word' id='word_1_209' title='bbox 1597 1567 1649 1621; x_wconf 91' lang='lat' dir='ltr'><strong>in</strong></span> <span class='ocrx_word' id='word_1_210' title='bbox 1678 1579 1778 1621; x_wconf 93' lang='lat' dir='ltr'><strong>vo-</strong></span> <span class='ocrx_word' id='word_1_211' title='bbox 1879 1571 2050 1627; x_wconf 90' lang='lat' dir='ltr'><strong>lectus</strong></span> <span class='ocrx_word' id='word_1_212' title='bbox 2080 1572 2468 1645; x_wconf 86' lang='lat' dir='ltr'><strong>mysteriorum</strong></span> <span class='ocrx_word' id='word_1_213' title='bbox 2499 1573 2829 1630; x_wconf 69' lang='lat' dir='ltr'><strong>caelestium.</strong></span> <span class='ocrx_word' id='word_1_214' title='bbox 2875 1573 2988 1630; x_wconf 89' lang='lat' dir='ltr'><strong>Lex</strong></span> <span class='ocrx_word' id='word_1_215' title='bbox 3027 1574 3170 1630; x_wconf 91' lang='lat' dir='ltr'><strong>enim</strong></span> <span class='ocrx_word' id='word_1_216' title='bbox 3211 1576 3492 1647; x_wconf 82' lang='lat' dir='ltr'><strong>exemplar</strong></span> 
     </span>
    </p>
   </div>
   <div class='ocr_carea' id='block_1_15' title="bbox 177 1661 3491 1738">
    <p class='ocr_par' dir='ltr' id='par_1_15' title="bbox 177 1661 3491 1738">
     <span class='ocr_line' id='line_1_15' title="bbox 177 1661 3491 1738; baseline 0.002 -14"><span class='ocrx_word' id='word_1_217' title='bbox 177 1668 404 1734; x_wconf 89' lang='lat' dir='ltr'><strong>luntate,</strong></span> <span class='ocrx_word' id='word_1_218' title='bbox 426 1666 696 1724; x_wconf 89' lang='lat' dir='ltr'><strong>mercedis</strong></span> <span class='ocrx_word' id='word_1_219' title='bbox 718 1674 803 1722; x_wconf 88' lang='lat' dir='ltr'><strong>est</strong></span> <span class='ocrx_word' id='word_1_220' title='bbox 829 1665 1068 1732; x_wconf 88' lang='lat' dir='ltr'><strong>fructus;</strong></span> <span class='ocrx_word' id='word_1_221' title='bbox 1099 1668 1151 1719; x_wconf 91' lang='lat' dir='ltr'><strong>in</strong></span> <span class='ocrx_word' id='word_1_222' title='bbox 1181 1663 1530 1730; x_wconf 89' lang='lat' dir='ltr'><strong>necessitate,</strong></span> <span class='ocrx_word' id='word_1_223' title='bbox 1560 1661 1780 1732; x_wconf 87' lang='lat' dir='ltr'><strong>dispen-</strong></span> <span class='ocrx_word' id='word_1_224' title='bbox 1881 1676 1967 1723; x_wconf 90' lang='lat' dir='ltr'><strong>est</strong></span> <span class='ocrx_word' id='word_1_225' title='bbox 2022 1677 2077 1722; x_wconf 91' lang='lat' dir='ltr'><strong>et</strong></span> <span class='ocrx_word' id='word_1_226' title='bbox 2115 1668 2305 1724; x_wconf 89' lang='lat' dir='ltr'><strong>umbra</strong></span> <span class='ocrx_word' id='word_1_227' title='bbox 2343 1669 2648 1726; x_wconf 70' lang='lat' dir='ltr'><strong>cmlestium</strong></span> <span class='ocrx_word' id='word_1_228' title='bbox 2671 1713 2686 1738; x_wconf 95' lang='lat'><strong>,</strong></span> <span class='ocrx_word' id='word_1_229' title='bbox 2730 1671 2924 1725; x_wconf 87' lang='lat' dir='ltr'><strong>umbra</strong></span> <span class='ocrx_word' id='word_1_230' title='bbox 2965 1670 3270 1728; x_wconf 83' lang='lat' dir='ltr'><strong>futurorum</strong></span> <span class='ocrx_word' id='word_1_231' title='bbox 3316 1674 3491 1730; x_wconf 87' lang='lat' dir='ltr'><strong>bono-</strong></span> 
     </span>
    </p>
   </div>
   <div class='ocr_carea' id='block_1_16' title="bbox 181 1758 3497 1836">
    <p class='ocr_par' dir='ltr' id='par_1_16' title="bbox 181 1758 3497 1836">
     <span class='ocr_line' id='line_1_16' title="bbox 181 1758 3497 1836; baseline 0 -16"><span class='ocrx_word' id='word_1_232' title='bbox 181 1765 406 1821; x_wconf 87' lang='lat' dir='ltr'><strong>sationis</strong></span> <span class='ocrx_word' id='word_1_233' title='bbox 429 1764 773 1836; x_wconf 90' lang='lat' dir='ltr'><strong>obsequium.</strong></span> <span class='ocrx_word' id='word_1_234' title='bbox 816 1763 893 1820; x_wconf 86' lang='lat' dir='ltr'><strong>Ita</strong></span> <span class='ocrx_word' id='word_1_235' title='bbox 932 1763 1078 1818; x_wconf 90' lang='lat' dir='ltr'><strong>enim</strong></span> <span class='ocrx_word' id='word_1_236' title='bbox 1116 1761 1301 1816; x_wconf 91' lang='lat' dir='ltr'><strong>docuit</strong></span> <span class='ocrx_word' id='word_1_237' title='bbox 1342 1775 1442 1815; x_wconf 87' lang='lat' dir='ltr'><strong>nos</strong></span> <span class='ocrx_word' id='word_1_238' title='bbox 1488 1758 1780 1828; x_wconf 87' lang='lat' dir='ltr'><strong>Apostolus</strong></span> <span class='ocrx_word' id='word_1_239' title='bbox 1882 1775 2040 1824; x_wconf 88' lang='lat' dir='ltr'><strong>rum,</strong></span> <span class='ocrx_word' id='word_1_240' title='bbox 2098 1776 2219 1830; x_wconf 76' lang='lat' dir='ltr'><strong>qua:</strong></span> <span class='ocrx_word' id='word_1_241' title='bbox 2268 1761 2316 1816; x_wconf 91' lang='lat' dir='ltr'><strong>is</strong></span> <span class='ocrx_word' id='word_1_242' title='bbox 2361 1761 2454 1832; x_wconf 88' lang='lat' dir='ltr'><strong>qui</strong></span> <span class='ocrx_word' id='word_1_243' title='bbox 2503 1761 2680 1818; x_wconf 88' lang='lat' dir='ltr'><strong>credit</strong></span> <span class='ocrx_word' id='word_1_244' title='bbox 2735 1763 2790 1816; x_wconf 91' lang='lat' dir='ltr'><strong>in</strong></span> <span class='ocrx_word' id='word_1_245' title='bbox 2845 1762 3026 1834; x_wconf 88' lang='lat' dir='ltr'><strong>Lege,</strong></span> <span class='ocrx_word' id='word_1_246' title='bbox 3087 1764 3141 1818; x_wconf 93' lang='lat' dir='ltr'><strong>in</strong></span> <span class='ocrx_word' id='word_1_247' title='bbox 3200 1762 3497 1834; x_wconf 88' lang='lat' dir='ltr'><strong>Evangelio</strong></span> 
     </span>
    </p>
   </div>
   <div class='ocr_carea' id='block_1_17' title="bbox 176 1850 3496 1959">
    <p class='ocr_par' dir='ltr' id='par_1_17' title="bbox 176 1850 3496 1959">
     <span class='ocr_line' id='line_1_17' title="bbox 176 1850 3496 1959; baseline -0.001 -45"><span class='ocrx_word' id='word_1_248' title='bbox 176 1857 402 1915; x_wconf 91' lang='lat' dir='ltr'><strong>dicens:</strong></span> <span class='ocrx_word' id='word_1_249' title='bbox 437 1858 496 1913; x_wconf 84' lang='lat' dir='ltr'><strong>Si</strong></span> <span class='ocrx_word' id='word_1_250' title='bbox 523 1857 698 1912; x_wconf 81' lang='lat' dir='ltr'><strong>volens</strong></span> <span class='ocrx_word' id='word_1_251' title='bbox 727 1857 824 1911; x_wconf 81' lang='lat' dir='ltr'><strong>hoc</strong></span> <span class='ocrx_word' id='word_1_252' title='bbox 853 1873 950 1928; x_wconf 88' lang='lat' dir='ltr'><strong>ago</strong></span> <span class='ocrx_word' id='word_1_253' title='bbox 971 1895 986 1922; x_wconf 92' lang='lat'><strong>,</strong></span> <span class='ocrx_word' id='word_1_254' title='bbox 1015 1855 1296 1909; x_wconf 79' lang='lat' dir='ltr'><strong>mercedem</strong></span> <span class='ocrx_word' id='word_1_255' title='bbox 1325 1853 1483 1907; x_wconf 83' lang='lat' dir='ltr'><strong>habeo</strong></span> <span class='ocrx_word' id='word_1_256' title='bbox 1511 1867 1530 1906; x_wconf 90' lang='lat'><strong><em>:</em></strong></span> <span class='ocrx_word' id='word_1_257' title='bbox 1567 1851 1611 1906; x_wconf 86' lang='lat' dir='ltr'><strong>si</strong></span> <span class='ocrx_word' id='word_1_258' title='bbox 1650 1850 1783 1904; x_wconf 84' lang='lat' dir='ltr'><strong>invi-</strong></span> <span class='ocrx_word' id='word_1_259' title='bbox 1811 1898 1862 1959; x_wconf 76' lang='grc' dir='ltr'><strong>Β</strong></span> <span class='ocrx_word' id='word_1_260' title='bbox 1886 1855 2252 1924; x_wconf 75' lang='lat' dir='ltr'><strong>recognoscit.</strong></span> <span class='ocrx_word' id='word_1_261' title='bbox 2301 1854 2590 1911; x_wconf 81' lang='lat' dir='ltr'><strong>Meditetur</strong></span> <span class='ocrx_word' id='word_1_262' title='bbox 2636 1857 2694 1910; x_wconf 91' lang='lat' dir='ltr'><strong>in</strong></span> <span class='ocrx_word' id='word_1_263' title='bbox 2740 1855 2982 1912; x_wconf 89' lang='lat' dir='ltr'><strong>tenebris</strong></span> <span class='ocrx_word' id='word_1_264' title='bbox 3020 1865 3077 1911; x_wconf 89' lang='lat' dir='ltr'><strong>et</strong></span> <span class='ocrx_word' id='word_1_265' title='bbox 3116 1855 3238 1924; x_wconf 91' lang='lat' dir='ltr'><strong>die,</strong></span> <span class='ocrx_word' id='word_1_266' title='bbox 3282 1857 3338 1912; x_wconf 90' lang='lat' dir='ltr'><strong>id</strong></span> <span class='ocrx_word' id='word_1_267' title='bbox 3374 1866 3496 1925; x_wconf 89' lang='lat' dir='ltr'><strong>est,</strong></span> 
     </span>
    </p>
   </div>
   <div class='ocr_carea' id='block_1_18' title="bbox 175 1939 1778 2023">
    <p class='ocr_par' dir='ltr' id='par_1_18' title="bbox 175 1939 1778 2023">
     <span class='ocr_line' id='line_1_18' title="bbox 175 1939 1778 2023; baseline -0.006 -17"><span class='ocrx_word' id='word_1_268' title='bbox 175 1960 259 2006; x_wconf 87' lang='lat' dir='ltr'><strong>tus</strong></span> <span class='ocrx_word' id='word_1_269' title='bbox 282 1992 300 2017; x_wconf 91' lang='lat'><strong>,</strong></span> <span class='ocrx_word' id='word_1_270' title='bbox 358 1950 676 2023; x_wconf 75' lang='lat' dir='ltr'><strong>dispensatio</strong></span> <span class='ocrx_word' id='word_1_271' title='bbox 730 1949 855 2004; x_wconf 80' lang='lat' dir='ltr'><strong>mihi</strong></span> <span class='ocrx_word' id='word_1_272' title='bbox 910 1948 1105 2004; x_wconf 87' lang='lat' dir='ltr'><strong>credita</strong></span> <span class='ocrx_word' id='word_1_273' title='bbox 1152 1957 1225 2002; x_wconf 88' lang='lat' dir='ltr'><strong>est</strong></span> <span class='ocrx_word' id='word_1_274' title='bbox 1275 1946 1294 2015; x_wconf 94' lang='lat'><strong>(</strong></span> <span class='ocrx_word' id='word_1_275' title='bbox 1322 1946 1338 2000; x_wconf 94' lang='lat' dir='ltr'><strong>I</strong></span> <span class='ocrx_word' id='word_1_276' title='bbox 1370 1942 1492 1999; x_wconf 88' lang='lat' dir='ltr'><strong>Cor.</strong></span> <span class='ocrx_word' id='word_1_277' title='bbox 1527 1959 1612 2008; x_wconf 84' lang='lat' dir='ltr'><strong>tx,</strong></span> <span class='ocrx_word' id='word_1_278' title='bbox 1644 1943 1710 1997; x_wconf 83' lang='lat' dir='ltr'><strong>l7</strong></span> <span class='ocrx_word' id='word_1_279' title='bbox 1734 1939 1778 2012; x_wconf 93' lang='lat'><strong>).</strong></span> 
     </span>
    </p>
   </div>
   <div class='ocr_carea' id='block_1_19' title="bbox 175 2038 1786 2114">
    <p class='ocr_par' dir='ltr' id='par_1_19' title="bbox 175 2038 1786 2114">
     <span class='ocr_line' id='line_1_19' title="bbox 175 2038 1786 2114; baseline -0.009 -10"><span class='ocrx_word' id='word_1_280' title='bbox 175 2046 331 2104; x_wconf 88' lang='lat' dir='ltr'><strong>Ordo</strong></span> <span class='ocrx_word' id='word_1_281' title='bbox 375 2057 554 2103; x_wconf 88' lang='lat' dir='ltr'><strong>autem</strong></span> <span class='ocrx_word' id='word_1_282' title='bbox 604 2045 974 2108; x_wconf 85' lang='lat' dir='ltr'><strong>conveniens,</strong></span> <span class='ocrx_word' id='word_1_283' title='bbox 1020 2054 1080 2098; x_wconf 88' lang='lat' dir='ltr'><strong>ut</strong></span> <span class='ocrx_word' id='word_1_284' title='bbox 1122 2044 1297 2114; x_wconf 89' lang='lat' dir='ltr'><strong>primo</strong></span> <span class='ocrx_word' id='word_1_285' title='bbox 1340 2038 1534 2109; x_wconf 81' lang='lat' dir='ltr'><strong>diligas</strong></span> <span class='ocrx_word' id='word_1_286' title='bbox 1573 2039 1786 2106; x_wconf 90' lang='lat' dir='ltr'><strong>legem,</strong></span> 
     </span>
    </p>
   </div>
   <div class='ocr_carea' id='block_1_20' title="bbox 177 2129 1794 2208">
    <p class='ocr_par' dir='ltr' id='par_1_20' title="bbox 177 2129 1794 2208">
     <span class='ocr_line' id='line_1_20' title="bbox 177 2129 1794 2208; baseline -0.009 -10"><span class='ocrx_word' id='word_1_287' title='bbox 177 2141 427 2198; x_wconf 84' lang='lat' dir='ltr'><strong>secundo</strong></span> <span class='ocrx_word' id='word_1_288' title='bbox 457 2150 515 2197; x_wconf 92' lang='lat' dir='ltr'><strong>ut</strong></span> <span class='ocrx_word' id='word_1_289' title='bbox 541 2139 842 2197; x_wconf 85' lang='lat' dir='ltr'><strong>mediteris.</strong></span> <span class='ocrx_word' id='word_1_290' title='bbox 887 2139 988 2208; x_wconf 91' lang='lat' dir='ltr'><strong>Qui</strong></span> <span class='ocrx_word' id='word_1_291' title='bbox 1018 2136 1226 2208; x_wconf 78' lang='lat' dir='ltr'><strong>diligit,</strong></span> <span class='ocrx_word' id='word_1_292' title='bbox 1258 2150 1324 2190; x_wconf 85' lang='lat' dir='ltr'><strong>ex</strong></span> <span class='ocrx_word' id='word_1_293' title='bbox 1353 2132 1638 2188; x_wconf 79' lang='lat' dir='ltr'><strong>voluntate</strong></span> <span class='ocrx_word' id='word_1_294' title='bbox 1664 2129 1794 2184; x_wconf 80' lang='lat' dir='ltr'><strong>facit</strong></span> 
     </span>
    </p>
   </div>
   <div class='ocr_carea' id='block_1_21' title="bbox 181 2223 1794 2304">
    <p class='ocr_par' dir='ltr' id='par_1_21' title="bbox 181 2223 1794 2304">
     <span class='ocr_line' id='line_1_21' title="bbox 181 2223 1794 2304; baseline -0.009 -13"><span class='ocrx_word' id='word_1_295' title='bbox 181 2234 446 2291; x_wconf 87' lang='lat' dir='ltr'><strong>mandata</strong></span> <span class='ocrx_word' id='word_1_296' title='bbox 493 2234 664 2304; x_wconf 89' lang='lat' dir='ltr'><strong>legis;</strong></span> <span class='ocrx_word' id='word_1_297' title='bbox 711 2234 804 2304; x_wconf 89' lang='lat' dir='ltr'><strong>qui</strong></span> <span class='ocrx_word' id='word_1_298' title='bbox 846 2233 1034 2296; x_wconf 88' lang='lat' dir='ltr'><strong>timet,</strong></span> <span class='ocrx_word' id='word_1_299' title='bbox 1079 2230 1279 2285; x_wconf 89' lang='lat' dir='ltr'><strong>invitus</strong></span> <span class='ocrx_word' id='word_1_300' title='bbox 1324 2228 1598 2282; x_wconf 85' lang='lat' dir='ltr'><strong>observat.</strong></span> <span class='ocrx_word' id='word_1_301' title='bbox 1643 2223 1794 2278; x_wconf 82' lang='lat' dir='ltr'><strong>Hanc</strong></span> 
     </span>
    </p>
   </div>
   <div class='ocr_carea' id='block_1_22' title="bbox 183 2319 1796 2399">
    <p class='ocr_par' dir='ltr' id='par_1_22' title="bbox 183 2319 1796 2399">
     <span class='ocr_line' id='line_1_22' title="bbox 183 2319 1796 2399; baseline -0.007 -15"><span class='ocrx_word' id='word_1_302' title='bbox 183 2327 532 2399; x_wconf 89' lang='lat' dir='ltr'><strong>disciplinam</strong></span> <span class='ocrx_word' id='word_1_303' title='bbox 559 2326 792 2383; x_wconf 87' lang='lat' dir='ltr'><strong>docendi</strong></span> <span class='ocrx_word' id='word_1_304' title='bbox 815 2327 978 2381; x_wconf 89' lang='lat' dir='ltr'><strong>etiam</strong></span> <span class='ocrx_word' id='word_1_305' title='bbox 1009 2323 1391 2392; x_wconf 82' lang='lat' dir='ltr'><strong>Deijustitiam</strong></span> <span class='ocrx_word' id='word_1_306' title='bbox 1431 2322 1484 2376; x_wconf 93' lang='lat' dir='ltr'><strong>in</strong></span> <span class='ocrx_word' id='word_1_307' title='bbox 1526 2319 1669 2390; x_wconf 89' lang='lat' dir='ltr'><strong>Lege</strong></span> <span class='ocrx_word' id='word_1_308' title='bbox 1706 2331 1796 2372; x_wconf 87' lang='lat' dir='ltr'><strong>ac-</strong></span> 
     </span>
    </p>
   </div>
   <div class='ocr_carea' id='block_1_23' title="bbox 183 2411 1798 2493">
    <p class='ocr_par' dir='ltr' id='par_1_23' title="bbox 183 2411 1798 2493">
     <span class='ocr_line' id='line_1_23' title="bbox 183 2411 1798 2493; baseline -0.006 -19"><span class='ocrx_word' id='word_1_309' title='bbox 183 2425 458 2493; x_wconf 78' lang='lat' dir='ltr'><strong>cepimus.</strong></span> <span class='ocrx_word' id='word_1_310' title='bbox 477 2421 566 2478; x_wconf 91' lang='lat' dir='ltr'><strong>Sic</strong></span> <span class='ocrx_word' id='word_1_311' title='bbox 585 2422 730 2477; x_wconf 91' lang='lat' dir='ltr'><strong>enim</strong></span> <span class='ocrx_word' id='word_1_312' title='bbox 753 2420 1017 2490; x_wconf 89' lang='lat' dir='ltr'><strong>scriptum</strong></span> <span class='ocrx_word' id='word_1_313' title='bbox 1038 2427 1122 2474; x_wconf 91' lang='lat' dir='ltr'><strong>est</strong></span> <span class='ocrx_word' id='word_1_314' title='bbox 1149 2435 1164 2473; x_wconf 92' lang='lat'><strong>:</strong></span> <span class='ocrx_word' id='word_1_315' title='bbox 1192 2415 1353 2482; x_wconf 84' lang='lat' dir='ltr'><strong>Audi,</strong></span> <span class='ocrx_word' id='word_1_316' title='bbox 1375 2414 1547 2469; x_wconf 92' lang='lat' dir='ltr'><strong>Israel</strong></span> <span class='ocrx_word' id='word_1_317' title='bbox 1571 2428 1590 2467; x_wconf 93' lang='lat'><strong><em>:</em></strong></span> <span class='ocrx_word' id='word_1_318' title='bbox 1614 2411 1798 2466; x_wconf 91' lang='lat' dir='ltr'><strong>Domi-</strong></span> 
     </span>
    </p>
   </div>
   <div class='ocr_carea' id='block_1_24' title="bbox 191 2503 1798 2586">
    <p class='ocr_par' dir='ltr' id='par_1_24' title="bbox 191 2503 1798 2586">
     <span class='ocr_line' id='line_1_24' title="bbox 191 2503 1798 2586; baseline -0.011 -12"><span class='ocrx_word' id='word_1_319' title='bbox 191 2536 292 2573; x_wconf 89' lang='lat' dir='ltr'><strong>nus</strong></span> <span class='ocrx_word' id='word_1_320' title='bbox 325 2517 464 2573; x_wconf 87' lang='lat' dir='ltr'><strong>Deus</strong></span> <span class='ocrx_word' id='word_1_321' title='bbox 489 2529 605 2572; x_wconf 88' lang='lat' dir='ltr'><strong>tuus</strong></span> <span class='ocrx_word' id='word_1_322' title='bbox 625 2559 640 2584; x_wconf 95' lang='lat'><strong>,</strong></span> <span class='ocrx_word' id='word_1_323' title='bbox 674 2515 812 2570; x_wconf 87' lang='lat' dir='ltr'><strong>Deus</strong></span> <span class='ocrx_word' id='word_1_324' title='bbox 838 2531 971 2568; x_wconf 89' lang='lat' dir='ltr'><strong>unus</strong></span> <span class='ocrx_word' id='word_1_325' title='bbox 999 2522 1078 2568; x_wconf 83' lang='lat' dir='ltr'><strong>est</strong></span> <span class='ocrx_word' id='word_1_326' title='bbox 1102 2510 1292 2586; x_wconf 90' lang='lat' dir='ltr'><strong>(Deut.</strong></span> <span class='ocrx_word' id='word_1_327' title='bbox 1323 2526 1412 2577; x_wconf 80' lang='lat' dir='ltr'><strong>v1,</strong></span> <span class='ocrx_word' id='word_1_328' title='bbox 1437 2507 1530 2580; x_wconf 69' lang='lat'><strong>4).</strong></span> <span class='ocrx_word' id='word_1_329' title='bbox 1561 2507 1665 2562; x_wconf 89' lang='lat' dir='ltr'><strong>Et:</strong></span> <span class='ocrx_word' id='word_1_330' title='bbox 1696 2503 1798 2558; x_wconf 84' lang='lat' dir='ltr'><strong>Di—</strong></span> 
     </span>
    </p>
   </div>
   <div class='ocr_carea' id='block_1_25' title="bbox 1891 1948 3502 2022">
    <p class='ocr_par' dir='ltr' id='par_1_25' title="bbox 1891 1948 3502 2022">
     <span class='ocr_line' id='line_1_25' title="bbox 1891 1948 3502 2022; baseline 0.001 -16"><span class='ocrx_word' id='word_1_331' title='bbox 1891 1958 1947 2006; x_wconf 87' lang='lat' dir='ltr'><strong>et</strong></span> <span class='ocrx_word' id='word_1_332' title='bbox 2002 1950 2054 2004; x_wconf 90' lang='lat' dir='ltr'><strong>in</strong></span> <span class='ocrx_word' id='word_1_333' title='bbox 2114 1948 2368 2005; x_wconf 86' lang='lat' dir='ltr'><strong>adversis</strong></span> <span class='ocrx_word' id='word_1_334' title='bbox 2425 1950 2668 2020; x_wconf 90' lang='lat' dir='ltr'><strong>positus,</strong></span> <span class='ocrx_word' id='word_1_335' title='bbox 2727 1958 2782 2005; x_wconf 86' lang='lat' dir='ltr'><strong>et</strong></span> <span class='ocrx_word' id='word_1_336' title='bbox 2829 1951 3130 2022; x_wconf 87' lang='lat' dir='ltr'><strong>prosperis.</strong></span> <span class='ocrx_word' id='word_1_337' title='bbox 3182 1950 3293 2008; x_wconf 85' lang='lat' dir='ltr'><strong>Lex</strong></span> <span class='ocrx_word' id='word_1_338' title='bbox 3350 1953 3502 2008; x_wconf 89' lang='lat' dir='ltr'><strong>enim</strong></span> 
     </span>
    </p>
   </div>
   <div class='ocr_carea' id='block_1_26' title="bbox 1891 2042 3502 2118">
    <p class='ocr_par' dir='ltr' id='par_1_26' title="bbox 1891 2042 3502 2118">
     <span class='ocr_line' id='line_1_26' title="bbox 1891 2042 3502 2118; baseline 0.002 -20"><span class='ocrx_word' id='word_1_339' title='bbox 1891 2042 2139 2112; x_wconf 68' lang='lat' dir='ltr'><strong>praecipit</strong></span> <span class='ocrx_word' id='word_1_340' title='bbox 2196 2053 2254 2098; x_wconf 89' lang='lat' dir='ltr'><strong>ut</strong></span> <span class='ocrx_word' id='word_1_341' title='bbox 2307 2043 2500 2114; x_wconf 85' lang='lat' dir='ltr'><strong>diligas</strong></span> <span class='ocrx_word' id='word_1_342' title='bbox 2559 2043 2850 2099; x_wconf 90' lang='lat' dir='ltr'><strong>Dominum</strong></span> <span class='ocrx_word' id='word_1_343' title='bbox 2910 2055 3084 2100; x_wconf 89' lang='lat' dir='ltr'><strong>tuum.</strong></span> <span class='ocrx_word' id='word_1_344' title='bbox 3129 2045 3230 2113; x_wconf 88' lang='lat' dir='ltr'><strong>Qui</strong></span> <span class='ocrx_word' id='word_1_345' title='bbox 3284 2045 3502 2118; x_wconf 88' lang='lat' dir='ltr'><strong>diligit,</strong></span> 
     </span>
    </p>
   </div>
   <div class='ocr_carea' id='block_1_27' title="bbox 1893 2136 3502 2196">
    <p class='ocr_par' dir='ltr' id='par_1_27' title="bbox 1893 2136 3502 2196">
     <span class='ocr_line' id='line_1_27' title="bbox 1893 2136 3502 2196; baseline 0.001 -4"><span class='ocrx_word' id='word_1_346' title='bbox 1893 2137 1950 2192; x_wconf 88' lang='lat' dir='ltr'><strong>in</strong></span> <span class='ocrx_word' id='word_1_347' title='bbox 1981 2137 2132 2192; x_wconf 91' lang='lat' dir='ltr'><strong>omni</strong></span> <span class='ocrx_word' id='word_1_348' title='bbox 2162 2145 2305 2192; x_wconf 89' lang='lat' dir='ltr'><strong>statu</strong></span> <span class='ocrx_word' id='word_1_349' title='bbox 2334 2151 2434 2192; x_wconf 91' lang='lat' dir='ltr'><strong>suo</strong></span> <span class='ocrx_word' id='word_1_350' title='bbox 2460 2136 2625 2194; x_wconf 87' lang='lat' dir='ltr'><strong>debet</strong></span> <span class='ocrx_word' id='word_1_351' title='bbox 2670 2152 2891 2194; x_wconf 88' lang='lat' dir='ltr'><strong>servare</strong></span> <span class='ocrx_word' id='word_1_352' title='bbox 2919 2138 3188 2194; x_wconf 64' lang='lat' dir='ltr'><strong>diuturnae</strong></span> <span class='ocrx_word' id='word_1_353' title='bbox 3215 2138 3502 2196; x_wconf 88' lang='lat' dir='ltr'><strong>charitatis</strong></span> 
     </span>
    </p>
   </div>
   <div class='ocr_carea' id='block_1_28' title="bbox 1893 2227 3496 2302">
    <p class='ocr_par' dir='ltr' id='par_1_28' title="bbox 1893 2227 3496 2302">
     <span class='ocr_line' id='line_1_28' title="bbox 1893 2227 3496 2302; baseline 0.002 -19"><span class='ocrx_word' id='word_1_354' title='bbox 1893 2227 2167 2285; x_wconf 74' lang='lat' dir='ltr'><strong>aﬂectum.</strong></span> <span class='ocrx_word' id='word_1_355' title='bbox 2225 2229 2385 2284; x_wconf 89' lang='lat' dir='ltr'><strong>Pater</strong></span> <span class='ocrx_word' id='word_1_356' title='bbox 2437 2229 2612 2300; x_wconf 88' lang='lat' dir='ltr'><strong>diligit</strong></span> <span class='ocrx_word' id='word_1_357' title='bbox 2663 2229 2865 2298; x_wconf 81' lang='lat' dir='ltr'><strong>filium,</strong></span> <span class='ocrx_word' id='word_1_358' title='bbox 2922 2230 3101 2302; x_wconf 85' lang='lat' dir='ltr'><strong>diligit</strong></span> <span class='ocrx_word' id='word_1_359' title='bbox 3156 2233 3321 2288; x_wconf 90' lang='lat' dir='ltr'><strong>etiam</strong></span> <span class='ocrx_word' id='word_1_360' title='bbox 3373 2247 3496 2287; x_wconf 92' lang='lat' dir='ltr'><strong>cum</strong></span> 
     </span>
    </p>
   </div>
   <div class='ocr_carea' id='block_1_29' title="bbox 1899 2321 3504 2396">
    <p class='ocr_par' dir='ltr' id='par_1_29' title="bbox 1899 2321 3504 2396">
     <span class='ocr_line' id='line_1_29' title="bbox 1899 2321 3504 2396; baseline 0.002 -21"><span class='ocrx_word' id='word_1_361' title='bbox 1899 2323 2108 2393; x_wconf 86' lang='lat' dir='ltr'><strong>arguit,</strong></span> <span class='ocrx_word' id='word_1_362' title='bbox 2143 2321 2321 2391; x_wconf 89' lang='lat' dir='ltr'><strong>diligit</strong></span> <span class='ocrx_word' id='word_1_363' title='bbox 2351 2321 2513 2376; x_wconf 88' lang='lat' dir='ltr'><strong>etiam</strong></span> <span class='ocrx_word' id='word_1_364' title='bbox 2543 2337 2668 2378; x_wconf 91' lang='lat' dir='ltr'><strong>cum</strong></span> <span class='ocrx_word' id='word_1_365' title='bbox 2695 2325 2949 2378; x_wconf 81' lang='lat' dir='ltr'><strong>verberat</strong></span> <span class='ocrx_word' id='word_1_366' title='bbox 2977 2324 3205 2390; x_wconf 90' lang='lat' dir='ltr'><strong>baculo;</strong></span> <span class='ocrx_word' id='word_1_367' title='bbox 3235 2325 3326 2396; x_wconf 90' lang='lat' dir='ltr'><strong>qui</strong></span> <span class='ocrx_word' id='word_1_368' title='bbox 3358 2326 3504 2379; x_wconf 91' lang='lat' dir='ltr'><strong>cnim</strong></span> 
     </span>
    </p>
   </div>
   <div class='ocr_carea' id='block_1_30' title="bbox 1899 2415 3513 2489">
    <p class='ocr_par' dir='ltr' id='par_1_30' title="bbox 1899 2415 3513 2489">
     <span class='ocr_line' id='line_1_30' title="bbox 1899 2415 3513 2489; baseline 0.002 -21"><span class='ocrx_word' id='word_1_369' title='bbox 1899 2416 2075 2484; x_wconf 86' lang='lat' dir='ltr'><strong>parcit</strong></span> <span class='ocrx_word' id='word_1_370' title='bbox 2117 2415 2312 2470; x_wconf 91' lang='lat' dir='ltr'><strong>baculo</strong></span> <span class='ocrx_word' id='word_1_371' title='bbox 2356 2430 2478 2481; x_wconf 87' lang='lat' dir='ltr'><strong>suo,</strong></span> <span class='ocrx_word' id='word_1_372' title='bbox 2527 2415 2641 2470; x_wconf 92' lang='lat' dir='ltr'><strong>odit</strong></span> <span class='ocrx_word' id='word_1_373' title='bbox 2689 2415 2858 2471; x_wconf 84' lang='lat' dir='ltr'><strong>ﬁlium</strong></span> <span class='ocrx_word' id='word_1_374' title='bbox 2901 2432 3078 2472; x_wconf 91' lang='lat' dir='ltr'><strong>suum.</strong></span> <span class='ocrx_word' id='word_1_375' title='bbox 3125 2416 3236 2472; x_wconf 87' lang='lat' dir='ltr'><strong>Nos</strong></span> <span class='ocrx_word' id='word_1_376' title='bbox 3293 2433 3513 2489; x_wconf 90' lang='lat' dir='ltr'><strong>quoque</strong></span> 
     </span>
    </p>
   </div>
   <div class='ocr_carea' id='block_1_31' title="bbox 1901 2507 3517 2581">
    <p class='ocr_par' dir='ltr' id='par_1_31' title="bbox 1901 2507 3517 2581">
     <span class='ocr_line' id='line_1_31' title="bbox 1901 2507 3517 2581; baseline 0.001 -18"><span class='ocrx_word' id='word_1_377' title='bbox 1901 2509 2162 2563; x_wconf 90' lang='lat' dir='ltr'><strong>Dominus</strong></span> <span class='ocrx_word' id='word_1_378' title='bbox 2191 2508 2454 2578; x_wconf 87' lang='lat' dir='ltr'><strong>castigat,</strong></span> <span class='ocrx_word' id='word_1_379' title='bbox 2487 2517 2542 2563; x_wconf 91' lang='lat' dir='ltr'><strong>et</strong></span> <span class='ocrx_word' id='word_1_380' title='bbox 2569 2507 2768 2576; x_wconf 78' lang='lat' dir='ltr'><strong>diligit.</strong></span> <span class='ocrx_word' id='word_1_381' title='bbox 2797 2507 2983 2581; x_wconf 86' lang='lat' dir='ltr'><strong>Itaque</strong></span> <span class='ocrx_word' id='word_1_382' title='bbox 3008 2509 3172 2565; x_wconf 88' lang='lat' dir='ltr'><strong>etiam</strong></span> <span class='ocrx_word' id='word_1_383' title='bbox 3200 2525 3323 2564; x_wconf 93' lang='lat' dir='ltr'><strong>cum</strong></span> <span class='ocrx_word' id='word_1_384' title='bbox 3352 2509 3517 2580; x_wconf 86' lang='lat' dir='ltr'><strong>digna</strong></span> 
     </span>
    </p>
   </div>
   <div class='ocr_carea' id='block_1_32' title="bbox 194 2600 3516 2684">
    <p class='ocr_par' dir='ltr' id='par_1_32' title="bbox 194 2600 3516 2684">
     <span class='ocr_line' id='line_1_32' title="bbox 194 2600 3516 2684; baseline -0.001 -24"><span class='ocrx_word' id='word_1_385' title='bbox 194 2612 328 2684; x_wconf 67' lang='lat' dir='ltr'><strong>ligas</strong></span> <span class='ocrx_word' id='word_1_386' title='bbox 354 2609 635 2666; x_wconf 82' lang='lat' dir='ltr'><strong>Dominum</strong></span> <span class='ocrx_word' id='word_1_387' title='bbox 679 2607 846 2664; x_wconf 85' lang='lat' dir='ltr'><strong>Deum</strong></span> <span class='ocrx_word' id='word_1_388' title='bbox 889 2617 1034 2662; x_wconf 88' lang='lat' dir='ltr'><strong>tuum</strong></span> <span class='ocrx_word' id='word_1_389' title='bbox 1075 2620 1140 2659; x_wconf 74' lang='lat' dir='ltr'><strong>ex</strong></span> <span class='ocrx_word' id='word_1_390' title='bbox 1183 2612 1288 2658; x_wconf 89' lang='lat' dir='ltr'><strong>toto</strong></span> <span class='ocrx_word' id='word_1_391' title='bbox 1327 2600 1481 2656; x_wconf 82' lang='lat' dir='ltr'><strong>corde</strong></span> <span class='ocrx_word' id='word_1_392' title='bbox 1517 2609 1603 2653; x_wconf 85' lang='lat' dir='ltr'><strong>tuo</strong></span> <span class='ocrx_word' id='word_1_393' title='bbox 1625 2638 1640 2665; x_wconf 85' lang='lat'><strong>,</strong></span> <span class='ocrx_word' id='word_1_394' title='bbox 1665 2605 1715 2652; x_wconf 80' lang='grc' dir='ltr'><strong><em>ει</em></strong></span> <span class='ocrx_word' id='word_1_395' title='bbox 1739 2611 1803 2650; x_wconf 67' lang='lat' dir='ltr'><strong>ex</strong></span> <span class='ocrx_word' id='word_1_396' title='bbox 1902 2603 2183 2660; x_wconf 89' lang='lat' dir='ltr'><strong>coertione</strong></span> <span class='ocrx_word' id='word_1_397' title='bbox 2211 2602 2622 2667; x_wconf 88' lang='lat' dir='ltr'><strong>committimus,</strong></span> <span class='ocrx_word' id='word_1_398' title='bbox 2654 2603 2747 2658; x_wconf 91' lang='lat' dir='ltr'><strong>ille</strong></span> <span class='ocrx_word' id='word_1_399' title='bbox 2775 2614 2956 2658; x_wconf 86' lang='lat' dir='ltr'><strong>tamen</strong></span> <span class='ocrx_word' id='word_1_400' title='bbox 2985 2603 3194 2674; x_wconf 88' lang='lat' dir='ltr'><strong>diligit,</strong></span> <span class='ocrx_word' id='word_1_401' title='bbox 3229 2604 3320 2674; x_wconf 86' lang='lat' dir='ltr'><strong>qui</strong></span> <span class='ocrx_word' id='word_1_402' title='bbox 3349 2605 3516 2659; x_wconf 85' lang='lat' dir='ltr'><strong>etiam</strong></span> 
     </span>
    </p>
   </div>
   <div class='ocr_carea' id='block_1_33' title="bbox 199 2688 3520 2769">
    <p class='ocr_par' dir='ltr' id='par_1_33' title="bbox 199 2688 3520 2769">
     <span class='ocr_line' id='line_1_33' title="bbox 199 2688 3520 2769; baseline -0.007 -8"><span class='ocrx_word' id='word_1_403' title='bbox 199 2716 311 2763; x_wconf 88' lang='lat' dir='ltr'><strong>tota</strong></span> <span class='ocrx_word' id='word_1_404' title='bbox 336 2705 510 2760; x_wconf 84' lang='lat' dir='ltr'><strong>anima</strong></span> <span class='ocrx_word' id='word_1_405' title='bbox 537 2713 625 2759; x_wconf 90' lang='lat' dir='ltr'><strong>tua</strong></span> <span class='ocrx_word' id='word_1_406' title='bbox 647 2744 660 2768; x_wconf 96' lang='lat'><strong>,</strong></span> <span class='ocrx_word' id='word_1_407' title='bbox 690 2711 738 2757; x_wconf 91' lang='lat' dir='ltr'><strong>et</strong></span> <span class='ocrx_word' id='word_1_408' title='bbox 777 2717 840 2757; x_wconf 80' lang='lat' dir='ltr'><strong>ea:</strong></span> <span class='ocrx_word' id='word_1_409' title='bbox 879 2709 987 2755; x_wconf 87' lang='lat' dir='ltr'><strong>tota</strong></span> <span class='ocrx_word' id='word_1_410' title='bbox 1020 2699 1204 2752; x_wconf 79' lang='lat' dir='ltr'><strong>virtute</strong></span> <span class='ocrx_word' id='word_1_411' title='bbox 1227 2705 1339 2750; x_wconf 88' lang='lat' dir='ltr'><strong>tua.</strong></span> <span class='ocrx_word' id='word_1_412' title='bbox 1381 2692 1450 2747; x_wconf 85' lang='lat' dir='ltr'><strong>Et</strong></span> <span class='ocrx_word' id='word_1_413' title='bbox 1479 2700 1627 2746; x_wconf 88' lang='lat' dir='ltr'><strong>erunt</strong></span> <span class='ocrx_word' id='word_1_414' title='bbox 1652 2688 1804 2744; x_wconf 78' lang='lat' dir='ltr'><strong>verba</strong></span> <span class='ocrx_word' id='word_1_415' title='bbox 1905 2697 2102 2769; x_wconf 68' lang='lat' dir='ltr'><strong>recipit</strong></span> <span class='ocrx_word' id='word_1_416' title='bbox 2130 2697 2421 2754; x_wconf 70' lang='lat' dir='ltr'><strong>offensum,</strong></span> <span class='ocrx_word' id='word_1_417' title='bbox 2454 2695 2694 2767; x_wconf 64' lang='lat' dir='ltr'><strong>castigat</strong></span> <span class='ocrx_word' id='word_1_418' title='bbox 2719 2697 2862 2752; x_wconf 70' lang='lat' dir='ltr'><strong>enim</strong></span> <span class='ocrx_word' id='word_1_419' title='bbox 2895 2697 3159 2753; x_wconf 69' lang='lat' dir='ltr'><strong>Dominus</strong></span> <span class='ocrx_word' id='word_1_420' title='bbox 3199 2713 3422 2753; x_wconf 72' lang='lat' dir='ltr'><strong>omnem</strong></span> <span class='ocrx_word' id='word_1_421' title='bbox 3455 2697 3520 2751; x_wconf 84' lang='lat' dir='ltr'><strong>ﬁ-</strong></span> 
     </span>
    </p>
   </div>
   <div class='ocr_carea' id='block_1_34' title="bbox 201 2782 1807 2870">
    <p class='ocr_par' dir='ltr' id='par_1_34' title="bbox 201 2782 1807 2870">
     <span class='ocr_line' id='line_1_34' title="bbox 201 2782 1807 2870; baseline -0.012 -18"><span class='ocrx_word' id='word_1_422' title='bbox 201 2799 317 2854; x_wconf 73' lang='lat' dir='ltr'><strong>haec</strong></span> <span class='ocrx_word' id='word_1_423' title='bbox 339 2813 454 2870; x_wconf 78' lang='lat' dir='ltr'><strong>qua:</strong></span> <span class='ocrx_word' id='word_1_424' title='bbox 477 2812 569 2870; x_wconf 83' lang='lat' dir='ltr'><strong>ego</strong></span> <span class='ocrx_word' id='word_1_425' title='bbox 596 2796 842 2866; x_wconf 65' lang='lat' dir='ltr'><strong>praecipio</strong></span> <span class='ocrx_word' id='word_1_426' title='bbox 867 2793 961 2847; x_wconf 90' lang='lat' dir='ltr'><strong>tibi</strong></span> <span class='ocrx_word' id='word_1_427' title='bbox 985 2791 1171 2856; x_wconf 83' lang='lat' dir='ltr'><strong>hodie,</strong></span> <span class='ocrx_word' id='word_1_428' title='bbox 1211 2790 1268 2843; x_wconf 89' lang='lat' dir='ltr'><strong>in</strong></span> <span class='ocrx_word' id='word_1_429' title='bbox 1303 2788 1456 2842; x_wconf 90' lang='lat' dir='ltr'><strong>corde</strong></span> <span class='ocrx_word' id='word_1_430' title='bbox 1494 2795 1583 2840; x_wconf 90' lang='lat' dir='ltr'><strong>tuo</strong></span> <span class='ocrx_word' id='word_1_431' title='bbox 1605 2825 1620 2850; x_wconf 93' lang='lat'><strong>,</strong></span> <span class='ocrx_word' id='word_1_432' title='bbox 1665 2791 1711 2836; x_wconf 91' lang='lat' dir='ltr'><strong>et</strong></span> <span class='ocrx_word' id='word_1_433' title='bbox 1750 2782 1807 2834; x_wconf 91' lang='lat' dir='ltr'><strong>in</strong></span> 
     </span>
    </p>
   </div>
   <div class='ocr_carea' id='block_1_35' title="bbox 202 2875 1808 2954">
    <p class='ocr_par' dir='ltr' id='par_1_35' title="bbox 202 2875 1808 2954">
     <span class='ocr_line' id='line_1_35' title="bbox 202 2875 1808 2954; baseline -0.01 -8"><span class='ocrx_word' id='word_1_434' title='bbox 202 2893 381 2947; x_wconf 78' lang='lat' dir='ltr'><strong>animo</strong></span> <span class='ocrx_word' id='word_1_435' title='bbox 406 2900 534 2946; x_wconf 89' lang='lat' dir='ltr'><strong>tua:</strong></span> <span class='ocrx_word' id='word_1_436' title='bbox 562 2904 610 2945; x_wconf 89' lang='lat' dir='ltr'><strong>et</strong></span> <span class='ocrx_word' id='word_1_437' title='bbox 639 2887 1012 2944; x_wconf 87' lang='lat' dir='ltr'><strong>demonstrabis</strong></span> <span class='ocrx_word' id='word_1_438' title='bbox 1050 2902 1111 2940; x_wconf 93' lang='lat' dir='ltr'><strong>ea</strong></span> <span class='ocrx_word' id='word_1_439' title='bbox 1147 2883 1272 2954; x_wconf 80' lang='lat' dir='ltr'><strong>ﬁliis</strong></span> <span class='ocrx_word' id='word_1_440' title='bbox 1313 2881 1414 2936; x_wconf 87' lang='lat' dir='ltr'><strong>tuis</strong></span> <span class='ocrx_word' id='word_1_441' title='bbox 1436 2921 1451 2948; x_wconf 94' lang='lat'><strong>,</strong></span> <span class='ocrx_word' id='word_1_442' title='bbox 1496 2888 1543 2934; x_wconf 89' lang='lat' dir='ltr'><strong>et</strong></span> <span class='ocrx_word' id='word_1_443' title='bbox 1584 2875 1808 2948; x_wconf 85' lang='lat' dir='ltr'><strong>loqueris</strong></span> 
     </span>
    </p>
   </div>
   <div class='ocr_carea' id='block_1_36' title="bbox 202 2970 1808 3062">
    <p class='ocr_par' dir='ltr' id='par_1_36' title="bbox 202 2970 1808 3062">
     <span class='ocr_line' id='line_1_36' title="bbox 202 2970 1808 3062; baseline -0.011 -21"><span class='ocrx_word' id='word_1_444' title='bbox 202 2988 283 3042; x_wconf 86' lang='lat' dir='ltr'><strong>eis</strong></span> <span class='ocrx_word' id='word_1_445' title='bbox 309 2986 493 3040; x_wconf 88' lang='lat' dir='ltr'><strong>sedens</strong></span> <span class='ocrx_word' id='word_1_446' title='bbox 522 2983 577 3038; x_wconf 89' lang='lat' dir='ltr'><strong>in</strong></span> <span class='ocrx_word' id='word_1_447' title='bbox 605 2983 759 3039; x_wconf 89' lang='lat' dir='ltr'><strong>domo</strong></span> <span class='ocrx_word' id='word_1_448' title='bbox 779 3023 793 3047; x_wconf 93' lang='lat'><strong>,</strong></span> <span class='ocrx_word' id='word_1_449' title='bbox 822 2991 871 3037; x_wconf 89' lang='lat' dir='ltr'><strong>et</strong></span> <span class='ocrx_word' id='word_1_450' title='bbox 899 2979 1169 3034; x_wconf 83' lang='lat' dir='ltr'><strong>ambulans</strong></span> <span class='ocrx_word' id='word_1_451' title='bbox 1208 2978 1261 3031; x_wconf 88' lang='lat' dir='ltr'><strong>in</strong></span> <span class='ocrx_word' id='word_1_452' title='bbox 1300 2976 1516 3062; x_wconf 83' lang='lat' dir='ltr'><strong>itinere,</strong></span> <span class='ocrx_word' id='word_1_453' title='bbox 1539 2981 1608 3062; x_wconf 5' lang='lat' dir='ltr'><strong>gert</strong></span> <span class='ocrx_word' id='word_1_454' title='bbox 1645 2970 1808 3043; x_wconf 64' lang='lat'><strong>753</strong></span> 
     </span>
    </p>
   </div>
   <div class='ocr_carea' id='block_1_37' title="bbox 206 3066 1810 3149">
    <p class='ocr_par' dir='ltr' id='par_1_37' title="bbox 206 3066 1810 3149">
     <span class='ocr_line' id='line_1_37' title="bbox 206 3066 1810 3149; baseline -0.012 -15"><span class='ocrx_word' id='word_1_455' title='bbox 206 3080 265 3134; x_wconf 86' lang='lat' dir='ltr'><strong>in</strong></span> <span class='ocrx_word' id='word_1_456' title='bbox 293 3079 497 3149; x_wconf 79' lang='lat' dir='ltr'><strong>quiete,</strong></span> <span class='ocrx_word' id='word_1_457' title='bbox 540 3085 590 3131; x_wconf 83' lang='lat' dir='ltr'><strong>et</strong></span> <span class='ocrx_word' id='word_1_458' title='bbox 643 3077 700 3131; x_wconf 86' lang='lat' dir='ltr'><strong>in</strong></span> <span class='ocrx_word' id='word_1_459' title='bbox 728 3075 924 3148; x_wconf 84' lang='lat' dir='ltr'><strong>uigilia.</strong></span> <span class='ocrx_word' id='word_1_460' title='bbox 959 3082 986 3111; x_wconf 71' lang='grc' dir='ltr'><strong>δ</strong></span> <span class='ocrx_word' id='word_1_461' title='bbox 1029 3071 1094 3126; x_wconf 85' lang='lat' dir='ltr'><strong>Et</strong></span> <span class='ocrx_word' id='word_1_462' title='bbox 1133 3069 1373 3142; x_wconf 85' lang='lat' dir='ltr'><strong>alligabis</strong></span> <span class='ocrx_word' id='word_1_463' title='bbox 1413 3085 1472 3124; x_wconf 93' lang='lat' dir='ltr'><strong>ea</strong></span> <span class='ocrx_word' id='word_1_464' title='bbox 1509 3068 1566 3122; x_wconf 89' lang='lat' dir='ltr'><strong>in</strong></span> <span class='ocrx_word' id='word_1_465' title='bbox 1607 3066 1810 3136; x_wconf 83' lang='lat' dir='ltr'><strong>signum</strong></span> 
     </span>
    </p>
   </div>
   <div class='ocr_carea' id='block_1_38' title="bbox 208 3163 1814 3236">
    <p class='ocr_par' dir='ltr' id='par_1_38' title="bbox 208 3163 1814 3236">
     <span class='ocr_line' id='line_1_38' title="bbox 208 3163 1814 3236; baseline -0.011 -9"><span class='ocrx_word' id='word_1_466' title='bbox 208 3173 266 3227; x_wconf 86' lang='lat' dir='ltr'><strong>in</strong></span> <span class='ocrx_word' id='word_1_467' title='bbox 307 3188 470 3226; x_wconf 87' lang='lat' dir='ltr'><strong>manu</strong></span> <span class='ocrx_word' id='word_1_468' title='bbox 505 3181 629 3236; x_wconf 88' lang='lat' dir='ltr'><strong>tua,</strong></span> <span class='ocrx_word' id='word_1_469' title='bbox 677 3181 725 3224; x_wconf 87' lang='lat' dir='ltr'><strong>et</strong></span> <span class='ocrx_word' id='word_1_470' title='bbox 769 3176 917 3224; x_wconf 84' lang='lat' dir='ltr'><strong>erunt</strong></span> <span class='ocrx_word' id='word_1_471' title='bbox 951 3165 1168 3221; x_wconf 86' lang='lat' dir='ltr'><strong>monilia</strong></span> <span class='ocrx_word' id='word_1_472' title='bbox 1205 3172 1322 3218; x_wconf 87' lang='lat' dir='ltr'><strong>ante</strong></span> <span class='ocrx_word' id='word_1_473' title='bbox 1358 3163 1534 3217; x_wconf 88' lang='lat' dir='ltr'><strong>oculos</strong></span> <span class='ocrx_word' id='word_1_474' title='bbox 1582 3168 1696 3214; x_wconf 86' lang='lat' dir='ltr'><strong>tuos</strong></span> <span class='ocrx_word' id='word_1_475' title='bbox 1721 3172 1742 3212; x_wconf 90' lang='lat'><strong><em>:</em></strong></span> <span class='ocrx_word' id='word_1_476' title='bbox 1765 3163 1814 3211; x_wconf 87' lang='lat' dir='ltr'><strong>et</strong></span> 
     </span>
    </p>
   </div>
   <div class='ocr_carea' id='block_1_39' title="bbox 1905 2789 3519 2863">
    <p class='ocr_par' dir='ltr' id='par_1_39' title="bbox 1905 2789 3519 2863">
     <span class='ocr_line' id='line_1_39' title="bbox 1905 2789 3519 2863; baseline 0.001 -18"><span class='ocrx_word' id='word_1_477' title='bbox 1905 2793 2037 2846; x_wconf 92' lang='lat' dir='ltr'><strong>lium</strong></span> <span class='ocrx_word' id='word_1_478' title='bbox 2068 2807 2228 2862; x_wconf 89' lang='lat' dir='ltr'><strong>quem</strong></span> <span class='ocrx_word' id='word_1_479' title='bbox 2261 2789 2472 2863; x_wconf 88' lang='lat' dir='ltr'><strong>recipit.</strong></span> <span class='ocrx_word' id='word_1_480' title='bbox 2502 2789 2573 2846; x_wconf 87' lang='lat' dir='ltr'><strong>Et</strong></span> <span class='ocrx_word' id='word_1_481' title='bbox 2603 2800 2660 2846; x_wconf 89' lang='lat' dir='ltr'><strong>tu</strong></span> <span class='ocrx_word' id='word_1_482' title='bbox 2691 2807 2812 2846; x_wconf 90' lang='lat' dir='ltr'><strong>cum</strong></span> <span class='ocrx_word' id='word_1_483' title='bbox 2846 2792 3134 2862; x_wconf 86' lang='lat' dir='ltr'><strong>castigaris</strong></span> <span class='ocrx_word' id='word_1_484' title='bbox 3164 2791 3362 2861; x_wconf 90' lang='lat' dir='ltr'><strong>dilige;</strong></span> <span class='ocrx_word' id='word_1_485' title='bbox 3393 2793 3519 2863; x_wconf 87' lang='lat' dir='ltr'><strong>quia</strong></span> 
     </span>
    </p>
   </div>
   <div class='ocr_carea' id='block_1_40' title="bbox 1909 2881 3518 2955">
    <p class='ocr_par' dir='ltr' id='par_1_40' title="bbox 1909 2881 3518 2955">
     <span class='ocr_line' id='line_1_40' title="bbox 1909 2881 3518 2955; baseline 0 -17"><span class='ocrx_word' id='word_1_486' title='bbox 1909 2881 2035 2938; x_wconf 90' lang='lat' dir='ltr'><strong>ideo</strong></span> <span class='ocrx_word' id='word_1_487' title='bbox 2056 2883 2349 2955; x_wconf 17' lang='lat' dir='ltr'><strong>ecastigaris</strong></span> <span class='ocrx_word' id='word_1_488' title='bbox 2371 2925 2386 2948; x_wconf 92' lang='lat'><strong>,</strong></span> <span class='ocrx_word' id='word_1_489' title='bbox 2419 2891 2478 2936; x_wconf 90' lang='lat' dir='ltr'><strong>ut</strong></span> <span class='ocrx_word' id='word_1_490' title='bbox 2506 2883 2810 2952; x_wconf 90' lang='lat' dir='ltr'><strong>recipiaris.</strong></span> <span class='ocrx_word' id='word_1_491' title='bbox 2840 2882 2974 2938; x_wconf 86' lang='lat' dir='ltr'><strong>Nam</strong></span> <span class='ocrx_word' id='word_1_492' title='bbox 3003 2883 3133 2954; x_wconf 89' lang='lat' dir='ltr'><strong>quid</strong></span> <span class='ocrx_word' id='word_1_493' title='bbox 3164 2883 3371 2955; x_wconf 84' lang='lat' dir='ltr'><strong>grande</strong></span> <span class='ocrx_word' id='word_1_494' title='bbox 3397 2894 3518 2951; x_wconf 90' lang='lat' dir='ltr'><strong>est,</strong></span> 
     </span>
    </p>
   </div>
   <div class='ocr_carea' id='block_1_41' title="bbox 1911 2975 3522 3047">
    <p class='ocr_par' dir='ltr' id='par_1_41' title="bbox 1911 2975 3522 3047">
     <span class='ocr_line' id='line_1_41' title="bbox 1911 2975 3522 3047; baseline -0.001 -16"><span class='ocrx_word' id='word_1_495' title='bbox 1911 2976 1956 3031; x_wconf 88' lang='lat' dir='ltr'><strong>si</strong></span> <span class='ocrx_word' id='word_1_496' title='bbox 1985 2985 2112 3031; x_wconf 88' lang='lat' dir='ltr'><strong>tunc</strong></span> <span class='ocrx_word' id='word_1_497' title='bbox 2139 2975 2332 3047; x_wconf 90' lang='lat' dir='ltr'><strong>diligas</strong></span> <span class='ocrx_word' id='word_1_498' title='bbox 2361 2975 2648 3030; x_wconf 91' lang='lat' dir='ltr'><strong>Dominum</strong></span> <span class='ocrx_word' id='word_1_499' title='bbox 2673 2976 2843 3030; x_wconf 90' lang='lat' dir='ltr'><strong>Deum</strong></span> <span class='ocrx_word' id='word_1_500' title='bbox 2873 2985 3049 3042; x_wconf 89' lang='lat' dir='ltr'><strong>tuum,</strong></span> <span class='ocrx_word' id='word_1_501' title='bbox 3073 2991 3198 3031; x_wconf 91' lang='lat' dir='ltr'><strong>cum</strong></span> <span class='ocrx_word' id='word_1_502' title='bbox 3230 2975 3324 3030; x_wconf 90' lang='lat' dir='ltr'><strong>tibi</strong></span> <span class='ocrx_word' id='word_1_503' title='bbox 3352 2975 3522 3030; x_wconf 89' lang='lat' dir='ltr'><strong>abun-</strong></span> 
     </span>
    </p>
   </div>
   <div class='ocr_carea' id='block_1_42' title="bbox 1912 3067 3522 3138">
    <p class='ocr_par' dir='ltr' id='par_1_42' title="bbox 1912 3067 3522 3138">
     <span class='ocr_line' id='line_1_42' title="bbox 1912 3067 3522 3138; baseline -0.001 -15"><span class='ocrx_word' id='word_1_504' title='bbox 1912 3067 2045 3123; x_wconf 87' lang='lat' dir='ltr'><strong>dant</strong></span> <span class='ocrx_word' id='word_1_505' title='bbox 2083 3067 2301 3135; x_wconf 88' lang='lat' dir='ltr'><strong>omnia,</strong></span> <span class='ocrx_word' id='word_1_506' title='bbox 2343 3082 2468 3122; x_wconf 89' lang='lat' dir='ltr'><strong>cum</strong></span> <span class='ocrx_word' id='word_1_507' title='bbox 2514 3067 2711 3123; x_wconf 88' lang='lat' dir='ltr'><strong>frueris</strong></span> <span class='ocrx_word' id='word_1_508' title='bbox 2751 3068 2990 3138; x_wconf 84' lang='lat' dir='ltr'><strong>Optatis,</strong></span> <span class='ocrx_word' id='word_1_509' title='bbox 3024 3084 3148 3122; x_wconf 91' lang='lat' dir='ltr'><strong>cum</strong></span> <span class='ocrx_word' id='word_1_510' title='bbox 3187 3068 3522 3137; x_wconf 88' lang='lat' dir='ltr'><strong>honoribus,</strong></span> 
     </span>
    </p>
   </div>
   <div class='ocr_carea' id='block_1_43' title="bbox 1914 3161 3527 3233">
    <p class='ocr_par' dir='ltr' id='par_1_43' title="bbox 1914 3161 3527 3233">
     <span class='ocr_line' id='line_1_43' title="bbox 1914 3161 3527 3233; baseline 0.001 -15"><span class='ocrx_word' id='word_1_511' title='bbox 1914 3163 2293 3230; x_wconf 81' lang='lat' dir='ltr'><strong>facultatibus,</strong></span> <span class='ocrx_word' id='word_1_512' title='bbox 2329 3162 2516 3218; x_wconf 91' lang='lat' dir='ltr'><strong>liberis</strong></span> <span class='ocrx_word' id='word_1_513' title='bbox 2545 3161 2768 3233; x_wconf 87' lang='lat' dir='ltr'><strong>gaudes.</strong></span> <span class='ocrx_word' id='word_1_514' title='bbox 2803 3161 2872 3216; x_wconf 87' lang='lat' dir='ltr'><strong>Et</strong></span> <span class='ocrx_word' id='word_1_515' title='bbox 2903 3161 3109 3216; x_wconf 88' lang='lat' dir='ltr'><strong>homini</strong></span> <span class='ocrx_word' id='word_1_516' title='bbox 3129 3204 3144 3230; x_wconf 94' lang='lat'><strong>,</strong></span> <span class='ocrx_word' id='word_1_517' title='bbox 3179 3177 3207 3216; x_wconf 94' lang='lat' dir='ltr'><strong>a</strong></span> <span class='ocrx_word' id='word_1_518' title='bbox 3236 3178 3344 3233; x_wconf 91' lang='lat' dir='ltr'><strong>quo</strong></span> <span class='ocrx_word' id='word_1_519' title='bbox 3371 3178 3527 3219; x_wconf 86' lang='lat' dir='ltr'><strong>acce-</strong></span> 
     </span>
    </p>
   </div>
   <div class='ocr_carea' id='block_1_44' title="bbox 215 3249 3526 3348">
    <p class='ocr_par' dir='ltr' id='par_1_44' title="bbox 215 3249 3526 3348">
     <span class='ocr_line' id='line_1_44' title="bbox 215 3249 3526 3348; baseline -0.001 -30"><span class='ocrx_word' id='word_1_520' title='bbox 215 3263 400 3318; x_wconf 83' lang='lat' dir='ltr'><strong>seribes</strong></span> <span class='ocrx_word' id='word_1_521' title='bbox 425 3280 486 3318; x_wconf 88' lang='lat' dir='ltr'><strong>ea</strong></span> <span class='ocrx_word' id='word_1_522' title='bbox 508 3277 666 3330; x_wconf 85' lang='lat' dir='ltr'><strong>super</strong></span> <span class='ocrx_word' id='word_1_523' title='bbox 691 3260 872 3315; x_wconf 84' lang='lat' dir='ltr'><strong>limina</strong></span> <span class='ocrx_word' id='word_1_524' title='bbox 906 3260 964 3313; x_wconf 91' lang='lat' dir='ltr'><strong>in</strong></span> <span class='ocrx_word' id='word_1_525' title='bbox 998 3257 1272 3313; x_wconf 82' lang='lat' dir='ltr'><strong>domiciliis</strong></span> <span class='ocrx_word' id='word_1_526' title='bbox 1313 3255 1414 3310; x_wconf 84' lang='lat' dir='ltr'><strong>tuis</strong></span> <span class='ocrx_word' id='word_1_527' title='bbox 1455 3261 1502 3308; x_wconf 91' lang='lat' dir='ltr'><strong>et</strong></span> <span class='ocrx_word' id='word_1_528' title='bbox 1543 3252 1600 3306; x_wconf 89' lang='lat' dir='ltr'><strong>in</strong></span> <span class='ocrx_word' id='word_1_529' title='bbox 1631 3249 1813 3322; x_wconf 87' lang='lat' dir='ltr'><strong>januis</strong></span> <span class='ocrx_word' id='word_1_530' title='bbox 1837 3283 1883 3348; x_wconf 77' lang='lat' dir='ltr'>C</span> <span class='ocrx_word' id='word_1_531' title='bbox 1917 3257 2157 3326; x_wconf 86' lang='lat' dir='ltr'><strong>perimus</strong></span> <span class='ocrx_word' id='word_1_532' title='bbox 2185 3256 2510 3313; x_wconf 84' lang='lat' dir='ltr'><strong>beneficium</strong></span> <span class='ocrx_word' id='word_1_533' title='bbox 2535 3297 2549 3323; x_wconf 94' lang='lat'><strong>,</strong></span> <span class='ocrx_word' id='word_1_534' title='bbox 2596 3255 2828 3326; x_wconf 85' lang='lat' dir='ltr'><strong>gratiam</strong></span> <span class='ocrx_word' id='word_1_535' title='bbox 2869 3255 3078 3311; x_wconf 89' lang='lat' dir='ltr'><strong>referre</strong></span> <span class='ocrx_word' id='word_1_536' title='bbox 3118 3257 3526 3314; x_wconf 81' lang='lat' dir='ltr'><strong>consuevimus.</strong></span> 
     </span>
    </p>
   </div>
   <div class='ocr_carea' id='block_1_45' title="bbox 220 3339 1809 3425">
    <p class='ocr_par' dir='ltr' id='par_1_45' title="bbox 220 3339 1809 3425">
     <span class='ocr_line' id='line_1_45' title="bbox 220 3339 1809 3425; baseline -0.009 -16"><span class='ocrx_word' id='word_1_537' title='bbox 220 3357 323 3410; x_wconf 84' lang='lat' dir='ltr'><strong>tuis</strong></span> <span class='ocrx_word' id='word_1_538' title='bbox 346 3355 534 3425; x_wconf 74' lang='lat' dir='ltr'><strong>(Ibid.,</strong></span> <span class='ocrx_word' id='word_1_539' title='bbox 561 3355 705 3425; x_wconf 82' lang='lat'><strong>5-9).</strong></span> <span class='ocrx_word' id='word_1_540' title='bbox 736 3353 804 3408; x_wconf 84' lang='lat' dir='ltr'><strong>Et</strong></span> <span class='ocrx_word' id='word_1_541' title='bbox 831 3351 969 3407; x_wconf 86' lang='lat' dir='ltr'><strong>infra</strong></span> <span class='ocrx_word' id='word_1_542' title='bbox 994 3369 1007 3405; x_wconf 91' lang='lat'><strong>:</strong></span> <span class='ocrx_word' id='word_1_543' title='bbox 1039 3350 1105 3405; x_wconf 85' lang='lat' dir='ltr'><strong>Et</strong></span> <span class='ocrx_word' id='word_1_544' title='bbox 1135 3365 1270 3404; x_wconf 83' lang='lat' dir='ltr'><strong>nunc</strong></span> <span class='ocrx_word' id='word_1_545' title='bbox 1291 3389 1306 3414; x_wconf 92' lang='lat'><strong>,</strong></span> <span class='ocrx_word' id='word_1_546' title='bbox 1339 3345 1544 3409; x_wconf 87' lang='lat' dir='ltr'><strong>Israel,</strong></span> <span class='ocrx_word' id='word_1_547' title='bbox 1570 3343 1696 3414; x_wconf 85' lang='lat' dir='ltr'><strong>quid</strong></span> <span class='ocrx_word' id='word_1_548' title='bbox 1720 3339 1809 3395; x_wconf 87' lang='lat' dir='ltr'><strong>abs</strong></span> 
     </span>
    </p>
   </div>
   <div class='ocr_carea' id='block_1_46' title="bbox 216 3436 1808 3524">
    <p class='ocr_par' dir='ltr' id='par_1_46' title="bbox 216 3436 1808 3524">
     <span class='ocr_line' id='line_1_46' title="bbox 216 3436 1808 3524; baseline -0.012 -15"><span class='ocrx_word' id='word_1_549' title='bbox 216 3463 268 3509; x_wconf 77' lang='lat' dir='ltr'><strong>te</strong></span> <span class='ocrx_word' id='word_1_550' title='bbox 291 3451 512 3524; x_wconf 77' lang='lat' dir='ltr'><strong>postulat</strong></span> <span class='ocrx_word' id='word_1_551' title='bbox 539 3449 793 3506; x_wconf 82' lang='lat' dir='ltr'><strong>Dominus</strong></span> <span class='ocrx_word' id='word_1_552' title='bbox 819 3447 962 3504; x_wconf 90' lang='lat' dir='ltr'><strong>Deus</strong></span> <span class='ocrx_word' id='word_1_553' title='bbox 988 3457 1104 3500; x_wconf 88' lang='lat' dir='ltr'><strong>tuus</strong></span> <span class='ocrx_word' id='word_1_554' title='bbox 1127 3486 1141 3508; x_wconf 94' lang='lat'><strong>,</strong></span> <span class='ocrx_word' id='word_1_555' title='bbox 1173 3444 1275 3499; x_wconf 89' lang='lat' dir='ltr'><strong>nisi</strong></span> <span class='ocrx_word' id='word_1_556' title='bbox 1304 3451 1359 3497; x_wconf 92' lang='lat' dir='ltr'><strong>ut</strong></span> <span class='ocrx_word' id='word_1_557' title='bbox 1398 3441 1586 3510; x_wconf 80' lang='lat' dir='ltr'><strong>diligas</strong></span> <span class='ocrx_word' id='word_1_558' title='bbox 1628 3436 1808 3492; x_wconf 83' lang='lat' dir='ltr'><strong>Domi-</strong></span> 
     </span>
    </p>
   </div>
   <div class='ocr_carea' id='block_1_47' title="bbox 211 3531 1813 3611">
    <p class='ocr_par' dir='ltr' id='par_1_47' title="bbox 211 3531 1813 3611">
     <span class='ocr_line' id='line_1_47' title="bbox 211 3531 1813 3611; baseline -0.011 -9"><span class='ocrx_word' id='word_1_559' title='bbox 211 3563 340 3603; x_wconf 86' lang='lat' dir='ltr'><strong>num</strong></span> <span class='ocrx_word' id='word_1_560' title='bbox 383 3546 548 3600; x_wconf 85' lang='lat' dir='ltr'><strong>Deum</strong></span> <span class='ocrx_word' id='word_1_561' title='bbox 598 3555 776 3611; x_wconf 89' lang='lat' dir='ltr'><strong>tuum,</strong></span> <span class='ocrx_word' id='word_1_562' title='bbox 828 3553 876 3597; x_wconf 89' lang='lat' dir='ltr'><strong>et</strong></span> <span class='ocrx_word' id='word_1_563' title='bbox 920 3539 1147 3595; x_wconf 84' lang='lat' dir='ltr'><strong>ambules</strong></span> <span class='ocrx_word' id='word_1_564' title='bbox 1190 3537 1245 3592; x_wconf 88' lang='lat' dir='ltr'><strong>in</strong></span> <span class='ocrx_word' id='word_1_565' title='bbox 1287 3535 1519 3591; x_wconf 86' lang='lat' dir='ltr'><strong>omnibus</strong></span> <span class='ocrx_word' id='word_1_566' title='bbox 1559 3532 1654 3587; x_wconf 82' lang='lat' dir='ltr'><strong>uiis</strong></span> <span class='ocrx_word' id='word_1_567' title='bbox 1701 3531 1813 3602; x_wconf 85' lang='lat' dir='ltr'><strong>ejus</strong></span> 
     </span>
    </p>
   </div>
   <div class='ocr_carea' id='block_1_48' title="bbox 211 3625 1816 3715">
    <p class='ocr_par' dir='ltr' id='par_1_48' title="bbox 211 3625 1816 3715">
     <span class='ocr_line' id='line_1_48' title="bbox 211 3625 1816 3715; baseline -0.011 -20"><span class='ocrx_word' id='word_1_568' title='bbox 211 3640 400 3715; x_wconf 88' lang='lat' dir='ltr'><strong>(Deut.</strong></span> <span class='ocrx_word' id='word_1_569' title='bbox 429 3655 467 3695; x_wconf 74' lang='grc' dir='ltr'>ι</span> <span class='ocrx_word' id='word_1_570' title='bbox 485 3681 500 3706; x_wconf 84' lang='grc'><em>,</em></span> <span class='ocrx_word' id='word_1_571' title='bbox 530 3637 668 3710; x_wconf 71' lang='lat'><strong>12)?</strong></span> <span class='ocrx_word' id='word_1_572' title='bbox 695 3635 973 3708; x_wconf 90' lang='lat' dir='ltr'><strong>Sapientia</strong></span> <span class='ocrx_word' id='word_1_573' title='bbox 999 3645 1217 3705; x_wconf 88' lang='lat' dir='ltr'><strong>quoque</strong></span> <span class='ocrx_word' id='word_1_574' title='bbox 1244 3629 1374 3686; x_wconf 90' lang='lat' dir='ltr'><strong>dicit</strong></span> <span class='ocrx_word' id='word_1_575' title='bbox 1398 3646 1411 3680; x_wconf 90' lang='lat'><strong>:</strong></span> <span class='ocrx_word' id='word_1_576' title='bbox 1457 3625 1816 3699; x_wconf 83' lang='lat' dir='ltr'><strong>Concupiscite</strong></span> 
     </span>
    </p>
   </div>
   <div class='ocr_carea' id='block_1_49' title="bbox 210 3719 1816 3805">
    <p class='ocr_par' dir='ltr' id='par_1_49' title="bbox 210 3719 1816 3805">
     <span class='ocr_line' id='line_1_49' title="bbox 210 3719 1816 3805; baseline -0.011 -16"><span class='ocrx_word' id='word_1_577' title='bbox 210 3750 340 3805; x_wconf 84' lang='lat' dir='ltr'><strong>ergo</strong></span> <span class='ocrx_word' id='word_1_578' title='bbox 365 3747 622 3788; x_wconf 83' lang='lat' dir='ltr'><strong>sermones</strong></span> <span class='ocrx_word' id='word_1_579' title='bbox 643 3745 803 3795; x_wconf 88' lang='lat' dir='ltr'><strong>meos,</strong></span> <span class='ocrx_word' id='word_1_580' title='bbox 822 3729 1018 3801; x_wconf 78' lang='lat' dir='ltr'><strong>diligite</strong></span> <span class='ocrx_word' id='word_1_581' title='bbox 1045 3726 1186 3792; x_wconf 88' lang='lat' dir='ltr'><strong>illos,</strong></span> <span class='ocrx_word' id='word_1_582' title='bbox 1209 3723 1459 3779; x_wconf 86' lang='lat' dir='ltr'><strong>habebitis</strong></span> <span class='ocrx_word' id='word_1_583' title='bbox 1485 3719 1816 3794; x_wconf 85' lang='lat' dir='ltr'><strong>disciplinam</strong></span> 
     </span>
    </p>
   </div>
   <div class='ocr_carea' id='block_1_50' title="bbox 213 3822 1817 3902">
    <p class='ocr_par' dir='ltr' id='par_1_50' title="bbox 213 3822 1817 3902">
     <span class='ocr_line' id='line_1_50' title="bbox 213 3822 1817 3902; baseline -0.011 -18"><span class='ocrx_word' id='word_1_584' title='bbox 213 3827 396 3902; x_wconf 87' lang='lat' dir='ltr'><strong>(Sap.</strong></span> <span class='ocrx_word' id='word_1_585' title='bbox 424 3841 506 3892; x_wconf 79' lang='lat' dir='ltr'><strong>vr,</strong></span> <span class='ocrx_word' id='word_1_586' title='bbox 537 3823 664 3896; x_wconf 71' lang='grc' dir='ltr'><strong>η).</strong></span> <span class='ocrx_word' id='word_1_587' title='bbox 695 3822 852 3879; x_wconf 84' lang='lat' dir='ltr'><strong>Clara</strong></span> <span class='ocrx_word' id='word_1_588' title='bbox 877 3830 994 3888; x_wconf 90' lang='lat' dir='ltr'><strong>est,</strong></span> <span class='ocrx_word' id='word_1_589' title='bbox 1026 3830 1083 3876; x_wconf 90' lang='lat' dir='ltr'><strong>et</strong></span> <span class='ocrx_word' id='word_1_590' title='bbox 1110 3835 1230 3890; x_wconf 81' lang='lat' dir='ltr'><strong>quae</strong></span> <span class='ocrx_word' id='word_1_591' title='bbox 1256 3830 1548 3887; x_wconf 88' lang='lat' dir='ltr'><strong>numquam</strong></span> <span class='ocrx_word' id='word_1_592' title='bbox 1579 3827 1817 3869; x_wconf 90' lang='lat' dir='ltr'><strong>marces-</strong></span> 
     </span>
    </p>
   </div>
   <div class='ocr_carea' id='block_1_51' title="bbox 212 3906 1819 3991">
    <p class='ocr_par' dir='ltr' id='par_1_51' title="bbox 212 3906 1819 3991">
     <span class='ocr_line' id='line_1_51' title="bbox 212 3906 1819 3991; baseline -0.012 -13"><span class='ocrx_word' id='word_1_593' title='bbox 212 3931 309 3978; x_wconf 86' lang='lat' dir='ltr'><strong>cat</strong></span> <span class='ocrx_word' id='word_1_594' title='bbox 335 3918 596 3991; x_wconf 91' lang='lat' dir='ltr'><strong>sapientia</strong></span> <span class='ocrx_word' id='word_1_595' title='bbox 618 3961 634 3986; x_wconf 92' lang='lat'><strong>,</strong></span> <span class='ocrx_word' id='word_1_596' title='bbox 666 3928 722 3974; x_wconf 90' lang='lat' dir='ltr'><strong>et</strong></span> <span class='ocrx_word' id='word_1_597' title='bbox 749 3915 910 3972; x_wconf 75' lang='lat' dir='ltr'><strong>facile</strong></span> <span class='ocrx_word' id='word_1_598' title='bbox 939 3914 1152 3969; x_wconf 90' lang='lat' dir='ltr'><strong>videtur</strong></span> <span class='ocrx_word' id='word_1_599' title='bbox 1177 3911 1246 3967; x_wconf 91' lang='lat' dir='ltr'><strong>ab</strong></span> <span class='ocrx_word' id='word_1_600' title='bbox 1275 3912 1340 3966; x_wconf 91' lang='lat' dir='ltr'><strong>iis</strong></span> <span class='ocrx_word' id='word_1_601' title='bbox 1365 3910 1453 3980; x_wconf 91' lang='lat' dir='ltr'><strong>qui</strong></span> <span class='ocrx_word' id='word_1_602' title='bbox 1484 3907 1713 3979; x_wconf 90' lang='lat' dir='ltr'><strong>diligunt</strong></span> <span class='ocrx_word' id='word_1_603' title='bbox 1753 3906 1819 3961; x_wconf 85' lang='lat' dir='ltr'><strong>il-</strong></span> 
     </span>
    </p>
   </div>
   <div class='ocr_carea' id='block_1_52' title="bbox 214 4001 1819 4082">
    <p class='ocr_par' dir='ltr' id='par_1_52' title="bbox 214 4001 1819 4082">
     <span class='ocr_line' id='line_1_52' title="bbox 214 4001 1819 4082; baseline -0.011 -10"><span class='ocrx_word' id='word_1_604' title='bbox 214 4017 332 4073; x_wconf 88' lang='lat' dir='ltr'><strong>lam</strong></span> <span class='ocrx_word' id='word_1_605' title='bbox 357 4056 374 4082; x_wconf 92' lang='lat'><strong>,</strong></span> <span class='ocrx_word' id='word_1_606' title='bbox 404 4021 460 4070; x_wconf 90' lang='lat' dir='ltr'><strong>et</strong></span> <span class='ocrx_word' id='word_1_607' title='bbox 481 4012 755 4069; x_wconf 85' lang='lat' dir='ltr'><strong>invenitur</strong></span> <span class='ocrx_word' id='word_1_608' title='bbox 779 4011 847 4064; x_wconf 89' lang='lat' dir='ltr'><strong>ab</strong></span> <span class='ocrx_word' id='word_1_609' title='bbox 869 4009 937 4064; x_wconf 91' lang='lat' dir='ltr'><strong>iis</strong></span> <span class='ocrx_word' id='word_1_610' title='bbox 962 4006 1056 4077; x_wconf 87' lang='lat' dir='ltr'><strong>qui</strong></span> <span class='ocrx_word' id='word_1_611' title='bbox 1079 4014 1329 4078; x_wconf 64' lang='lat' dir='ltr'><strong>quaerunt</strong></span> <span class='ocrx_word' id='word_1_612' title='bbox 1355 4003 1524 4059; x_wconf 83' lang='lat' dir='ltr'><strong>illam.</strong></span> <span class='ocrx_word' id='word_1_613' title='bbox 1556 4001 1819 4071; x_wconf 87' lang='lat' dir='ltr'><strong>Legitime</strong></span> 
     </span>
    </p>
   </div>
   <div class='ocr_carea' id='block_1_53' title="bbox 211 4094 1820 4180">
    <p class='ocr_par' dir='ltr' id='par_1_53' title="bbox 211 4094 1820 4180">
     <span class='ocr_line' id='line_1_53' title="bbox 211 4094 1820 4180; baseline -0.01 -14"><span class='ocrx_word' id='word_1_614' title='bbox 211 4122 357 4180; x_wconf 82' lang='lat' dir='ltr'><strong>ergo</strong></span> <span class='ocrx_word' id='word_1_615' title='bbox 379 4106 641 4163; x_wconf 90' lang='lat' dir='ltr'><strong>docemur</strong></span> <span class='ocrx_word' id='word_1_616' title='bbox 669 4120 699 4160; x_wconf 91' lang='lat' dir='ltr'><strong>a</strong></span> <span class='ocrx_word' id='word_1_617' title='bbox 725 4111 914 4160; x_wconf 91' lang='lat' dir='ltr'><strong>sancto</strong></span> <span class='ocrx_word' id='word_1_618' title='bbox 941 4099 1212 4172; x_wconf 89' lang='lat' dir='ltr'><strong>Propheta</strong></span> <span class='ocrx_word' id='word_1_619' title='bbox 1241 4097 1573 4153; x_wconf 88' lang='lat' dir='ltr'><strong>voluntatem</strong></span> <span class='ocrx_word' id='word_1_620' title='bbox 1597 4096 1651 4150; x_wconf 92' lang='lat' dir='ltr'><strong>in</strong></span> <span class='ocrx_word' id='word_1_621' title='bbox 1675 4094 1820 4164; x_wconf 87' lang='lat' dir='ltr'><strong>Lege</strong></span> 
     </span>
    </p>
   </div>
   <div class='ocr_carea' id='block_1_54' title="bbox 215 4188 1822 4268">
    <p class='ocr_par' dir='ltr' id='par_1_54' title="bbox 215 4188 1822 4268">
     <span class='ocr_line' id='line_1_54' title="bbox 215 4188 1822 4268; baseline -0.009 -11"><span class='ocrx_word' id='word_1_622' title='bbox 215 4203 461 4268; x_wconf 85' lang='lat' dir='ltr'><strong>habere,</strong></span> <span class='ocrx_word' id='word_1_623' title='bbox 503 4197 908 4256; x_wconf 88' lang='lat' dir='ltr'><strong>meditationem</strong></span> <span class='ocrx_word' id='word_1_624' title='bbox 947 4193 1243 4250; x_wconf 89' lang='lat' dir='ltr'><strong>secundum</strong></span> <span class='ocrx_word' id='word_1_625' title='bbox 1284 4192 1509 4262; x_wconf 88' lang='lat' dir='ltr'><strong>Legem.</strong></span> <span class='ocrx_word' id='word_1_626' title='bbox 1555 4188 1822 4244; x_wconf 75' lang='lat' dir='ltr'><strong>Voluntas</strong></span> 
     </span>
    </p>
   </div>
   <div class='ocr_carea' id='block_1_55' title="bbox 210 4284 1822 4366">
    <p class='ocr_par' dir='ltr' id='par_1_55' title="bbox 210 4284 1822 4366">
     <span class='ocr_line' id='line_1_55' title="bbox 210 4284 1822 4366; baseline -0.01 -13"><span class='ocrx_word' id='word_1_627' title='bbox 210 4298 280 4353; x_wconf 84' lang='lat' dir='ltr'><strong>in</strong></span> <span class='ocrx_word' id='word_1_628' title='bbox 312 4295 455 4366; x_wconf 84' lang='lat' dir='ltr'><strong>Lege</strong></span> <span class='ocrx_word' id='word_1_629' title='bbox 481 4309 589 4349; x_wconf 93' lang='lat' dir='ltr'><strong>non</strong></span> <span class='ocrx_word' id='word_1_630' title='bbox 615 4292 789 4348; x_wconf 90' lang='lat' dir='ltr'><strong>solum</strong></span> <span class='ocrx_word' id='word_1_631' title='bbox 818 4291 870 4344; x_wconf 92' lang='lat' dir='ltr'><strong>in</strong></span> <span class='ocrx_word' id='word_1_632' title='bbox 899 4287 1078 4344; x_wconf 89' lang='lat' dir='ltr'><strong>studio</strong></span> <span class='ocrx_word' id='word_1_633' title='bbox 1100 4329 1115 4353; x_wconf 95' lang='lat'><strong>,</strong></span> <span class='ocrx_word' id='word_1_634' title='bbox 1147 4285 1240 4342; x_wconf 88' lang='lat' dir='ltr'><strong>sed</strong></span> <span class='ocrx_word' id='word_1_635' title='bbox 1271 4287 1432 4341; x_wconf 90' lang='lat' dir='ltr'><strong>etiam</strong></span> <span class='ocrx_word' id='word_1_636' title='bbox 1460 4285 1514 4339; x_wconf 93' lang='lat' dir='ltr'><strong>in</strong></span> <span class='ocrx_word' id='word_1_637' title='bbox 1546 4284 1688 4339; x_wconf 89' lang='lat' dir='ltr'><strong>facto</strong></span> <span class='ocrx_word' id='word_1_638' title='bbox 1713 4291 1822 4338; x_wconf 90' lang='lat' dir='ltr'><strong>est.</strong></span> 
     </span>
    </p>
   </div>
   <div class='ocr_carea' id='block_1_56' title="bbox 211 4377 1826 4454">
    <p class='ocr_par' dir='ltr' id='par_1_56' title="bbox 211 4377 1826 4454">
     <span class='ocr_line' id='line_1_56' title="bbox 211 4377 1826 4454; baseline -0.011 -4"><span class='ocrx_word' id='word_1_639' title='bbox 211 4391 385 4450; x_wconf 82' lang='lat' dir='ltr'><strong>Prior</strong></span> <span class='ocrx_word' id='word_1_640' title='bbox 407 4389 658 4444; x_wconf 88' lang='lat' dir='ltr'><strong>voluntas</strong></span> <span class='ocrx_word' id='word_1_641' title='bbox 677 4429 692 4454; x_wconf 91' lang='lat'><strong>,</strong></span> <span class='ocrx_word' id='word_1_642' title='bbox 719 4383 958 4441; x_wconf 87' lang='lat' dir='ltr'><strong>secunda</strong></span> <span class='ocrx_word' id='word_1_643' title='bbox 985 4381 1252 4454; x_wconf 87' lang='lat' dir='ltr'><strong>operatio.</strong></span> <span class='ocrx_word' id='word_1_644' title='bbox 1281 4380 1527 4450; x_wconf 89' lang='lat' dir='ltr'><strong>Denique</strong></span> <span class='ocrx_word' id='word_1_645' title='bbox 1555 4386 1611 4434; x_wconf 91' lang='lat' dir='ltr'><strong>et</strong></span> <span class='ocrx_word' id='word_1_646' title='bbox 1638 4377 1826 4433; x_wconf 90' lang='lat' dir='ltr'><strong>Domi-</strong></span> 
     </span>
    </p>
   </div>
   <div class='ocr_carea' id='block_1_57' title="bbox 212 4469 1826 4546">
    <p class='ocr_par' dir='ltr' id='par_1_57' title="bbox 212 4469 1826 4546">
     <span class='ocr_line' id='line_1_57' title="bbox 212 4469 1826 4546; baseline -0.011 -5"><span class='ocrx_word' id='word_1_647' title='bbox 212 4483 408 4542; x_wconf 84' lang='lat' dir='ltr'><strong>minus</strong></span> <span class='ocrx_word' id='word_1_648' title='bbox 447 4479 648 4537; x_wconf 90' lang='lat' dir='ltr'><strong>dicenti</strong></span> <span class='ocrx_word' id='word_1_649' title='bbox 685 4477 825 4533; x_wconf 90' lang='lat' dir='ltr'><strong>sibi:</strong></span> <span class='ocrx_word' id='word_1_650' title='bbox 854 4475 917 4533; x_wconf 88' lang='lat' dir='ltr'><strong>Si</strong></span> <span class='ocrx_word' id='word_1_651' title='bbox 941 4475 1054 4543; x_wconf 82' lang='lat' dir='ltr'><strong>vis,</strong></span> <span class='ocrx_word' id='word_1_652' title='bbox 1083 4481 1224 4546; x_wconf 85' lang='lat' dir='ltr'><strong>potes</strong></span> <span class='ocrx_word' id='word_1_653' title='bbox 1262 4489 1342 4526; x_wconf 87' lang='lat' dir='ltr'><strong>me</strong></span> <span class='ocrx_word' id='word_1_654' title='bbox 1378 4469 1667 4537; x_wconf 87' lang='lat' dir='ltr'><strong>mundare,</strong></span> <span class='ocrx_word' id='word_1_655' title='bbox 1711 4483 1826 4525; x_wconf 86' lang='lat' dir='ltr'><strong>res-</strong></span> 
     </span>
    </p>
   </div>
   <div class='ocr_carea' id='block_1_58' title="bbox 216 4561 1826 4651">
    <p class='ocr_par' dir='ltr' id='par_1_58' title="bbox 216 4561 1826 4651">
     <span class='ocr_line' id='line_1_58' title="bbox 216 4561 1826 4651; baseline -0.011 -18"><span class='ocrx_word' id='word_1_656' title='bbox 216 4577 458 4651; x_wconf 82' lang='lat' dir='ltr'><strong>pondit:</strong></span> <span class='ocrx_word' id='word_1_657' title='bbox 499 4573 649 4640; x_wconf 84' lang='lat' dir='ltr'><strong>Volo,</strong></span> <span class='ocrx_word' id='word_1_658' title='bbox 681 4571 932 4626; x_wconf 89' lang='lat' dir='ltr'><strong>mundare</strong></span> <span class='ocrx_word' id='word_1_659' title='bbox 960 4567 1193 4639; x_wconf 82' lang='lat' dir='ltr'><strong>(Matth.</strong></span> <span class='ocrx_word' id='word_1_660' title='bbox 1226 4581 1323 4622; x_wconf 86' lang='lat' dir='ltr'><strong>vm</strong></span> <span class='ocrx_word' id='word_1_661' title='bbox 1341 4607 1356 4634; x_wconf 94' lang='lat'><strong>,</strong></span> <span class='ocrx_word' id='word_1_662' title='bbox 1387 4565 1422 4618; x_wconf 77' lang='grc'>2</span> <span class='ocrx_word' id='word_1_663' title='bbox 1448 4574 1495 4619; x_wconf 91' lang='lat' dir='ltr'><strong>et</strong></span> <span class='ocrx_word' id='word_1_664' title='bbox 1523 4561 1632 4636; x_wconf 76' lang='lat'><strong>5);</strong></span> <span class='ocrx_word' id='word_1_665' title='bbox 1660 4562 1688 4602; x_wconf 66' lang='grc' dir='ltr'>δ</span> <span class='ocrx_word' id='word_1_666' title='bbox 1717 4577 1826 4633; x_wconf 89' lang='lat' dir='ltr'><strong>quo</strong></span> 
     </span>
    </p>
   </div>
   <div class='ocr_carea' id='block_1_59' title="bbox 1916 3349 3528 3424">
    <p class='ocr_par' dir='ltr' id='par_1_59' title="bbox 1916 3349 3528 3424">
     <span class='ocr_line' id='line_1_59' title="bbox 1916 3349 3528 3424; baseline 0.002 -18"><span class='ocrx_word' id='word_1_667' title='bbox 1916 3351 2162 3424; x_wconf 92' lang='lat' dir='ltr'><strong>Denique</strong></span> <span class='ocrx_word' id='word_1_668' title='bbox 2205 3367 2329 3406; x_wconf 91' lang='lat' dir='ltr'><strong>cum</strong></span> <span class='ocrx_word' id='word_1_669' title='bbox 2369 3351 2686 3406; x_wconf 89' lang='lat' dir='ltr'><strong>laudaretur</strong></span> <span class='ocrx_word' id='word_1_670' title='bbox 2726 3349 2828 3406; x_wconf 86' lang='lat' dir='ltr'><strong>Job</strong></span> <span class='ocrx_word' id='word_1_671' title='bbox 2869 3350 3074 3423; x_wconf 89' lang='lat' dir='ltr'><strong>judicio</strong></span> <span class='ocrx_word' id='word_1_672' title='bbox 3117 3352 3368 3420; x_wconf 69' lang='lat' dir='ltr'><strong>caelesti,</strong></span> <span class='ocrx_word' id='word_1_673' title='bbox 3421 3352 3528 3410; x_wconf 86' lang='lat' dir='ltr'><strong>hoc</strong></span> 
     </span>
    </p>
   </div>
   <div class='ocr_carea' id='block_1_60' title="bbox 1914 3445 3530 3520">
    <p class='ocr_par' dir='ltr' id='par_1_60' title="bbox 1914 3445 3530 3520">
     <span class='ocr_line' id='line_1_60' title="bbox 1914 3445 3530 3520; baseline 0.001 -18"><span class='ocrx_word' id='word_1_674' title='bbox 1914 3448 2102 3503; x_wconf 89' lang='lat' dir='ltr'><strong>retulit</strong></span> <span class='ocrx_word' id='word_1_675' title='bbox 2127 3446 2379 3503; x_wconf 89' lang='lat' dir='ltr'><strong>diabolus</strong></span> <span class='ocrx_word' id='word_1_676' title='bbox 2413 3445 2558 3520; x_wconf 80' lang='lat' dir='ltr'><strong>(Job,</strong></span> <span class='ocrx_word' id='word_1_677' title='bbox 2589 3463 2640 3512; x_wconf 81' lang='grc' dir='ltr'><strong>ι,</strong></span> <span class='ocrx_word' id='word_1_678' title='bbox 2671 3447 2740 3503; x_wconf 82' lang='grc'><strong>10</strong></span> <span class='ocrx_word' id='word_1_679' title='bbox 2767 3457 2814 3501; x_wconf 89' lang='lat' dir='ltr'><strong>et</strong></span> <span class='ocrx_word' id='word_1_680' title='bbox 2837 3445 2928 3518; x_wconf 82' lang='grc'><strong>11)</strong></span> <span class='ocrx_word' id='word_1_681' title='bbox 2957 3464 2969 3500; x_wconf 90' lang='lat'><strong>:</strong></span> <span class='ocrx_word' id='word_1_682' title='bbox 3002 3445 3224 3503; x_wconf 85' lang='lat' dir='ltr'><strong>Minime</strong></span> <span class='ocrx_word' id='word_1_683' title='bbox 3253 3447 3447 3502; x_wconf 88' lang='lat' dir='ltr'><strong>mirum</strong></span> <span class='ocrx_word' id='word_1_684' title='bbox 3481 3449 3530 3503; x_wconf 92' lang='lat' dir='ltr'><strong>si</strong></span> 
     </span>
    </p>
   </div>
   <div class='ocr_carea' id='block_1_61' title="bbox 1912 3541 3532 3616">
    <p class='ocr_par' dir='ltr' id='par_1_61' title="bbox 1912 3541 3532 3616">
     <span class='ocr_line' id='line_1_61' title="bbox 1912 3541 3532 3616; baseline -0.001 -17"><span class='ocrx_word' id='word_1_685' title='bbox 1912 3551 2098 3616; x_wconf 88' lang='lat' dir='ltr'><strong>gratus</strong></span> <span class='ocrx_word' id='word_1_686' title='bbox 2147 3552 2296 3599; x_wconf 88' lang='lat' dir='ltr'><strong>esset</strong></span> <span class='ocrx_word' id='word_1_687' title='bbox 2348 3541 2502 3608; x_wconf 90' lang='lat' dir='ltr'><strong>Deo,</strong></span> <span class='ocrx_word' id='word_1_688' title='bbox 2553 3541 2640 3596; x_wconf 88' lang='lat' dir='ltr'><strong>cui</strong></span> <span class='ocrx_word' id='word_1_689' title='bbox 2691 3550 2835 3597; x_wconf 88' lang='lat' dir='ltr'><strong>tanta</strong></span> <span class='ocrx_word' id='word_1_690' title='bbox 2885 3549 3204 3613; x_wconf 87' lang='lat' dir='ltr'><strong>suppeteret</strong></span> <span class='ocrx_word' id='word_1_691' title='bbox 3253 3541 3532 3598; x_wconf 82' lang='lat' dir='ltr'><strong>afﬂuentia</strong></span> 
     </span>
    </p>
   </div>
   <div class='ocr_carea' id='block_1_62' title="bbox 1915 3633 3536 3708">
    <p class='ocr_par' dir='ltr' id='par_1_62' title="bbox 1915 3633 3536 3708">
     <span class='ocr_line' id='line_1_62' title="bbox 1915 3633 3536 3708; baseline -0.002 -15"><span class='ocrx_word' id='word_1_692' title='bbox 1915 3652 2341 3708; x_wconf 81' lang='lat' dir='ltr'><strong>prOSperorum;</strong></span> <span class='ocrx_word' id='word_1_693' title='bbox 2375 3635 2472 3692; x_wconf 89' lang='lat' dir='ltr'><strong>sed</strong></span> <span class='ocrx_word' id='word_1_694' title='bbox 2509 3644 2638 3690; x_wconf 89' lang='lat' dir='ltr'><strong>tunc</strong></span> <span class='ocrx_word' id='word_1_695' title='bbox 2675 3634 3014 3707; x_wconf 90' lang='lat' dir='ltr'><strong>probandum</strong></span> <span class='ocrx_word' id='word_1_696' title='bbox 3037 3676 3052 3702; x_wconf 95' lang='lat'><strong>,</strong></span> <span class='ocrx_word' id='word_1_697' title='bbox 3099 3635 3145 3690; x_wconf 87' lang='lat' dir='ltr'><strong>si</strong></span> <span class='ocrx_word' id='word_1_698' title='bbox 3188 3633 3280 3690; x_wconf 87' lang='lat' dir='ltr'><strong>illa</strong></span> <span class='ocrx_word' id='word_1_699' title='bbox 3319 3636 3536 3690; x_wconf 86' lang='lat' dir='ltr'><strong>amittat</strong></span> 
     </span>
    </p>
   </div>
   <div class='ocr_carea' id='block_1_63' title="bbox 1917 3727 3530 3803">
    <p class='ocr_par' dir='ltr' id='par_1_63' title="bbox 1917 3727 3530 3803">
     <span class='ocr_line' id='line_1_63' title="bbox 1917 3727 3530 3803; baseline -0.001 -17"><span class='ocrx_word' id='word_1_700' title='bbox 1917 3730 2169 3787; x_wconf 89' lang='lat' dir='ltr'><strong>universa</strong></span> <span class='ocrx_word' id='word_1_701' title='bbox 2188 3776 2205 3803; x_wconf 87' lang='lat'><strong>,</strong></span> <span class='ocrx_word' id='word_1_702' title='bbox 2237 3739 2292 3785; x_wconf 90' lang='lat' dir='ltr'><strong>et</strong></span> <span class='ocrx_word' id='word_1_703' title='bbox 2319 3729 2392 3799; x_wconf 90' lang='lat' dir='ltr'><strong>pii</strong></span> <span class='ocrx_word' id='word_1_704' title='bbox 2421 3729 2645 3784; x_wconf 88' lang='lat' dir='ltr'><strong>cultoris</strong></span> <span class='ocrx_word' id='word_1_705' title='bbox 2674 3738 2893 3799; x_wconf 67' lang='lat' dir='ltr'><strong>praestet</strong></span> <span class='ocrx_word' id='word_1_706' title='bbox 2920 3727 3183 3785; x_wconf 84' lang='lat' dir='ltr'><strong>officium.</strong></span> <span class='ocrx_word' id='word_1_707' title='bbox 3215 3728 3342 3784; x_wconf 62' lang='lat' dir='ltr'><strong>Haec</strong></span> <span class='ocrx_word' id='word_1_708' title='bbox 3368 3729 3530 3802; x_wconf 85' lang='lat'><strong>753</strong></span> 
     </span>
    </p>
   </div>
   <div class='ocr_carea' id='block_1_64' title="bbox 1916 3814 3531 3896">
    <p class='ocr_par' dir='ltr' id='par_1_64' title="bbox 1916 3814 3531 3896">
     <span class='ocr_line' id='line_1_64' title="bbox 1916 3814 3531 3896; baseline -0.001 -17"><span class='ocrx_word' id='word_1_709' title='bbox 1916 3825 2079 3896; x_wconf 86' lang='lat' dir='ltr'><strong>igitur</strong></span> <span class='ocrx_word' id='word_1_710' title='bbox 2111 3824 2283 3895; x_wconf 90' lang='lat' dir='ltr'><strong>prima</strong></span> <span class='ocrx_word' id='word_1_711' title='bbox 2317 3823 2484 3878; x_wconf 89' lang='lat' dir='ltr'><strong>virtus</strong></span> <span class='ocrx_word' id='word_1_712' title='bbox 2504 3865 2520 3891; x_wconf 96' lang='lat'><strong>,</strong></span> <span class='ocrx_word' id='word_1_713' title='bbox 2554 3833 2614 3878; x_wconf 91' lang='lat' dir='ltr'><strong>ut</strong></span> <span class='ocrx_word' id='word_1_714' title='bbox 2645 3838 2752 3878; x_wconf 91' lang='lat' dir='ltr'><strong>non</strong></span> <span class='ocrx_word' id='word_1_715' title='bbox 2787 3823 3057 3895; x_wconf 81' lang='lat' dir='ltr'><strong>frangaris</strong></span> <span class='ocrx_word' id='word_1_716' title='bbox 3098 3823 3340 3878; x_wconf 90' lang='lat' dir='ltr'><strong>adversis</strong></span> <span class='ocrx_word' id='word_1_717' title='bbox 3361 3814 3389 3892; x_wconf 75' lang='grc'><strong>,’</strong></span> <span class='ocrx_word' id='word_1_718' title='bbox 3421 3840 3531 3878; x_wconf 87' lang='lat' dir='ltr'><strong>non</strong></span> 
     </span>
    </p>
   </div>
   <div class='ocr_carea' id='block_1_65' title="bbox 1918 3914 3535 3985">
    <p class='ocr_par' dir='ltr' id='par_1_65' title="bbox 1918 3914 3535 3985">
     <span class='ocr_line' id='line_1_65' title="bbox 1918 3914 3535 3985; baseline 0.001 -14"><span class='ocrx_word' id='word_1_719' title='bbox 1918 3916 2202 3972; x_wconf 85' lang='lat' dir='ltr'><strong>extollaris</strong></span> <span class='ocrx_word' id='word_1_720' title='bbox 2231 3915 2506 3971; x_wconf 89' lang='lat' dir='ltr'><strong>secundis.</strong></span> <span class='ocrx_word' id='word_1_721' title='bbox 2540 3915 2595 3970; x_wconf 91' lang='lat' dir='ltr'><strong>Id</strong></span> <span class='ocrx_word' id='word_1_722' title='bbox 2627 3923 2679 3970; x_wconf 90' lang='lat' dir='ltr'><strong>te</strong></span> <span class='ocrx_word' id='word_1_723' title='bbox 2717 3914 2829 3970; x_wconf 81' lang='lat' dir='ltr'><strong>Lex</strong></span> <span class='ocrx_word' id='word_1_724' title='bbox 2869 3916 3064 3985; x_wconf 89' lang='lat' dir='ltr'><strong>docet,</strong></span> <span class='ocrx_word' id='word_1_725' title='bbox 3099 3927 3121 3955; x_wconf 78' lang='grc' dir='ltr'><strong>ο</strong></span> <span class='ocrx_word' id='word_1_726' title='bbox 3156 3925 3214 3970; x_wconf 90' lang='lat' dir='ltr'><strong>ut</strong></span> <span class='ocrx_word' id='word_1_727' title='bbox 3260 3917 3313 3970; x_wconf 91' lang='lat' dir='ltr'><strong>in</strong></span> <span class='ocrx_word' id='word_1_728' title='bbox 3358 3917 3535 3972; x_wconf 81' lang='lat' dir='ltr'><strong>afflic-</strong></span> 
     </span>
    </p>
   </div>
   <div class='ocr_carea' id='block_1_66' title="bbox 1920 4007 3534 4079">
    <p class='ocr_par' dir='ltr' id='par_1_66' title="bbox 1920 4007 3534 4079">
     <span class='ocr_line' id='line_1_66' title="bbox 1920 4007 3534 4079; baseline -0.001 -13"><span class='ocrx_word' id='word_1_729' title='bbox 1920 4011 2070 4066; x_wconf 90' lang='lat' dir='ltr'><strong>tione</strong></span> <span class='ocrx_word' id='word_1_730' title='bbox 2101 4024 2207 4064; x_wconf 90' lang='lat' dir='ltr'><strong>non</strong></span> <span class='ocrx_word' id='word_1_731' title='bbox 2249 4009 2464 4064; x_wconf 85' lang='lat' dir='ltr'><strong>relaxes</strong></span> <span class='ocrx_word' id='word_1_732' title='bbox 2508 4007 2901 4074; x_wconf 84' lang='lat' dir='ltr'><strong>intentionem,</strong></span> <span class='ocrx_word' id='word_1_733' title='bbox 2947 4023 3050 4064; x_wconf 90' lang='lat' dir='ltr'><strong>nec</strong></span> <span class='ocrx_word' id='word_1_734' title='bbox 3091 4007 3534 4079; x_wconf 80' lang='lat' dir='ltr'><strong>deSperationem</strong></span> 
     </span>
    </p>
   </div>
   <div class='ocr_carea' id='block_1_67' title="bbox 1919 4099 3538 4174">
    <p class='ocr_par' dir='ltr' id='par_1_67' title="bbox 1919 4099 3538 4174">
     <span class='ocr_line' id='line_1_67' title="bbox 1919 4099 3538 4174; baseline -0.001 -16"><span class='ocrx_word' id='word_1_735' title='bbox 1919 4101 2156 4168; x_wconf 82' lang='lat' dir='ltr'><strong>induas;</strong></span> <span class='ocrx_word' id='word_1_736' title='bbox 2192 4103 2364 4158; x_wconf 88' lang='lat' dir='ltr'><strong>victor</strong></span> <span class='ocrx_word' id='word_1_737' title='bbox 2413 4116 2519 4156; x_wconf 88' lang='lat' dir='ltr'><strong>non</strong></span> <span class='ocrx_word' id='word_1_738' title='bbox 2567 4101 2761 4157; x_wconf 84' lang='lat' dir='ltr'><strong>dicas:</strong></span> <span class='ocrx_word' id='word_1_739' title='bbox 2804 4099 2980 4156; x_wconf 87' lang='lat' dir='ltr'><strong>Virtus</strong></span> <span class='ocrx_word' id='word_1_740' title='bbox 3029 4118 3143 4156; x_wconf 88' lang='lat' dir='ltr'><strong>mea</strong></span> <span class='ocrx_word' id='word_1_741' title='bbox 3191 4113 3237 4156; x_wconf 90' lang='lat' dir='ltr'><strong>et</strong></span> <span class='ocrx_word' id='word_1_742' title='bbox 3285 4103 3538 4174; x_wconf 79' lang='lat' dir='ltr'><strong>fortitudo</strong></span> 
     </span>
    </p>
   </div>
   <div class='ocr_carea' id='block_1_68' title="bbox 1922 4193 3533 4269">
    <p class='ocr_par' dir='ltr' id='par_1_68' title="bbox 1922 4193 3533 4269">
     <span class='ocr_line' id='line_1_68' title="bbox 1922 4193 3533 4269; baseline -0.001 -16"><span class='ocrx_word' id='word_1_743' title='bbox 1922 4214 2040 4253; x_wconf 89' lang='lat' dir='ltr'><strong>mea</strong></span> <span class='ocrx_word' id='word_1_744' title='bbox 2068 4201 2179 4251; x_wconf 73' lang='lat' dir='ltr'><strong>Itazc</strong></span> <span class='ocrx_word' id='word_1_745' title='bbox 2209 4195 2390 4250; x_wconf 88' lang='lat' dir='ltr'><strong>tribuit</strong></span> <span class='ocrx_word' id='word_1_746' title='bbox 2419 4195 2546 4250; x_wconf 83' lang='lat' dir='ltr'><strong>mihi</strong></span> <span class='ocrx_word' id='word_1_747' title='bbox 2577 4193 2758 4269; x_wconf 87' lang='lat' dir='ltr'><strong>(Deut.</strong></span> <span class='ocrx_word' id='word_1_748' title='bbox 2783 4211 2897 4262; x_wconf 86' lang='lat' dir='ltr'><strong>vm,</strong></span> <span class='ocrx_word' id='word_1_749' title='bbox 2930 4197 3058 4266; x_wconf 83' lang='lat' dir='ltr'><strong>l7);</strong></span> <span class='ocrx_word' id='word_1_750' title='bbox 3092 4195 3188 4252; x_wconf 89' lang='lat' dir='ltr'><strong>sed</strong></span> <span class='ocrx_word' id='word_1_751' title='bbox 3221 4196 3404 4252; x_wconf 87' lang='lat' dir='ltr'><strong>omnia</strong></span> <span class='ocrx_word' id='word_1_752' title='bbox 3431 4213 3533 4253; x_wconf 86' lang='lat' dir='ltr'><strong>uo-</strong></span> 
     </span>
    </p>
   </div>
   <div class='ocr_carea' id='block_1_69' title="bbox 1923 4287 3090 4358">
    <p class='ocr_par' dir='ltr' id='par_1_69' title="bbox 1923 4287 3090 4358">
     <span class='ocr_line' id='line_1_69' title="bbox 1923 4287 3090 4358; baseline -0.003 -12"><span class='ocrx_word' id='word_1_753' title='bbox 1923 4289 2068 4346; x_wconf 90' lang='lat' dir='ltr'><strong>veris</strong></span> <span class='ocrx_word' id='word_1_754' title='bbox 2099 4289 2298 4344; x_wconf 78' lang='lat' dir='ltr'><strong>divinae</strong></span> <span class='ocrx_word' id='word_1_755' title='bbox 2331 4288 2719 4344; x_wconf 74' lang='lat' dir='ltr'><strong>misericordia:</strong></span> <span class='ocrx_word' id='word_1_756' title='bbox 2761 4287 3090 4358; x_wconf 90' lang='lat' dir='ltr'><strong>deputanda.</strong></span> 
     </span>
    </p>
   </div>
   <div class='ocr_carea' id='block_1_70' title="bbox 1997 4381 3534 4458">
    <p class='ocr_par' dir='ltr' id='par_1_70' title="bbox 1997 4381 3534 4458">
     <span class='ocr_line' id='line_1_70' title="bbox 1997 4381 3534 4458; baseline 0.002 -20"><span class='ocrx_word' id='word_1_757' title='bbox 1997 4382 2088 4438; x_wconf 78' lang='lat'><strong>&#39;52.</strong></span> <span class='ocrx_word' id='word_1_758' title='bbox 2128 4383 2336 4437; x_wconf 89' lang='lat' dir='ltr'><strong>Clamat</strong></span> <span class='ocrx_word' id='word_1_759' title='bbox 2365 4382 2549 4438; x_wconf 88' lang='lat' dir='ltr'><strong>Esaias</strong></span> <span class='ocrx_word' id='word_1_760' title='bbox 2579 4399 2594 4436; x_wconf 86' lang='lat'><strong>:</strong></span> <span class='ocrx_word' id='word_1_761' title='bbox 2622 4381 2745 4436; x_wconf 91' lang='lat' dir='ltr'><strong>Non</strong></span> <span class='ocrx_word' id='word_1_762' title='bbox 2769 4381 3117 4452; x_wconf 81' lang='lat' dir='ltr'><strong>confundetur</strong></span> <span class='ocrx_word' id='word_1_763' title='bbox 3134 4384 3224 4452; x_wconf 83' lang='lat' dir='ltr'><strong>qui</strong></span> <span class='ocrx_word' id='word_1_764' title='bbox 3251 4383 3304 4438; x_wconf 88' lang='lat' dir='ltr'><strong>in</strong></span> <span class='ocrx_word' id='word_1_765' title='bbox 3333 4401 3534 4458; x_wconf 80' lang='lat' dir='ltr'><strong>angus—</strong></span> 
     </span>
    </p>
   </div>
   <div class='ocr_carea' id='block_1_71' title="bbox 1929 4475 3533 4550">
    <p class='ocr_par' dir='ltr' id='par_1_71' title="bbox 1929 4475 3533 4550">
     <span class='ocr_line' id='line_1_71' title="bbox 1929 4475 3533 4550; baseline 0.002 -20"><span class='ocrx_word' id='word_1_766' title='bbox 1929 4478 2000 4531; x_wconf 86' lang='lat' dir='ltr'><strong>tia</strong></span> <span class='ocrx_word' id='word_1_767' title='bbox 2030 4486 2104 4532; x_wconf 89' lang='lat' dir='ltr'><strong>est</strong></span> <span class='ocrx_word' id='word_1_768' title='bbox 2133 4493 2296 4547; x_wconf 87' lang='lat' dir='ltr'><strong>usque</strong></span> <span class='ocrx_word' id='word_1_769' title='bbox 2319 4477 2376 4532; x_wconf 89' lang='lat' dir='ltr'><strong>in</strong></span> <span class='ocrx_word' id='word_1_770' title='bbox 2408 4488 2610 4547; x_wconf 87' lang='lat' dir='ltr'><strong>tempus</strong></span> <span class='ocrx_word' id='word_1_771' title='bbox 2639 4476 2808 4545; x_wconf 86' lang='lat' dir='ltr'><strong>(Esai.</strong></span> <span class='ocrx_word' id='word_1_772' title='bbox 2861 4492 2986 4541; x_wconf 85' lang='lat' dir='ltr'><strong>vm,</strong></span> <span class='ocrx_word' id='word_1_773' title='bbox 3018 4475 3138 4548; x_wconf 71' lang='lat'><strong>22).</strong></span> <span class='ocrx_word' id='word_1_774' title='bbox 3169 4476 3280 4532; x_wconf 83' lang='lat' dir='ltr'><strong>Hoc</strong></span> <span class='ocrx_word' id='word_1_775' title='bbox 3307 4481 3533 4550; x_wconf 85' lang='lat' dir='ltr'><strong>primunt</strong></span> 
     </span>
    </p>
   </div>
   <div class='ocr_carea' id='block_1_72' title="bbox 1931 4569 3535 4643">
    <p class='ocr_par' dir='ltr' id='par_1_72' title="bbox 1931 4569 3535 4643">
     <span class='ocr_line' id='line_1_72' title="bbox 1931 4569 3535 4643; baseline 0.004 -19"><span class='ocrx_word' id='word_1_776' title='bbox 1931 4570 2040 4625; x_wconf 86' lang='lat' dir='ltr'><strong>bibe</strong></span> <span class='ocrx_word' id='word_1_777' title='bbox 2070 4569 2241 4643; x_wconf 89' lang='lat' dir='ltr'><strong>(Esai.</strong></span> <span class='ocrx_word' id='word_1_778' title='bbox 2276 4587 2352 4638; x_wconf 76' lang='grc' dir='ltr'><strong>ιχ,</strong></span> <span class='ocrx_word' id='word_1_779' title='bbox 2399 4569 2476 4643; x_wconf 86' lang='lat' dir='ltr'><strong>l).</strong></span> <span class='ocrx_word' id='word_1_780' title='bbox 2509 4569 2647 4638; x_wconf 87' lang='lat' dir='ltr'><strong>Quid</strong></span> <span class='ocrx_word' id='word_1_781' title='bbox 2682 4581 2799 4637; x_wconf 88' lang='lat' dir='ltr'><strong>est,</strong></span> <span class='ocrx_word' id='word_1_782' title='bbox 2852 4571 2948 4625; x_wconf 81' lang='lat' dir='ltr'><strong>hoc</strong></span> <span class='ocrx_word' id='word_1_783' title='bbox 2988 4573 3213 4643; x_wconf 86' lang='lat' dir='ltr'><strong>primum</strong></span> <span class='ocrx_word' id='word_1_784' title='bbox 3254 4573 3411 4629; x_wconf 85' lang='lat' dir='ltr'><strong>bibe?</strong></span> <span class='ocrx_word' id='word_1_785' title='bbox 3437 4576 3535 4630; x_wconf 89' lang='lat' dir='ltr'><strong>Se-</strong></span> 
     </span>
    </p>
   </div>
   <div class='ocr_carea' id='block_1_73' title="bbox 215 4656 3536 4741">
    <p class='ocr_par' dir='ltr' id='par_1_73' title="bbox 215 4656 3536 4741">
     <span class='ocr_line' id='line_1_73' title="bbox 215 4656 3536 4741; baseline -0.001 -16"><span class='ocrx_word' id='word_1_786' title='bbox 215 4668 543 4729; x_wconf 87' lang='lat' dir='ltr'><strong>ostenderet</strong></span> <span class='ocrx_word' id='word_1_787' title='bbox 559 4663 961 4737; x_wconf 89' lang='lat' dir='ltr'><strong>operationibus</strong></span> <span class='ocrx_word' id='word_1_788' title='bbox 981 4661 1184 4717; x_wconf 89' lang='lat' dir='ltr'><strong>nostris</strong></span> <span class='ocrx_word' id='word_1_789' title='bbox 1209 4659 1539 4714; x_wconf 88' lang='lat' dir='ltr'><strong>voluntatem</strong></span> <span class='ocrx_word' id='word_1_790' title='bbox 1571 4656 1826 4724; x_wconf 73' lang='lat' dir='ltr'><strong>praeviam</strong></span> <span class='ocrx_word' id='word_1_791' title='bbox 1854 4679 1910 4741; x_wconf 69' lang='grc' dir='ltr'>Β</span> <span class='ocrx_word' id='word_1_792' title='bbox 1932 4671 2276 4735; x_wconf 79' lang='lat' dir='ltr'><strong>questremus</strong></span> <span class='ocrx_word' id='word_1_793' title='bbox 2299 4663 2548 4736; x_wconf 85' lang='lat' dir='ltr'><strong>mystica,</strong></span> <span class='ocrx_word' id='word_1_794' title='bbox 2579 4678 2968 4733; x_wconf 88' lang='lat' dir='ltr'><strong>persequamur</strong></span> <span class='ocrx_word' id='word_1_795' title='bbox 2988 4664 3214 4719; x_wconf 90' lang='lat' dir='ltr'><strong>moralia</strong></span> <span class='ocrx_word' id='word_1_796' title='bbox 3235 4705 3249 4731; x_wconf 95' lang='lat'><strong>,</strong></span> <span class='ocrx_word' id='word_1_797' title='bbox 3292 4681 3414 4736; x_wconf 84' lang='lat' dir='ltr'><strong>quae</strong></span> <span class='ocrx_word' id='word_1_798' title='bbox 3439 4665 3536 4721; x_wconf 90' lang='lat' dir='ltr'><strong>do-</strong></span> 
     </span>
    </p>
   </div>
   <div class='ocr_carea' id='block_1_74' title="bbox 215 4749 1832 4828">
    <p class='ocr_par' dir='ltr' id='par_1_74' title="bbox 215 4749 1832 4828">
     <span class='ocr_line' id='line_1_74' title="bbox 215 4749 1832 4828; baseline -0.012 -6"><span class='ocrx_word' id='word_1_799' title='bbox 215 4779 357 4822; x_wconf 83' lang='lat' dir='ltr'><strong>esse</strong></span> <span class='ocrx_word' id='word_1_800' title='bbox 396 4761 616 4818; x_wconf 85' lang='lat' dir='ltr'><strong>debere.</strong></span> <span class='ocrx_word' id='word_1_801' title='bbox 667 4757 908 4828; x_wconf 90' lang='lat' dir='ltr'><strong>Denique</strong></span> <span class='ocrx_word' id='word_1_802' title='bbox 950 4755 1040 4810; x_wconf 88' lang='lat' dir='ltr'><strong>lex</strong></span> <span class='ocrx_word' id='word_1_803' title='bbox 1074 4752 1404 4809; x_wconf 89' lang='lat' dir='ltr'><strong>voluntarios</strong></span> <span class='ocrx_word' id='word_1_804' title='bbox 1443 4751 1674 4821; x_wconf 66' lang='lat' dir='ltr'><strong>quaerit;</strong></span> <span class='ocrx_word' id='word_1_805' title='bbox 1705 4749 1832 4820; x_wconf 89' lang='lat' dir='ltr'><strong>quia</strong></span> 
     </span>
    </p>
   </div>
   <div class='ocr_carea' id='block_1_75' title="bbox 221 4842 1835 4921">
    <p class='ocr_par' dir='ltr' id='par_1_75' title="bbox 221 4842 1835 4921">
     <span class='ocr_line' id='line_1_75' title="bbox 221 4842 1835 4921; baseline -0.011 -7"><span class='ocrx_word' id='word_1_806' title='bbox 221 4857 318 4914; x_wconf 88' lang='lat' dir='ltr'><strong>lex</strong></span> <span class='ocrx_word' id='word_1_807' title='bbox 365 4852 579 4909; x_wconf 90' lang='lat' dir='ltr'><strong>Domini</strong></span> <span class='ocrx_word' id='word_1_808' title='bbox 628 4845 1120 4921; x_wconf 87' lang='lat' dir='ltr'><strong>irreprehensibilis</strong></span> <span class='ocrx_word' id='word_1_809' title='bbox 1167 4853 1252 4907; x_wconf 88' lang='lat' dir='ltr'><strong>est</strong></span> <span class='ocrx_word' id='word_1_810' title='bbox 1279 4885 1293 4907; x_wconf 90' lang='lat'><strong>,</strong></span> <span class='ocrx_word' id='word_1_811' title='bbox 1343 4852 1672 4898; x_wconf 89' lang='lat' dir='ltr'><strong>convertens</strong></span> <span class='ocrx_word' id='word_1_812' title='bbox 1718 4842 1835 4897; x_wconf 89' lang='lat' dir='ltr'><strong>ani-</strong></span> 
     </span>
    </p>
   </div>
   <div class='ocr_carea' id='block_1_76' title="bbox 225 4936 1835 5008">
    <p class='ocr_par' dir='ltr' id='par_1_76' title="bbox 225 4936 1835 5008">
     <span class='ocr_line' id='line_1_76' title="bbox 225 4936 1835 5008; baseline -0.012 0"><span class='ocrx_word' id='word_1_813' title='bbox 225 4963 380 5008; x_wconf 90' lang='lat' dir='ltr'><strong>mam</strong></span> <span class='ocrx_word' id='word_1_814' title='bbox 408 4966 424 5006; x_wconf 90' lang='lat'><strong>:</strong></span> <span class='ocrx_word' id='word_1_815' title='bbox 453 4961 615 5004; x_wconf 89' lang='lat' dir='ltr'><strong>nemo</strong></span> <span class='ocrx_word' id='word_1_816' title='bbox 656 4951 836 5001; x_wconf 88' lang='lat' dir='ltr'><strong>autem</strong></span> <span class='ocrx_word' id='word_1_817' title='bbox 874 4939 1232 5007; x_wconf 88' lang='lat' dir='ltr'><strong>convertitur,</strong></span> <span class='ocrx_word' id='word_1_818' title='bbox 1272 4936 1378 4992; x_wconf 89' lang='lat' dir='ltr'><strong>nisi</strong></span> <span class='ocrx_word' id='word_1_819' title='bbox 1418 4937 1508 5007; x_wconf 91' lang='lat' dir='ltr'><strong>qui</strong></span> <span class='ocrx_word' id='word_1_820' title='bbox 1553 4936 1835 4991; x_wconf 90' lang='lat' dir='ltr'><strong>voluntate</strong></span> 
     </span>
    </p>
   </div>
   <div class='ocr_carea' id='block_1_77' title="bbox 227 5031 1833 5104">
    <p class='ocr_par' dir='ltr' id='par_1_77' title="bbox 227 5031 1833 5104">
     <span class='ocr_line' id='line_1_77' title="bbox 227 5031 1833 5104; baseline -0.012 0"><span class='ocrx_word' id='word_1_821' title='bbox 227 5045 592 5104; x_wconf 83' lang='lat' dir='ltr'><strong>convertitur.</strong></span> <span class='ocrx_word' id='word_1_822' title='bbox 621 5037 975 5097; x_wconf 80' lang='lat' dir='ltr'><strong>Voluntarius</strong></span> <span class='ocrx_word' id='word_1_823' title='bbox 999 5041 1181 5091; x_wconf 92' lang='lat' dir='ltr'><strong>autem</strong></span> <span class='ocrx_word' id='word_1_824' title='bbox 1211 5031 1494 5089; x_wconf 89' lang='lat' dir='ltr'><strong>abscondit</strong></span> <span class='ocrx_word' id='word_1_825' title='bbox 1517 5039 1574 5088; x_wconf 88' lang='lat' dir='ltr'><strong>et</strong></span> <span class='ocrx_word' id='word_1_826' title='bbox 1613 5043 1833 5086; x_wconf 90' lang='lat' dir='ltr'><strong>sensum</strong></span> 
     </span>
    </p>
   </div>
   <div class='ocr_carea' id='block_1_78' title="bbox 227 5135 695 5198">
    <p class='ocr_par' dir='ltr' id='par_1_78' title="bbox 227 5135 695 5198">
     <span class='ocr_line' id='line_1_78' title="bbox 227 5135 695 5198; baseline -0.021 1"><span class='ocrx_word' id='word_1_827' title='bbox 227 5141 452 5198; x_wconf 83' lang='lat' dir='ltr'><strong>furatur</strong></span> <span class='ocrx_word' id='word_1_828' title='bbox 475 5135 695 5193; x_wconf 88' lang='lat' dir='ltr'><strong>laboris.</strong></span> 
     </span>
    </p>
   </div>
   <div class='ocr_carea' id='block_1_79' title="bbox 315 5291 1838 5371">
    <p class='ocr_par' dir='ltr' id='par_1_79' title="bbox 315 5291 1838 5371">
     <span class='ocr_line' id='line_1_79' title="bbox 315 5291 1838 5371; baseline -0.01 -11"><span class='ocrx_word' id='word_1_829' title='bbox 315 5316 342 5342; x_wconf 73' lang='grc' dir='ltr'>ἰ</span> <span class='ocrx_word' id='word_1_830' title='bbox 375 5302 516 5360; x_wconf 89' lang='lat' dir='ltr'><strong>Edit.</strong></span> <span class='ocrx_word' id='word_1_831' title='bbox 549 5308 657 5357; x_wconf 92' lang='lat' dir='ltr'><strong>vet.</strong></span> <span class='ocrx_word' id='word_1_832' title='bbox 690 5307 746 5357; x_wconf 89' lang='lat' dir='ltr'><strong>et</strong></span> <span class='ocrx_word' id='word_1_833' title='bbox 773 5298 955 5371; x_wconf 88' lang='lat' dir='ltr'><strong>plures</strong></span> <span class='ocrx_word' id='word_1_834' title='bbox 987 5309 1145 5371; x_wconf 59' lang='lat' dir='ltr'><strong>mss._,</strong></span> <span class='ocrx_word' id='word_1_835' title='bbox 1179 5291 1514 5371; x_wconf 76' lang='lat' dir='ltr'><strong>Etalligabis</strong></span> <span class='ocrx_word' id='word_1_836' title='bbox 1536 5307 1602 5371; x_wconf 69' lang='lat' dir='ltr'><strong>ea</strong></span> <span class='ocrx_word' id='word_1_837' title='bbox 1629 5291 1683 5371; x_wconf 75' lang='lat' dir='ltr'><strong>in</strong></span> <span class='ocrx_word' id='word_1_838' title='bbox 1719 5291 1838 5346; x_wconf 86' lang='lat' dir='ltr'><strong>sinu</strong></span> 
     </span>
    </p>
   </div>
   <div class='ocr_carea' id='block_1_80' title="bbox 240 5363 1834 5438">
    <p class='ocr_par' dir='ltr' id='par_1_80' title="bbox 240 5363 1834 5438">
     <span class='ocr_line' id='line_1_80' title="bbox 240 5363 1834 5438; baseline -0.011 -5"><span class='ocrx_word' id='word_1_839' title='bbox 240 5388 357 5433; x_wconf 87' lang='lat' dir='ltr'><strong>tuo.</strong></span> <span class='ocrx_word' id='word_1_840' title='bbox 395 5377 553 5430; x_wconf 79' lang='lat' dir='ltr'><strong>Rom.</strong></span> <span class='ocrx_word' id='word_1_841' title='bbox 585 5385 639 5428; x_wconf 88' lang='lat' dir='ltr'><strong>et</strong></span> <span class='ocrx_word' id='word_1_842' title='bbox 668 5363 799 5427; x_wconf 57' lang='lat' dir='ltr'><strong>mss&#39;.</strong></span> <span class='ocrx_word' id='word_1_843' title='bbox 833 5371 1057 5438; x_wconf 84' lang='lat' dir='ltr'><strong>aliquot.</strong></span> <span class='ocrx_word' id='word_1_844' title='bbox 1091 5367 1159 5424; x_wconf 78' lang='lat' dir='ltr'><strong>Et</strong></span> <span class='ocrx_word' id='word_1_845' title='bbox 1182 5363 1418 5438; x_wconf 77' lang='lat' dir='ltr'><strong>altignbis</strong></span> <span class='ocrx_word' id='word_1_846' title='bbox 1445 5381 1503 5419; x_wconf 86' lang='lat' dir='ltr'><strong>ea</strong></span> <span class='ocrx_word' id='word_1_847' title='bbox 1529 5365 1583 5417; x_wconf 89' lang='lat' dir='ltr'><strong>in</strong></span> <span class='ocrx_word' id='word_1_848' title='bbox 1610 5363 1834 5438; x_wconf 79' lang='lat' dir='ltr'><strong>signum.</strong></span> 
     </span>
    </p>
   </div>
   <div class='ocr_carea' id='block_1_81' title="bbox 237 5435 1838 5520">
    <p class='ocr_par' dir='ltr' id='par_1_81' title="bbox 237 5435 1838 5520">
     <span class='ocr_line' id='line_1_81' title="bbox 237 5435 1838 5520; baseline -0.009 -14"><span class='ocrx_word' id='word_1_849' title='bbox 237 5445 389 5507; x_wconf 75' lang='lat' dir='ltr'><strong>LXX</strong></span> <span class='ocrx_word' id='word_1_850' title='bbox 406 5488 424 5514; x_wconf 88' lang='lat'><strong>,</strong></span> <span class='ocrx_word' id='word_1_851' title='bbox 445 5450 540 5504; x_wconf 79' lang='grc' dir='ltr'><strong>Κκί</strong></span> <span class='ocrx_word' id='word_1_852' title='bbox 568 5443 784 5520; x_wconf 47' lang='lat' dir='ltr'><strong>metu;</strong></span> <span class='ocrx_word' id='word_1_853' title='bbox 803 5435 935 5520; x_wconf 72' lang='grc' dir='ltr'><strong>ᾳύτᾶ</strong></span> <span class='ocrx_word' id='word_1_854' title='bbox 957 5444 1029 5504; x_wconf 78' lang='grc' dir='ltr'><strong>εἰς</strong></span> <span class='ocrx_word' id='word_1_855' title='bbox 1057 5435 1374 5520; x_wconf 44' lang='lat' dir='ltr'><strong>onustm—ini</strong></span> <span class='ocrx_word' id='word_1_856' title='bbox 1401 5445 1494 5498; x_wconf 78' lang='grc' dir='ltr'><strong>τῆς</strong></span> <span class='ocrx_word' id='word_1_857' title='bbox 1521 5435 1686 5520; x_wconf 52' lang='grc' dir='ltr'><strong>χειρός</strong></span> <span class='ocrx_word' id='word_1_858' title='bbox 1707 5451 1838 5520; x_wconf 51' lang='grc' dir='ltr'><strong>σρχξ</strong></span> 
     </span>
    </p>
   </div>
   <div class='ocr_carea' id='block_1_82' title="bbox 240 5505 1841 5592">
    <p class='ocr_par' dir='ltr' id='par_1_82' title="bbox 240 5505 1841 5592">
     <span class='ocr_line' id='line_1_82' title="bbox 240 5505 1841 5592; baseline -0.011 -14"><span class='ocrx_word' id='word_1_859' title='bbox 240 5505 300 5578; x_wconf 65' lang='lat' dir='ltr'><strong>in</strong></span> <span class='ocrx_word' id='word_1_860' title='bbox 333 5505 442 5592; x_wconf 72' lang='lat' dir='ltr'><strong>quo</strong></span> <span class='ocrx_word' id='word_1_861' title='bbox 471 5505 993 5592; x_wconf 31' lang='lat' dir='ltr'><strong>omnésﬂlscriptura:</strong></span> <span class='ocrx_word' id='word_1_862' title='bbox 1036 5505 1314 5592; x_wconf 53' lang='lat' dir='ltr'><strong>versiones</strong></span> <span class='ocrx_word' id='word_1_863' title='bbox 1341 5505 1841 5592; x_wconf 35' lang='lat' dir='ltr'><strong>consentiuntrUbi</strong></span> 
     </span>
    </p>
   </div>
   <div class='ocr_carea' id='block_1_83' title="bbox 239 5580 1839 5654">
    <p class='ocr_par' dir='ltr' id='par_1_83' title="bbox 239 5580 1839 5654">
     <span class='ocr_line' id='line_1_83' title="bbox 239 5580 1839 5654; baseline -0.009 -7"><span class='ocrx_word' id='word_1_864' title='bbox 239 5580 381 5649; x_wconf 61' lang='lat' dir='ltr'><strong>vero</strong></span> <span class='ocrx_word' id='word_1_865' title='bbox 415 5593 573 5646; x_wconf 70' lang='lat' dir='ltr'><strong>liom.</strong></span> <span class='ocrx_word' id='word_1_866' title='bbox 603 5588 762 5654; x_wconf 84' lang='lat' dir='ltr'><strong>edil.,</strong></span> <span class='ocrx_word' id='word_1_867' title='bbox 792 5580 840 5641; x_wconf 81' lang='lat' dir='ltr'><strong>et</strong></span> <span class='ocrx_word' id='word_1_868' title='bbox 869 5594 1014 5640; x_wconf 81' lang='lat' dir='ltr'><strong>erunt</strong></span> <span class='ocrx_word' id='word_1_869' title='bbox 1043 5583 1324 5637; x_wconf 84' lang='lat' dir='ltr'><strong>immobilia</strong></span> <span class='ocrx_word' id='word_1_870' title='bbox 1353 5591 1471 5635; x_wconf 87' lang='lat' dir='ltr'><strong>ante</strong></span> <span class='ocrx_word' id='word_1_871' title='bbox 1500 5580 1674 5634; x_wconf 82' lang='lat' dir='ltr'><strong>oculos</strong></span> <span class='ocrx_word' id='word_1_872' title='bbox 1707 5589 1839 5654; x_wconf 79' lang='lat' dir='ltr'><strong>tuos.</strong></span> 
     </span>
    </p>
   </div>
   <div class='ocr_carea' id='block_1_84' title="bbox 243 5652 1842 5736">
    <p class='ocr_par' dir='ltr' id='par_1_84' title="bbox 243 5652 1842 5736">
     <span class='ocr_line' id='line_1_84' title="bbox 243 5652 1842 5736; baseline -0.009 -16"><span class='ocrx_word' id='word_1_873' title='bbox 243 5667 340 5736; x_wconf 83' lang='lat' dir='ltr'><strong>(ex</strong></span> <span class='ocrx_word' id='word_1_874' title='bbox 371 5661 517 5736; x_wconf 59' lang='lat' dir='ltr'><strong>LXX</strong></span> <span class='ocrx_word' id='word_1_875' title='bbox 543 5652 788 5736; x_wconf 80' lang='lat' dir='ltr'><strong>scilicet,</strong></span> <span class='ocrx_word' id='word_1_876' title='bbox 820 5657 960 5736; x_wconf 81' lang='lat' dir='ltr'><strong>apud</strong></span> <span class='ocrx_word' id='word_1_877' title='bbox 991 5670 1128 5736; x_wconf 78' lang='lat' dir='ltr'><strong>quos</strong></span> <span class='ocrx_word' id='word_1_878' title='bbox 1158 5656 1304 5736; x_wconf 74' lang='lat' dir='ltr'><strong>legas</strong></span> <span class='ocrx_word' id='word_1_879' title='bbox 1325 5695 1355 5736; x_wconf 74' lang='lat'><strong>._</strong></span> <span class='ocrx_word' id='word_1_880' title='bbox 1388 5656 1479 5736; x_wconf 52' lang='lat' dir='ltr'><strong>aut</strong></span> <span class='ocrx_word' id='word_1_881' title='bbox 1517 5653 1668 5736; x_wconf 58' lang='grc' dir='ltr'>ξσῖαι</span> <span class='ocrx_word' id='word_1_882' title='bbox 1705 5652 1842 5736; x_wconf 57' lang='lat' dir='ltr'><strong>aage-</strong></span> 
     </span>
    </p>
   </div>
   <div class='ocr_carea' id='block_1_85' title="bbox 237 5669 1848 5807">
    <p class='ocr_par' dir='ltr' id='par_1_85' title="bbox 237 5669 1848 5807">
     <span class='ocr_line' id='line_1_85' title="bbox 243 5669 1842 5736; baseline -0.008 -15"><span class='ocrx_word' id='word_1_883' title='bbox 243 5669 340 5736; x_wconf 83' lang='lat' dir='ltr'><strong>(ex</strong></span> <span class='ocrx_word' id='word_1_884' title='bbox 371 5669 517 5718; x_wconf 70' lang='lat' dir='ltr'><strong>LXX</strong></span> <span class='ocrx_word' id='word_1_885' title='bbox 543 5669 788 5725; x_wconf 83' lang='lat' dir='ltr'><strong>scilicet,</strong></span> <span class='ocrx_word' id='word_1_886' title='bbox 820 5669 960 5729; x_wconf 85' lang='lat' dir='ltr'><strong>apud</strong></span> <span class='ocrx_word' id='word_1_887' title='bbox 991 5670 1128 5724; x_wconf 84' lang='lat' dir='ltr'><strong>quos</strong></span> <span class='ocrx_word' id='word_1_888' title='bbox 1158 5669 1203 5708; x_wconf 83' lang='lat' dir='ltr'><strong>te</strong></span> <span class='ocrx_word' id='word_1_889' title='bbox 1245 5669 1304 5708; x_wconf 91' lang='lat' dir='ltr'><strong>as</strong></span> <span class='ocrx_word' id='word_1_890' title='bbox 1325 5695 1342 5716; x_wconf 85' lang='lat'><strong>,</strong></span> <span class='ocrx_word' id='word_1_891' title='bbox 1388 5669 1474 5707; x_wconf 80' lang='grc' dir='ltr'><strong>και</strong></span> <span class='ocrx_word' id='word_1_892' title='bbox 1517 5669 1668 5709; x_wconf 67' lang='lat' dir='ltr'><strong>serat</strong></span> <span class='ocrx_word' id='word_1_893' title='bbox 1705 5673 1842 5708; x_wconf 82' lang='grc' dir='ltr'><strong>ασα-</strong></span> 
     </span>
     <span class='ocr_line' id='line_1_86' title="bbox 237 5669 1848 5807; baseline -0.011 -14"><span class='ocrx_word' id='word_1_894' title='bbox 237 5737 428 5793; x_wconf 75' lang='grc' dir='ltr'><strong>λιυτον</strong></span> <span class='ocrx_word' id='word_1_895' title='bbox 451 5733 698 5807; x_wconf 81' lang='lat' dir='ltr'><strong>[quidam</strong></span> <span class='ocrx_word' id='word_1_896' title='bbox 739 5730 889 5795; x_wconf 88' lang='lat' dir='ltr'><strong>cod.,</strong></span> <span class='ocrx_word' id='word_1_897' title='bbox 931 5669 1240 5807; x_wconf 46' lang='lat' dir='ltr'><strong>auditura?</strong></span> <span class='ocrx_word' id='word_1_898' title='bbox 1263 5726 1364 5798; x_wconf 82' lang='grc' dir='ltr'><strong>πρὸ</strong></span> <span class='ocrx_word' id='word_1_899' title='bbox 1393 5725 1656 5807; x_wconf 81' lang='grc' dir='ltr'><strong>ὀφθαλμῶν</strong></span> <span class='ocrx_word' id='word_1_900' title='bbox 1683 5722 1848 5805; x_wconf 58' lang='grc' dir='ltr'><strong>σουλ,</strong></span> 
     </span>
    </p>
   </div>
   <div class='ocr_carea' id='block_1_86' title="bbox 246 5802 1850 5864">
    <p class='ocr_par' dir='ltr' id='par_1_86' title="bbox 246 5802 1850 5864">
     <span class='ocr_line' id='line_1_87' title="bbox 246 5802 1850 5864; baseline -0.01 0"><span class='ocrx_word' id='word_1_901' title='bbox 246 5809 332 5864; x_wconf 87' lang='lat' dir='ltr'><strong>ibi</strong></span> <span class='ocrx_word' id='word_1_902' title='bbox 360 5802 473 5862; x_wconf 62' lang='lat' dir='ltr'><strong>vet:</strong></span> <span class='ocrx_word' id='word_1_903' title='bbox 498 5802 630 5862; x_wconf 81' lang='lat' dir='ltr'><strong>edit.</strong></span> <span class='ocrx_word' id='word_1_904' title='bbox 660 5817 722 5858; x_wconf 90' lang='lat' dir='ltr'><strong>ac</strong></span> <span class='ocrx_word' id='word_1_905' title='bbox 747 5816 938 5857; x_wconf 89' lang='lat' dir='ltr'><strong>omnes</strong></span> <span class='ocrx_word' id='word_1_906' title='bbox 975 5802 1196 5856; x_wconf 89' lang='lat' dir='ltr'><strong>omnino</strong></span> <span class='ocrx_word' id='word_1_907' title='bbox 1228 5811 1357 5852; x_wconf 88' lang='lat' dir='ltr'><strong>mss.</strong></span> <span class='ocrx_word' id='word_1_908' title='bbox 1377 5837 1392 5860; x_wconf 94' lang='lat'><strong>,</strong></span> <span class='ocrx_word' id='word_1_909' title='bbox 1424 5806 1468 5850; x_wconf 88' lang='lat' dir='ltr'><strong>et</strong></span> <span class='ocrx_word' id='word_1_910' title='bbox 1497 5807 1642 5851; x_wconf 87' lang='lat' dir='ltr'><strong>erunt</strong></span> <span class='ocrx_word' id='word_1_911' title='bbox 1681 5802 1850 5848; x_wconf 82' lang='lat' dir='ltr'><strong>moni-</strong></span> 
     </span>
    </p>
   </div>
   <div class='ocr_carea' id='block_1_87' title="bbox 251 5865 1846 5948">
    <p class='ocr_par' dir='ltr' id='par_1_87' title="bbox 251 5865 1846 5948">
     <span class='ocr_line' id='line_1_88' title="bbox 251 5865 1846 5948; baseline -0.009 -14"><span class='ocrx_word' id='word_1_912' title='bbox 251 5879 362 5948; x_wconf 83' lang='lat' dir='ltr'><strong>lia,</strong></span> <span class='ocrx_word' id='word_1_913' title='bbox 407 5889 510 5936; x_wconf 91' lang='lat' dir='ltr'><strong>etc.</strong></span> <span class='ocrx_word' id='word_1_914' title='bbox 555 5876 730 5933; x_wconf 90' lang='lat' dir='ltr'><strong>Porro</strong></span> <span class='ocrx_word' id='word_1_915' title='bbox 771 5889 894 5929; x_wconf 90' lang='lat' dir='ltr'><strong>cum</strong></span> <span class='ocrx_word' id='word_1_916' title='bbox 933 5889 997 5930; x_wconf 86' lang='lat' dir='ltr'><strong>ea</strong></span> <span class='ocrx_word' id='word_1_917' title='bbox 1038 5886 1162 5943; x_wconf 90' lang='lat' dir='ltr'><strong>pars</strong></span> <span class='ocrx_word' id='word_1_918' title='bbox 1201 5867 1455 5928; x_wconf 86' lang='lat' dir='ltr'><strong>versiculi</strong></span> <span class='ocrx_word' id='word_1_919' title='bbox 1492 5869 1678 5939; x_wconf 83' lang='lat' dir='ltr'><strong>ejusce</strong></span> <span class='ocrx_word' id='word_1_920' title='bbox 1718 5865 1846 5922; x_wconf 88' lang='lat' dir='ltr'><strong>alibi</strong></span> 
     </span>
    </p>
   </div>
   <div class='ocr_carea' id='block_1_88' title="bbox 697 5967 1191 6036">
    <p class='ocr_par' dir='ltr' id='par_1_88' title="bbox 697 5967 1191 6036">
     <span class='ocr_line' id='line_1_89' title="bbox 697 5967 1191 6036; baseline -0.02 0"><span class='ocrx_word' id='word_1_921' title='bbox 697 5974 974 6036; x_wconf 57' lang='lat' dir='ltr'><strong>Pas-non.</strong></span> <span class='ocrx_word' id='word_1_922' title='bbox 1019 5967 1191 6032; x_wconf 81' lang='lat' dir='ltr'><strong>XIV.</strong></span> 
     </span>
    </p>
   </div>
   <div class='ocr_carea' id='block_1_89' title="bbox 1930 4755 3538 4827">
    <p class='ocr_par' dir='ltr' id='par_1_89' title="bbox 1930 4755 3538 4827">
     <span class='ocr_line' id='line_1_90' title="bbox 1930 4755 3538 4827; baseline 0.001 -14"><span class='ocrx_word' id='word_1_923' title='bbox 1930 4764 2020 4813; x_wconf 88' lang='lat' dir='ltr'><strong>cet</strong></span> <span class='ocrx_word' id='word_1_924' title='bbox 2039 4756 2237 4812; x_wconf 90' lang='lat' dir='ltr'><strong>littera.</strong></span> <span class='ocrx_word' id='word_1_925' title='bbox 2253 4755 2479 4826; x_wconf 89' lang='lat' dir='ltr'><strong>Propter</strong></span> <span class='ocrx_word' id='word_1_926' title='bbox 2492 4771 2736 4811; x_wconf 90' lang='lat' dir='ltr'><strong>errorum</strong></span> <span class='ocrx_word' id='word_1_927' title='bbox 2759 4756 2947 4827; x_wconf 88' lang='lat' dir='ltr'><strong>gravia</strong></span> <span class='ocrx_word' id='word_1_928' title='bbox 2961 4771 3154 4827; x_wconf 87' lang='lat' dir='ltr'><strong>graves</strong></span> <span class='ocrx_word' id='word_1_929' title='bbox 3176 4759 3538 4816; x_wconf 89' lang='lat' dir='ltr'><strong>contritiones</strong></span> 
     </span>
    </p>
   </div>
   <div class='ocr_carea' id='block_1_90' title="bbox 1933 4846 3536 4919">
    <p class='ocr_par' dir='ltr' id='par_1_90' title="bbox 1933 4846 3536 4919">
     <span class='ocr_line' id='line_1_91' title="bbox 1933 4846 3536 4919; baseline 0.001 -13"><span class='ocrx_word' id='word_1_930' title='bbox 1933 4858 1989 4906; x_wconf 89' lang='lat' dir='ltr'><strong>et</strong></span> <span class='ocrx_word' id='word_1_931' title='bbox 2016 4850 2332 4905; x_wconf 84' lang='lat' dir='ltr'><strong>vexationes</strong></span> <span class='ocrx_word' id='word_1_932' title='bbox 2379 4847 2564 4919; x_wconf 89' lang='lat' dir='ltr'><strong>p0puli</strong></span> <span class='ocrx_word' id='word_1_933' title='bbox 2612 4846 2743 4902; x_wconf 91' lang='lat' dir='ltr'><strong>dicit</strong></span> <span class='ocrx_word' id='word_1_934' title='bbox 2781 4847 3022 4914; x_wconf 87' lang='lat' dir='ltr'><strong>futuras;</strong></span> <span class='ocrx_word' id='word_1_935' title='bbox 3077 4856 3134 4904; x_wconf 89' lang='lat' dir='ltr'><strong>et</strong></span> <span class='ocrx_word' id='word_1_936' title='bbox 3159 4850 3400 4919; x_wconf 87' lang='lat' dir='ltr'><strong>oportuit</strong></span> <span class='ocrx_word' id='word_1_937' title='bbox 3441 4866 3536 4908; x_wconf 89' lang='lat' dir='ltr'><strong>eas</strong></span> 
     </span>
    </p>
   </div>
   <div class='ocr_carea' id='block_1_91' title="bbox 1937 4941 3534 5018">
    <p class='ocr_par' dir='ltr' id='par_1_91' title="bbox 1937 4941 3534 5018">
     <span class='ocr_line' id='line_1_92' title="bbox 1937 4941 3534 5018; baseline 0.003 -20"><span class='ocrx_word' id='word_1_938' title='bbox 1937 4942 2283 5015; x_wconf 84' lang='lat' dir='ltr'><strong>praecedere,</strong></span> <span class='ocrx_word' id='word_1_939' title='bbox 2343 4950 2402 4996; x_wconf 92' lang='lat' dir='ltr'><strong>ut</strong></span> <span class='ocrx_word' id='word_1_940' title='bbox 2452 4949 2770 5012; x_wconf 89' lang='lat' dir='ltr'><strong>sequeretur</strong></span> <span class='ocrx_word' id='word_1_941' title='bbox 2815 4941 3208 4998; x_wconf 88' lang='lat' dir='ltr'><strong>misericordia.</strong></span> <span class='ocrx_word' id='word_1_942' title='bbox 3251 4943 3384 5000; x_wconf 88' lang='lat' dir='ltr'><strong>Bibe</strong></span> <span class='ocrx_word' id='word_1_943' title='bbox 3404 4961 3534 5018; x_wconf 87' lang='lat' dir='ltr'><strong>ergo</strong></span> 
     </span>
    </p>
   </div>
   <div class='ocr_carea' id='block_1_92' title="bbox 1937 5032 3537 5106">
    <p class='ocr_par' dir='ltr' id='par_1_92' title="bbox 1937 5032 3537 5106">
     <span class='ocr_line' id='line_1_93' title="bbox 1937 5032 3537 5106; baseline 0.003 -16"><span class='ocrx_word' id='word_1_944' title='bbox 1937 5037 2166 5106; x_wconf 89' lang='lat' dir='ltr'><strong>primum</strong></span> <span class='ocrx_word' id='word_1_945' title='bbox 2193 5032 2617 5099; x_wconf 88' lang='lat' dir='ltr'><strong>tribulationem;</strong></span> <span class='ocrx_word' id='word_1_946' title='bbox 2649 5049 2745 5104; x_wconf 89' lang='lat' dir='ltr'><strong>per</strong></span> <span class='ocrx_word' id='word_1_947' title='bbox 2767 5033 2962 5088; x_wconf 89' lang='lat' dir='ltr'><strong>multas</strong></span> <span class='ocrx_word' id='word_1_948' title='bbox 2989 5033 3135 5089; x_wconf 90' lang='lat' dir='ltr'><strong>enim</strong></span> <span class='ocrx_word' id='word_1_949' title='bbox 3161 5035 3537 5094; x_wconf 87' lang='lat' dir='ltr'><strong>tribulationes</strong></span> 
     </span>
    </p>
   </div>
   <div class='ocr_carea' id='block_1_93' title="bbox 1939 5126 3536 5199">
    <p class='ocr_par' dir='ltr' id='par_1_93' title="bbox 1939 5126 3536 5199">
     <span class='ocr_line' id='line_1_94' title="bbox 1939 5126 3536 5199; baseline 0.004 -15"><span class='ocrx_word' id='word_1_950' title='bbox 1939 5138 2154 5199; x_wconf 88' lang='lat' dir='ltr'><strong>oportet</strong></span> <span class='ocrx_word' id='word_1_951' title='bbox 2182 5142 2285 5184; x_wconf 88' lang='lat' dir='ltr'><strong>nos</strong></span> <span class='ocrx_word' id='word_1_952' title='bbox 2313 5127 2536 5184; x_wconf 88' lang='lat' dir='ltr'><strong>introire</strong></span> <span class='ocrx_word' id='word_1_953' title='bbox 2568 5128 2623 5183; x_wconf 92' lang='lat' dir='ltr'><strong>in</strong></span> <span class='ocrx_word' id='word_1_954' title='bbox 2653 5142 2875 5199; x_wconf 86' lang='lat' dir='ltr'><strong>regnum</strong></span> <span class='ocrx_word' id='word_1_955' title='bbox 2902 5126 3032 5196; x_wconf 90' lang='lat' dir='ltr'><strong>Dei;</strong></span> <span class='ocrx_word' id='word_1_956' title='bbox 3058 5127 3205 5199; x_wconf 87' lang='lat' dir='ltr'><strong>bibe,</strong></span> <span class='ocrx_word' id='word_1_957' title='bbox 3240 5140 3300 5186; x_wconf 90' lang='lat' dir='ltr'><strong>ut</strong></span> <span class='ocrx_word' id='word_1_958' title='bbox 3339 5147 3536 5190; x_wconf 90' lang='lat' dir='ltr'><strong>sensus</strong></span> 
     </span>
    </p>
   </div>
   <div class='ocr_carea' id='block_1_94' title="bbox 1939 5293 3538 5369">
    <p class='ocr_par' dir='ltr' id='par_1_94' title="bbox 1939 5293 3538 5369">
     <span class='ocr_line' id='line_1_95' title="bbox 1939 5293 3538 5369; baseline 0.005 -21"><span class='ocrx_word' id='word_1_959' title='bbox 1939 5293 2100 5369; x_wconf 78' lang='lat' dir='ltr'><strong>aliter</strong></span> <span class='ocrx_word' id='word_1_960' title='bbox 2141 5309 2408 5355; x_wconf 90' lang='lat' dir='ltr'><strong>conversa</strong></span> <span class='ocrx_word' id='word_1_961' title='bbox 2453 5297 2562 5365; x_wconf 88' lang='lat' dir='ltr'><strong>sit;</strong></span> <span class='ocrx_word' id='word_1_962' title='bbox 2606 5305 2668 5352; x_wconf 91' lang='lat' dir='ltr'><strong>ut</strong></span> <span class='ocrx_word' id='word_1_963' title='bbox 2710 5307 2832 5368; x_wconf 91' lang='lat' dir='ltr'><strong>puta</strong></span> <span class='ocrx_word' id='word_1_964' title='bbox 2877 5313 2944 5369; x_wconf 80' lang='lat' dir='ltr'><strong>ex</strong></span> <span class='ocrx_word' id='word_1_965' title='bbox 2989 5305 3146 5354; x_wconf 81' lang='lat' dir='ltr'><strong>textu</strong></span> <span class='ocrx_word' id='word_1_966' title='bbox 3185 5299 3448 5369; x_wconf 69' lang='lat' dir='ltr'><strong>Hebrmo,</strong></span> <span class='ocrx_word' id='word_1_967' title='bbox 3481 5311 3538 5358; x_wconf 91' lang='lat' dir='ltr'><strong>et</strong></span> 
     </span>
    </p>
   </div>
   <div class='ocr_carea' id='block_1_95' title="bbox 1944 5366 3537 5439">
    <p class='ocr_par' dir='ltr' id='par_1_95' title="bbox 1944 5366 3537 5439">
     <span class='ocr_line' id='line_1_96' title="bbox 1944 5366 3537 5439; baseline 0.003 -18"><span class='ocrx_word' id='word_1_968' title='bbox 1944 5366 2412 5424; x_wconf 53' lang='lat' dir='ltr'><strong>Hebraeo-Samae</strong></span> <span class='ocrx_word' id='word_1_969' title='bbox 2464 5370 2532 5425; x_wconf 92' lang='lat' dir='ltr'><strong>ab</strong></span> <span class='ocrx_word' id='word_1_970' title='bbox 2578 5366 2872 5439; x_wconf 81' lang='lat' dir='ltr'><strong>Interprete</strong></span> <span class='ocrx_word' id='word_1_971' title='bbox 2920 5368 3041 5425; x_wconf 88' lang='lat' dir='ltr'><strong>Lat.</strong></span> <span class='ocrx_word' id='word_1_972' title='bbox 3071 5371 3349 5436; x_wconf 88' lang='lat' dir='ltr'><strong>reddatur,</strong></span> <span class='ocrx_word' id='word_1_973' title='bbox 3387 5366 3537 5426; x_wconf 81' lang='lat' dir='ltr'><strong>erunt</strong></span> 
     </span>
    </p>
   </div>
   <div class='ocr_carea' id='block_1_96' title="bbox 1941 5440 3543 5512">
    <p class='ocr_par' dir='ltr' id='par_1_96' title="bbox 1941 5440 3543 5512">
     <span class='ocr_line' id='line_1_97' title="bbox 1941 5440 3543 5512; baseline 0.004 -20"><span class='ocrx_word' id='word_1_974' title='bbox 1941 5455 2138 5506; x_wconf 87' lang='lat' dir='ltr'><strong>quoque</strong></span> <span class='ocrx_word' id='word_1_975' title='bbox 2165 5441 2220 5496; x_wconf 90' lang='lat' dir='ltr'><strong>in</strong></span> <span class='ocrx_word' id='word_1_976' title='bbox 2251 5442 2514 5512; x_wconf 79' lang='lat' dir='ltr'><strong>frontalia,</strong></span> <span class='ocrx_word' id='word_1_977' title='bbox 2548 5441 2634 5496; x_wconf 90' lang='lat' dir='ltr'><strong>vel</strong></span> <span class='ocrx_word' id='word_1_978' title='bbox 2661 5451 2720 5496; x_wconf 90' lang='lat' dir='ltr'><strong>ut</strong></span> <span class='ocrx_word' id='word_1_979' title='bbox 2739 5440 2926 5498; x_wconf 84' lang='lat' dir='ltr'><strong>Grotio</strong></span> <span class='ocrx_word' id='word_1_980' title='bbox 2950 5443 3142 5510; x_wconf 87' lang='lat' dir='ltr'><strong>placet,</strong></span> <span class='ocrx_word' id='word_1_981' title='bbox 3170 5453 3318 5498; x_wconf 86' lang='lat' dir='ltr'><strong>erunt</strong></span> <span class='ocrx_word' id='word_1_982' title='bbox 3346 5460 3543 5512; x_wconf 87' lang='lat' dir='ltr'><strong>quoque</strong></span> 
     </span>
    </p>
   </div>
   <div class='ocr_carea' id='block_1_97' title="bbox 1942 5513 3536 5584">
    <p class='ocr_par' dir='ltr' id='par_1_97' title="bbox 1942 5513 3536 5584">
     <span class='ocr_line' id='line_1_98' title="bbox 1942 5513 3536 5584; baseline 0.003 -18"><span class='ocrx_word' id='word_1_983' title='bbox 1942 5527 2038 5583; x_wconf 86' lang='lat' dir='ltr'><strong>pro</strong></span> <span class='ocrx_word' id='word_1_984' title='bbox 2064 5513 2420 5581; x_wconf 85' lang='lat' dir='ltr'><strong>conspicillis,</strong></span> <span class='ocrx_word' id='word_1_985' title='bbox 2473 5525 2578 5570; x_wconf 90' lang='lat' dir='ltr'><strong>etc.</strong></span> <span class='ocrx_word' id='word_1_986' title='bbox 2624 5514 2702 5568; x_wconf 85' lang='lat' dir='ltr'><strong>Ex</strong></span> <span class='ocrx_word' id='word_1_987' title='bbox 2747 5513 3005 5584; x_wconf 88' lang='lat' dir='ltr'><strong>Paraphr.</strong></span> <span class='ocrx_word' id='word_1_988' title='bbox 3049 5513 3265 5582; x_wconf 77' lang='lat' dir='ltr'><strong>Clinld.,</strong></span> <span class='ocrx_word' id='word_1_989' title='bbox 3301 5525 3347 5568; x_wconf 89' lang='lat' dir='ltr'><strong>et</strong></span> <span class='ocrx_word' id='word_1_990' title='bbox 3387 5524 3536 5570; x_wconf 85' lang='lat' dir='ltr'><strong>erunt</strong></span> 
     </span>
    </p>
   </div>
   <div class='ocr_carea' id='block_1_98' title="bbox 1943 5584 3539 5659">
    <p class='ocr_par' dir='ltr' id='par_1_98' title="bbox 1943 5584 3539 5659">
     <span class='ocr_line' id='line_1_99' title="bbox 1943 5584 3539 5659; baseline 0.004 -22"><span class='ocrx_word' id='word_1_991' title='bbox 1943 5585 2090 5653; x_wconf 88' lang='lat' dir='ltr'><strong>quasi</strong></span> <span class='ocrx_word' id='word_1_992' title='bbox 2119 5585 2378 5659; x_wconf 75' lang='lat' dir='ltr'><strong>appendix</strong></span> <span class='ocrx_word' id='word_1_993' title='bbox 2402 5585 2667 5659; x_wconf 65' lang='lat' dir='ltr'><strong>quadam,</strong></span> <span class='ocrx_word' id='word_1_994' title='bbox 2698 5597 2806 5639; x_wconf 90' lang='lat' dir='ltr'><strong>etc.</strong></span> <span class='ocrx_word' id='word_1_995' title='bbox 2842 5585 3036 5652; x_wconf 85' lang='lat' dir='ltr'><strong>Quidni</strong></span> <span class='ocrx_word' id='word_1_996' title='bbox 3066 5584 3231 5640; x_wconf 89' lang='lat' dir='ltr'><strong>etiam</strong></span> <span class='ocrx_word' id='word_1_997' title='bbox 3259 5587 3328 5643; x_wconf 88' lang='lat' dir='ltr'><strong>ab</strong></span> <span class='ocrx_word' id='word_1_998' title='bbox 3357 5588 3539 5659; x_wconf 91' lang='lat' dir='ltr'><strong>aliquo</strong></span> 
     </span>
    </p>
   </div>
   <div class='ocr_carea' id='block_1_99' title="bbox 1944 5657 3078 5726">
    <p class='ocr_par' dir='ltr' id='par_1_99' title="bbox 1944 5657 3078 5726">
     <span class='ocr_line' id='line_1_100' title="bbox 1944 5657 3078 5726; baseline 0 -17"><span class='ocrx_word' id='word_1_999' title='bbox 1944 5658 2079 5711; x_wconf 88' lang='lat' dir='ltr'><strong>verti</strong></span> <span class='ocrx_word' id='word_1_1000' title='bbox 2111 5657 2385 5726; x_wconf 86' lang='lat' dir='ltr'><strong>potuerit,</strong></span> <span class='ocrx_word' id='word_1_1001' title='bbox 2417 5668 2477 5711; x_wconf 94' lang='lat' dir='ltr'><strong>ut</strong></span> <span class='ocrx_word' id='word_1_1002' title='bbox 2507 5658 2557 5710; x_wconf 91' lang='lat' dir='ltr'><strong>in</strong></span> <span class='ocrx_word' id='word_1_1003' title='bbox 2588 5668 2774 5712; x_wconf 86' lang='lat' dir='ltr'><strong>nostro</strong></span> <span class='ocrx_word' id='word_1_1004' title='bbox 2799 5666 3078 5711; x_wconf 85' lang='lat' dir='ltr'><strong>contextu.</strong></span> 
     </span>
    </p>
   </div>
   <div class='ocr_carea' id='block_1_100' title="bbox 2019 5749 3541 5825">
    <p class='ocr_par' dir='ltr' id='par_1_100' title="bbox 2019 5749 3541 5825">
     <span class='ocr_line' id='line_1_101' title="bbox 2019 5749 3541 5825; baseline 0.004 -20"><span class='ocrx_word' id='word_1_1005' title='bbox 2019 5749 2046 5789; x_wconf 70' lang='grc' dir='ltr'><strong>ιι</strong></span> <span class='ocrx_word' id='word_1_1006' title='bbox 2073 5751 2199 5807; x_wconf 85' lang='lat' dir='ltr'><strong>Mss.</strong></span> <span class='ocrx_word' id='word_1_1007' title='bbox 2238 5752 2483 5823; x_wconf 89' lang='lat' dir='ltr'><strong>aliquot,</strong></span> <span class='ocrx_word' id='word_1_1008' title='bbox 2509 5769 2606 5823; x_wconf 86' lang='lat' dir='ltr'><strong>quo</strong></span> <span class='ocrx_word' id='word_1_1009' title='bbox 2638 5750 2926 5808; x_wconf 81' lang='lat' dir='ltr'><strong>ostenderet</strong></span> <span class='ocrx_word' id='word_1_1010' title='bbox 2956 5751 3296 5825; x_wconf 74' lang='lat' dir='ltr'><strong>aagitantibus</strong></span> <span class='ocrx_word' id='word_1_1011' title='bbox 3331 5756 3541 5811; x_wconf 83' lang='lat' dir='ltr'><strong>nosm&#39;s.</strong></span> 
     </span>
    </p>
   </div>
   <div class='ocr_carea' id='block_1_101' title="bbox 2025 5862 3544 5936">
    <p class='ocr_par' dir='ltr' id='par_1_101' title="bbox 2025 5862 3544 5936">
     <span class='ocr_line' id='line_1_102' title="bbox 2025 5862 3544 5936; baseline 0.005 -17"><span class='ocrx_word' id='word_1_1012' title='bbox 2025 5875 2050 5904; x_wconf 69' lang='grc' dir='ltr'>α</span> <span class='ocrx_word' id='word_1_1013' title='bbox 2077 5863 2206 5920; x_wconf 79' lang='lat' dir='ltr'><strong>Mss.</strong></span> <span class='ocrx_word' id='word_1_1014' title='bbox 2232 5872 2468 5934; x_wconf 83' lang='lat' dir='ltr'><strong>quatuor</strong></span> <span class='ocrx_word' id='word_1_1015' title='bbox 2489 5878 2521 5919; x_wconf 90' lang='lat' dir='ltr'><strong>e</strong></span> <span class='ocrx_word' id='word_1_1016' title='bbox 2543 5862 2765 5933; x_wconf 81' lang='lat' dir='ltr'><strong>Gallic.,</strong></span> <span class='ocrx_word' id='word_1_1017' title='bbox 2794 5876 2850 5920; x_wconf 88' lang='lat' dir='ltr'><strong>ut</strong></span> <span class='ocrx_word' id='word_1_1018' title='bbox 2873 5863 3196 5936; x_wconf 74' lang='lat' dir='ltr'><strong>aﬂlictionem</strong></span> <span class='ocrx_word' id='word_1_1019' title='bbox 3218 5882 3320 5922; x_wconf 89' lang='lat' dir='ltr'><strong>non</strong></span> <span class='ocrx_word' id='word_1_1020' title='bbox 3341 5867 3544 5927; x_wconf 66' lang='lat' dir='ltr'><strong>relaxes</strong></span> 
     </span>
    </p>
   </div>
   <div class='ocr_carea' id='block_1_102' title="bbox 2875 5959 2956 6021">
    <p class='ocr_par' dir='ltr' id='par_1_102' title="bbox 2875 5959 2956 6021">
     <span class='ocr_line' id='line_1_103' title="bbox 2875 5959 2956 6021; baseline 0 0"><span class='ocrx_word' id='word_1_1021' title='bbox 2875 5959 2956 6021; x_wconf 87' lang='lat'><strong>30</strong></span> 
     </span>
    </p>
   </div>
  </div>
