4048 6388
637 308 744 368 945

1990 307 2234 366 SANCTI
2272 307 2598 367 AMBROSII
3817 310 3880 370 ﬁll

632 426 808 500 (Prol.
839 442 936 494 xc,
967 426 1080 498 15).
1117 426 1183 481 Ut
1204 424 1562 482 ambulaverit
1592 428 1647 482 in
1674 427 2074 496 incarnatione,
2099 443 2232 484 cou-
2259 434 2312 494 Α
2337 427 2539 484 habent
2559 427 2968 494 castimoniam,
2989 425 3354 482 sedulitatem
3373 424 3430 479 in
3455 423 3682 480 lectione
3704 425 3882 490 multam,

633 523 930 580 culcaverit
958 523 1008 576 in
1041 522 1293 591 passione
1319 563 1333 587 ,
1367 521 1450 576 vel
1492 522 1545 577 in
1594 522 1884 580 traditione
1927 525 2080 592 regni
2107 538 2240 578 con-

627 616 838 682 culcet,
866 615 1006 686 quod
1039 613 1187 670 Patri
1233 614 1448 680 tradet,
1481 629 1601 670 cum
1645 630 1863 671 omnem
1896 617 2240 672 evacuaverit

631 709 1018 780 principatum.
1063 709 1292 764 Pulchre
1313 720 1492 765 autem
1522 710 1717 780 Aquila
1759 714 1818 768 τὸ
1852 733 2239 785 μεταπεφντευ-

627 807 776 877 μένον
805 802 973 868 dixit,
999 803 1103 857 hoc
1130 812 1250 868 est,
1283 803 1762 873 transplantatum,
1789 820 1856 861 eo
1887 806 2031 876 quod
2062 806 2238 875 primo

622 897 696 951 sit
727 897 1026 966 plantatutn
1079 895 1133 950 in
1185 894 1428 965 Virgine,
1464 905 1651 964 postea
1700 898 2152 968 transplantatnm
2185 900 2236 952 in

625 991 974 1060 paradisum;
1007 990 1150 1046 sicut
1188 991 1322 1045 dixit
1373 991 1442 1047 ad
1492 991 1757 1047 latronem
1806 1009 1819 1045 :
1873 994 2052 1053 Amen,
2087 1009 2238 1048 amen

623 1083 741 1136 dico
761 1083 851 1136 tibi
876 1098 896 1137 :
918 1083 1073 1137 hodie
1091 1100 1287 1137 mecum
1311 1084 1411 1137 eris
1431 1084 1484 1137 in
1507 1085 1749 1155 paradiso
1768 1083 1924 1158 (Luc.
1946 1100 2096 1146 χχιιι.
2117 1083 2230 1156 45).

696 1175 787 1232 40.
816 1176 927 1232 Hoc
958 1177 1161 1246 lignum
1215 1177 1380 1248 igitur
1410 1176 1644 1232 fructum
1697 1176 1846 1233 dabit
1885 1180 1938 1232 in
1991 1186 2236 1247 tempore

621 1283 743 1325 suo.
779 1269 947 1341 Ligna
981 1280 1199 1324 terrena
1246 1269 1481 1325 fructum
1511 1287 1618 1325 non
1659 1271 1820 1339 dare,
1852 1272 1948 1327 sed
1975 1271 2117 1326 ferre
2155 1271 2236 1326 di-

618 1371 845 1426 cuntur;
879 1361 976 1417 sed
1011 1363 1212 1432 lignum
1237 1362 1363 1416 vita:
1393 1378 1456 1416 ac
1496 1364 1778 1433 sapientia:
1827 1363 1920 1419 dat
1958 1362 2227 1431 fructum,

624 1454 728 1509 hoc
754 1463 869 1520 est,
899 1455 1126 1525 largitur
1146 1464 1204 1509 et
1233 1454 1423 1508 donat.
1448 1455 1661 1510 Rursus
1701 1455 1830 1511 illud
1860 1457 2098 1511 occurrit
2129 1473 2143 1510 :
2176 1456 2233 1512 Si

620 1548 828 1618 lignum
855 1557 939 1604 est
963 1548 1248 1619 sapientiae
1271 1589 1286 1615 ,
1319 1563 1418 1604 cur
1461 1549 1514 1604 in
1549 1560 1794 1619 tempore
1822 1550 2005 1618 dabit,
2031 1560 2087 1606 et
2123 1565 2233 1606 non

620 1644 877 1714 semper?
927 1641 1006 1698 Ne
1050 1641 1193 1697 forte
1239 1658 1406 1714 grave
1445 1644 1516 1699 sit
1551 1644 1710 1699 nobis
1755 1644 1858 1699 hoc
1905 1644 2114 1700 sentire
2165 1643 2235 1700 de

623 1737 876 1801 Christo;
909 1735 1006 1791 sed
1037 1747 1092 1791 tu
1125 1736 1213 1807 qui
1242 1737 1420 1806 legisti
1451 1737 1575 1808 quia
1617 1737 2052 1808 dispensatorem
2095 1735 2230 1792 [ide-

2342 531 2398 577 et
2427 520 2790 591 diligentiam;
2842 519 2937 576 sed
2982 519 3099 575 sine
3146 518 3342 574 fructu
3390 526 3556 584 sunt,
3585 528 3636 573 et
3673 532 3884 575 versantur

2343 626 2400 670 ut
2421 613 2566 670 folia.
2595 613 2721 669 Haec
2744 614 2882 668 forte
2907 622 3035 668 sunt
3058 612 3188 667 folia
3215 626 3345 682 qua:
3375 610 3629 666 Salvator
3655 611 3703 664 in
3729 611 3801 666 illa
3823 612 3884 666 ficu

2342 708 2567 781 reperit,
2598 707 2694 764 sed
2723 709 2955 763 fructum
2985 721 3093 763 non
3129 705 3360 762 invenit
3395 703 3614 777 (Matth.
3644 721 3745 768 ut,
3773 705 3854 774 l9).
3948 703 3949 738 7

2415 803 2504 858 42.
2548 801 2770 874 Mystica
2798 801 3031 865 salvant,
3065 807 3119 853 et
3147 813 3180 853 a
3212 807 3406 853 morte
3427 797 3661 852 liberant
3689 814 3702 848 :
3727 797 3888 850 moralia

2342 903 2521 950 autem
2551 902 2868 949 ornamenta
2894 892 3110 947 decoris
3137 900 3314 957 sunt,
3345 905 3462 944 non
3493 887 3718 944 subsidia
3736 889 3889 943 redem-

2341 989 2560 1060 ptionis.
2582 987 2847 1043 Prmstare
2867 994 3046 1041 autem
3067 983 3306 1057 mystica
3331 982 3634 1038 moralibus
3654 983 3790 1035 etiam
3814 982 3887 1051 ipse

2341 1082 2602 1138 Dominus
2646 1083 2807 1137 docet
2837 1083 2890 1136 in
2934 1079 3237 1150 Evangelio
3286 1095 3394 1133 suo
3423 1077 3615 1133 dicens
3653 1075 3715 1131 de
3752 1074 3883 1142 Maria,

2339 1197 2458 1252 quze
2485 1179 2683 1236 sedens
2711 1194 2869 1235 secus
2894 1177 3058 1250 pedes
3085 1175 3312 1232 Domini
3342 1174 3606 1229 audiebat
3642 1172 3828 1227 verbum
3848 1171 3885 1224 il-

2339 1277 2442 1332 lius
2468 1319 2482 1343 ,
2513 1292 2634 1331 cum
2663 1273 2872 1330 Martha
2911 1274 3054 1329 circa
3097 1271 3485 1328 ministerium
3535 1269 3821 1328 festinaret,
3854 1277 3887 1320 et

2338 1380 2661 1441 quereretur
2709 1366 2852 1438 quod
2898 1381 3057 1422 soror
3103 1381 3228 1421 eam
3285 1363 3519 1435 prOpria
3567 1362 3703 1417 circa
3745 1374 3885 1413 locus:

2339 1462 2700 1518 ministerium
2742 1477 2850 1516 non
2893 1460 3106 1531 juvaret
3153 1475 3172 1514 :
3227 1457 3479 1525 Martha,
3517 1452 3883 1520 Martha,llar1'a

2337 1555 2582 1625 optimam
2631 1563 2824 1624 partem
2873 1554 2970 1608 sibi
3012 1553 3198 1624 elegit,
3262 1567 3390 1623 qua:
3430 1567 3534 1605 non
3577 1553 3802 1620 auferetur
3833 1547 3884 1600 illi

2343 1648 2496 1720 (ιασι
2558 1666 2618 1715 x,
2666 1648 2732 1704 41
2767 1657 2812 1704 et
2843 1647 2957 1722 ιε).
3007 1646 3066 1703 Si
3096 1646 3189 1702 illa
3245 1663 3378 1718 qua:
3431 1645 3651 1701 Christo
3676 1643 3880 1699 ministra-

2338 1742 2432 1797 bat
2472 1743 2538 1797 ad
2571 1758 2838 1808 mensam,
2887 1756 2996 1796 non
3037 1740 3441 1796 conferebatur
3483 1738 3533 1793 ei
3579 1753 3691 1808 qua:
3724 1735 3878 1790 verbum

618 1829 725 1885 lem
757 1837 814 1885 et
841 1829 1162 1900 prudentem
1191 1829 1496 1885 constituet
1521 1829 1679 1902 (Luc.
1705 1847 1778 1885 xu
1802 1872 1816 1896 ,
1843 1828 1938 1901 42)
1969 1830 2231 1886 Dominus
2263 1840 2308 1901 Β
2335 1837 2589 1909 cupiebat
2615 1837 2835 1902 audire;
2866 1851 3029 1908 quem
3055 1846 3390 1906 operantem
3417 1831 3663 1889 studioso
3690 1831 3876 1902 cognitio-

613 1937 776 1991 supra
802 1920 1066 1976 familiam
1091 1937 1270 1987 suam,
1317 1932 1373 1976 ut
1400 1921 1492 1976 det
1516 1922 1623 1977 illis
1671 1923 1724 1976 in
1773 1932 2020 1992 tempore
2069 1921 2232 1976 tritici

617 2029 965 2082 mensuram,
1017 2017 1072 2070 iu
1102 2026 1346 2084 tempore
1375 2015 1580 2086 utique,
1610 2030 1718 2071 non
1752 2031 1993 2087 semper,
2025 2015 2232 2074 turbari

615 2111 805 2181 utique
828 2126 935 2166 non
961 2110 1152 2166 debes.
1189 2110 1383 2167 Potest
1426 2112 1694 2180 sapientia
1747 2127 1965 2182 semper
1995 2112 2230 2168 fructum

616 2202 778 2269 dare;
823 2203 918 2259 sed
942 2205 1068 2274 quia
1099 2204 1364 2274 sapientia
1415 2204 1577 2276 757
1607 2214 1723 2270 est,
1763 2204 1928 2260 debet
1956 2205 2232 2277 sapienter

617 2297 773 2364 dare,
799 2297 1119 2368 dispensare
1153 2308 1178 2335 α
1210 2298 1526 2369 prudenter,
1567 2299 1615 2354 si
1636 2299 1854 2370 quando
1882 2316 1985 2356 nos
2014 2301 2230 2368 plenam

617 2406 930 2447 mensuram
979 2401 1074 2446 aut
1121 2407 1452 2457 mereamur,
1501 2400 1595 2446 aut
1632 2393 1906 2463 possimus
1954 2395 2229 2466 accipere.

618 2483 777 2539 Sicut
799 2482 888 2538 hic
913 2495 1218 2539 extremum
1245 2492 1462 2554 tempus
1507 2483 1741 2538 fructum
1762 2525 1777 2551 ,
1810 2484 1883 2538 ita
1915 2495 1971 2540 et
1997 2485 2109 2540 illic
2137 2485 2233 2541 da-

611 2576 694 2631 bit
742 2575 976 2630 fructum
1028 2577 1228 2630 bonum
1277 2577 1332 2630 in
1372 2575 1663 2646 gentibus;
1714 2587 1773 2632 ut
1817 2580 2231 2634 resurrectionis

613 2667 733 2737 ejus
761 2668 1099 2723 consortium
1147 2683 1344 2740 capere
1397 2684 1462 2724 ac
1496 2684 1721 2726 servare
1749 2672 2042 2742 possimus.
2077 2672 2231 2730 Nunc

613 2776 722 2816 non
756 2774 1074 2831 possumus,
1110 2760 1303 2817 odioso
1330 2763 1532 2818 saeculo
1560 2777 1668 2818 non
1694 2763 2051 2822 sustinemus.
2077 2765 2106 2804 ι’
2135 2767 2231 2823 llic

613 2854 760 2910 enim
779 2854 1092 2924 corruptela
1118 2864 1232 2922 est,
1261 2864 1314 2910 ct
1361 2859 1661 2911 cavendum
1691 2856 1789 2911 fuit
1822 2873 1890 2914 ne
1917 2873 2231 2930 corrumpe-

611 2962 797 3002 remus
839 2947 1014 3003 bonos
1043 2947 1284 3014 fructus,
1314 2964 1452 3018 quos
1482 2948 1688 3018 lignum
1721 2949 1845 3006 vita:
1894 2949 2079 3016 daret;
2105 2952 2230 3022 quia

616 3057 761 3098 nunc
803 3043 1090 3112 corrupti,
1134 3042 1248 3097 illic
1289 3052 1472 3097 autem
1528 3043 1829 3114 incorrupti
1876 3063 1889 3100 :
1930 3047 2138 3117 quando
2183 3059 2232 3102 et

612 3135 836 3202 mortui,
867 3135 1039 3206 inquit
1057 3175 1073 3202 ,
1103 3146 1377 3208 resurgent
1405 3136 1729 3207 incorrupti,
1753 3146 1802 3193 et
1829 3155 1922 3193 nos
1943 3148 2234 3193 commuta-

2335 1934 2420 1985 nis
2458 1940 2678 1985 aeterna:
2720 1929 2969 1985 conferre
3009 1928 3365 1999 poterimus?
3404 1925 3484 1981 Ita
3531 1934 3731 1988 tamen,
3757 1935 3873 1977 utnec

2333 2023 2482 2078 illius
2511 2022 2818 2093 operatioui
2863 2020 3026 2088 ﬁdes,
3065 2035 3166 2077 nec
3219 2020 3394 2091 hujus
3437 2017 3753 2090 cognitioni,
3789 2015 3872 2068 sicut

2336 2117 2516 2173 Maria:
2539 2159 2552 2183 ,
2585 2117 2726 2173 desit
2753 2115 3036 2187 operatio;
3063 2132 3130 2172 ne
3162 2116 3260 2171 vel
3294 2116 3427 2171 folia
3459 2115 3579 2169 sine
3607 2113 3763 2168 fructu
3783 2112 3868 2174 sint,

2335 2211 2420 2266 vel
2447 2210 2656 2266 fructus
2685 2211 2805 2266 sine
2834 2209 3184 2266 munimentis
3216 2207 3569 2264 naturalibus
3595 2207 3661 2263 sit
3687 2207 3862 2266 intectus,

2334 2313 2390 2360 et
2421 2313 2600 2375 pateat
2631 2303 2864 2374 injuriaz.

2405 2400 2497 2455 4'5.
2541 2399 2834 2455 Possumus
2873 2400 3037 2456 etiam
3071 2401 3208 2457 illud
3255 2400 3604 2472 intelligere,
3653 2395 3760 2468 quia
3785 2391 3849 2447 fuit

2334 2507 2396 2548 se
2427 2501 2677 2548 texerunt
2719 2493 2890 2548 Adam
2928 2503 3090 2566 atque
3133 2495 3283 2561 Eva,
3328 2507 3594 2564 corporea
3634 2488 3852 2544 vestimeu

2334 2599 2643 2659 quaerentes
2665 2589 2780 2660 ,τεο
2821 2591 2964 2661 quod
2997 2593 3342 2647 resurrectio
3393 2586 3657 2646 Dominici
3697 2579 3857 2651 corporis

2336 2683 2785 2755 prophetaretur;
2814 2687 2938 2758 quia
2972 2702 3071 2742 nec
3099 2702 3267 2754 caro,
3301 2703 3430 2758 quae
3459 2695 3618 2740 antea
3643 2680 3747 2735 vice
3770 2675 3862 2732 folio-

2335 2795 2456 2835 rum
2503 2781 2726 2836 interire
2766 2789 3157 2846 consueverat,
3216 2781 3469 2852 peritura
3500 2777 3656 2850 758
3690 2778 3800 2827 esset
3832 2768 3860 2818 il!

2335 2871 2586 2939 Christo;
2613 2873 2993 2945 justorumque
3019 2874 3290 2942 omnium,
3323 2874 3419 2946 qui
3452 2869 3727 2928 secundum
3752 2863 3861 2918 Etan-

2335 2967 2535 3038 geliutn
2567 2967 2636 3022 ad
2678 2968 3034 3023 imitationem
3084 2969 3214 3040 ligni
3250 2969 3543 3038 sapientiae
3580 2962 3677 3019 nali
3710 2973 3760 3012 er
3785 2953 3859 3007 Vir-

2334 3061 2460 3132 gine
2502 3061 2668 3116 vitam
2697 3076 2851 3116 suam
2881 3073 3143 3134 actusque
3184 3062 3522 3118 formarent.
3556 3057 3676 3114 Nam
3712 3052 3859 3108 Gratus

2335 3154 2408 3209 ita
2435 3153 2570 3210 dixit
2604 3174 2616 3209 :
2647 3153 2674 3211 ὃ
2713 3159 2801 3213 τὸν
2830 3159 3023 3235 καρπὸν
3067 3159 3225 3213 αὐτοῦ
3274 3156 3461 3220 δόσεις
3496 3151 3628 3225 quod
3663 3137 3856 3219 pOIBSUd

613 3228 804 3283 bimur.
843 3227 1064 3299 Oportet
1085 3229 1223 3283 enim
1249 3229 1585 3300 corruptibile
1606 3229 1704 3285 hoc
1725 3231 1940 3286 induere
1959 3233 2232 3304 incorrup-

2337 3249 2554 3305 beatum
2584 3249 2774 3306 referri
2804 3293 2818 3316 ,
2849 3227 3095 3329 pazéptoc
3133 3254 3336 3329 καρπὸν
3375 3251 3518 3307 δόσει
3537 3290 3552 3314 ,
3582 3235 3854 3329 Graeci“

618 3324 807 3388 telam,
839 3331 889 3376 et
921 3323 1144 3377 mortale
1169 3320 1266 3376 hoc
1312 3321 1530 3377 induere
1558 3324 1998 3378 immortalitatem
2046 3323 2230 3398 (ICor.

618 3433 710 3482 xv,
733 3415 805 3470 5‘2
833 3424 881 3468 et
905 3414 1020 3486 55).
1047 3414 1191 3482 Quid
1216 3431 1346 3486 ergo
1375 3416 1629 3486 proderat
1659 3417 1932 3472 morituro
1961 3418 2232 3488 accipere,

619 3510 764 3583 quod
787 3510 837 3566 ei
866 3525 1015 3564 mors
1041 3509 1279 3566 habebat
1306 3510 1553 3566 auferre?
1583 3509 1742 3566 Novit
1787 3526 1919 3583 ergo
1969 3509 2234 3582 sapientia

621 3605 819 3677 quibus
849 3602 1072 3674 quando
1103 3602 1234 3658 dare
1264 3603 1492 3669 debeat,
1517 3620 1637 3674 qua:
1676 3619 1775 3660 nec
1806 3604 1993 3659 folium
2036 3604 2238 3659 amittit

620 3699 755 3768 ligni
779 3697 883 3753 sui.
916 3698 984 3752 Et
1005 3697 1128 3753 ideo
1155 3697 1245 3768 qui
1279 3697 1490 3756 fructus
1531 3700 1602 3754 sit
1657 3701 1962 3771 sapientia),
1984 3701 2128 3772 quod
2157 3699 2239 3756 fo-

624 3791 760 3848 lium
781 3791 1221 3848 consideremus.

698 3885 791 3940 41.
835 3882 1068 3940 Fructus
1098 3884 1328 3941 interior
1359 3894 1477 3952 est;
1514 3884 1729 3953 folium,
1761 3903 1870 3956 quo
1900 3887 2110 3945 fructus
2150 3887 2238 3945 vel

627 3997 659 4036 a
688 3980 808 4037 sole
843 3979 1092 4048 torrenti,
1126 3981 1212 4036 vel
1249 3995 1278 4035 a
1309 3979 1511 4053 frigore
1539 3981 1866 4038 defenditur.
1901 3982 2131 4042 Fructus
2161 3985 2242 4039 vi-

630 4077 790 4131 detur
837 4088 960 4130 esse
1006 4073 1173 4141 fides,
1224 4089 1363 4144 pax,
1411 4073 1696 4143 doctrina,
1747 4077 2068 4134 excellentia
2096 4092 2240 4133 vera:

631 4169 990 4238 cognitionis,
1029 4169 1261 4222 intentio
1301 4168 1465 4235 bona,
1500 4170 1884 4240 mysteriorum
1922 4171 2079 4225 ratio.
2131 4171 2242 4226 llos

631 4263 842 4316 fructus
871 4262 1011 4314 bona
1040 4260 1149 4315 vita
1173 4261 1414 4316 custodit
1437 4279 1450 4316 :
1477 4263 1619 4316 mala
1645 4265 1809 4318 etiam
1837 4265 1880 4317 si
1913 4263 2241 4334 perceperit,

638 4355 838 4410 aruittit
861 4371 876 4410 :
908 4353 1181 4408 Peccatori
1207 4361 1380 4407 autem
1399 4354 1531 4408 dixit
1554 4353 1736 4409 Deus:
1769 4355 1942 4420 Quare
1957 4366 2010 4410 tu
2029 4373 2245 4412 enarra:

630 4448 864 4519 justitias
891 4463 1029 4500 meas
1061 4445 1234 4519 (Psal.
1271 4463 1404 4502 χιιι
1425 4489 1440 4513 ,
1481 4446 1624 4519 16)?
1655 4446 1712 4501 In
1745 4449 1990 4519 mysticis
2037 4449 2246 4506 fructus

641 4547 747 4605 est,
796 4540 848 4594 in
880 4538 1178 4594 moralibus
1227 4539 1416 4594 folium
1457 4550 1479 4577 ο
1520 4541 1986 4610 contemplatione
2047 4552 2248 4615 myste-

2338 3343 2450 3399 tine
2477 3354 2655 3398 autem
2687 3345 2767 3398 sic
2798 3327 2999 3398 dicitur
3017 3384 3033 3410 ,
3066 3351 3122 3397 ut
3151 3327 3226 3398 sit
3255 3363 3270 3399 :
3305 3344 3433 3413 quia
3463 3341 3628 3396 beatus
3643 3327 3849 3396 debiti?“-

2339 3445 2481 3502 tum,
2527 3437 2579 3491 in
2626 3437 3026 3492 resurrectione
3069 3436 3286 3492 scilicet
3332 3451 3468 3497 sua,
3515 3426 3698 3504 quando
3724 3419 3841 3517 ρίςεεξί

2340 3539 2659 3600 perpetuum
2690 3529 2843 3584 dare.
2877 3529 3058 3584 Potest
3100 3537 3155 3584 et
3196 3529 3317 3598 sic,
3367 3525 3397 3584 ὃ
3439 3529 3525 3583 τὸν
3563 3518 3703 3599 καρπὸν
3730 3511 3834 3606 σώτῇ

2340 3622 2475 3699 ὑπὲρ
2503 3623 2670 3688 ξύλον,
2698 3632 2758 3676 ut
2782 3621 3054 3678 referatur
3075 3622 3143 3677 ad
3165 3619 3572 3691 lignum,cujus
3600 3617 3702 3670 facta
3719 3610 3843 3699 etanta

2341 3687 2827 3784 prosperabuntur.
2861 3714 2918 3770 lu
2946 3731 3057 3787 quo
3082 3687 3316 3770 evidens
3350 3687 3672 3770 testilicatio.
3693 3695 3779 3787 qui?
3797 3687 3843 3744 de

2343 3805 2626 3865 Salvatore
2669 3806 2872 3863 dictum
2909 3785 3016 3866 est.
3054 3807 3223 3879 Cujus
3265 3807 3416 3864 enim
3456 3802 3557 3859 nisi
3600 3797 3732 3870 ipsius
3758 3785 3842 3882 ita}

2343 3913 2574 3973 possunt
2619 3905 2872 3958 universa
2903 3902 3135 3967 laudari,
3168 3912 3223 3957 et
3272 3911 3564 3973 prosperos
3591 3890 3748 3948 habere
3773 3889 3843 3934 ext;

2344 3998 2469 4052 tus?
2490 3998 2682 4068 Aquila
2704 4006 2886 4053 autem
2906 4039 2920 4063 ,
2947 3997 3232 4068 dirigentur
3247 4039 3263 4064 ,
3293 3998 3372 4052 ait
3399 4014 3413 4051 :
3437 3990 3574 4064 quod
3595 3994 3645 4044 et
3660 3980 3712 4036 ad

2345 4065 2575 4160 cumque
2607 4088 2882 4145 hominem
2915 4065 3258 4145 referendum
3294 4088 3535 4148 videtur,
3564 4092 3701 4152 quem
3732 4065 3835 4128 diris"

2347 4181 2608 4237 Dominus
2636 4182 2822 4238 favore
2851 4182 3082 4240 ccelesti.
3115 4184 3160 4238 Α
3194 4183 3432 4239 Domino
3466 4176 3603 4235 enim
3637 4165 3840 4264 dirigit?t

2345 4291 2565 4348 gressus
2596 4278 2718 4345 viri,
2743 4287 2798 4333 et
2821 4277 3126 4334 orationem
3149 4292 3305 4332 suam
3330 4278 3383 4331 in
3406 4271 3677 4341 conspectu
3703 4248 3844 4348 Dei

2349 4341 2437 4425 vid
2469 4341 2731 4442 prOpheta
2763 4370 2923 4442 dirigi
2954 4370 3250 4441 postulavit
3279 4367 3459 4442 (Psal.
3486 4379 3603 4427 CXL,
3626 4355 3701 4426 ‘3).
3723 4341 3849 4439 Sed?

2349 4463 2467 4534 ipse
2519 4465 2776 4521 Dominus
2821 4465 3023 4522 direxit
3069 4480 3234 4537 opera
3285 4479 3413 4531 sua,
3451 4470 3505 4516 ut
3526 4450 3678 4530 _nullo
3713 4442 3848 4498 εποηε

2351 4570 2717 4616 curvarcutur
2757 4559 3028 4615 anfractu.

640 4634 848 4689 riorum
869 4631 1196 4688 etelestium.
1226 4631 1362 4687 Nam
1386 4632 1613 4689 virtutes
1635 4633 1754 4688 sine
1780 4633 1909 4700 ﬁde,
1932 4635 2056 4691 folia
2083 4646 2237 4705 sunt;

2420 4653 2512 4709 44.
2554 4654 2735 4728 (Vers.
2766 4653 2847 4726 ι.)
2877 4655 3132 4726 Sequitur
3162 4672 3175 4708 :
3218 4653 3343 4710 Non
3382 4651 3454 4708 sic
3491 4639 3648 4711 ἱπτρῖῖυ
3680 4643 3758 4686 "0"

641 4728 896 4783 videntur
924 4727 1105 4782 virere
1126 4765 1143 4794 ,
1176 4725 1273 4781 sed
1305 4725 1565 4796 prodesse
1592 4743 1700 4783 non
1745 4738 1993 4799 possunt.
2027 4731 2246 4802 Agitan-

645 4833 733 4877 tur
777 4829 970 4886 vento,
1021 4819 1148 4890 quia
1196 4833 1305 4875 non
1337 4818 1539 4876 habent
1584 4820 2016 4878 fundamentum.
2047 4825 2245 4893 Quanti

641 4913 874 4985 gentiles
906 4911 1106 4966 habent
1137 4911 1562 4968 misericordiam
1584 4955 1600 4982 ,
1633 4913 1835 4971 habent
1857 4916 2244 4986 sobrietatem;

645 5009 743 5066 sed
774 5009 1007 5065 fructum
1031 5025 1138 5063 non
1167 5008 1394 5074 habent,
1421 5013 1546 5081 quia
1570 5011 1730 5068 fidem
1758 5029 1863 5069 non
1891 5014 2120 5072 habent!
2145 5017 2250 5072 La-

645 5107 848 5162 buntur
871 5105 982 5162 cito
1008 5103 1131 5159 folia
1149 5144 1166 5171 ,
1194 5104 1288 5160 ubi
1316 5114 1512 5161 ventus
1542 5105 1773 5164 ﬂaverit.
1797 5109 1865 5164 Et
1890 5111 2052 5182 aliqui
2076 5111 2251 5168 Judaei

717 5281 741 5310 δ
770 5269 906 5346 Yet.
957 5268 1090 5346 e_dit.
1141 5283 1217 5346 ac_
1234 5269 1394 5346 Rom.
1441 5285 1564 5326 cum
1598 5288 1728 5329 mss.
1768 5272 1906 5340 Vict.
1949 5287 2003 5332 et
2045 5276 2198 5333 Colb.
2229 5320 2244 5346 ,

639 5345 942 5418 prudenter.
969 5339 1112 5394 Tunc
1133 5339 1428 5418 debe‘t_dare
1448 5360 1646 5418 semper
1663 5385 1678 5408 ,
1705 5339 1910 5414 quando
1932 5365 2024 5402 nos
2041 5339 2245 5417 plenam

639 5412 935 5471 mensuram
963 5428 1232 5488 possumus
1249 5412 1432 5488 (Rom.
1458 5416 1613 5482 edit.,
1637 5412 1892 5488 meremur
1909 5460 1922 5480 ,
1945 5412 2098 5485 mss.,
2127 5438 2247 5488 pos-

635 5489 834 5558 simus)
879 5481 1130 5558 accipere.
1168 5481 1313 5558 Sicut
1344 5482 1450 5537 hic.
1482 5527 1496 5540 .
1535 5527 1549 5540 .
1582 5481 1606 5540 ,ί
1643 5487 1786 5540 dabit
1835 5491 2061 5556 fructum
2086 5481 2246 5546 bonis

630 5553 1055 5614 indesinentibus.
1085 5553 1376 5610 Nobiscum
1408 5572 1541 5614 vero
1570 5559 1778 5614 faciunt
1807 5553 1978 5616 Paris.
2009 5563 2141 5618 edit.
2165 5573 2248 5618 al—

629 5647 742 5701 que
767 5632 857 5683 alii
882 5643 988 5701 _sex
1012 5640 1141 5701 mss.

704 5700 731 5740 ιι
774 5702 850 5776 ita
881 5699 1038 5776 Rom.
1071 5698 1201 5753 edit.
1246 5712 1310 5754 ac
1345 5714 1478 5776 mss.
1519 5700 1639 5776 Va_t_.
1689 5718 1811 5759 cum
1843 5707 2082 5776 quinque
2119 5703 2244 5761 Gal-

628 5773 724 5830 lic.
758 5774 847 5828 At.
891 5769 1025 5828 edit.
1055 5780 1162 5826 vet.
1204 5785 1326 5826 cum
1373 5772 1526 5841 aliis,
1574 5773 1678 5829 llic
1718 5769 2245 5851 enim'corruptibiler

631 5860 834 5901 sumus.

2351 4749 2441 4803 sed
2467 4723 2726 4820 tamquam
2753 4723 2920 4822 pulvis
2949 4723 3098 4822 quem
3122 4750 3330 4824 projicit
3355 4756 3526 4804 ventus
3545 4755 3574 4792 α
3597 4728 3708 4807 fac“
3729 4723 3850 4824 Wa:

2355 4843 2459 4898 hoc
2485 4817 2600 4910 est,
2633 4817 2851 4901 non'sic
2879 4856 2936 4899 ut
2961 4817 3153 4902 beatus
3175 4817 3279 4912 vir,
3303 4845 3393 4916 qui
3429 4840 3545 4896 ideo
3577 4817 3845 4916 1193‘”,qu

2355 4951 2462 4991 non
2494 4935 2626 4990 abiit
2654 4937 2707 4991 in
2731 4939 2960 4994 consilio
2988 4938 3300 5010 impiorum,
3320 4911 3454 5009 quia
3497 4931 3546 4986 ill
3575 4911 3846 5010 Ρθεθῗωδκῗ

2355 5027 2528 5096 stetit,
2558 5031 2612 5084 in
2639 5030 2871 5086 consilio
2901 5003 3270 5102 pestilentium
3321 5045 3427 5086 non
3457 5019 3603 5084 sedit,
3629 5003 3845 5102 volenttttn

2359 5120 2445 5176 vel
2485 5095 2773 5179 credentes
2813 5095 2920 5194 pie,
2954 5123 3039 5178 vel
3066 5123 3310 5180 viventes
3353 5107 3756 5193 pervertereﬂl‘“
3787 5095 3846 5138 ⁸”⁰’

2433 5296 2472 5382 ς,
2495 5285 2937 5382 ςοιξιενῖῳιαίὶοηε
2962 5279 3652 5382 ηψειετξριςαηξςρὲξςζίίυῗ
3677 5252 3845 5382 galea:

2355 5355 2473 5448 ιιέςξο
2498 5357 2551 5412 in
2577 5341 2934 5448 ωειςνεωέ
2965 5341 3842 5448 interiecerant".ngf;

2355 5427 2587 5511 aliisque
2613 5431 2892 5511 codicibus
2917 5413 3283 5511 inveniuntur.
3298 5413 3371 5490 'l—d
3392 5413 3842 5511 autettl_iﬂii:’£f‘_m;

2353 5484 3283 5592 signum.r“,.'ﬁéiutés;iii6}$ié§
3450 5484 3842 5592 θίξεξξξιξξξέὧῖ

2353 5558 2474 5661 etim
2509 5558 2780 5661 mysteriis
2808 5558 3466 5661 ctnlestibusreurumque
3493 5558 3734 5661 ίξίξθτξιᾞίξ

2355 5626 3836 5737 5......tati..;.‘a..;rgs;;ra;;'eggei;§.quggfg',i“§,§f£

2350 5700 2524 5840 foruciu
2541 5700 2910 5789 comparatum
2927 5700 3456 5792 ,iut—in'sequeutibu's
3475 5700 3666 5776 expoﬂil
3679 5700 3726 5746 ⁸³

2401 5803 2465 5840 oc
2494 5803 2574 5840 or.

2401 5797 2574 5842 οειυτ.
