4042 6378
45 325 173 385 943

1358 345 1424 400 ΙΝ
1462 345 1787 405 PSALMUM
1827 349 1848 403 Ι
1891 349 2317 408 ENARRATIO.

3389 355 3499 414 9J6

43 443 370 544 lutitatem
411 453 647 513 habuit
707 461 768 516 in
799 462 970 533 Lege,
1001 472 1054 516 et
1087 461 1430 518 meditabitur
1459 463 1512 518 in
1542 479 1642 528 ea;
1675 475 1787 532 aut,
1815 465 1870 528 Α
1895 472 2169 537 tamquam
2195 467 2386 523 umbra
2411 473 2778 540 prtetereant?
2805 471 3150 544 Quidjuvant
3179 473 3496 529 consulares

49 542 223 598 sicut
250 544 490 614 Aquila
534 556 776 624 posuit,
807 558 1060 612 resonabit
1096 557 1150 611 in
1193 557 1327 628 Lege
1368 571 1388 612 :
1431 567 1488 612 ut
1518 567 1787 628 praecepta

51 631 252 708 Legis
276 651 551 700 resonet
586 648 728 702 vita
747 649 888 719 ejus,
905 665 1084 705 mores
1101 650 1365 706 resultent
1385 650 1529 705 sicut
1550 651 1786 720 illorum,

57 748 347 803 quorum
409 737 480 795 in
537 756 789 798 omnem
833 755 1031 801 terram
1068 745 1235 800 exivit
1263 758 1447 799 sonus.
1499 744 1663 801 Forte
1705 747 1790 802 hic

61 841 271 884 sonus
303 831 635 892 doctrina:
674 839 956 893 hominum
986 847 1182 904 exeat;
1227 838 1336 893 illic
1362 847 1543 894 autem
1577 839 1666 894 ubi
1713 839 1791 895 fa-

69 922 172 976 cie
209 922 290 977 ad
328 922 564 982 faciem
613 928 847 985 dabitur
873 929 1079 995 videre,
1122 929 1331 1001 plenior
1362 930 1607 1000 quzedam
1639 931 1788 987 verbi

75 1015 220 1070 fieri
259 1017 566 1076 videatur
618 1023 934 1093 expressio.
964 1022 1080 1079 Non
1112 1039 1242 1095 ergo
1289 1025 1430 1079 sicut
1461 1025 1648 1080 beatus
1689 1024 1790 1082 iste

80 1109 192 1180 qui
230 1115 368 1167 haec
403 1113 661 1182 fecerit,
688 1117 775 1187 qui
803 1116 912 1172 erit
941 1126 1212 1188 tamquam
1235 1118 1440 1188 lignum
1469 1118 1787 1188 plantatum,

81 1207 268 1274 cujus
302 1215 485 1276 gesta
519 1210 729 1264 omnia
752 1211 1241 1282 prosperabnntur,
1268 1213 1341 1266 ita
1363 1212 1465 1267 erit
1485 1223 1540 1268 et
1571 1213 1784 1282 impius.

85 1296 236 1352 Ideo
270 1301 587 1369 repetivit
621 1302 711 1357 vel
739 1303 831 1371 qui
859 1304 1101 1374 scripsit,
1131 1304 1214 1359 vel
1246 1314 1272 1341 λ
1299 1305 1391 1376 qui
1422 1315 1608 1376 postea
1637 1305 1792 1360 addi-

82 1391 181 1446 dit
212 1393 234 1465 (
259 1401 331 1447 ut
364 1395 633 1465 quidam
667 1395 890 1470 putant)
916 1413 1027 1470 quo
1054 1398 1430 1454 conﬁrmatior
1451 1400 1607 1454 fieret
1636 1414 1792 1470 repe-

89 1483 205 1538 tita
239 1488 568 1543 sententia
605 1489 846 1545 dicendo
879 1508 893 1545 :
926 1491 1052 1546 Non
1079 1492 1156 1545 sic
1185 1492 1360 1564 impii,
1400 1509 1504 1547 non
1546 1493 1654 1559 sic,
1700 1493 1792 1564 qui

90 1590 287 1635 erunt
347 1589 673 1655 tamquam
716 1584 926 1655 pulvis;
959 1593 1091 1640 sunt
1115 1585 1261 1640 enim
1294 1585 1528 1652 terreni,
1561 1594 1617 1640 et
1655 1586 1796 1640 sicut

97 1673 310 1744 pulvis
343 1675 678 1746 projicitur
705 1692 732 1730 a
766 1677 902 1732 facie
930 1678 1101 1745 venti,
1134 1680 1205 1733 ita
1233 1687 1288 1733 et
1322 1680 1408 1734 isti
1441 1677 1796 1750 projicientur

98 1775 165 1820 et
196 1765 676 1837 dissipabuntur
718 1785 748 1823 a
791 1768 996 1840 Spiritu
1039 1780 1247 1837 sancto,
1295 1771 1388 1841 qui
1420 1780 1579 1825 terra:
1627 1769 1793 1825 fertili

1893 570 2172 631 pra-texta:
2195 604 2210 627 ,
2243 561 2270 600 ι)
2295 573 2389 619 aut
2418 564 2650 621 nitentes
2677 582 2810 621 auro
2834 565 3184 637 triumphales
3211 567 3499 637 palmatae?

1891 649 2079 707 Nudus
2127 654 2304 710 exibis
2351 673 2363 708 :
2414 671 2573 710 nemo
2624 656 2732 711 illic
2779 656 3062 712 consulem
3122 666 3496 728 recognoscet.

1893 742 2030 812 Quid
2065 757 2289 814 prosunt
2320 746 2616 802 innumera:
2643 749 3053 818 possessiones?
3082 749 3320 804 Publicaa
3349 757 3499 819 sunt,

1895 852 2000 892 non
2035 848 2157 892 tuae.
2191 839 2362 894 llodie
2392 851 2448 894 tu
2477 851 2649 905 tenes,
2682 856 2804 896 cras
2829 841 2987 896 alius.
3019 839 3152 895 Cum
3187 853 3241 896 tu
3270 841 3494 906 exieris,

1894 928 2033 982 alius
2063 927 2249 981 intrat.
2277 928 2377 982 Vix
2404 930 2624 985 movisti
2652 931 2876 997 pedem,
2901 933 3041 986 alius
3066 946 3313 1004 gressum
3353 932 3497 987 intu-

1894 1016 1979 1072 lit.
2003 1018 2201 1084 Quanti
2229 1030 2355 1074 ante
2395 1029 2447 1074 te
2479 1020 2591 1075 illic
2636 1020 2892 1088 fuerunt,
2925 1023 3112 1094 quanti
3155 1030 3282 1092 post
3323 1031 3376 1076 te
3405 1023 3504 1078 do-

1897 1113 2266 1178 minabuntur,
2299 1125 2356 1170 et
2383 1116 2484 1171 hoc
2510 1127 2668 1188 putas
2694 1134 2820 1174 esse
2851 1119 3154 1189 privatum?
3180 1119 3350 1188 Quem
3384 1137 3501 1176 um-

1896 1218 2056 1273 quam
2087 1221 2114 1257 a
2143 1215 2317 1262 morte
2343 1207 2542 1262 divitia:
2574 1208 2964 1265 redemerunt?
2991 1211 3162 1266 Immo
3187 1228 3347 1282 quem
3389 1228 3498 1268 non

1895 1297 1964 1352 ad
1994 1310 2227 1354 mortem
2257 1301 2467 1358 divitiae,
2493 1306 2826 1374 coegerunt?
2862 1305 3034 1373 Quem
3075 1307 3143 1361 ab
3173 1305 3362 1362 inferis
3389 1321 3504 1362 suae

1896 1400 2229 1446 remearunt
2255 1393 2422 1463 opes?
2446 1394 2619 1462 Quem
2646 1398 2885 1465 potentia
2919 1398 3198 1454 excusavit
3236 1414 3267 1452 a
3299 1400 3506 1468 poma?

1899 1479 2081 1536 Pulvis
2103 1491 2189 1538 est
2219 1483 2488 1554 impietas,
2518 1487 2659 1540 sicut
2681 1487 2856 1557 pulvis
2882 1498 2966 1542 est
2993 1489 3284 1559 impiorum
3312 1499 3507 1560 poten-

1898 1575 1973 1630 tia
1999 1594 2012 1628 :
2045 1577 2331 1649 caliginem
2361 1579 2544 1646 infert,
2569 1581 2698 1638 dare
2719 1583 2949 1638 salutem
2973 1598 3080 1638 non
3111 1592 3311 1653 potest.
3335 1583 3507 1639 Simul

1897 1678 1960 1723 ut
2002 1669 2295 1729 vehemens
2319 1673 2451 1730 ﬂare
2479 1678 2706 1746 creperit
2732 1678 2976 1748 Spiritus,
3008 1679 3217 1749 spargit
3260 1693 3380 1734 eam
3423 1689 3508 1734 at-

1897 1777 2005 1834 que
2030 1764 2320 1821 dissolvit:
2357 1782 2538 1824 aerem
2574 1771 2774 1835 turbat,
2805 1772 2979 1826 solum
3011 1771 3206 1838 nudat;
3242 1782 3301 1828 ut
3336 1774 3510 1844 pulvis

104 1869 298 1929 atque
353 1862 638 1916 fecundae
683 1862 879 1918 animae
910 1861 1162 1917 salutaris
1201 1863 1340 1917 sicut
1378 1870 1573 1917 ventus
1613 1872 1797 1918 auster
1825 1865 1875 1926 Β
1906 1857 2206 1927 projicitur.
2232 1860 2416 1916 ἀθῦοἱι
2447 1872 2503 1916 ιιι
2529 1862 2730 1931 Ῑαῐηυε.
2763 1865 3016 1935 liquescit
3057 1876 3113 1921 ul
3143 1881 3291 1923 cera.

113 1952 411 2022 aspirare
440 1955 774 2010 consuevit.

190 2045 297 2101 45.
345 2046 506 2104 Huic
565 2057 733 2106 vento
774 2049 1066 2118 diciturin
1108 2049 1345 2106 Canticis
1389 2069 1402 2104 :
1445 2049 1594 2116 Veni,
1623 2062 1797 2106 auster

119 2137 326 2211 (Cant.
369 2157 469 2206 tv,
527 2141 673 2213 16),
724 2151 783 2196 ut
821 2143 1110 2198 clementia
1143 2143 1286 2198 aeris
1313 2142 1581 2197 mollioris
1612 2143 1796 2198 cordis

123 2234 318 2295 nostri
353 2249 502 2290 arva
540 2235 828 2303 laxentur,
856 2252 976 2308 quae
999 2235 1230 2292 brumali
1263 2236 1386 2307 gelu
1423 2236 1613 2290 stricta
1657 2235 1797 2292 reci-

128 2326 370 2398 piendis
403 2329 693 2399 gremium
721 2330 1019 2385 seminibus
1048 2329 1412 2401 denegabant.
1460 2330 1668 2385 Bonum
1714 2337 1798 2384 est

125 2419 302 2476 nobis
339 2430 407 2475 ut
460 2423 562 2477 hic
613 2434 807 2477 ventus
835 2424 1069 2494 aspiret,
1103 2425 1192 2493 qui
1240 2437 1408 2478 naves
1444 2423 1670 2478 Tharsis
1710 2422 1794 2478 fec

127 2524 340 2570 rentes
373 2530 530 2570 vero
562 2515 842 2571 Salomoni
884 2532 1006 2585 quae
1043 2516 1112 2570 ad
1144 2516 1406 2586 templum
1437 2515 1557 2586 ejus
1600 2529 1794 2571 neces-

128 2605 291 2660 saria
340 2606 652 2672 videntur,
699 2616 849 2662 tutos
889 2607 1121 2662 deducat
1166 2607 1218 2661 in
1263 2615 1473 2678 portus.
1517 2607 1625 2663 Sed
1669 2618 1796 2663 tunc

137 2699 255 2754 iste
289 2710 509 2755 ventus
537 2701 765 2770 aspirat,
799 2702 844 2756 si
878 2702 1074 2757 boreas
1105 2701 1198 2758 ille
1223 2704 1406 2773 gravis
1433 2714 1624 2758 ventus
1664 2704 1796 2760 flare

138 2790 419 2848 desierit.
454 2792 594 2848 Ideo
621 2794 709 2848 vel
740 2793 1006 2857 Ecclesia,
1040 2795 1125 2848 vel
1153 2798 1332 2849 anima
1360 2796 1447 2866 pia
1477 2795 1610 2851 dicit
1635 2815 1650 2850 :
1680 2793 1794 2851 Ea:-

143 2904 340 2958 surge,
374 2887 567 2953 borea,
601 2898 648 2943 et
679 2889 813 2955 veni,
838 2898 1011 2962 auster,
1037 2887 1252 2960 (Ibid.);
1283 2889 1385 2943 hoc
1413 2898 1500 2944 est
1526 2909 1539 2944 :
1564 2891 1670 2957 Tu,
1701 2892 1798 2947 bo-

144 2996 273 3048 rea,
313 2982 550 3049 recede,
579 2990 634 3037 et
657 2983 805 3047 veni,
836 2991 1022 3038 auster
1053 2999 1067 3037 :
1099 2983 1276 3052 aspira
1309 2983 1528 3038 hortum
1571 3000 1789 3056 meum;

152 3084 216 3130 ut
261 3075 442 3134 liores
495 3092 602 3132 non
631 3076 920 3144 discutias,
955 3076 1050 3132 sed
1095 3092 1364 3132 reserves.
1398 3076 1591 3132 Anima
1633 3080 1799 3150 igitur

151 3170 327 3241 plena
359 3169 599 3226 floribus
626 3170 842 3241 pietatis
873 3169 1089 3225 hortum
1119 3170 1304 3237 habet,
1331 3171 1418 3225 vel
1458 3171 1572 3242 ipsa
1606 3173 1795 3230 hortus

1969 1950 2062 2006 47.
2108 1953 2242 2009 Hinc
2275 1955 2526 2025 plerique
2550 1972 2657 2012 non
2688 1957 3019 2015 mediocrem
3046 1970 3333 2016 moverunt
3353 1976 3503 2031 qua2~

1897 2045 2160 2110 stionem,
2184 2056 2362 2103 utrum
2386 2049 2682 2120 perituram
2718 2061 2966 2108 naturam
2989 2053 3242 2110 videatur
3261 2069 3512 2110 asserere

1899 2139 2179 2211 Scriptura
2209 2143 2422 2209 divina;
2468 2147 2705 2202 maxime
2743 2146 2866 2213 quia
2905 2147 3030 2201 alibi
3070 2148 3249 2203 dixit:
3282 2148 3512 2203 Commi-

1899 2249 2053 2287 nuam
2080 2251 2167 2288 eos
2208 2245 2265 2288 ut
2308 2237 2567 2307 pulverem
2593 2247 2711 2293 ante
2741 2239 2927 2310 faciem
2951 2242 3086 2294 venti
3107 2282 3121 2304 ,
3157 2249 3205 2294 et
3247 2250 3303 2294 ut
3341 2240 3511 2294 lutum

1899 2326 2190 2397 platearum
2220 2327 2398 2382 delebo
2428 2346 2512 2384 eos
2541 2330 2716 2402 (Psal.
2751 2347 2860 2386 xvn
2879 2373 2893 2397 ,
2927 2331 3059 2402 45);
3089 2341 3144 2386 et
3170 2331 3298 2386 alibi
3334 2349 3348 2386 :
3378 2331 3512 2386 Ecce

1897 2419 2280 2488 confundentur
2311 2431 2361 2476 et
2387 2423 2754 2478 reverebantur
2799 2440 2973 2479 omnes
3002 2424 3329 2488 adversarii;
3357 2435 3510 2479 erunt

1898 2513 2049 2584 enim.
2064 2523 2326 2581 tamquam
2354 2531 2458 2569 non
2485 2515 2587 2569 sint
2615 2515 2785 2588 (Esai.
2811 2533 2901 2571 ιιι
2920 2558 2935 2583 ,
2968 2514 3080 2586 Η).
3111 2517 3353 2570 Primum
3379 2531 3510 2586 ergo

1898 2603 2201 2676 interrogo,
2231 2615 2410 2662 utrum
2441 2609 2771 2680 impietatem
2801 2610 3098 2666 secundum
3129 2619 3375 2664 naturam
3401 2625 3506 2681 pu-

1900 2703 2014 2750 tent
2042 2712 2188 2762 esse,
2217 2713 2284 2752 an
2311 2708 2512 2769 praster
2533 2710 2782 2756 naturam
2803 2702 2826 2754 ?
2846 2701 2903 2758 Si
2931 2701 3229 2758 secundum
3257 2711 3506 2758 naturam

1903 2799 1926 2826 ε
1952 2800 2222 2854 asserant,
2247 2807 2435 2847 errare
2463 2808 2652 2848 eorum
2675 2794 2992 2863 opinionem
3015 2803 3228 2848 certum
3258 2801 3364 2849 est.
3403 2789 3509 2849 De-

1900 2882 2066 2953 nique
2095 2884 2303 2950 dicant,
2331 2895 2510 2941 utrum
2541 2896 2747 2943 naturae
2775 2900 3055 2958 peccatum
3085 2888 3406 2952 conveniat,
3439 2903 3508 2942 an

1899 2975 2048 3028 non?
2092 2975 2197 3030 Sed
2241 2987 2451 3031 certum
2481 2986 2567 3032 est
2608 2992 2866 3046 peccare,
2913 2979 3136 3034 deviare
3163 2992 3287 3034 esse
3328 2979 3399 3033 ab
3443 2994 3511 3034 eo

1899 3065 2044 3136 quod
2058 3067 2448 3122 estsecundum
2477 3078 2752 3124 naturam.
2772 3069 2912 3138 Quid
2933 3069 3095 3140 igitur
3113 3077 3221 3123 tam
3239 3069 3508 3140 ineptum,

1898 3173 2059 3228 quam
2101 3169 2160 3213 ut
2205 3158 2387 3214 dicant
2431 3159 2610 3214 minus
2645 3160 2837 3227 videri,
2887 3160 3111 3232 impium
3158 3174 3301 3228 esse,
3345 3174 3508 3230 quam

159 3273 271 3327 est,
306 3266 404 3338 qui
459 3265 667 3320 fructus
709 3265 894 3321 ferat:
938 3264 1116 3320 anima
1160 3280 1279 3335 qute
1324 3264 1592 3331 impietati
1623 3276 1789 3336 patet,

1900 3258 2274 3320 peccatorem;
2313 3266 2434 3306 cum
2479 3251 2722 3306 omnium
2761 3251 3172 3306 acerbissimum
3218 3250 3310 3315 sit,
3353 3249 3510 3319 quid-

160 3360 456 3430 pulverem
511 3358 709 3421 habet,
757 3357 848 3429 qui
903 3365 989 3413 est
1038 3357 1360 3413 infecundus
1417 3358 1482 3412 ad
1533 3357 1788 3416 fructum.

159 3451 539 3508 Fructiferam
571 3449 789 3521 quidem
819 3449 966 3505 illam
997 3450 1162 3523 759
1201 3449 1329 3504 fecit
1365 3449 1664 3516 Dominus;
1696 3451 1791 3506 sed

165 3545 288 3615 ipsa
323 3544 432 3598 sibi
464 3542 686 3613 collegit
718 3541 1018 3612 impietatis
1045 3545 1350 3613 pulverem.

245 3648 340 3704 A6.
384 3647 526 3715 Quid
559 3656 613 3703 te
649 3647 844 3717 jactas,
884 3661 918 3700 ο
969 3645 1124 3716 plene
1171 3647 1500 3716 impietatis?
1541 3648 1623 3703 An
1664 3651 1790 3720 quia

171 3739 488 3796 honoribus
518 3755 578 3795 es
626 3749 817 3810 potens
842 3782 854 3803 ,
889 3748 943 3794 et
973 3739 1215 3793 abundas
1261 3739 1501 3794 divitiis?
1541 3739 1656 3795 Non
1699 3744 1793 3795 ad-

170 3833 346 3888 vertis
378 3833 504 3902 quia
535 3833 714 3904 pulvis
740 3848 822 3897 es,
851 3841 903 3887 et
936 3841 993 3886 tu
1019 3833 1346 3904 dispergeris
1387 3841 1444 3887 et
1485 3833 1791 3902 dissipabo-

174 3924 278 3978 ris.
330 3921 481 3986 Vidi,
516 3923 720 3992 inquit,
751 3924 967 3992 impium
999 3926 1437 3995 superes-allatum
1469 3935 1513 3978 et
1544 3925 1794 3979 eleuatum

173 4012 311 4067 sicut
339 4013 518 4067 cedros
544 4012 762 4079 Libani;
789 4023 838 4066 et
866 4015 1078 4068 transivi
1101 4057 1116 4078 ,
1143 4027 1188 4068 et
1217 4032 1330 4069 erce
1354 4032 1455 4069 non
1483 4026 1591 4068 erat
1613 4017 1789 4089 (Psal.

181 4121 384 4171 xxxvr,
420 4106 488 4160 55
517 4115 563 4159 et
594 4105 710 4174 56).
744 4105 882 4172 Quid
908 4105 1189 4173 gloriaris,
1224 4111 1345 4174 quia
1389 4107 1556 4161 multa
1596 4119 1648 4162 te
1679 4126 1794 4163 ser-

179 4198 310 4252 vilia
341 4198 627 4262 ambiunt,
659 4198 809 4252 multi
837 4198 997 4252 amici
1023 4207 1207 4267 tegunt
1234 4198 1401 4253 latera
1428 4208 1540 4264 tua,
1567 4201 1788 4268 plurimi

187 4299 239 4346 te
269 4292 393 4361 equi
419 4299 742 4361 sequuntur,
767 4303 998 4359 quorum
1030 4289 1184 4343 nobis
1206 4304 1431 4344 enarras
1457 4292 1787 4360 prosapiam,

185 4396 241 4440 et
269 4395 540 4454 tamquam
566 4383 830 4452 majorum
857 4392 1069 4439 tuorum
1091 4400 1280 4456 genus.
1307 4385 1536 4441 Praefers
1553 4385 1790 4453 divitias,

187 4477 308 4545 quia
339 4477 601 4532 conviviis
633 4477 812 4547 pascis
851 4475 1081 4530 sodales.
1126 4476 1342 4532 Utinam
1371 4491 1572 4546 egenos
1605 4493 1790 4547 pasce-

190 4582 309 4632 res;
349 4569 550 4622 utinam
602 4584 709 4622 non
754 4566 1002 4637 jocorum
1046 4567 1346 4630 ministros,
1396 4567 1490 4622 sed
1541 4577 1788 4623 votorum

194 4657 478 4726 adjutores.
512 4659 693 4713 Jactas
719 4660 841 4729 quia
868 4657 1156 4728 prodennti
1186 4657 1331 4712 illico
1358 4658 1588 4725 ceditur,
1615 4669 1670 4714 et
1695 4661 1792 4714 ho-

1893 3340 2023 3409 quid
2067 3341 2120 3396 in
2153 3342 2248 3397 Dei
2283 3342 2401 3397 fieri
2448 3341 2666 3397 videtur
2696 3340 3038 3412 injoriam'ld
3072 3340 3226 3409 Quod
3255 3341 3301 3395 si
3334 3341 3502 3411 impie

1895 3447 2080 3504 agere,
2114 3451 2220 3488 non
2248 3443 2334 3488 est
2363 3444 2563 3504 prteter
2597 3442 2844 3488 naturam
2882 3451 2896 3486 :
2925 3434 3112 3488 vivere
3150 3447 3281 3503 ergo
3337 3432 3504 3502 impie

1895 3526 2197 3582 secundum
2225 3536 2472 3582 naturam
2505 3537 2609 3593 est,
2644 3541 2745 3581 nec
2786 3525 2995 3596 peccati
3020 3525 3138 3579 loco
3168 3523 3502 3586 habendum,

1895 3633 1999 3674 nec
2046 3617 2270 3688 dignum
2331 3618 2761 3687 reprehensione
2825 3616 3285 3681 existimandum;
3342 3630 3506 3671 nemo

1893 3713 2038 3769 enim
2083 3713 2522 3784 reprehenditur,
2567 3715 2658 3784 qui
2703 3720 2960 3781 operatur
2999 3709 3297 3766 secundum
3345 3717 3507 3763 natu-

1896 3822 2034 3861 ram.
2079 3807 2236 3864 Unde
2265 3809 2624 3873 concluditur,
2668 3809 2790 3878 quia
2839 3807 3087 3877 impietas
3127 3815 3326 3875 praeter
3349 3812 3509 3858 natu-

1898 3915 2012 3954 ram
2039 3901 2203 3973 760
2225 3909 2328 3957 est.
2354 3899 2641 3966 Quomodo
2682 3897 2842 3969 igitur
2872 3913 2994 3953 cum
3024 3895 3331 3966 perditione
3369 3909 3499 3948 con.

1896 3995 2234 4055 suetudinis,
2275 3994 2690 4065 ἀπολλησομένας
2729 3993 2925 4064 φύσεις.
2957 3989 3060 4042 hoc
3084 3998 3196 4049 est,
3235 3986 3506 4056 perituras

1897 4094 2120 4138 naturas
2152 4085 2359 4139 inducit
2389 4084 2693 4152 Scriptura,
2721 4097 2842 4136 cum
2889 4080 3141 4148 impietas
3177 4094 3284 4132 non
3316 4077 3504 4147 utique
3569 4077 3578 4084 ’

1898 4177 2161 4231 naturalis
2205 4178 2303 4239 sit,
2349 4175 2443 4231 sed
2474 4185 2674 4246 przcter
2705 4171 2994 4227 naturam?
3033 4168 3188 4238 Quod
3215 4169 3359 4224 enim
3390 4182 3498 4222 non

1897 4267 2079 4332 habet,
2111 4282 2216 4322 non
2243 4267 2443 4322 amittit
2478 4284 2492 4321 :
2524 4280 2623 4320 nec
2660 4270 2839 4334 potest
2858 4279 2921 4316 ea
2947 4260 3249 4317 substantia
3294 4259 3496 4330 perire,

1895 4374 2016 4428 qua:
2043 4373 2149 4414 non
2181 4358 2298 4412 fuit.
2328 4357 2460 4413 Nam
2492 4366 2546 4412 et
2576 4355 2750 4426 pulvis
2777 4358 3104 4420 commotus,
3137 4363 3228 4408 attt
3261 4354 3312 4406 in
3341 4366 3497 4422 aqua:

1894 4449 2251 4505 substantiam
2279 4449 2626 4514 transfertur,
2659 4457 2750 4502 aut
2779 4447 2835 4502 in
2867 4462 3069 4510 aerem,
3099 4445 3266 4500 autin
3291 4445 3495 4516 ignem,

1896 4539 2001 4596 hoc
2026 4551 2130 4604 est,
2160 4542 2212 4596 in
2241 4541 2396 4596 aliam
2422 4541 2633 4596 videtur
2654 4553 2801 4606 saepe
2824 4540 3057 4594 transire
3081 4549 3354 4594 naturam.
3378 4537 3496 4593 Non

1895 4647 2026 4704 ergo
2060 4633 2114 4686 in
2142 4632 2368 4686 nihilum
2393 4631 2597 4696 delicit,
2623 4632 2718 4687 sed
2746 4631 2799 4686 in
2829 4631 2976 4686 aliud
3007 4632 3223 4686 transit.

197 4747 363 4802 mines
391 4757 444 4804 te
475 4759 745 4818 tamquam
778 4748 946 4804 feram
969 4750 1242 4804 declinant
1267 4761 1361 4805 aut
1390 4750 1782 4808 bestiam.Nnm
1808 4730 1861 4790 D
1959 4749 2051 4806 48.
2075 4749 2215 4818 Quid
2245 4749 2422 4804 obstat
2449 4750 2612 4819 igitur
2635 4751 2764 4819 quin
2798 4757 2856 4804 et
2885 4749 2974 4803 ille
3002 4747 3092 4818 qui
3117 4745 3269 4802 verbi
3297 4747 3498 4800 virtute

201 4837 310 4894 haec
344 4853 462 4894 esse
505 4839 707 4908 aliquid
755 4840 943 4909 putas?
983 4839 1098 4895 Non
1129 4840 1286 4895 audis
1327 4842 1450 4912 quia
1491 4856 1551 4897 ea
1601 4844 1781 4897 omnia

272 5041 294 5067 ἰ
329 5029 499 5098 Negat
525 5043 713 5083 revera
764 5027 1096 5083 Scholiastes
1128 5029 1502 5097 repetitionem
1529 5030 1670 5087 hanc
1695 5049 1786 5089 re-

205 5103 356 5168 periri
387 5105 439 5156 in
469 5099 723 5170 hexaplo,
747 5111 804 5154 ut
834 5100 1020 5155 videre
1049 5109 1132 5155 est
1157 5101 1298 5168 apud
1323 5101 1593 5158 Nobilium
1625 5121 1790 5175 super

206 5176 302 5230 hoc
329 5175 468 5229 loco.

273 5245 297 5284 δ
333 5245 460 5300 Mss.
497 5243 737 5298 nonnulli
761 5285 776 5307 ,
807 5251 862 5297 et
893 5243 1138 5312 qutrdatn
1165 5241 1297 5297 edit.
1334 5243 1508 5300 Paris.
1530 5286 1546 5312 ,
1586 5258 1675 5301 aut
1706 5249 1786 5300 ni-

207 5327 349 5373 tentes
374 5333 501 5370 auro
524 5314 864 5380 triumphales
886 5314 1091 5381 palmw.
1122 5314 1226 5370 Alii
1267 5330 1398 5370 mss.
1426 5325 1587 5386 atque
1629 5320 1785 5385 edit.,

210 5391 455 5459 palmam.
489 5387 716 5450 Melius;
743 5388 1000 5459 nece-nim
1035 5386 1558 5443 temereinveniatnr
1587 5390 1654 5444 ab
1684 5391 1788 5444 itu-

212 5457 537 5532 peratoribus
554 5461 620 5532 in
647 5457 933 5532 triumphis
963 5459 1164 5532 palmas
1186 5499 1201 5521 ,
1221 5475 1343 5532 qua:
1363 5475 1551 5515 eorum
1577 5471 1787 5516 tantum

212 5527 292 5603 qui
318 5532 402 5586 vel
436 5533 487 5584 in
517 5527 834 5603 olympiacis
857 5569 872 5589 ,
919 5528 1005 5582 vel
1037 5529 1086 5582 in
1116 5529 1446 5603 gladiatoriis
1477 5532 1618 5586 ludis
1650 5534 1791 5588 vice-

213 5599 348 5659 rant.
384 5599 600 5669 pra-mia
633 5610 818 5662 erant,
853 5614 1011 5653 manu
1042 5599 1241 5668 gestari
1285 5602 1474 5656 solitas
1519 5622 1530 5657 :
1577 5613 1630 5657 at
1660 5620 1790 5660 vero

219 5677 474 5744 palmata,
507 5671 559 5725 id
601 5684 712 5744 est,
750 5681 885 5744 toga:
931 5670 1260 5744 palmisacu
1309 5672 1466 5740 pictis
1489 5715 1504 5733 ,
1539 5675 1652 5729 sive
1677 5718 1690 5735 .
1738 5687 1794 5731 ut

220 5741 366 5815 aliqui
398 5745 616 5804 volunt,
664 5742 788 5796 latis
833 5741 1296 5815 clavisdistinetm
1347 5746 1790 5815 triumphantium

220 5813 515 5884 ornamenta
537 5823 724 5877 erant;
750 5813 1202 5884 quemadmodum
1220 5813 1524 5884 prtetextas,
1549 5835 1668 5884 qua:
1695 5825 1795 5875 hoc

225 5885 324 5958 ipso
351 5887 468 5941 loco
499 5886 876 5950 nominantur,
915 5883 1017 5936 hoc
1048 5897 1128 5937 est
1149 5925 1161 5940 .
1200 5883 1409 5941 tunicas
1441 5889 1620 5944 limbis
1665 5905 1792 5956 pur-

1892 4853 1948 4900 et
1984 4844 2196 4898 ratione
2239 4842 2626 4897 comminuitur
2668 4851 2730 4895 ut
2767 4839 2965 4910 pulvis,
3008 4853 3115 4893 non
3166 4837 3219 4891 in
3265 4834 3496 4891 nihilum

1892 5039 2076 5108 pureis
2107 5038 2426 5112 decoratas,
2480 5043 2892 5112 magistratuum
2939 5035 3306 5112 acgnobilium
3358 5052 3494 5108 pue-

1893 5124 2074 5164 rorum
2101 5121 2286 5166 vestes
2317 5110 2485 5167 fuisse
2515 5109 2854 5183 cohipertum
2876 5119 2981 5165 est.
3006 5109 3160 5183 Quod
3188 5119 3366 5164 autem
3393 5124 3494 5177 pro

1891 5191 1983 5254 aut
2010 5183 2225 5254 nitentes
2244 5200 2393 5248 auro,
2421 5185 2603 5254 plures
2631 5181 2761 5239 tnss.
2788 5184 3008 5254 habent,
3028 5181 3311 5234 annitentes
3337 5196 3490 5254 auro,

1893 5250 1998 5307 hoc
2029 5253 2102 5308 ita
2136 5264 2315 5322 potest
2349 5250 2638 5324 explicari,
2681 5271 2745 5311 ac
2780 5253 2826 5308 si
2863 5254 3169 5324 legeretur,
3209 5267 3338 5306 auro
3378 5251 3492 5321 suf-

1895 5324 2044 5392 fulta:
2072 5341 2132 5379 ac
2159 5327 2401 5394 rigentes.

1970 5406 1992 5432 ο
2035 5397 2164 5451 Cod.
2203 5386 2338 5452 Vict.
2367 5406 2423 5452 et
2447 5396 2602 5452 Colb.
2623 5440 2638 5459 ,
2666 5398 2913 5451 Asserunt
2937 5395 3074 5464 quod
3099 5410 3158 5447 ea
3184 5409 3299 5464 qua:
3337 5403 3491 5448 natu-

1897 5467 2077 5522 raliter
2121 5468 2430 5534 subsistant,
2473 5471 2680 5522 interire
2724 5469 2956 5538 funditus
3000 5477 3259 5538 nequeant
3297 5481 3488 5538 errare,

1897 5555 2151 5606 quarunt,
2203 5551 2308 5594 etc.
2357 5539 2555 5595 Verum
2605 5539 2721 5594 haec
2763 5540 2926 5593 verba
2971 5539 3152 5608 potius
3191 5537 3349 5590 otiosi
3393 5551 3491 5591 cu-

1895 5610 2130 5682 juspiam
2162 5612 2338 5682 glossa
2373 5613 2656 5682 videntur,
2690 5626 2849 5681 quam
2878 5608 3114 5664 auctoris
3146 5616 3344 5661 textus.

1973 5680 2000 5718 ιι
2036 5680 2434 5750 Μδδξαιίίιιιθι,
2467 5681 2617 5748 Quod
2645 5684 2689 5736 si
2711 5680 2874 5748 impie
2903 5696 3051 5753 agere
3078 5691 3152 5733 est
3192 5690 3495 5753 prmeritu-

1905 5765 2111 5819 turam;
2140 5757 2302 5808 vivere
2329 5769 2446 5825 ergo
2475 5755 2756 5808 secundum
2781 5750 3017 5808 naturam
3047 5767 3138 5804 nec
3163 5751 3357 5819 peccati
3380 5750 3496 5804 loco

1903 5825 2191 5879 habendum
2223 5835 2328 5893 est,
2360 5841 2482 5891 nec,
2509 5835 2615 5879 etc.
