4042 6378
96 332 232 394 949

1357 332 1422 390 ιιι
1463 303 1787 388 pestatem
1831 333 1845 387 l
1890 317 2309 390 nutunutu.

3372 331 3475 383 930

100 463 239 509 tem
276 459 571 532 resurgit,
605 467 688 514 est
709 457 913 527 utique.
939 463 996 511 et
1025 448 1235 516 manet;
1264 449 1359 505 sed
1384 448 1506 518 quia
1533 455 1638 501 non
1661 457 1780 500 cre—
1805 447 1854 508 Α
1883 444 2057 500 adhuc
2097 441 2456 517 cogitantibus
2500 434 2711 499 dicebat
2739 459 2752 497 :
2787 435 2924 512 Quid
2971 433 3206 532 capitalis“
3249 439 3387 496 titala‘
3427 444 3479 495 in

61 603 88 611 _
106 545 280 604 didit
313 551 385 605 in
413 550 720 617 Christum,
747 549 856 620 jam
881 547 1153 618 judicatus
1177 551 1260 599 est
1283 559 1298 606 ;
1327 551 1382 596 et
1412 539 1532 594 ideo
1557 554 1663 593 non
1685 553 1777 592 ve-

105 641 208 696 nit
243 642 311 698 in
347 645 656 716 judicium,
684 658 842 714 quem
869 640 1075 711 peracti
1093 640 1203 711 jam
1221 633 1392 718 .732
1415 641 1598 690 manet
1622 637 1775 704 ptena

106 733 369 805 iudicii.
435 742 505 794 Et
541 739 609 794 de
648 739 1045 793 resurrectione
1075 733 1287 803 quidem
1319 730 1543 801 plurima
1573 729 1782 783 divina-

114 843 268 885 rum
300 831 735 903 Scripturarum
756 837 887 884 sunt
914 825 1243 889 testimonia,
1269 840 1388 894 qua:
1419 837 1524 877 non
1559 829 1782 890 praeter-

115 922 425 979 misimus
465 926 521 980 in
569 923 720 978 libris
768 932 793 960 ο
823 919 1212 976 consolationis
1241 928 1295 971 et
1340 913 1775 971 resurrectionis.

124 1015 219 1072 De
260 1033 343 1072 eo
383 1030 578 1073 autem
616 1014 758 1087 quod
787 1014 862 1069 ait
895 1031 908 1067 :
944 1011 1064 1066 Non
1093 1019 1364 1083 resurgant
1387 1008 1532 1075 impii
1560 1007 1612 1060 in
1629 1006 1779 1076 judi-

124 1113 262 1175 cio;
308 1109 631 1166 secundum
679 1106 1026 1176 Evangelium
1071 1104 1318 1158 absoluta
1365 1101 1630 1155 sententia
1661 1107 1779 1163 est,

127 1204 274 1272 quia
314 1217 443 1256 non
476 1214 663 1254 omnes
697 1199 1105 1270 judicabantur.
1142 1194 1434 1265 Apostolus
1455 1203 1635 1246 autem
1662 1189 1734 1244 ait
1764 1207 1778 1244 :

131 1293 360 1348 Omnes
397 1293 542 1347 enim
567 1301 767 1362 oportet
803 1308 895 1346 nos
923 1301 1058 1344 stare
1077 1301 1196 1342 ante
1217 1285 1443 1342 tribunal
1467 1285 1659 1340 Christi
1683 1326 1696 1349 ,
1728 1289 1784 1338 ut

125 1387 381 1458 recipiat
428 1387 779 1456 unusquisque
817 1385 1032 1457 propria
1079 1382 1345 1452 corporis,
1398 1387 1550 1450 prout
1589 1378 1781 1451 gessit,

125 1480 253 1534 sive
274 1479 515 1545 bonum,
538 1481 642 1536 sive
656 1481 851 1534 malum
870 1478 938 1551 (Il
954 1477 1075 1532 Cor.
1111 1476 1287 1547 util).
1314 1475 1438 1529 Ha-c
1462 1479 1650 1544 putant
1671 1473 1784 1543 ple-

132 1571 318 1642 rique
340 1587 479 1628 esse
505 1573 779 1628 contraria
802 1588 817 1635 ;
851 1585 952 1625 nec
976 1570 1268 1624 advertunt
1295 1567 1417 1637 quia
1435 1565 1688 1620 Salvator
1715 1564 1784 1618 de

128 1665 401 1737 perﬁdis
455 1666 588 1721 dixit
624 1677 788 1736 atque
825 1664 1034 1734 impiis,
1076 1665 1164 1733 qui
1197 1677 1303 1715 non
1339 1657 1690 1714 crediderunt
1728 1656 1784 1712 in

137 1759 475 1814 Dominum
504 1759 709 1814 .Iesum.
735 1759 824 1814 Sic
850 1758 993 1812 enim
1021 1756 1096 1810 ait
1126 1775 1138 1810 :
1171 1756 1276 1821 Qui
1299 1753 1460 1809 credit
1485 1754 1537 1806 in
1557 1768 1658 1814 me.
1681 1767 1784 1805 non

1881 537 2118 591 cordibus
2166 538 2346 592 uestris
2379 534 2592 610 (Matth.
2624 549 2705 604 ix,
2731 533 2822 605 4)?
2851 535 2983 592 Cum
3025 523 3225 591 iudicis
3253 534 3484 601 diceret,

1881 629 2095 684 dicebat
2125 629 2405 692 omnibus;
2442 646 2509 684 ne
2539 630 2659 698 quis
2689 631 2899 699 potaret
2930 627 3073 698 quod
3107 615 3317 682 Occulta
3352 633 3479 697 pos-

1881 727 2003 776 sent
2032 735 2154 775 esse
2190 738 2308 788 qttte
2351 736 2473 776 eum
2520 721 2768 776 fallerent
2791 764 2804 787 ,
2847 735 2914 776 ne
2943 721 3065 791 quis
3099 727 3310 790 putaret
3341 715 3482 788 quod

1881 815 2178 886 parietibus
2229 816 2429 872 clausis
2477 825 2670 871 tc5tcm
2720 815 2921 872 occulti
2963 816 3170 871 erroris
3201 811 3482 886 effugeret.

1881 910 2116 980 ideoque
2147 921 2200 965 et
2227 908 2569 980 Evangelista
2604 918 2828 965 testatur
2859 910 3048 966 dicens
3083 928 3096 964 :
3132 910 3288 964 Iesus
3316 923 3483 964 autent

1882 1004 2063 1058 sciebat
2087 1003 2422 1070 cogitationes
2449 1009 2626 1055 eorum
2652 1001 2805 1072 (Luc.
2832 1019 2906 1069 v1,
2941 1003 3016 1073 8).
3050 999 3332 1070 Quomodo
3354 1015 3486 1070 ergo

1882 1097 1955 1149 ait
1980 1111 1993 1148 :
2022 1093 2166 1147 Libri
2193 1094 2358 1164 aperti
2392 1103 2510 1146 sunt
2533 1094 2557 1147 ?
2582 1092 2694 1148 Non
2733 1098 2917 1164 utique
2945 1104 3249 1147 atramento
3277 1091 3484 1162 scripti,

1883 1188 1978 1244 sed
2011 1188 2252 1257 vestigiis
2277 1187 2620 1252 delictorum,
2638 1195 2691 1241 et
2713 1188 3032 1259 ﬂagitiorum
3059 1189 3484 1256 inquinamento.

1885 1283 2172 1351 Aperietur
2201 1280 2339 1336 liber
2367 1280 2718 1336 conscientia:
2742 1291 2867 1344 tum,
2898 1282 3176 1352 aperietur
3201 1279 3336 1336 liber
3365 1297 3488 1334 cor-

1883 1375 1967 1430 dis
2018 1375 2115 1436 tui,
2145 1375 2300 1442 culpa
2355 1384 2537 1428 nostra
2579 1373 2910 1429 recitabitur.
2951 1375 3040 1428 E51
3087 1373 3159 1428 ibi
3197 1373 3367 1436 liber,
3399 1375 3487 1428 ubi

1885 1479 1967 1526 est
1999 1470 2213 1536 tabula;
2250 1470 2414 1523 immo
2445 1479 2570 1523 sunt
2594 1467 2711 1522 libri
2746 1465 3010 1538 inscripti.
3043 1466 3134 1522 tibi
3155 1475 3280 1522 sunt
3303 1469 3490 1522 inscri-

1888 1575 1992 1633 pta:
2031 1563 2248 1630 labllill‘,
2291 1578 2424 1632 quas
2455 1561 2700 1618 inscribit
2735 1563 2936 1631 Spiritu
2969 1569 3156 1616 sancto
3181 1563 3490 1631 Apostolica

1887 1660 2153 1725 doctrina,
2185 1657 2593 1727 sicntlegimus,
2628 1659 2844 1713 dicente
2883 1655 3048 1712 Paulo
3077 1678 3089 1712 :
3124 1655 3365 1725 Epistola
3397 1675 3490 1710 tto-

1885 1766 1991 1809 slra
2031 1769 2118 1809 vos
2151 1755 2289 1808 estis.
2319 1793 2333 1807 .
2365 1795 2377 1807 .
2408 1797 2421 1807 .
2451 1755 2698 1826 inscripta
2746 1770 2845 1807 non
2884 1763 3168 1807 atramento
3193 1795 3206 1814 .
3241 1753 3332 1806 sed
3371 1751 3468 1821 Spi
3487 1782 3495 1790 -

120 1850 517 1920 judicabitur,
535 1851 621 1920 qui
639 1859 810 1904 autem
831 1866 932 1903 non
949 1846 1128 1912 credit,
1135 1849 1249 1920 jam
1258 1847 1524 1919 judicatus
1542 1857 1637 1910 est,
1656 1846 1776 1914 quia
1807 1841 1854 1908 Β
1883 1849 1983 1900 ritu
2002 1845 2096 1899 Dei
2124 1845 2219 1898 vivi
2247 1861 2266 1899 :
2288 1861 2388 1899 non
2420 1846 2470 1899 in
2504 1846 2688 1899 tabulis
2711 1844 2950 1914 lapideis,
2980 1845 3068 1898 sed
3087 1843 3140 1896 in
3164 1842 3353 1896 tabulis
3381 1859 3495 1895 cor-

137 1959 258 1996 non
288 1943 471 1996 credit
491 1945 545 1996 in
571 1944 776 1997 nomine
798 1942 1044 2011 unigeniti
1075 1939 1201 1994 Filii
1229 1937 1348 1994 Dei.
1376 1938 1491 1992 Hoc
1511 1949 1682 1992 autem
1703 1947 1780 1991 est

127 2036 433 2106 judicium
453 2078 468 2102 ,
513 2039 635 2107 quia
671 2037 805 2090 venit
835 2037 925 2090 luat
948 2038 1002 2089 in
1030 2036 1164 2089 hunc
1191 2034 1468 2098 mundum,
1505 2046 1553 2086 et
1583 2034 1779 2086 dilexe-

142 2137 280 2182 runt
316 2131 496 2200 magis
525 2127 757 2184 homines
789 2135 1020 2184 tenebras
1048 2143 1200 2195 quant
1220 2131 1385 2183 lucent
1403 2143 1423 2194 ;
1459 2136 1605 2181 erant
1639 2127 1779 2181 enim

143 2223 294 2276 mala
349 2224 596 2290 ipsorum
641 2238 798 2292 opera
827 2222 1008 2291 (Joan.
1044 2223 1234 2290 111,18,
1268 2220 1375 2292 19).
1405 2219 1598 2289 Liquet
1619 2217 1780 2290 igitur

145 2317 218 2372 de
251 2317 474 2389 quibus
503 2317 704 2373 dictum
733 2317 831 2384 sit,
866 2317 970 2372 hoc
999 2327 1105 2382 est,
1138 2318 1206 2372 de
1235 2316 1299 2371 lis
1328 2317 1418 2386 qui
1451 2328 1558 2370 non
1602 2315 1780 2370 credi-

144 2410 370 2467 derunt
412 2411 468 2465 in
514 2411 798 2464 Dominum
833 2409 1037 2465 Iesum.
1083 2403 1374 2480 Apostolus
1419 2419 1634 2478 quoque
1667 2407 1773 2462 etsi

146 2504 297 2560 dixit
320 2521 546 2569 omnes,
575 2503 644 2559 de
673 2504 740 2558 iis
767 2507 954 2573 utique
981 2504 1120 2558 dixit
1147 2504 1236 2573 qni
1275 2502 1644 2568 crediderunt,
1684 2501 1779 2556 sed

148 2611 391 2653 actuum
419 2613 638 2652 suorum
663 2598 928 2652 rationem
955 2596 1010 2651 in
1029 2597 1118 2651 die
1135 2596 1318 2665 judicil
1346 2594 1608 2650 reddituri
1631 2595 1777 2649 sunt.

153 2689 426 2759 Denique
468 2691 582 2758 ipse
629 2691 757 2743 alibi
799 2691 877 2744 ait
923 2690 1103 2758 (Rom.
1149 2705 1209 2753 ιι,
1241 2685 1355 2759 15),
1385 2690 1507 2758 quia
1539 2689 1784 2742 teStimoa

158 2783 322 2838 nium
372 2783 727 2838 conscientia:
771 2793 974 2838 nostra;
1003 2783 1054 2836 in
1095 2783 1182 2836 die
1208 2783 1396 2852 jndicii
1431 2783 1776 2848 revelabitur,

157 2892 294 2931 cum
325 2876 564 2931 invicem
592 2876 950 2945 cogitationes
988 2887 1190 2930 nostrae
1219 2886 1314 2928 aut
1340 2875 1674 2930 accusabunt
1701 2889 1777 2937 se,

162 2978 228 3023 ut
275 2969 546 3036 scriptum
594 2977 679 3022 est
703 3007 718 3032 ,
749 2978 840 3022 aut
870 2966 1192 3028 defendent,
1231 2975 1288 3020 et
1315 2967 1575 3035 patebunt
1604 2966 1784 3021 cordis

161 3060 418 3116 occulta.
448 3059 588 3128 Quid
629 3070 809 3114 autem
854 3059 956 3114 ltoc
993 3059 1295 3114 evidentius
1336 3059 1477 3129 quod
1503 3059 1574 3112 ait
1603 3058 1731 3112 alibi
1768 3078 1781 3114 :

170 3152 373 3206 Omnes
408 3151 614 3222 quidem
656 3167 1012 3224 resurgemus,
1045 3154 1134 3205 sed
1169 3168 1271 3206 non
1299 3165 1472 3205 omnes
1495 3152 1786 3206 immutabi-

1882 1945 1963 1996 dis
2013 1942 2312 1996 carnalibus
2364 1942 2426 2009 (II
2471 1938 2588 1995 Cor.
2620 1953 2699 2005 ιιι,
2726 1939 2762 1993 2
2789 1953 2832 1993 et
2864 1939 2941 2010 ⁸5).
2973 1938 3111 1994 Suttt
3138 1954 3266 2009 ergo
3299 1936 3493 1991 tabula)

1880 2035 2061 2091 cordis
2085 2037 2356 2106 inscripta:
2386 2025 2546 2106 763
2572 2034 2772 2104 Spiritu
2796 2045 3013 2096 sancto,
3043 2032 3159 2086 ista:
3188 2027 3492 2084 recitaban—

1882 2141 1988 2187 tttr.
2022 2131 2078 2186 Si
2110 2131 2246 2186 bene
2278 2133 2471 2200 egeris,
2509 2129 2746 2184 manebit
2792 2129 3092 2198 Scriptura.
3130 2126 3265 2180 Vide
3293 2143 3359 2179 ne
3392 2125 3493 2178 [01-

1886 2227 1963 2280 las
1991 2226 2224 2296 Spiritus
2255 2225 2426 2278 sancti
2458 2225 2715 2293 gratiam;
2748 2222 2868 2276 vide
2891 2237 2958 2276 ne
2979 2221 3186 2284 deleas,
3209 2231 3264 2274 et
3287 2219 3493 2272 scribas

1883 2321 2186 2374 atramento
2217 2305 2414 2388 ﬂagitia
2445 2327 2554 2382 tua,
2587 2331 2654 2372 ne
2684 2317 2860 2370 veniat
2893 2313 3008 2376 dies
3031 2312 3242 2385 judicii,
3267 2325 3320 2366 et
3346 2310 3494 2365 dicat

1881 2411 2057 2468 Judex
2087 2429 2099 2464 :
2137 2413 2452 2466 Recitenlur
2492 2409 2638 2474 libri,
2671 2411 2968 2464 recitentur
2995 2405 3193 2462 tabulu-
3217 2417 3490 2477 gestorum

1883 2505 2029 2574 ejus;
2063 2513 2116 2557 et
2153 2503 2296 2557 dicat
2323 2503 2418 2557 tibi
2447 2522 2458 2554 :
2489 2501 2598 2572 Ego
2629 2503 2822 2572 scripsi
2854 2487 3064 2556 tabulas
3099 2512 3236 2563 tuas,
3268 2513 3365 2552 cur
3400 2498 3494 2552 de-

1884 2597 2004 2652 lesti
2035 2599 2216 2668 apices
2248 2595 2442 2650 meos?
2472 2596 2583 2665 Ego
2624 2593 2816 2666 scripsi
2864 2595 3002 2649 dona
3039 2609 3181 2656 mea,
3216 2593 3492 2662 quomodo

1885 2692 2077 2746 delesti
2108 2705 2332 2744 munera
2362 2703 2502 2754 mea,
2524 2695 2580 2742 et
2609 2687 2874 2756 scripsisti
2901 2685 3190 2756 opprobria
3221 2682 3346 2737 tua?
3377 2683 3494 2736 Non

1885 2783 2059 2853 legisti
2107 2783 2230 2852 quia
2278 2779 2496 2836 scribo?
2549 2779 2662 2833 Non
2707 2779 2800 2833 tibi
2839 2779 2950 2833 dixi
2995 2795 3088 2846 per
3115 2791 3177 2831 os
3206 2773 3493 2844 Propheta:

1888 2877 1992 2930 mei
2025 2893 2037 2928 :
2088 2873 2292 2943 Lingua
2327 2881 2440 2928 mea
2481 2873 2709 2926 calamus
2752 2871 2932 2925 scribae
2958 2869 3194 2924 velociter
3230 2861 3498 2923 scribentis

1889 2967 2062 3040 (Psal.
2095 2981 2240 3033 χιιι,
2272 2968 2327 3036 “2.)
2353 2983 2367 3030 ;
2398 2968 2653 3036 judicium
2687 2973 2863 3018 autem
2895 2961 3054 3017 Verbi
3087 2971 3190 3018 est.

1961 3061 2048 3116 55.
2091 3059 2248 3113 Multi
2295 3076 2413 3131 ergo
2456 3058 2817 3111 dormientium
2860 3057 2912 3110 in
2959 3055 3156 3109 tumulo
3198 3055 3350 3108 terra:
3379 3070 3494 3106 sur-

1889 3166 2044 3226 gent,
2095 3155 2181 3223 qui
2230 3153 2356 3206 bene
2391 3159 2634 3222 egerunt,
2677 3151 2730 3206 in
2767 3151 3194 3205 resurrectionem
3217 3148 3332 3200 vitw
3361 3160 3379 3200 :
3409 3144 3497 3216 qui

168 3263 292 3301 mur
327 3246 372 3315 (Ι
399 3244 520 3300 Cor.
556 3263 645 3313 xv,
681 3245 805 3321 15):!
828 3246 1262 3302 immolabantur
1287 3246 1433 3302 enim
1462 3244 1593 3313 justi
1619 3247 1669 3300 in
1699 3247 1782 3300 itt-
1813 3243 1857 3306 C
1891 3247 2023 3302 male
2070 3256 2280 3318 egerant
2303 3289 2318 3311 ,
2366 3247 2418 3298 in
2458 3246 2882 3299 resurrectionem
2912 3239 3103 3314 jadicii
3141 3240 3317 3313 (Joan.
3348 3255 3402 3303 ν,
3425 3238 3494 3295 28

169 3340 632 3408 corruptionem,
683 3349 936 3394 n‘tanente
1003 3339 1248 3409 corporis
1300 3341 1546 3394 veritate.
1600 3338 1786 3392 Daniel

170 3447 400 3502 quoque
446 3432 576 3487 dicit
627 3450 641 3485 :
688 3430 956 3487 Iudicium
1003 3431 1155 3496 sedit,
1202 3441 1248 3485 et
1297 3431 1412 3485 libri
1461 3432 1628 3502 aperti
1668 3440 1787 3484 sunt

175 3523 350 3595 (Dan.
383 3540 476 3590 vn,
515 3525 625 3596 10).
658 3524 907 3581 Ostendit
937 3541 1068 3595 ergo
1095 3525 1353 3594 judiciunt
1384 3526 1643 3590 futurum,
1669 3539 1786 3578 ma-

175 3619 328 3673 xime
353 3634 477 3674 eum
505 3619 636 3674 alibi
663 3619 805 3674 idem
829 3621 1002 3673 dicat:
1030 3618 1186 3672 Multi
1210 3621 1296 3688 qui
1316 3620 1492 3673 sedent
1513 3619 1565 3672 itt
1590 3620 1786 3672 tumulo

177 3709 362 3778 terret,
390 3725 662 3784 exsurgent
683 3755 697 3780 ,
727 3716 810 3769 isti
841 3717 896 3768 in
923 3715 1077 3768 vitam
1104 3726 1378 3779 (sternam,
1424 3725 1471 3768 et
1501 3715 1586 3768 isti
1617 3715 1668 3767 in
1697 3731 1788 3786 op-

178 3806 449 3877 probrium
507 3817 556 3860 et
606 3809 963 3875 confusionem
1017 3818 1298 3874 aeternam;
1348 3817 1396 3860 et
1441 3808 1788 3877 intelligentes

182 3897 524 3966 splendebant
550 3899 680 3952 sicut
709 3898 955 3970 splendor
980 3901 1114 3965 ctuti,
1139 3909 1186 3954 et
1213 3899 1276 3953 de
1294 3899 1453 3971 justls
1482 3899 1632 3952 multi
1659 3899 1790 3952 sicut

184 3990 352 4044 stella
379 3991 617 4045 lucebunt
639 3988 801 4062 (Dan.
833 4008 928 4058 ιιιι,
953 3991 990 4045 2
1010 4001 1057 4044 et
1083 3993 1165 4060 5).

259 4081 352 4136 52.
385 4081 538 4151 Quod
572 4083 711 4137 istud
744 4095 828 4138 est
865 4083 1125 4153 judicium
1167 4082 1472 4138 sedentium
1511 4081 1786 4152 judicum,

187 4185 245 4231 et
269 4176 360 4247 qui
391 4176 514 4232 libri
536 4178 739 4248 aperti,
770 4179 872 4232 nisi
903 4176 1251 4231 conscientia:
1286 4185 1515 4236 uestrae,
1551 4175 1695 4229 velut
1723 4174 1786 4229 li-

189 4269 272 4326 bri
297 4277 641 4340 peccatorutn
661 4281 967 4324 nostrorum
986 4272 1181 4324 seriem
1201 4268 1577 4323 continentes?
1592 4269 1791 4334 Quant-

191 4379 350 4434 quam
400 4362 501 4418 ltoc
542 4363 714 4432 ipsum
759 4362 864 4418 vile
892 4365 965 4417 sit
991 4361 1261 4417 aestimare
1285 4363 1438 4432 quasi
1470 4360 1685 4415 humani
1717 4359 1792 4415 si-

193 4456 545 4526 milejudicii.
569 4456 728 4512 Aliud
753 4465 836 4511 est
859 4457 1055 4512 Christi
1077 4455 1363 4524 judicium.
1392 4453 1481 4509 tibi
1504 4453 1789 4508 conscien-

195 4551 262 4604 tia
299 4550 410 4621 ipsa
443 4565 502 4606 se
530 4547 732 4623 prodit,
763 4565 884 4620 qua:
909 4549 1076 4606 latere
1103 4565 1208 4605 non
1242 4559 1414 4619 potest
1451 4549 1783 4603 occultorum

196 4645 450 4701 arbitrum
489 4664 501 4700 :
545 4647 636 4701 ubi
681 4647 1038 4717 cogitationes
1080 4647 1262 4701 lucent
1302 4645 1440 4713 apud
1489 4659 1648 4709 eum,
1694 4643 1783 4712 qui

1890 3352 1937 3396 et
1963 3340 2075 3410 29).
2110 3340 2262 3407 Quod
2300 3339 2484 3393 Daniel
2520 3338 2596 3392 ait
2624 3357 2636 3392 :
2667 3341 2719 3392 in
2748 3339 2900 3392 vitam
2929 3348 3211 3400 (sternam;
3245 3333 3349 3389 ltoc
3370 3332 3492 3388 Sal-

1893 3446 2083 3489 vator:
2132 3436 2184 3488 in
2237 3435 2659 3488 resurrectionem
2697 3433 2842 3497 vitaz,
2867 3431 3024 3486 dixit.
3066 3425 3199 3484 Item
3243 3429 3384 3499 quod
3421 3429 3496 3484 ait

1895 3520 2110 3586 Daniel:
2133 3531 2186 3583 in
2211 3525 2545 3599 Opprobrium
2570 3540 2615 3582 et
2638 3528 3028 3601 confusionem;
3050 3525 3300 3580 Salvator
3324 3519 3492 3577 dixit:

1891 3624 1944 3676 in
1987 3623 2410 3677 resurrectionem
2441 3621 2651 3695 judicii.
2689 3620 2842 3675 Unde
2871 3636 2976 3672 non
3003 3619 3219 3688 exiietlit
3249 3615 3404 3670 nobis
3426 3603 3495 3670 ad

1887 3715 2147 3786 judicium
2191 3718 2408 3782 venire,
2439 3725 2493 3771 et
2518 3733 2624 3770 non
2663 3711 2884 3786 expedit
2915 3731 3020 3768 non
3055 3714 3273 3776 venire;
3307 3727 3374 3764 nc
3403 3720 3495 3764 aut

1896 3812 2246 3881 prtcdamnati
2294 3809 2595 3874 videamur,
2626 3819 2718 3862 aut
2748 3810 2798 3861 in
2830 3801 2930 3861 bac
2961 3806 3084 3860 labe
3114 3807 3365 3859 vitiorum
3398 3819 3492 3856 su-

1893 3908 2116 3963 beamus
2141 3907 2271 3959 tanti
2298 3903 2509 3974 pondus
2527 3903 2735 3972 jndicii.
2763 3902 3032 3972 i’rOpbcta
3065 3909 3220 3968 rogat
3242 3916 3306 3952 ne
3331 3900 3496 3952 intret

1896 4000 2155 4055 Dominus
2179 3999 2229 4054 in
2255 3998 2516 4067 judicium
2543 4013 2662 4049 cuin
2695 4011 2853 4050 servo
2876 4010 2974 4048 suo
2997 3992 3172 4066 (Psal.
3199 4007 3364 4057 CXLII,
3393 3991 3490 4062 2);

1893 4102 2092 4164 quanto
2125 4093 2296 4160 magis
2319 4103 2417 4144 nos
2444 4088 2704 4158 jndiciuin
2741 4086 2953 4140 Domini
2985 4085 3177 4140 timere
3199 4085 3497 4139 debemus?

1895 4187 2045 4242 Pone
2064 4186 2196 4258 quia
2221 4184 2528 4239 misericors
2557 4177 2817 4234 Dominus
2847 4180 3089 4248 igttosCet
3115 4195 3128 4230 :
3153 4185 3353 4248 quanta
3374 4193 3500 4249 pro-

1894 4281 2092 4336 dentur
2121 4295 2240 4349 quzr
2273 4278 2438 4331 latere
2466 4273 2790 4328 credebam?
2813 4272 2910 4341 Qui
2936 4271 3128 4342 pudor,
3161 4287 3280 4342 quin
3303 4270 3497 4326 coniu-

1891 4373 1974 4430 sio
1999 4375 2103 4428 erit
2129 4371 2280 4434 mihi,
2314 4384 2435 4424 cum
2466 4371 2512 4423 is
2537 4383 2628 4438 qui
2653 4367 2786 4421 alios
2813 4364 3108 4436 proﬁtebar
3129 4363 3350 4432 docere,
3383 4366 3498 4435 ipse

1893 4470 1944 4524 in
1975 4483 2046 4524 eo
2072 4463 2472 4537 deprehendar,
2506 4463 2560 4515 in
2590 4477 2696 4532 quo
2720 4461 2854 4514 alios
2876 4459 3166 4529 arguebam
3189 4459 3213 4514 ‘l

1961 4566 2051 4618 54.
2085 4561 2153 4616 Et
2191 4561 2315 4615 ideo
2340 4559 2595 4628 quoniam
2625 4566 2679 4610 et
2710 4555 2960 4610 Salvator
2988 4551 3016 4591 δ
3051 4553 3160 4607 duo
3179 4569 3376 4623 genera
3406 4559 3466 4608 re

1889 4658 2239 4716 surrectionis
2270 4655 2470 4725 posuit.
2499 4661 2553 4708 et
2578 4651 2817 4707 Joannes
2863 4648 2916 4704 in
2949 4648 3273 4721 Apocalypsi
3309 4647 3449 4704 dixit
3479 4669 3491 4705 :

267 4789 292 4818 ι
318 4779 564 4851 lntcllige
591 4778 759 4834 libros
791 4777 866 4832 De
894 4779 1070 4848 fratris
1091 4777 1261 4841 obitu,
1290 4786 1344 4832 et
1369 4774 1447 4830 De
1474 4775 1577 4846 ﬁde
1603 4775 1792 4831 Resur-
1820 4778 1871 4838 D
1896 4774 2016 4851 tulit
2073 4772 2304 4851 Sanctus
2353 4779 2538 4850 noster
2560 4765 2720 4851 ;nsed
2767 4764 3297 4851 etiamncomplures
3347 4765 3491 4851 alios

198 4853 450 4907 rectionis.

265 4923 293 4961 ι)
318 4923 544 4978 Videtur
584 4921 673 4976 hic
718 4937 823 4976 non
861 4921 1088 4975 multmn
1123 4919 1375 4974 recedere
1406 4929 1624 4972 sanctus
1654 4919 1790 4973 Am-

202 4995 410 5050 brosius
435 4997 503 5049 ab
543 4994 799 5065 opinione
822 4991 1228 5065 Cbiliastaruni.
1251 4987 1422 5065 Nolim
1457 5001 1636 5065 autem
1671 5004 1788 5065 eain

203 5067 466 5134 intelligas
491 5108 505 5126 .
539 5059 640 5132 qua
680 5065 1048 5118 Damasccntts
1073 5061 1167 5115 lib.
1201 5063 1270 5115 de
1299 5061 1605 5134 Haerosibus
1630 5059 1794 5134 tradit

203 5131 527 5206 Origenistas
559 5131 808 5190 docuisse
835 5135 1026 5188 Christi
1047 5151 1255 5206 regnum
1285 5133 1484 5187 tandem
1515 5131 1793 5206 aliquando

205 5203 512 5272 desiturum,
559 5217 607 5261 et
655 5208 808 5260 simul
845 5207 1058 5276 angelos
1105 5203 1390 5267 desituros,
1426 5217 1598 5276 neque
1629 5203 1790 5255 etiam

207 5280 397 5336 Gobari
432 5280 687 5334 tritltcita:
736 5275 1124 5345 blasphemiam
1160 5291 1260 5344 qua
1296 5275 1528 5328 ossi-ruit
1561 5279 1793 5345 cumju-

207 5355 290 5406 stis
320 5361 667 5406 resurrectura
690 5343 890 5420 quoque
919 5348 1091 5400 omnia
1133 5343 1510 5420 animalia,etc.
1543 5343 1646 5420 Sed
1675 5361 1794 5396 eam

244 5441 301 5476 ua
330 5423 644 5478 dicebantur
673 5415 814 5486 iusti
834 5420 1053 5490 primunt
1079 5421 1305 5473 omnium
1327 5415 1588 5490 revicturi,
1613 5426 1659 5468 et
1683 5431 1798 5490 cum

233 5486 404 5548 .‘hristo
429 5495 482 5547 in
511 5509 709 5546 summa
743 5486 867 5560 pace
902 5506 961 5542 ac
982 5491 1242 5556 voluptate
1263 5488 1523 5560 regnaturi
1545 5503 1634 5556 per
1662 5486 1800 5560 mille

209 5581 396 5631 annos;
424 5574 536 5632 post
582 5563 716 5632 quod
743 5555 980 5629 spatium
1025 5555 1169 5629 ﬁeret
1207 5555 1798 5632 resu'rrectiogenei'alis

211 5648 350 5704 atque
376 5629 674 5689 universale
707 5634 981 5703 judicium.
1016 5633 1165 5698 Quod
1198 5633 1414 5704 qnitlettt
1437 5629 1542 5683 etsi
1573 5629 1800 5704 Ambro-

213 5697 287 5761 sio
309 5697 814 5770 tribueretnus,imn
838 5714 981 5757 esset
1003 5697 1100 5755 cur
1122 5697 1303 5756 mirari
1329 5702 1609 5771 quisquam
1635 5697 1799 5771 (lebe-

214 5789 306 5832 ret.
335 5781 555 5833 Certum
587 5767 729 5829 enim
762 5783 844 5828 est
871 5775 922 5828 in
947 5789 1006 5827 ea
1031 5773 1286 5841 Opinione
1315 5767 1419 5826 non
1448 5767 1652 5824 tantum
1681 5767 1802 5822 Ori-

216 5865 396 5923 genem
434 5849 588 5920 cujus
617 5846 882 5915 sententia
931 5844 1160 5907 subinde
1189 5844 1239 5908 in
1268 5845 1466 5917 scripta
1496 5857 1590 5898 sua
1620 5853 1797 5898 trans-

1896 4845 2063 4900 fnisse
2108 4841 2285 4910 magni
2316 4841 2552 4893 nominis
2581 4840 2768 4893 Patres
2798 4848 2909 4891 tum
2941 4835 3161 4910 Graecos
3203 4845 3312 4910 tum
3344 4835 3496 4889 Lati-

1899 4931 2018 4971 nos.
2043 4906 2246 4968 Horum
2279 4912 2581 4965 reverentia
2608 4910 2854 4966 eamdem
2885 4909 3206 4961 sententiam
3235 4906 3500 4962 damnare

1899 5004 2003 5040 non
2048 4985 2163 5038 attsi
2200 4994 2324 5036 suttt
2367 4983 2586 5036 llicron.
2634 4985 2684 5036 in
2724 4980 2972 5035 Jcretnia:
3028 4993 3138 5040 XIX,
3167 4977 3253 5041 li,
3285 4988 3336 5030 ct
3382 4975 3496 5031 Αιι-

1897 5065 2038 5128 gust.
2073 5057 2164 5110 lib.
2187 5071 2282 5128 χιι,
2306 5069 2424 5128 cap.
2456 5053 2510 5116 7,
2544 5055 2634 5122 qni
2656 5054 2768 5128 rboc
2797 5052 2912 5128 ipso
2954 5049 3074 5128 loco
3101 5048 3234 5128 satis
3257 5047 3499 5103 declarat

1900 5120 2032 5182 nihil
2082 5128 2134 5180 in
2185 5127 2284 5180 lioc
2333 5120 2584 5193 dogmate
2623 5125 2722 5178 sibi
2765 5120 2933 5190 magis
2973 5120 3294 5193 displicere,
3331 5135 3494 5187 quam

1900 5198 2043 5270 quod
2099 5199 2216 5270 istic
2253 5190 2524 5270 Spiritiiles
2568 5198 2866 5270 voluptates
2912 5207 3017 5270 non
3047 5190 3496 5270 admitterentur;

1899 5260 1991 5326 sed
2012 5271 2078 5324 ab
2099 5260 2386 5324 Ambrosio
2411 5275 2568 5334 atque
2600 5260 2719 5319 aliis
2751 5262 3068 5332 quibusdam
3095 5260 3241 5334 ipsas
3285 5262 3499 5334 ailmitti

1903 5341 2142 5412 potuisse
2190 5341 2314 5393 hinc
2363 5331 2584 5412 intelligi
2617 5336 2778 5412 (latitr
2803 5375 2817 5397 ,
2851 5335 2991 5412 quod
3026 5334 3141 5401 ipse
3167 5331 3496 5412 Augustinus

1904 5403 2098 5468 ibidem
2149 5412 2379 5466 fateatur
2418 5426 2477 5463 se
2522 5409 2641 5461 illas
2679 5406 2804 5458 dum
2845 5405 2996 5473 prius
3021 5419 3142 5457 cum
3179 5403 3498 5458 millenat-iis

1903 5487 2168 5548 sentiret,
2207 5481 2512 5536 ιιάιιιίςίδδρ.
2541 5477 2692 5545 Quod
2731 5485 2861 5548 vero
2892 5491 2997 5548 non
3030 5474 3260 5548 obscure
3288 5474 3500 5530 videtur

1906 5557 1991 5610 ltic
2026 5567 2079 5610 et
2108 5545 2240 5608 inira
2274 5568 2419 5606 nttm.
2483 5549 2552 5603 56
2583 5558 2740 5617 atque
2774 5546 2901 5617 alibi
2931 5545 3113 5598 doceri
3147 5558 3334 5596 omnes
3364 5559 3497 5612 pec-

1903 5637 2118 5682 calores
2157 5628 2244 5694 qui
2294 5626 2344 5677 in
2373 5616 3029 5694 Christumcrediderint,
3060 5624 3179 5685 post
3207 5630 3501 5694 capiti-gata

1905 5716 1999 5768 per
2032 5683 2206 5767 ignem
2237 5695 2462 5749 crimina
2481 5689 2780 5768 salvandos
2808 5702 2951 5768 esse,
2985 5683 3089 5740 non
3122 5683 3281 5768 ino'do
3316 5683 3504 5759 Orige-

1905 5755 1986 5824 iliS
2016 5755 2352 5836 aiiorumquc
2385 5761 2701 5836 mnltorutn_
2721 5758 2964 5836 ejusdem
2994 5758 3170 5836 uitatis
3195 5755 3504 5836 Patroni»;

1903 5841 2168 5898 sententia
2210 5826 2329 5906 luit,
2361 5843 2548 5891 verum
2592 5840 2648 5888 et
2689 5826 2972 5904 ipéittsmct
2999 5826 3312 5900 Hieronymi
3357 5829 3450 5886 lib.
3485 5843 3506 5890 t
