4042 6378
114 312 258 371 955

1282 322 1352 380 ΙΝ
1394 323 1720 382 PSALMUM
1761 325 1960 386 XXXV
2001 328 2426 388 ENARRATIO.

3387 333 3495 391 954

116 438 264 506 tiae,
322 441 458 498 nisi
503 456 897 515 cognoscamus
936 459 1056 517 quae
1103 445 1174 502 sit
1207 447 1508 519 iniquitatis
1546 447 1789 520 efﬁgies;
1825 455 1876 517 Α
1902 450 2094 518 titiam,
2127 461 2188 510 ut
2210 453 2466 521 diximus,
2497 453 2738 525 psalmus
2762 454 2850 512 hic
2879 453 3114 525 scriptus
3141 461 3259 514 est:
3287 463 3342 512 et
3372 454 3496 512 ideo

114 541 282 586 sunt
347 538 518 592 enim
559 536 661 592 sibi
708 537 952 594 adversa:
998 549 1158 610 atque
1205 541 1510 597 contrarie.
1554 542 1796 613 Namque

121 623 194 678 in
256 627 473 684 altera
510 630 740 702 simplex
783 631 1043 688 habitudo
1073 641 1301 699 naturze,
1345 633 1398 688 in
1436 634 1603 690 altera
1635 635 1796 691 fallax

118 722 443 776 versutia
491 724 742 794 nequitia:
773 741 785 778 :
815 724 920 779 alia
958 726 1213 781 virtutum
1246 727 1514 798 imagines
1553 727 1793 797 prtcl‘ert,

129 817 162 847 ει
188 811 324 868 alia
360 815 642 872 vitiorum
681 819 1008 873 commercia
1039 819 1343 888 praatendit.
1373 819 1675 877 Convenire
1703 837 1799 876 au-

126 912 268 960 tem
310 908 488 964 hunc
515 911 758 968 ordinem
791 923 845 968 et
873 915 988 984 ipsa
1011 915 1149 970 ratio
1173 916 1366 983 docet;
1401 927 1456 971 et
1493 919 1537 972 si
1568 917 1636 972 de
1665 931 1798 973 con-

133 999 365 1055 trariis
413 1003 682 1057 sumenda
726 1013 853 1059 sunt
882 1006 1214 1069 testimonia.
1250 1008 1350 1076 ipsi
1390 1008 1642 1064 doctores
1680 1007 1800 1079 phi-

134 1094 469 1167 losophiae
493 1101 727 1156 confessi
756 1111 902 1168 sunt,
943 1103 1070 1158 dum
1113 1117 1430 1176 sequuntur.
1457 1105 1590 1174 Quis
1619 1114 1797 1162 autem

138 1189 397 1247 dubitet
456 1194 613 1262 longe
651 1197 981 1253 anteriorem
1033 1198 1289 1254 Davidem
1342 1199 1582 1254 Platonis
1633 1199 1798 1255 luisse

136 1285 556 1354 temporibus,
601 1304 765 1358 quem
815 1304 921 1346 non
969 1291 1146 1346 solum
1173 1291 1481 1362 bmagister
1508 1293 1656 1362 ejus;
1703 1291 1798 1348 sed

137 1392 262 1432 nec
299 1379 403 1434 avi
436 1382 660 1451 quidem
691 1399 916 1439 avorum
941 1386 1059 1456 ejus
1089 1386 1274 1442 videre
1305 1397 1596 1456 potuerunt
1628 1405 1640 1441 :
1674 1403 1798 1442 cum

133 1471 250 1527 ille
285 1473 350 1528 in
387 1477 668 1548 principio
695 1480 846 1550 regni
874 1479 1367 1537 fueritJudacorum
1394 1481 1566 1552 (quod
1599 1496 1696 1551 per
1717 1481 1800 1536 in-

136 1581 414 1622 numera
434 1585 706 1626 annorum
730 1573 1000 1628 curricula
1025 1585 1382 1645 propagatum
1408 1574 1537 1644 est),
1553 1576 1657 1631 iste
1681 1586 1802 1644 post

142 1668 440 1731 tempora
477 1665 824 1734 captivitatis,
858 1668 1054 1737 quibus
1090 1685 1313 1738 regnum
1343 1671 1522 1741 gentis
1547 1671 1667 1741 ejus
1689 1670 1798 1741 jam

143 1753 361 1811 fuerat
393 1757 748 1815 dissolutum.
783 1761 925 1831 Ergo
957 1763 1072 1832 ipse
1103 1764 1194 1834 qui
1228 1773 1379 1818 tenet
1407 1764 1461 1818 in
1489 1780 1678 1819 omnes
1699 1780 1802 1820 sae-

1903 545 2024 616 plus
2073 558 2326 618 gravatur
2372 547 2630 618 iniustitia
2669 548 3024 621 perﬁdorum,
3070 549 3162 618 qui
3218 547 3493 606 Christum

1898 636 2081 696 Jesum
2110 641 2390 698 Dominum
2426 645 2671 710 recipere
2713 639 3022 712 noluerunt,
3048 659 3172 700 cum
3214 644 3305 700 ille
3335 660 3498 716 prop-

1902 744 1984 789 ter
2013 733 2159 803 ipsos
2186 735 2490 806 susceperit
2535 737 2871 793 servitutem.
2913 736 3051 806 Quid
3083 738 3230 794 enim
3259 748 3368 794 tam
3394 737 3498 793 ini-

1899 844 2084 898 quum,
2133 844 2292 900 quam
2339 830 2584 902 ingratos
2629 833 2796 889 fuisse
2847 833 3012 888 tantis
3063 832 3382 899 beneﬁciis;
3431 841 3492 889 ut

1899 921 2094 993 quibus
2122 921 2213 977 ille
2251 925 2480 980 salutem
2511 925 2688 993 daret,
2723 924 2778 981 hi
2808 926 3129 997 sanguinem
3163 926 3283 996 ejus
3324 925 3500 982 eﬁ‘unv

1899 1016 2134 1072 dereut?
2167 1017 2406 1088 Denique
2434 1019 2564 1074 alibi
2594 1035 2717 1074 cum
2747 1019 2813 1074 de
2842 1033 2938 1074 sua
2969 1019 3222 1089 passione
3249 1019 3504 1089 loquere-

1902 1120 2006 1178 tur,
2046 1111 2114 1167 ad
2140 1112 2498 1168 acervandam
2527 1111 2767 1168 Judaictc
2813 1114 3110 1184 impietatis
3137 1114 3392 1170 invidiam
3423 1113 3502 1172 sic

1901 1202 1977 1256 ait
2009 1221 2021 1256 :
2057 1201 2143 1257 Ne
2168 1214 2368 1260 avertas
2417 1206 2602 1276 [aciem
2647 1214 2789 1261 tuam
2833 1224 2865 1260 a
2905 1223 3063 1277 puero
3100 1216 3190 1261 tuo
3215 1223 3235 1262 .'
3258 1209 3499 1274 quoniam

1902 1294 2142 1361 tribulor,
2168 1296 2406 1351 velociter
2427 1297 2617 1351 exaudi
2645 1314 2790 1351 me...
2818 1297 2992 1368 (Psal.
3010 1313 3195 1364 vant,
3223 1297 3337 1371 18).
3357 1297 3498 1353 Porto

1903 1403 1995 1457 per
2024 1398 2070 1442 et
2099 1387 2276 1443 dolens
2304 1405 2398 1462 ego
2417 1406 2531 1446 sum
2560 1387 2753 1462 (Ibid.,
2781 1389 2899 1461 50).

1974 1483 2028 1538 5.
2080 1481 2235 1548 Veni,
2285 1481 2467 1549 Paule,
2514 1484 2870 1554 interpretare
2916 1483 3095 1550 nobis,
3127 1500 3234 1556 qua
3285 1485 3495 1541 ratione

1904 1573 2166 1629 Dominus
2203 1575 2324 1630 εαξιί
2353 1584 2514 1646 atque
2558 1585 2824 1631 terrarum
2855 1591 2916 1631 se
2947 1591 3237 1647 pauperem
3275 1576 3496 1644 dixerit,

1905 1677 1959 1722 et
2004 1683 2124 1738 quae
2167 1667 2239 1722 sit
2266 1668 2369 1722 ista
2407 1678 2718 1738 paupertas.
2753 1669 2833 1723 Tu
2883 1679 3032 1726 certe
3073 1669 3226 1724 illum
3273 1669 3498 1727 divitem

1905 1760 2086 1816 dixisti
2122 1779 2136 1815 :
2165 1761 2436 1832 quomodo
2471 1761 2614 1818 idem
2639 1763 2795 1818 dives
2819 1771 2872 1818 et
2917 1777 3121 1833 pauper
3157 1763 3277 1818 est?
3303 1763 3505 1820 Audia-

139 1849 385 1905 cularis
454 1852 739 1922 sapientia:
798 1856 1190 1928 principatum,
1248 1873 1370 1912 cum
1428 1857 1637 1913 diceret
1695 1865 2028 1926 noanns
2059 1855 2429 1909 testimonium
2479 1855 2653 1909 Pauli.
2691 1855 2875 1920 Scitis,
2928 1855 3125 1927 inquit,
3153 1857 3378 1927 gratiam
3398 1855 3508 1913 Do-

141 1959 332 2016 posse
371 1945 614 2003 formam
635 1949 860 2019 justitiaa
889 1951 1303 2022 comprehendi,
1335 1952 1441 2007 nisi
1464 1961 1590 2006 ante
1617 1952 1800 2008 discu-

143 2037 422 2093 tiendam
483 2041 763 2110 injustitia:
804 2044 1000 2098 seriem
1059 2043 1434 2113 putavissent,
1489 2046 1798 2115 exemplum

146 2129 357 2185 attulit
392 2133 551 2202 quod
587 2133 626 2188 ii
654 2135 745 2205 qui
787 2136 960 2190 velint
998 2152 1188 2192 aurum
1231 2153 1496 2207 quaerere,
1549 2138 1698 2206 prius
1740 2153 1800 2193 se

149 2221 278 2278 luto
311 2223 623 2280 obliniant.
648 2230 854 2282 Aurum
883 2228 1062 2298 itaque
1087 2229 1314 2298 justitia,
1341 2229 1596 2300 iniquitas
1625 2230 1796 2284 lutum

147 2325 266 2372 est.
301 2316 486 2384 Quod
525 2334 556 2372 a
607 2320 808 2375 nostris
838 2338 1053 2392 quoque
1101 2323 1252 2392 prius
1283 2323 1487 2378 dictum
1529 2339 1650 2379 esse
1688 2340 1795 2378 non

148 2408 409 2466 dubium
445 2421 561 2476 est,
593 2427 716 2466 cum
764 2415 1023 2484 scriptum
1055 2415 1126 2469 sit
1159 2433 1172 2468 :
1205 2414 1273 2469 Ut
1302 2417 1469 2469 lutum
1505 2417 1793 2488 platearum

148 2500 352 2556 delebo
377 2519 480 2556 eos
521 2500 698 2580 (Psal.
733 2519 865 2571 xvn,
897 2503 1014 2575 45).
1041 2506 1107 2560 Ει
1145 2521 1273 2561 vere
1314 2507 1516 2572 lutum;
1543 2509 1668 2578 quia
1698 2523 1794 2564 eos

151 2595 433 2664 inquinat
471 2597 564 2664 qui
593 2597 695 2650 sibi
734 2599 1304 2668 appropinquaverint.
1341 2600 1633 2672 Fugiamus
1660 2617 1792 2672 ergo

155 2686 538 2758 injustitiam,
571 2703 638 2742 ne
667 2687 825 2744 luteis
867 2691 1116 2745 sordibus
1159 2692 1522 2762 inquinentur,
1549 2703 1711 2763 atque
1736 2697 1789 2751 in

156 2784 288 2853 ejus
323 2783 653 2853 voraginem
685 2800 792 2840 non
831 2801 925 2854 pes
957 2790 1150 2841 noster
1180 2787 1442 2854 exterior,
1485 2788 1602 2856 sed,
1643 2789 1788 2858 quod

157 2889 253 2935 est
293 2880 552 2950 gravius,
584 2895 739 2936 mens
785 2891 968 2935 nostra
1015 2892 1305 2952 mergatur.
1341 2883 1407 2938 Et
1451 2885 1787 2953 philosophia

159 2973 403 3044 quidem
449 2989 646 3028 aurum
671 2988 732 3029 se
759 2989 1004 3044 quaerere
1043 2975 1212 3040 dicit;
1260 2976 1353 3030 sed
1381 2976 1549 3032 lutum
1582 2986 1786 3040 versat,

161 3082 296 3135 qua:
348 3066 699 3121 divinitatem
732 3068 928 3137 quzcrit
968 3069 1020 3122 in
1078 3069 1306 3133 statuis;
1353 3069 1450 3124 sed
1477 3083 1601 3124 vasa
1643 3069 1786 3140 ﬁguli

164 3161 328 3229 virga
358 3157 693 3229 confringet.
721 3158 832 3214 Nos
854 3175 1044 3213 aurmn
1076 3161 1390 3230 quarrimus,
1424 3177 1530 3231 quo
1556 3176 1786 3232 corpora

1906 1949 2031 2002 mini
2070 1950 2233 2002 nostri
2259 1948 2385 2004 Jesu
2415 1948 2637 2015 Christi;
2666 1951 2787 2020 quia
2816 1961 3024 2022 propter
3049 1967 3138 2005 vos
3166 1967 3364 2020 pauper
3387 1955 3500 2022 fac-

1905 2052 1989 2096 tus
2015 2053 2107 2110 est,
2151 2059 2265 2096 cum
2289 2043 2427 2097 dives
2456 2053 2622 2108 esset;
2653 2052 2704 2096 ut
2736 2059 2823 2097 vos
2851 2044 2964 2113 ejus
2994 2044 3172 2114 inopia
3203 2043 3499 2098 ditaremini

1905 2135 1972 2207 (ll
1998 2135 2118 2190 Cor.
2149 2152 2262 2202 vui,
2296 2135 2374 2207 9).
2405 2136 2540 2191 Veni
2571 2145 2724 2204 (ιι-ιιι,
2747 2137 2928 2202 Esaia,
2953 2136 3315 2206 interpretare
3343 2137 3502 2192 nobis

1901 2228 2174 2298 quomodo
2219 2244 2278 2284 se
2303 2229 2578 2285 dolentem
2621 2229 2822 2284 dixerit
2848 2228 3123 2294 Christus,
3160 2229 3254 2300 qui
3279 2229 3501 2286 dolores

1901 2319 2185 2375 vulnerum
2217 2335 2412 2376 sanare
2441 2323 2742 2377 consuevit.
2783 2321 3024 2376 Medicus
3050 2324 3221 2390 venit,
3254 2331 3315 2376 ut
3348 2336 3506 2378 cura-

1899 2423 1984 2468 ret
2009 2430 2222 2485 aegros:
2251 2415 2379 2486 quid
2424 2416 2538 2486 ipse
2584 2417 2771 2471 habuit
2811 2417 2954 2487 quod
2999 2417 3254 2473 doleret?
3295 2415 3502 2472 Audia-

1899 2520 2022 2560 mus
2065 2507 2228 2561 etiam
2268 2508 2438 2561 Esaia:
2481 2509 2868 2563 testimonium.
2929 2507 3038 2562 Pro
3082 2507 3247 2576 nobis,
3303 2508 3495 2580 inquit,

1898 2597 2081 2652 dolet:
2122 2608 2170 2652 et
2225 2616 2318 2653 nos
2365 2600 2733 2654 (estimavimus
2792 2617 2906 2653 eum
2958 2617 3069 2654 esse
3113 2601 3167 2654 in
3224 2601 3495 2656 doloribus

1900 2691 2070 2761 (Esai.
2099 2708 2211 2755 un,
2240 2693 2322 2763 4).
2353 2694 2633 2764 Expressit
2654 2693 2844 2748 medici
2869 2692 3140 2760 allectum,
3169 2695 3262 2766 qui
3283 2695 3498 2751 etiamsi

1897 2785 2015 2855 ipse
2074 2788 2280 2842 nullum
2337 2788 2534 2842 vulnus
2591 2787 2783 2844 habuit
2835 2788 2978 2859 quod
3027 2789 3262 2853 doleret,
3315 2799 3494 2844 tamen

1895 2895 2213 2951 compassus
2251 2891 2335 2936 est
2366 2883 2681 2938 vulneratis.
2716 2882 2831 2937 Hoc
2857 2885 3016 2953 igitur
3041 2883 3096 2938 in
3149 2884 3356 2954 psalmo
3386 2885 3495 2940 Do-

1894 2975 2076 3030 minus
2123 2977 2416 3045 exprobrat
2443 2975 2643 3032 Judaeis
2688 2995 2700 3030 :
2738 2977 2852 3046 Ego
2892 2987 3112 3048 propter
3138 2993 3235 3031 vos
3264 2994 3490 3050 pauper,

1893 3082 1995 3138 ego
2026 3083 2123 3137 pro
2153 3069 2307 3124 vobis
2342 3069 2551 3133 dolens.
2582 3081 2637 3126 et
2659 3085 2756 3126 vos
2788 3071 2916 3124 mihi
2945 3086 3136 3126 manus
3181 3071 3378 3141 impias
3410 3075 3495 3128 iu-

1896 3161 2099 3216 tulistis
2133 3161 2378 3220 dicentes
2411 3180 2424 3216 :
2457 3161 2727 3216 Tollomus
2768 3166 2981 3229 iustum,
3025 3164 3147 3233 quia
3173 3164 3374 3218 inutilis
3419 3177 3493 3220 est

166 3261 373 3310 nostra
409 3254 757 3320 mundemus,
801 3253 1280 3311 mortiﬁcationem
1320 3254 1450 3310 Jesu
1479 3255 1681 3310 Christi
1732 3258 1783 3310 in
1812 3253 1858 3314 C
1892 3253 2039 3308 nobis
2073 3254 2228 3326 (Sap.
2275 3271 2334 3321 ιι,
2364 3255 2476 3325 12).
2511 3254 2822 3326 Injiciamus
2851 3255 3049 3328 lignum
3078 3257 3135 3310 in
3166 3274 3351 3329 panem
3379 3261 3489 3331 ejus

167 3361 420 3416 corpore
481 3359 668 3401 nostro
723 3345 1205 3412 circumferentes;
1267 3357 1325 3402 ut
1388 3359 1442 3403 et
1497 3347 1603 3402 vita
1656 3347 1784 3404 Jesu

165 3439 379 3496 Chi-isti
415 3441 474 3495 in
506 3455 738 3510 corpore
783 3452 967 3494 nostro
1005 3441 1394 3496 manifestetur.
1429 3444 1637 3497 Bonum
1684 3458 1784 3497 au-

168 3551 322 3602 rum,
354 3536 582 3604 sanguis
608 3544 694 3589 est
714 3532 943 3599 Christi,
975 3533 1130 3588 dives
1166 3533 1232 3586 ad
1261 3534 1514 3602 pretium,
1549 3533 1786 3603 proﬁuus

165 3630 239 3682 ad
273 3628 574 3683 lavandum
605 3642 767 3682 omne
792 3636 1094 3698 peccatum.
1145 3624 1399 3680 Ordinem
1427 3625 1687 3693 diximus,
1721 3627 1785 3681 ti-

169 3723 350 3778 tulum
373 3720 814 3777 consideremus.

243 3815 304 3870 ‘2.
342 3813 508 3885 (Vers
555 3814 636 3882 1.)
665 3826 687 3851 υ
709 3813 776 3867 lu
803 3814 980 3883 ﬁnem,
1007 3813 1202 3884 inquit,
1233 3828 1377 3866 servo
1408 3810 1620 3866 Domini
1644 3813 1787 3882 psal-

174 3925 292 3962 mus
323 3905 521 3960 David.
554 3905 614 3960 In
655 3915 770 3961 toto
800 3907 1041 3977 psalterii
1084 3922 1315 3978 corpore
1359 3909 1507 3962 solus
1538 3907 1628 3962 hic
1658 3909 1784 3961 titu-

172 4001 262 4057 lus
294 4011 404 4067 est,
443 3999 587 4070 quod
619 4001 884 4070 psalmum
934 4016 1093 4057 servo
1135 4001 1345 4056 Domini
1391 4016 1449 4056 se
1498 4001 1786 4070 scripsisse

177 4102 435 4150 testetur.
493 4091 624 4160 Quis
667 4091 768 4146 iste
815 4100 898 4146 est
948 4107 1137 4146 servus
1187 4094 1412 4156 Domini,
1460 4092 1782 4148 videamus:

173 4186 305 4258 quid
339 4184 536 4256 psalmi
567 4185 738 4239 series
768 4183 1036 4254 signiticet
1061 4203 1074 4237 :
1100 4185 1186 4238 cui
1227 4184 1404 4238 dictus
1431 4184 1516 4238 hic
1544 4185 1784 4255 psalmus

175 4280 286 4336 sit?
315 4278 618 4335 Audiamus
643 4277 710 4332 ad
737 4293 897 4348 quem
922 4277 1170 4349 loquatur
1196 4297 1208 4330 ;
1243 4277 1484 4344 Domine,
1509 4277 1700 4347 inquit,
1728 4278 1783 4332 in

175 4376 304 4432 caelo
341 4373 703 4430 misericordia
738 4383 852 4440 tua,
895 4384 940 4426 et
965 4376 1148 4427 veritas
1180 4384 1267 4426 tua
1301 4390 1460 4443 usque
1500 4378 1568 4426 ad
1598 4374 1777 4428 nubes.

175 4472 399 4526 Justitia
427 4479 517 4524 tua
539 4470 669 4524 sicut
693 4479 888 4524 montes
908 4468 1026 4536 Dei,
1040 4470 1248 4542 judicia
1272 4481 1362 4525 tua
1378 4470 1590 4540 abyssus
1617 4470 1781 4524 multa

178 4563 352 4636 (Psal.
386 4578 552 4628 xxxv,
589 4561 621 4616 6
648 4571 696 4616 et
720 4562 798 4634 7).
829 4562 924 4617 Cui
961 4563 1084 4628 hoc,
1119 4562 1219 4616 nisi
1248 4561 1384 4616 Filio
1415 4563 1507 4618 Dei
1535 4561 1780 4618 dicitur?

1891 3346 2112 3418 (Jerem.
2160 3363 2238 3412 χι,
2269 3347 2378 3419 l9).
2412 3348 2559 3404 Bene
2590 3364 2782 3419 panem
2830 3348 2967 3402 dixit
3009 3363 3106 3416 pro
3134 3364 3298 3404 carne
3346 3349 3488 3419 ejus.

1890 3440 1988 3496 Ille
2038 3441 2354 3498 alimentum
2391 3441 2606 3507 detulit,
2658 3442 2743 3496 isti
2799 3457 2897 3513 pro
2943 3441 3207 3497 bcnelicio
3253 3444 3490 3499 retulere

1889 3534 2231 3604 supplicium.
2257 3533 2376 3589 Non
2405 3535 2599 3589 mirum
2624 3549 2754 3604 ergo
2783 3535 2828 3587 si
2852 3534 3123 3599 esuriuut,
3159 3535 3248 3604 qui
3273 3535 3376 3590 sibi
3407 3536 3486 3591 vi-

1889 3635 1958 3681 ta:
2009 3636 2226 3680 aeterna:
2267 3627 2577 3680 alimoniam
2625 3626 2983 3696 deuegarunt.
3037 3625 3268 3681 Pulchre
3309 3628 3477 3684 etiam

1886 3717 1994 3772 duo
2021 3719 2118 3772 ista
2142 3719 2440 3788 junxerunt
2467 3737 2479 3772 :
2509 3717 2817 3788 lnjiciamus
2846 3719 3040 3789 lignum
3065 3719 3118 3772 in
3147 3735 3332 3790 panem
3353 3722 3484 3791 ejus.

1887 3809 2210 3866 Nesciebant
2231 3811 2358 3881 quid
2383 3811 2737 3882 loquerentur
2759 3810 2954 3878 Judazi,
2982 3823 3032 3865 et
3058 3811 3371 3882 mysterium
3405 3813 3485 3867 lo-
3519 3855 3522 3858 .

1886 3906 2211 3974 quebantur.
2254 3904 2572 3959 Paradisum
2623 3904 2780 3958 nobis
2821 3907 2964 3958 Crux
2995 3903 3229 3958 reddidit
3257 3903 3485 3961 Christi.

1890 3995 2001 4050 lloc
2032 4009 2115 4049 es:
2153 3996 2355 4065 lignum
2399 3996 2543 4066 quod
2578 3996 2708 4051 Adae
2757 3995 3017 4049 Dominus
3063 3995 3482 4064 demonstravit,

1887 4087 2077 4140 dicens
2107 4085 2176 4140 de
2207 4086 2350 4154 ligno
2377 4087 2522 4150 vitae,
2549 4085 2693 4154 quod
2740 4096 2883 4139 esset
2913 4084 2966 4138 in
3013 4085 3193 4139 medio
3227 4087 3482 4155 paradisi,

1886 4176 2153 4231 edendum
2186 4197 2200 4233 ε
2230 4178 2296 4233 de
2317 4177 2463 4248 ligno
2488 4187 2665 4232 autem
2693 4175 2934 4233 scicntia:
2964 4176 3090 4232 boni
3118 4187 3174 4231 et
3202 4179 3352 4245 ntali,
3376 4195 3484 4236 non

1886 4270 2176 4326 edendum.
2206 4273 2419 4326 Erravit
2449 4271 2646 4337 Adam,
2676 4272 2925 4326 mandata
2957 4286 3060 4326 non
3097 4271 3286 4336 tenuit,
3315 4272 3483 4328 inter-

1884 4363 2084 4419 dictum
2114 4366 2367 4434 gustavit.
2401 4365 2561 4438 767
2590 4365 2692 4422 Per
2726 4367 2924 4437 lignum
2951 4366 3216 4434 cmpinius
3246 4366 3485 4434 esurire;

1883 4461 2006 4531 quia
2039 4476 2197 4515 suum
2225 4475 2353 4515 caro
2383 4461 2594 4530 accepit
2622 4460 2958 4516 alimentum.
2980 4457 3108 4514 Ideo
3146 4457 3410 4513 Dominus
3432 4459 3486 4513 in

1882 4554 2104 4611 Christo
2147 4573 2363 4612 carnem
2391 4556 2572 4627 junxit
2605 4565 2661 4611 et
2707 4556 2930 4624 lignum,
2961 4563 3018 4608 ut
3054 4554 3223 4608 fames
3268 4552 3487 4623 antiqua

180 4659 309 4715 llaec
324 4659 470 4714 enim
503 4671 613 4712 non
643 4657 914 4723 humanis,
956 4656 1049 4712 sed
1078 4656 1274 4711 divina:
1319 4665 1448 4711 sunt
1470 4659 1776 4726 potestatis.
1806 4657 1861 4717 D
1885 4659 2146 4718 cessaret,
2175 4652 2298 4705 vitae
2326 4650 2500 4720 gratia
2527 4648 2868 4704 redderetur.
2899 4647 3120 4701 Beatum
3145 4645 3347 4716 lignum
3378 4643 3487 4698 Do-

183 4750 288 4806 Sed
318 4749 448 4821 quid
479 4750 582 4804 sibi
610 4750 724 4804 vult
749 4749 892 4819 quod
942 4764 1102 4804 servo
1130 4750 1340 4804 Domini
1374 4750 1476 4803 dici
1512 4752 1774 4820 psalmum

181 4842 323 4898 hunc
352 4842 518 4914 766
548 4842 730 4896 titulus
757 4841 1049 4896 declaravit
1071 4841 1248 4906 (Psal.
1287 4857 1510 4904 Lxxxtx.
1539 4842 1614 4912 1),
1652 4859 1776 4898 cum

184 4938 483 4992 orationem
517 4933 690 5006 Moysi
720 4933 956 4988 hominis
985 4931 1083 4987 Dei
1123 4933 1396 4999 maluerit,
1427 4949 1588 5004 quam
1637 4933 1779 4989 servi

185 5029 397 5086 Domini
452 5029 504 5082 in
536 5029 840 5097 posteriore
886 5026 1043 5081 titulo
1082 5027 1428 5094 nuncupare?
1473 5027 1614 5096 quod
1648 5041 1778 5098 ergo

187 5121 466 5175 consilium
513 5117 800 5189 Propheta:
829 5117 992 5173 fuerit
1019 5133 1127 5172 non
1173 5117 1440 5188 intelligo,
1471 5118 1559 5172 vel
1602 5118 1780 5188 potius

189 5213 354 5283 ipsius
396 5209 600 5266 domini
651 5209 971 5278 Salvatoris,
1020 5209 1112 5279 qui
1145 5209 1357 5263 locuttts
1406 5216 1493 5264 est
1540 5209 1592 5263 in
1640 5209 1776 5264 Pro-

192 5306 370 5377 pheta.
421 5305 562 5360 Vere
601 5303 803 5373 judicia
846 5305 966 5373 ejus
1006 5305 1145 5359 sicut
1195 5302 1424 5374 abyssus
1483 5303 1674 5369 multa,
1725 5312 1784 5358 ut

195 5413 345 5454 servo
374 5396 836 5454 honoriﬁcentiam
885 5406 1212 5462 reservaret,
1259 5397 1361 5452 sibi
1411 5396 1780 5452 conditionem

197 5491 461 5545 servitutis
489 5490 808 5544 ascriberet.
837 5488 1040 5544 Videor
1071 5489 1200 5544 mihi
1235 5489 1560 5561 intelligere,
1597 5490 1782 5546 videor

197 5584 435 5638 hausisse
459 5583 659 5654 aliquid
685 5583 753 5639 de
781 5584 955 5655 gratia
1001 5584 1255 5654 spiritali.
1295 5586 1573 5641 Adversus
1609 5585 1781 5657 injus-

275 5717 440 5793 f‘M_s_s.
470 5719 700 5793 aliquot,
738 5720 975 5793 vitiorum
1005 5733 1293 5775 commenta
1319 5724 1615 5793 praetendit.

208 5836 214 5842 .
277 5787 301 5855 Ρ
347 5787 751 5862 ῌιιῄθεῒρέαρ,
789 5792 841 5846 id
884 5801 988 5862 est,
1012 5794 1288 5857 Socrates,
1320 5787 1393 5848 'ad
1435 5811 1595 5862 quem
1627 5811 1655 5848 a
1688 5809 1790 5849 rc—

213 5873 312 5928 gno
360 5857 517 5915 David
565 5857 854 5933 efﬁnxere,
892 5859 960 5921 cx
1010 5866 1368 5934 quorumdam
1416 5857 1788 5936 chronologia,

1885 4745 2038 4808 tniui,
2083 4745 2224 4815 quod
2279 4745 2518 4798 omnium
2564 4749 2783 4811 peccata
2827 4740 3093 4794 cruciﬁxit
3121 4756 3133 4791 :
3162 4737 3316 4792 beata
3360 4749 3491 4790 caro

1887 4838 2121 4903 Domini,
2145 4854 2267 4908 qua:
2299 4837 2497 4890 victum
2527 4834 2779 4892 omnibus
2811 4830 3168 4887 ministravit!

1955 4931 2011 4985 4.
2046 4931 2124 4986 De
2169 4938 2483 5000 paupertate
2507 4927 2669 4998 igitur
2715 4935 2764 4981 et
2799 4923 2988 4979 dolore
3021 4919 3232 4977 Domini
3269 4919 3487 4987 idonea,

1885 5035 1942 5079 ut
1973 5024 2225 5089 arbitror,
2260 5033 2569 5077 sanctorum
2619 5019 2942 5091 protulimus
2986 5015 3314 5074 testimonia.
3354 5027 3491 5082 quo-

1886 5133 2006 5172 rum
2034 5117 2172 5171 alter
2201 5115 2336 5170 vidit
2374 5124 2429 5169 et
2456 5113 2613 5178 dixit,
2644 5112 2781 5168 alter
2818 5120 2901 5164 est
2929 5107 3134 5162 electus
3163 5113 3218 5158 ut
3256 5103 3490 5161 diceret.

1888 5209 2133 5281 Ipsorum
2167 5209 2327 5278 igitur
2353 5207 2442 5277 qui
2472 5206 2682 5279 probati
2715 5211 2860 5269 sunt,
2886 5202 2954 5255 de
2980 5199 3243 5254 servitute
3272 5194 3490 5251 Domini

1887 5302 2193 5358 testimonia
2222 5300 2416 5356 iterum
2457 5298 2830 5368 proferamus;
2867 5295 3030 5346 immo
3058 5307 3150 5346 sua
3185 5305 3302 5360 qua:
3328 5288 3396 5343 de
3427 5302 3489 5343 se

1886 5400 2002 5468 ipse
2031 5397 2243 5451 locutus
2276 5396 2326 5448 in
2365 5401 2596 5460 utroque
2623 5399 2728 5444 est.
2763 5387 3056 5441 Audiamus
3084 5399 3214 5454 ergo
3240 5381 3368 5452 quid
3398 5382 3483 5436 di-

1884 5503 1972 5547 cat
2002 5509 2016 5544 :
2049 5490 2142 5546 Sic
2175 5489 2298 5543 dicit
2330 5486 2598 5552 Dominus,
2638 5485 2723 5555 qui
2745 5483 2893 5554 ﬁnxit
2919 5498 2996 5534 me
3022 5497 3087 5535 ea:
3113 5489 3255 5534 utero
3284 5493 3484 5532 servum

1883 5585 1979 5640 sibi
2012 5583 2081 5638 ad
2108 5579 2523 5653 congregandum
2553 5578 2714 5632 Iacob
2759 5586 2806 5630 et
2836 5573 3004 5628 Israel
3048 5573 3116 5627 ad
3145 5587 3262 5626 eum
3304 5567 3481 5642 (Esai.

1898 5723 2027 5779 anni
2051 5721 2175 5777 655.
2199 5720 2351 5788 Quod
2375 5734 2504 5775 vero
2526 5718 2591 5772 ad
2618 5717 2764 5788 regni
2790 5714 3099 5788 .ludacorum
3123 5708 3489 5778 durationetu,

1900 5810 2019 5852 eam
2052 5783 2513 5849 fuisse‘annorum
2542 5789 2648 5846 484
2677 5783 2834 5850 fidem
2870 5783 3103 5840 tradunt.

1977 5877 1998 5901 ν
2024 5865 2182 5921 Rom.
2218 5863 2351 5920 edit.
2387 5863 2806 5932 praetermiserat
2831 5856 3017 5915 vui-em
3049 5853 3305 5908 Psalmus.
