4048 6388
601 313 704 374 935
1959 321 2206 381 SANCTI
2243 315 2564 380 AMBROSII
3630 329 3640 394 ξ
3762 329 3840 386 956

598 443 747 502 x'Lt‘x,
777 436 858 510 5)i
883 437 1226 494 Advenimus
1251 449 1381 507 ergo
1405 439 1546 510 quod
1576 449 1794 510 propter
1818 439 2191 511 congregatio-
2215 443 2265 503 Α
2295 439 2617 508 rogantium.
2650 449 2669 476 ι’
2693 435 2936 494 Servitus
2958 437 3101 494 enim
3131 438 3464 510 stipendium
3493 439 3737 499 libertatis
3753 460 3838 503 est:

602 545 726 586 nem
751 532 953 602 populi,
983 531 1209 586 formam
1237 534 1532 601 susceperit
1559 533 1857 588 servitutis.
1885 531 2193 599 Audis,lu-
2298 531 2626 602 stipendium
2667 537 2848 588 autem
2890 532 3082 587 mortis
3131 534 3447 603 arrogantia
3495 545 3595 590 est.
3634 535 3729 594 Sed
3756 539 3839 609 jam

606 623 744 686 dare.
796 635 850 678 et
877 623 946 679 de
991 625 1159 694 gratia
1188 631 1216 661 η
1241 625 1621 680 contumeliam
1673 627 1878 692 refers;
1911 633 1965 682 et
1996 627 2100 682 hoc
2129 616 2196 681 ad
2300 627 2470 698 ipsam
2503 626 2692 697 psalmi
2724 627 2920 682 seriem
2947 624 3285 682 adoriamur.

602 715 880 786 perfidiam
927 716 1167 781 derivas,
1201 727 1416 787 propter
1443 719 1584 788 quod
1631 719 1799 790 magis
1839 719 2063 775 credere
2098 719 2197 775 de-

606 809 792 863 buisti.
835 810 914 865 Ad
953 819 1002 864 te
1047 811 1346 867 vocandum
1400 814 1568 878 venit,
1625 823 1679 868 et
1727 814 2066 868 conviciaris.
2116 813 2193 869 Es

601 911 757 958 utero
785 917 1001 958 servum
1031 918 1090 958 se
1119 903 1271 959 dixit.
1307 905 1487 970 Audi,’
1520 906 1738 972 Ariane,
1769 919 1838 960 ex
1869 920 1972 974 quo
2001 915 2192 960 utero:

599 996 874 1066 paululum
896 1011 1057 1066 supra
1081 1011 1335 1052 recurre:
1357 997 1440 1052 Ea:
1461 1008 1622 1058 utero,
1642 997 1837 1068 inquit,
1853 1001 2031 1052 matris
2049 1014 2192 1068 meae,

600 1092 794 1144 vocavit
838 1089 1089 1146 Dominus
1120 1107 1304 1146 nomen
1345 1109 1512 1146 meum
1540 1092 1716 1166 (Psal.
1752 1108 1904 1159 χιιι,
1937 1093 2013 1167 l).
2043 1094 2194 1162 Quod

605 1197 800 1239 nomen
829 1183 946 1254 ejus
984 1185 1073 1250 sit,
1120 1185 1424 1251 audiamus,
1467 1201 1574 1256 quo
1617 1201 1740 1241 eum
1773 1185 1932 1241 Pater
1962 1187 2192 1242 vocavit.

603 1276 734 1330 Ecce
763 1278 905 1349 virgo
932 1294 985 1332 tn
1013 1289 1159 1332 utero
1201 1279 1435 1348 accipiet,
1469 1288 1513 1332 et
1561 1279 1725 1351 pariet
1750 1279 1938 1349 ﬁlium,
1973 1289 2018 1334 et
2046 1295 2197 1333 voca-

599 1369 733 1424 bitur
761 1389 944 1426 nomen
973 1375 1087 1446 ejus
1113 1372 1419 1427 Emmanuel
1456 1387 1475 1426 :
1501 1371 1640 1443 quod
1663 1373 2052 1442 interpretatur,
2081 1372 2195 1427 No-

598 1465 792 1518 biscum
837 1465 978 1520 Deus
1025 1465 1197 1538 (Esai.
1229 1481 1325 1530 vn,
1381 1465 1476 1531 14;
1530 1465 1716 1521 Matth.
1753 1483 1792 1528 ι,
1824 1466 1938 1537 ‘23).
1975 1465 2004 1504 ι’
2039 1467 2193 1536 Quod

600 1558 744 1615 enim
782 1560 923 1613 aliud
970 1561 1068 1614 nisi
1105 1559 1272 1614 Filius
1323 1561 1414 1615 Dei
1465 1576 1660 1615 nomen
1692 1570 1776 1614 cst
1803 1560 2048 1615 Christi?
2090 1562 2196 1616 Ac-

600 1651 720 1721 cipe
743 1651 908 1706 aliud.
948 1653 1164 1706 Dixerat
1193 1651 1409 1722 quidem
1454 1661 1507 1706 et
1552 1652 1766 1708 Gabriel
1799 1653 1864 1706 ad
1896 1653 2095 1722 Joseph
2125 1654 2194 1709 de
2301 1653 2474 1718 primo
2500 1664 2650 1704 suum
2679 1650 2879 1705 scindit
2901 1661 3203 1721 parentem,
3237 1664 3298 1706 ut
3329 1649 3583 1723 frequens
3609 1657 3836 1707 set-tuaest

601 1744 767 1799 Maria
806 1762 820 1798 ε
855 1743 1032 1798 Pariet
1073 1745 1262 1815 ﬁlium,
1317 1755 1361 1799 et
1408 1745 1604 1798 vocabit
1650 1759 1830 1798 nomen
1875 1745 1985 1809 eius
2014 1743 2194 1799 Iesum
2301 1742 2401 1814 (De
2429 1741 2614 1807 Tobia,
2659 1759 2777 1814 cap.
2829 1742 2920 1810 12,
2951 1759 3095 1798 num.
3127 1747 3219 1811 41,
3269 1753 3319 1799 et
3365 1745 3466 1815 inf.
3499 1743 3640 1798 Psal.
3679 1757 3832 1804 sunt,

595 1833 784 1907 (Ibid.,
817 1835 934 1906 21).
965 1839 1163 1906 Accipe
1202 1838 1295 1891 Dei
1325 1852 1512 1892 vocem
1548 1855 1563 1890 :
1595 1835 1662 1891 Et
1700 1846 1776 1902 tu,
1803 1835 2064 1892 Bethleem
2093 1836 2193 1891 Ju-
2224 1849 2273 1910 Β
2300 1851 2440 1888 num.
2471 1835 2548 1908 8).
2583 1835 2695 1890 Sibi
2737 1850 2866 1904 ergo
2895 1835 3179 1906 delinquit.
3214 1836 3362 1891 Nihil
3386 1838 3488 1891 hac
3513 1837 3750 1892 sententia
3770 1849 3832 1889 stt-

601 1930 745 1996 dtete,
781 1947 883 1985 non
911 1948 965 1986 es
993 1933 1207 1986 minima
1245 1933 1378 1986 inter
1409 1932 1664 2003 principes
1689 1929 1833 1985 Juda
1855 1947 1874 1997 ;
1897 1948 1959 1986 ea:
1988 1942 2036 1987 te
2060 1933 2195 1986 enim
2297 1926 2516 1982 blunius
2551 1926 2754 1980 dictum
2786 1927 3042 1981 arbitror.
3069 1925 3127 1982 In
3167 1929 3280 1983 illis
3309 1929 3401 1998 qui
3431 1929 3535 1983 sibi
3574 1928 3828 1999 sapientiam

598 2024 727 2078 avie!
760 2022 1007 2096 Princeps
1053 2025 1142 2095 qui
1167 2034 1308 2097 regat
1338 2024 1586 2097 populum
1614 2039 1781 2077 meum
1812 2023 2002 2093 (Mich.
2027 2041 2080 2089 v,
2108 2023 2189 2096 2).
2297 2021 2483 2075 smculi
2507 2021 2870 2088 vindicarunt,
2895 2021 3030 2078 nihil
3058 2023 3164 2078 tale
3191 2025 3321 2094 legi,
3355 2024 3486 2078 nihil
3512 2023 3615 2079 tale
3639 2023 3821 2093 cognovi.

601 2117 836 2172 Adverle
867 2121 1180 2191 mysterium
1217 2139 1230 2174 ε
1261 2137 1326 2174 ex
1369 2129 1523 2175 utero
1555 2118 1788 2190 Virginis
1822 2119 1964 2175 idem
2002 2104 2196 2174 miser;
2298 2111 2406 2166 Nec
2447 2113 2667 2177 mirum,
2705 2113 3147 2183 quandoquidem
3185 2115 3266 2169 illi
3295 2115 3536 2170 humano
3565 2116 3753 2185 ingenio
3773 2115 3826 2168 l0-

600 2223 699 2263 vus
729 2212 891 2265 exivit
921 2222 976 2266 et
999 2212 1250 2266 dominus
1276 2229 1291 2279 ;
1317 2225 1512 2268 servus
1542 2211 1606 2266 ad
1637 2212 1988 2283 operandam,
2021 2211 2195 2266 domi-
2297 2205 2403 2260 cuti
2427 2217 2575 2271 sunt,
2605 2205 2709 2260 hoc
2738 2205 2931 2261 infudit
2953 2207 3188 2277 Spiritus
3211 2209 3334 2275 Dei,
3364 2209 3594 2277 Spiritus
3617 2209 3824 2263 veritatis:

599 2319 698 2359 nus
739 2305 806 2360 ad
855 2306 1258 2376 imperandum;
1303 2319 1360 2362 ut
1400 2321 1626 2378 regnum
1672 2306 1785 2362 Deo
1824 2305 1876 2360 in
1912 2306 2192 2361 hominum
2297 2299 2419 2368 quia
2451 2297 2682 2368 injustus
2706 2298 2809 2353 sibi
2838 2299 3140 2370 delinquat,
3169 2300 3278 2357 sibi
3307 2311 3532 2372 generet
3561 2301 3827 2362 vulnera,»

597 2395 870 2452 mentibus
895 2399 1184 2454 radicaret.
1210 2398 1476 2468 Utrinque
1515 2414 1675 2462 unus,
1705 2413 1810 2453 non
1841 2399 1978 2452 alter
2006 2413 2072 2453 ex
2098 2399 2196 2452 Pa-
2298 2391 2413 2462 ipse
2440 2389 2738 2446 confodiat.
2775 2392 2904 2447 Nam
2939 2395 3079 2448 sicut
3109 2395 3286 2464 spinae
3331 2403 3620 2450 nascuntur
3641 2394 3690 2449 in
3715 2405 3820 2446 lttlttl

2899 784 3326 843 ENARRATIO.

2369 903 2422 956 6.
2457 901 2640 971 (Vers.
2666 900 2749 972 Ξ.)
2785 900 2927 956 Dixit
2953 903 3200 974 injustas,
3231 912 3288 954 ut
3320 901 3580 975 delinquat
3603 904 3708 962 sibi.
3735 905 3842 971 Quid

2299 992 2514 1060 dixerit,
2549 1009 2655 1048 non
2682 993 2970 1064 expressit,
3017 1004 3070 1049 et
3099 994 3220 1049 ideo
3249 996 3331 1049 sic
3360 995 3746 1065 intelligendum
3778 1013 3843 1052 ar-

2298 1085 2489 1153 bitror,
2527 1087 2649 1156 quia
2691 1086 2950 1156 quidquid
2998 1087 3127 1142 dicit
3153 1087 3414 1157 iniustus,
3464 1097 3723 1158 peccatum
3761 1101 3840 1145 est.

2298 1178 2485 1234 Omnis
2513 1182 2655 1235 enim
2691 1179 2972 1250 iniustitia,
3001 1183 3588 1251 peccatum;quoniam
3619 1183 3700 1238 ubi
3721 1197 3844 1254 erga.

2301 1285 2428 1327 num
2463 1271 2738 1336 villosum,
2770 1273 3042 1344 quomodo
3071 1283 3250 1344 potest
3279 1286 3474 1330 cantus
3517 1290 3618 1330 non
3660 1290 3764 1332 esse
3786 1277 3842 1330 vl-

2299 1366 2468 1418 tiosus
2489 1366 2514 1418 ?
2545 1366 2835 1436 Degeneris
2858 1368 3101 1423 materia:
3129 1368 3356 1423 decolor
3388 1378 3570 1437 partus
3597 1379 3690 1424 est.
3713 1369 3843 1438 Quid-

2298 1464 2425 1532 quid
2475 1477 2605 1533 ergo
2645 1466 2882 1535 loquitur
2922 1465 3173 1535 injustas,
3229 1465 3490 1536 iniquitas
3541 1473 3638 1531 est,
3665 1479 3768 1537 quae
3801 1467 3837 1520 in

2298 1571 2453 1611 suum
2502 1557 2733 1612 refertur
2778 1567 3080 1623 auctorem,
3127 1558 3272 1612 sicut
3321 1558 3525 1628 viperae
3563 1568 3746 1628 partus,
3775 1558 3838 1626 qui

600 2499 704 2556 tre,
736 2500 789 2544 et
822 2491 962 2545 alter
1002 2507 1068 2545 ex
1095 2490 1352 2562 Virgine;
1405 2491 1498 2544 sed
1527 2491 1667 2545 idem
1695 2492 1785 2561 qui
1827 2500 1952 2545 ante
1996 2491 2194 2545 smcula

600 2597 664 2638 es
698 2581 882 2649 Patre,
918 2585 1033 2653 ipse
1075 2594 1264 2652 postea
1307 2599 1527 2638 carnem
1577 2584 1814 2653 suscepit
1854 2597 1922 2637 ex
1950 2581 2189 2652 Virgine.

599 2673 725 2730 Ideo
754 2689 886 2746 ergo
929 2684 985 2730 et
1028 2687 1220 2731 servus
1263 2685 1506 2740 vocatur,
1557 2684 1613 2731 et
1655 2675 1944 2731 dominus:
1975 2686 2195 2747 propter

598 2782 697 2822 nos
739 2781 964 2832 servus;
995 2767 1089 2823 sed
1121 2769 1328 2824 unitate
1363 2769 1563 2824 divinae
1592 2768 1908 2823 substantiae
1958 2768 2098 2823 Deus
2128 2781 2196 2823 ex

601 2862 732 2926 Deo,
759 2861 1014 2932 Princeps
1043 2877 1110 2918 ex
1142 2862 1414 2933 Principe,
1453 2862 1678 2929 aequalis
1723 2877 1788 2918 es
1827 2864 2048 2934 aequali;
2098 2877 2195 2917 ne-

595 2973 700 3028 que
739 2959 884 3015 enim
914 2960 1234 3031 degenerem
1277 2961 1460 3030 genuit
1491 2959 1705 3034 (Matth.
1737 2969 1818 3028 tn,
1847 2962 1959 3033 t7),
2004 2961 2056 3016 in
2087 2971 2196 3033 quo

595 3067 655 3108 se
678 3051 794 3122 ipse
825 3053 1168 3124 complacare
1195 3053 1537 3109 memoravit.

669 3148 725 3200 5.
757 3147 1026 3218 Magnum,
1063 3148 1257 3218 inquit,
1288 3149 1380 3202 tibi
1410 3157 1493 3202 est
1518 3149 1700 3202 vocari
1731 3159 1956 3218 puerum
1988 3161 2190 3212 meum,

2296 2487 2520 2555 ebriosi,
2543 2496 2602 2542 ut
2626 2488 2904 2559 Scriptura
2932 2491 3141 2556 ,asserlt
3169 2489 3361 2563 (Prov.
3407 2503 3552 2556 ssvt,
3582 2490 3634 2558 9)
3666 2507 3678 2543 :
3711 2488 3768 2542 its
3791 2493 3818 2540 tt

2297 2581 2481 2650 iujusti
2511 2597 2763 2637 sermone
2790 2594 3108 2650 nascuntur,
3136 2597 3264 2654 quae
3282 2595 3634 2656 compungunt
3660 2585 3822 2654 loquen-

2299 2684 2426 2731 tem.
2460 2677 2725 2748 Loquitur
2767 2679 3021 2749 injustus,
3063 2689 3118 2735 et
3151 2680 3384 2736 interior
3409 2681 3524 2750 ejus
3563 2677 3823 2734 conscientia

2295 2772 2644 2836 vulneratur;
2690 2773 2813 2842 quia
2856 2772 2911 2828 in
2953 2775 3100 2828 omni
3146 2789 3410 2831 sermone
3451 2787 3602 2844 quem
3629 2771 3822 2842 loquitur.

2299 2881 2404 2919 non
2451 2872 2536 2920 est
2579 2863 2782 2920 fraudis
2836 2866 3112 2922 immunis.
3163 2865 3338 2939 Cujus
3383 2869 3527 2924 enim
3569 2865 3822 2937 graviores!

2299 2973 2478 3029 pinna,
2518 2973 2680 3028 quam
2727 2960 2964 3028 propria,
3019 2975 3141 3014 cum
3173 2975 3280 3030 pro
3326 2963 3470 3017 omni
3515 2969 3731 3014 sermone
3758 2954 3820 3008 det

2300 3050 2532 3121 pteuas?
2587 3054 2826 3121 Serpens
2869 3051 2990 3108 aliis
3035 3052 3273 3110 infundit
3325 3068 3603 3117 venenum,
3651 3049 3820 3118 injustas

2297 3145 2428 3209 sibi;
2465 3145 2516 3200 in
2558 3161 2681 3200 eum
2712 3147 2856 3202 enim
2887 3149 3194 3202 refunditur
3222 3148 3486 3220 quidquid
3510 3145 3735 3203 effuderit.
3761 3138 3818 3192 Ιιι-

599 3249 654 3294 ut
679 3250 887 3295 statuas
917 3240 1113 3296 Tribus
1133 3240 1318 3296 Jacob.
1346 3241 1538 3296 Servat
1565 3240 1764 3310 ubique
1793 3255 1908 3295 suae
1934 3240 2192 3295 Vocabula
2221 3255 2266 3316 ρ
2293 3240 2472 3311 justus
2512 3240 2672 3310 igitur
2712 3249 2767 3295 et
2810 3241 2929 3296 aliis
2961 3241 3190 3308 inutilis,
3241 3253 3303 3299 et
3349 3244 3453 3298 sibi
3503 3241 3673 3297 noxius
3694 3233 3814 3305 :jusll

597 3338 892 3408 dignitatis.
932 3337 1157 3406 Magnus
1209 3338 1370 3402 Deus,
1418 3347 1475 3392 et
1504 3353 1732 3407 magnus
1780 3352 1918 3407 puer
1951 3355 1964 3390 :
1998 3349 2098 3390 nec
2143 3337 2194 3391 in
2297 3346 2478 3392 autem
2513 3339 2617 3392 vita
2651 3338 2929 3394 fructuosa
2959 3339 3103 3406 aliis,
3135 3354 3188 3395 et
3229 3341 3338 3395 sibi
3367 3341 3554 3394 dulcis.
3586 3332 3809 3390 Dicitenim

596 3447 759 3487 Carne
805 3431 1190 3502 magnitudinis
1239 3446 1354 3486 sua:
1397 3443 1594 3486 nomen
1645 3430 1863 3494 amittit,
1893 3431 2049 3498 cujus
2079 3444 2196 3482 tuaa-
2297 3429 2552 3484 Salomon
2585 3449 2598 3482 :
2638 3427 2769 3495 Fili,
2817 3431 2862 3484 si
2906 3433 3112 3499 sapiens
3150 3433 3277 3501 eris,
3320 3432 3413 3486 tibi
3447 3432 3632 3500 sapiens
3658 3424 3739 3482 erit.
3769 3421 3804 3470 ει

600 3524 896 3594 gnitudinis
919 3524 1101 3578 nullus
1131 3533 1213 3578 cst
1241 3525 1382 3578 linis.
1411 3523 1706 3592 Meritoque
1732 3537 1977 3588 securus,
2010 3535 2124 3576 cum
2144 3523 2196 3577 in
2300 3526 2580 3594 proximis;
2609 3527 2651 3580 si
2684 3535 2855 3582 autem
2881 3528 3050 3581 malus
3075 3531 3320 3596 evaseris,
3354 3529 3494 3583 solus
3523 3523 3684 3579 hauriet
3699 3511 3793 3567 Μία

603 3621 767 3688 forma
803 3615 898 3670 Dei
938 3627 1087 3682 esset,
1119 3623 1176 3669 ut
1205 3617 1500 3686 Apostolus
1525 3615 1675 3682 dicit,
1719 3631 1821 3669 non
1852 3615 2088 3684 rapinam
2113 3629 2198 3669 ar-
2299 3617 2479 3691 (Prov.
2507 3635 2582 3684 Ix,
2615 3615 2728 3691 1'2).

604 3709 825 3764 bitratus
852 3719 924 3763 est
949 3724 1058 3764 esse
1081 3727 1136 3764 se
1157 3709 1406 3781 (aqualem
1436 3707 1546 3762 Deo
1577 3725 1593 3762 :
1625 3707 1712 3763 sed
1738 3710 2063 3778 semetipsum
2083 3710 2198 3763 επί-
2372 3714 2424 3766 7.
2467 3711 2814 3768 Advertimus
2852 3729 2984 3785 ergo
3024 3714 3148 3784 quia
3174 3714 3386 3785 justitia
3439 3714 3554 3769 aliis
3597 3715 3663 3764 est
3683 3699 3808 3774 lio“ns

561 3803 582 3832 ‘
603 3804 814 3869 nutrivit,
858 3803 1079 3873 formam
1107 3805 1234 3858 servi
1264 3802 1548 3874 accipiens,
1579 3804 1632 3857 in
1678 3801 2070 3856 similitudinem
2102 3803 2196 3856 ho-
2302 3815 2447 3871 nata,
2474 3822 2633 3877 quam
2680 3807 2782 3861 sibi
2818 3825 2831 3862 :
2859 3823 3146 3862 commune
3184 3807 3548 3874 commodum,
3579 3817 3665 3858 non
3697 3805 3805 3850 suum

603 3900 800 3952 minam
831 3901 1020 3970 factus,
1048 3908 1094 3952 et
1125 3898 1289 3970 specie
1317 3899 1550 3951 inventus
1590 3907 1646 3950 ut
1684 3897 1833 3950 homo
1861 3913 1879 3950 :
1911 3896 2200 3952 humiliavit
2299 3912 2579 3971 esspectat
2605 3917 2621 3967 ;
2653 3913 2708 3956 et
2735 3903 2969 3957 alienum
3002 3903 3201 3957 bonnnt
3237 3921 3338 3974 pro
3380 3919 3480 3959 suo
3511 3899 3641 3956 ducit
3663 3888 3806 3947 emole-

601 3993 947 4061 semetipsum,
977 3995 1146 4063 factus
1167 3991 1406 4046 obediens
1438 4007 1597 4060 usque
1627 3990 1696 4044 ad
1726 3999 1958 4054 mortem,
1985 4003 2199 4045 mortem
2301 4005 2503 4050 mento.
2549 3995 2708 4050 Beata
2741 4004 2795 4051 et
2825 3997 3084 4066 praeclara
3105 3998 3334 4066 justitia,
3366 3997 3517 4066 cujus
3543 3995 3708 4046 bonum
3736 3987 3803 4034 0'9-

601 4096 769 4140 autem
795 4088 963 4140 crucis
992 4084 1220 4155 (Philip.
1246 4103 1305 4151 ιι,
1329 4085 1362 4138 ti
1393 4095 1441 4139 et
1468 4084 1616 4155 seq.).
1653 4084 1750 4139 Hic
1777 4091 2002 4155 estergo
2021 4100 2200 4155 a’qna-
2302 4090 2460 4144 nibus
2487 4088 2701 4160 prolicit
2731 4107 2744 4144 :
2773 4105 2838 4145 es
2873 4105 2982 4145 uno
3005 4091 3326 4162 plerumque
3346 4091 3410 4145 ad
3440 4093 3604 4159 plures
3629 4073 3798 4162 νωθείεῆ

603 4179 670 4235 lis
696 4181 847 4251 quasi
875 4181 970 4235 Dei
996 4177 1186 4245 Filius,
1217 4181 1304 4235 hic
1331 4179 1471 4236 servi
1503 4179 1726 4235 fortnam
1752 4179 1802 4233 in
1827 4195 1991 4235 carne
2016 4194 2200 4236 susce-
2301 4183 2462 4248 citur,
2513 4195 2674 4255 atque
2705 4184 2771 4239 ad
2819 4200 3011 4240 on'tnes
3057 4160 3322 4254 pervenit.
3355 4184 3533 4241 Justus
3561 4171 3716 4234 David.
3747 4160 3803 4234 (ιυῖ

605 4273 703 4341 pit,
736 4269 822 4327 hic
863 4282 1092 4328 mortem
1133 4273 1389 4344 gustavit,
1437 4273 1594 4344 cujus
1625 4274 1934 4344 magnitudo
1966 4289 2071 4328 non
2104 4275 2199 4328 ha-
2301 4277 2557 4349 parcebat
2611 4279 2862 4343 inimico,
2914 4289 2968 4335 et
3018 4279 3258 4335 malebat
3299 4275 3638 4334 innocentiam
3677 4273 3804 4318 suam.

608 4368 700 4420 bet
725 4365 886 4420 linem
914 4385 929 4433 ;
959 4369 1080 4438 quia
1110 4366 1232 4422 linis
1271 4367 1430 4438 Legis
1459 4379 1542 4423 εει
1571 4353 1817 4423 Chrisms
1837 4369 1904 4423 ad
1935 4369 2197 4438 justitiam
2301 4387 2460 4442 quam
2494 4371 2655 4426 vitam
2688 4373 2858 4436 tueri;
2885 4383 2954 4427 ne
2983 4371 3128 4426 malo
3150 4373 3370 4442 publico
3397 4367 3736 4452 vindicaretur,

606 4457 752 4511 omni
781 4456 1021 4512 credenti
1054 4476 1066 4512 :
1103 4470 1157 4513 ιιι
1187 4460 1238 4514 in
1272 4460 1445 4530 ipsum
1491 4475 1680 4515 omnes
1709 4459 2018 4527 credamus,
2060 4460 2200 4517 hunc
2301 4480 2405 4536 que
2427 4466 2713 4536 appetendi
2743 4466 3004 4536 principis
3040 4467 3092 4520 iu
3143 4467 3301 4522 malis
3330 4475 3535 4537 quoque
3557 4449 3707 4511 causis
3725 4443 3809 4496 aliis

607 4549 798 4605 intimo
828 4549 1114 4606 adoremus
1149 4551 1368 4608 affectu.
1402 4554 1548 4608 Bona
1577 4553 1830 4620 servitus,
1861 4569 1982 4624 qua:
2009 4565 2198 4611 omnes
2301 4558 2606 4628 exemplum
2631 4559 2838 4622 ederet,
2871 4575 2992 4614 cum
3023 4559 3138 4630 ipse
3163 4561 3454 4616 vindictam
3483 4553 3547 4608 de
3569 4541 3810 4634 insidiata"?

605 4643 803 4700 liberos
831 4633 1002 4700 fecit:
1036 4647 1200 4720 768
1231 4649 1367 4702 bona
1407 4649 1663 4716 servitus,
1698 4665 1816 4718 quze
1863 4659 2058 4706 nomen
2107 4667 2197 4707 su-
2222 4663 2276 4724 1)
2300 4653 2640 4723 sumpsisset.
2671 4652 2854 4708 Justus
2882 4654 3040 4718 Abel,
3069 4655 3160 4724 qui
3203 4653 3272 4708 de
3312 4651 3501 4707 ovibus
3533 4642 3632 4697 suis
3655 4633 3808 4724 ίΙ¹³³ξθ¹

609 4756 709 4812 per
754 4756 914 4796 omne
963 4757 1158 4798 nomen
1200 4743 1520 4813 acquisivit:
1555 4743 1692 4797 bona
1736 4741 2032 4812 humilitas,
2079 4761 2199 4815 quae
2305 4747 2566 4802 Dominus
2607 4747 2850 4812 dederat,
2887 4748 3150 4811 primitias
3196 4747 3421 4802 Domino
3457 4716 3809 4810 putas-eritade-

605 4833 751 4899 fecit,
781 4843 836 4888 ut
867 4835 919 4890 in
957 4837 1178 4890 nomine
1222 4835 1341 4904 ejus
1378 4849 1567 4889 omnes
1609 4850 1749 4906 genu
1783 4836 1966 4908 ﬁgant,
2010 4839 2203 4895 cmles-
2306 4841 2542 4907 rendus;
2573 4849 2629 4897 et
2675 4842 2796 4895 ideo
2829 4840 2944 4911 plus
2975 4839 3178 4910 placuit
3207 4833 3339 4906 Deo,
3383 4833 3498 4907 quia
3537 4833 3709 4880 moram
3733 4821 3808 4911 uolt

603 4928 756 4994 tium,
809 4932 1174 4996 terrestrium,
1219 4939 1273 4984 et
1305 4929 1672 4995 infernarum;
1718 4941 1772 4985 et
1809 4907 1987 4987 omnis
2017 4933 2198 5004 lingua
2305 4933 2450 4998 fecit,
2479 4907 3115 5001 devotionem'probavit.
3139 4933 3248 4989 Sed
3277 4932 3374 4987 hoc
3402 4921 3581 4994 impius
3605 4914 3719 5004 ferre
3733 4907 3808 5004 ιιοίξ

605 5019 931 5077 conﬁteatur
961 5024 1216 5093 quoniam
1237 5021 1497 5076 Dominus
1521 5019 1678 5077 Jesus
1709 5027 1760 5077 in
1791 5025 1963 5095 gloria
1994 5037 2075 5080 εει
2099 5027 2195 5083 Dci
2307 5031 2499 5096 potuit,
2543 5027 2769 5099 juStitirr.
2803 5029 3207 5098 praevaricator,
3259 5023 3404 5078 radix
3453 5003 3738 5082 itti‘ll'm'i’;

605 5115 802 5172 Patris.
836 5119 890 5170 ln
918 5083 1061 5171 hunc
1092 5133 1221 5187 ergo
1253 5116 1412 5170 tinem
1442 5116 1692 5187 dirigitur
1728 5083 1820 5173 hic
1845 5119 2104 5188 psalmus,
2141 5121 2196 5176 ut
2302 5083 2427 5178 ideo
2467 5083 2687 5178 frairem
2741 5083 2958 5188 occidit,
3011 5123 3137 5192 quia
3187 5121 3360 5176 hostia
3407 5113 3515 5182 ejus
3549 5083 3809 5192 οεο-ιξξξξξ

601 5221 656 5266 et
701 5225 801 5267 nos
831 5213 972 5266 servi
1003 5212 1174 5266 simus
1216 5211 1281 5266 ad
1306 5211 1596 5281 justitiam,
1629 5229 1734 5268 non
1772 5214 1991 5284 superbi
2015 5215 2080 5270 ad
2109 5231 2198 5270 ar—
2303 5233 2462 5288 quam
2493 5215 2698 5271 oblatio
2741 5231 2835 5270 sua
2865 5177 3044 5270 fueral
3084 5212 3446 5286 comprobata.
3471 5197 3567 5258 Sed
3592 5177 3808 5264 769ille

2303 5357 2626 5448 allus‘ionem
2655 5360 2770 5448 fieri
2807 5359 2870 5448 ad
2901 5359 3172 5424 militiam,
3207 5359 3256 5412 in

2308 5431 2650 5519 P"""“’.'.!".‘."
2689 5431 2738 5486 id
2769 5440 2872 5519 est
3206 5418 3802 5519 manu

2309 5483 2407 5555 in}!
2426 5483 2724 5585 inutilibus.
2775 5483 2872 5557 Sic
2913 5483 3067 5571 ergo,
3088 5483 3802 5585 interprclafnu‘ffﬁi

2307 5576 2550 5648 sequitur
2570 5555 2822 5648 libertus,
2846 5585 2902 5628 et
2924 5555 2932 5556 ί
2945 5555 3099 5648 mors
3112 5555 3472 5648 arrogantiam
3488 5575 3504 5648 ξ

2855 5622 2902 5628 --
3603 5622 3610 5628 .
3709 5622 3796 5648 ,να

2309 5645 2580 5726 dumpOSI
2619 5645 3156 5726 elueritaustipettdia
3184 5640 3384 5726 _tnissio

2306 5693 2543 5778 brevius.
2580 5719 2809 5771 servitus
2840 5693 3076 5772 libertati
3123 5716 3338 5774 militat,
3367 5700 3510 5763 morti
3541 5693 3797 5802 :trmsalh'”;

2309 5787 2366 5814 nl
2418 5787 2558 5814 Lun"
2609 5803 2825 5814 ’““““⁴”“·““
2874 5788 3002 5814 ’““¹²·“
3050 5787 3285 5814 inii-nn-
3329 5758 3656 5814 n-snwm'lenua
3697 5755 3764 5812 lva

2309 5768 2559 5844 illit'hunc
2582 5768 3290 5854 sensu—tnrsa‘tiswindieant
3327 5768 3656 5842 antecedentia
3697 5768 3736 5812 tu,

2305 5857 2452 5924 Bona
2475 5863 2707 5934 servitus,
2733 5873 2837 5929 etc,

676 5362 702 5390 ⁸
723 5351 860 5407 Cod.
887 5353 1018 5418 duo,
1046 5353 1404 5408 contumeliam
1427 5354 1573 5408 seris.

677 5423 702 5463 ιι
725 5424 884 5480 Rom.
918 5425 1047 5480 edit.
1098 5426 1175 5479 sic
1201 5426 1362 5482 verba
1401 5425 1486 5479 illa
1520 5435 1885 5494 contraxerat,
1927 5428 2077 5494 Quod
2107 5443 2200 5483 no—

607 5514 719 5551 men
784 5495 873 5549 nid
895 5495 1037 5551 aliud
1063 5507 1133 5550 est
1176 5497 1273 5552 nisi
1299 5494 1470 5550 Filius
1501 5495 1633 5552 Dei?

682 5581 703 5606 τ
731 5514 933 5623 (graues
977 5570 1132 5623 edit..
1168 5567 1442 5623 Servitutis
1482 5570 1614 5623 enim

682 5581 703 5606 τ
731 5567 933 5624 Omnes
977 5570 1132 5635 edit.,
1168 5567 1442 5642 Servitutis
1482 5570 1614 5623 enim
1653 5570 1963 5642 stipendium
1993 5570 2200 5625 libertas

603 5651 711 5704 est;
738 5655 934 5710 onmes
975 5656 1133 5704 mss.,
1174 5641 1406 5696 Servitus
1442 5643 1574 5694 enim
1619 5642 1927 5710 stipendium
1955 5643 2200 5698 libertatis

605 5723 698 5765 est.
730 5709 923 5767 lterum
965 5715 1097 5769 edit.
1130 5713 1291 5767 Rom.
1323 5717 1455 5776 sola,
1501 5713 1812 5782 stipendium
1841 5725 2007 5769 autem
2048 5725 2196 5766 arro-

607 5784 796 5856 gantia:
819 5803 955 5840 mors
981 5795 1090 5848 est;
1120 5785 1240 5839 alia:
1272 5797 1334 5838 ac
1365 5798 1497 5856 mss.
1528 5793 1589 5856 nt
1617 5786 1670 5838 in
1697 5793 1867 5839 textu.
1897 5784 2003 5841 Sed
2031 5797 2083 5838 ιιι
2115 5787 2197 5840 lo-

608 5869 705 5928 cus
735 5857 821 5922 hic
849 5857 1083 5934 alioquin
1117 5857 1380 5918 obscurus
1410 5855 1759 5930 intelligatur,
1806 5856 2196 5919 advertendum
