4042 6378
112 357 138 408 ξ’
155 357 236 411 ΞΠ

217 1507 281 1561 8.
321 1509 480 1576 Quae
517 1523 688 1582 poma
710 1513 882 1583 major
935 1529 1096 1584 quam
1130 1515 1318 1569 timere
1341 1511 1484 1584 quod
1513 1514 1684 1569 vitare
1705 1529 1811 1568 non

137 1603 379 1669 possis,
412 1621 532 1661 nec
558 1606 707 1678 quod
739 1610 1004 1675 timueris,
1056 1606 1328 1664 evadere?
1356 1605 1506 1663 Unde
1552 1605 1812 1674 pra-clare

142 1695 342 1752 David
395 1702 742 1770 exprimens
777 1703 1200 1759 conventionem
1251 1699 1625 1771 gravissimam
1679 1713 1813 1755 con-

140 1789 432 1846 scientia:
469 1796 806 1864 peccatricis
835 1799 949 1851 ait:
998 1795 1260 1864 Quoniam
1288 1794 1609 1861 iniquitatem
1648 1809 1811 1848 meum

138 1899 249 1954 ego
275 1902 570 1955 agnosco,
608 1897 654 1942 et
675 1888 916 1944 delictum
944 1905 1112 1943 meum
1141 1898 1322 1942 contra
1366 1903 1446 1940 me
1487 1897 1561 1942 est
1611 1904 1810 1954 semper
1842 1887 1884 1948 Β
1917 1889 1984 1943 10
2013 1888 2055 1957 )._
2089 1887 2232 1942 illius
2281 1887 2456 1958 lingua
2506 1887 2776 1951 vulnerat,
2830 1888 3002 1959 lingua
3049 1901 3226 1943 autem
3283 1889 3520 1958 pruden-

145 1977 169 2046 (_
217 1973 390 2031 Psal.
425 1995 484 2041 L.
526 1977 566 2033 4
600 1977 980 2052 ).Oﬂ'unditur
1021 1983 1162 2037 enim
1224 1980 1377 2036 nobis
1434 1979 1593 2035 ultrix
1639 1977 1811 2036 nosui

138 2069 344 2139 imago
391 2075 799 2141 peceati;nec
821 2075 1060 2143 quietum
1106 2089 1255 2128 reum
1305 2089 1460 2128 suum
1512 2088 1634 2128 esse
1689 2089 1813 2142 pcr-

142 2163 352 2230 mittit,
388 2162 664 2221 inferens
699 2166 948 2221 miseram
989 2164 1343 2220 servitutem:
1384 2174 1546 2235 atque
1601 2166 1652 2218 in
1714 2179 1809 2219 sua

143 2255 385 2310 vincula
423 2257 640 2324 trahit,
674 2268 731 2312 ιιι
778 2259 1016 2314 enodare
1070 2273 1129 2314 se
1172 2273 1276 2314 non
1299 2268 1503 2329 queat;
1555 2259 1808 2328 quoniam

145 2350 358 2405 volens
395 2351 526 2422 ipse
570 2367 630 2407 se
658 2352 922 2414 vendidit,
955 2354 1041 2408 cui
1071 2353 1300 2408 liberum
1329 2361 1446 2406 erat
1483 2351 1808 2408 delictorum

149 2457 269 2496 ενι-ει
307 2459 424 2497 non
453 2453 692 2515 capere,
723 2453 777 2500 et
817 2445 1122 2500 libertatem
1158 2444 1482 2500 innocenti-.c
1505 2459 1806 2499 reservare.

151 2536 360 2608 itaque
392 2539 536 2592 dum
585 2552 826 2604 oramus,
861 2548 1143 2609 peccatum
1175 2537 1506 2592 oiInnditur:
1541 2537 1633 2592 ubi
1658 2551 1807 2591 som-

155 2645 235 2684 no
270 2643 488 2686 sensus
517 2641 586 2686 Se
615 2631 860 2701 corporis
905 2631 1246 2696 relaxaverit,
1296 2638 1578 2701 peccatmn
1626 2643 1811 2684 recur-

160 2724 262 2778 rit.
295 2723 563 2793 Semper
589 2725 910 2779 nobiserror
941 2733 1122 2779 noster
1141 2733 1413 2792 tamquam
1437 2722 1613 2776 malus
1641 2735 1808 2776 exac-

165 2827 257 2870 tor
292 2816 582 2882 occurrit,
617 2813 700 2872 vel
737 2821 1012 2884 tamquam
1044 2815 1326 2885 improbus
1382 2814 1656 2868 fenerator
1679 2829 1812 2868 con-

166 2908 414 2964 veniens
458 2909 792 2964 debitorem.
859 2907 1014 2964 Unde
1071 2908 1331 2963 Dominus
1378 2911 1496 2963 aii:
1553 2907 1654 2974 Qui
1689 2908 1811 2978 facit

169 3012 477 3072 peccatum,
530 3018 706 3056 servus
751 3010 822 3056 est
860 3001 1057 3073 peccati
1106 2998 1314 3070 (Ioan.
1347 3015 1458 3066 vni,
1516 2999 1585 3053 54
1618 3000 1658 3069 ).
1704 2998 1808 3053 Sed

168 3100 362 3168 justus
389 3099 558 3150 novit
580 3095 1034 3167 quemadmodum
1060 3103 1404 3164 peccatorum
1435 3107 1654 3146 suorum
1694 3089 1812 3145 vin-

173 3191 298 3246 cula
334 3188 636 3255 dissolvat,
679 3201 776 3244 nec
816 3197 1094 3258 exspectat
1121 3195 1513 3248 accusatorem,
1548 3184 1642 3238 sed
1675 3199 1813 3254 prte-

173 3284 340 3338 venit
363 3294 424 3336 ut
462 3281 779 3337 conﬁtendo
814 3295 970 3337 suum
995 3282 1193 3335 allevet
1217 3294 1378 3335 omne
1408 3279 1700 3343 deﬂetum;
1738 3292 1803 3333 ne
1832 3274 1877 3336 (Σ
1908 3279 2028 3333 dem
2064 3293 2253 3347 pompa
2281 3278 2586 3348 iactantiae;
2615 3277 2708 3333 sed
2747 3279 3014 3347 superbia:
3062 3282 3285 3348 spiritus
3318 3280 3503 3335 crimi-

181 3375 391 3431 liabeat
422 3374 572 3446 quod
599 3373 944 3428 adversarius
964 3373 1308 3428 criminetur.
1344 3371 1579 3441 ideoque
1624 3370 1808 3441 Scrip.

181 3483 307 3526 tura
345 3471 444 3524 tibi
481 3470 656 3523 dicit:
681 3466 869 3522 Justus
887 3468 943 3521 in
995 3467 1251 3539 principio
1298 3465 1552 3518 sermonis
1586 3477 1804 3518 accusa-

185 3578 271 3622 tor
303 3575 380 3620 est
424 3565 511 3619 sui
559 3561 768 3637 (Prov.
817 3575 978 3630 xvut,
1029 3563 1094 3617 17
1131 3570 1170 3630 ).
1204 3560 1402 3616 Vocem
1460 3557 1602 3615 enim
1644 3559 1808 3627 eripit

184 3661 541 3725 adversario,
576 3671 630 3713 et
651 3661 806 3728 quasi
833 3658 1024 3713 dentes
1043 3657 1305 3728 quosdam
1334 3663 1552 3727 paratos
1575 3654 1640 3708 ad
1667 3669 1801 3724 prsc-

187 3751 320 3806 dam
345 3749 754 3805 criminationis
779 3752 1008 3817 intesta),
1031 3760 1614 3822 peceatoriunsnorum
1632 3757 1804 3801 ncon-

191 3844 440 3897 less-ioue
469 3845 816 3913 constringit.
863 3844 1004 3897 Dixit
1034 3841 1199 3896 ludas
1228 3840 1518 3895 Iscariotes
1547 3847 1606 3893 ut
1631 3839 1808 3893 deliu-

195 3943 395 4004 queret
427 3933 552 3988 sibi.
582 3933 719 4002 Quid
761 3933 936 3988 dixit:
973 3934 1135 3998 Quem
1171 3934 1438 3986 osculatus
1476 3935 1647 4000 fuero,
1699 3931 1810 3999 ipse

195 4039 312 4082 est:
337 4035 510 4080 tenete
529 4042 647 4080 eum
679 4034 696 4097 (
724 4025 878 4080 Matt.
920 4041 1056 4080 xxvi
1088 4067 1102 4090 ,
1133 4025 1204 4080 48
1235 4028 1274 4094 ).
1328 4024 1440 4078 lloc
1479 4025 1634 4085 dixit,
1666 4034 1721 4079 et
1749 4041 1809 4080 se

201 4122 318 4191 ipse
350 4118 575 4189 proprio
602 4133 697 4174 ore
727 4121 836 4188 egit
863 4119 916 4172 in
949 4127 1200 4172 mortem.
1257 4117 1500 4184 Quantos
1555 4127 1809 4186 putamus

199 4213 252 4268 in
299 4215 418 4282 ipso
442 4211 611 4268 fuisse
647 4223 901 4278 tortores,
938 4220 1001 4266 ut
1035 4213 1136 4265 sibi
1161 4209 1276 4282 ipse
1307 4221 1412 4264 tam
1441 4211 1620 4279 gravis
1638 4224 1810 4281 pana:

203 4316 432 4362 exactor
449 4306 809 4372 incumberet,
825 4319 876 4360 et
898 4305 1189 4376 semetipsa
1207 4306 1404 4375 laqueo
1418 4304 1812 4376 strangularet?

274 4403 329 4458 9.
373 4399 524 4456 Dixit
548 4403 772 4474 injustas
808 4411 861 4455 ut
889 4401 1156 4470 delinquat
1183 4401 1302 4456 sibi.
1329 4399 1566 4456 Locutus
1593 4409 1676 4454 est
1696 4398 1811 4467 jus-

207 4511 294 4554 tus
320 4514 333 4552 :
365 4497 393 4537 ιι
422 4497 558 4552 Ecce
583 4511 680 4568 ego
706 4507 949 4567 peccator
979 4496 1113 4551 male
1159 4497 1279 4568 feci,
1311 4505 1358 4550 et
1393 4511 1519 4567 grex
1547 4495 1650 4548 iste
1688 4494 1812 4564 quid

205 4594 328 4664 fecit
344 4590 408 4663 (ll
420 4592 548 4665 Reg.
559 4591 733 4656 xxrv,t
748 4591 828 4661 7)?
842 4592 908 4646 Et
933 4590 1217 4646 remissum
1233 4598 1317 4645 est
1332 4604 1494 4644 omne
1508 4597 1808 4658 peccatum.

208 4661 718 4756 Dixit-ergovjustus,
745 4696 798 4740 et
814 4685 915 4740 sibi
939 4683 1158 4753 profuit.
1196 4685 1337 4739 Dixit
1354 4685 1517 4739 Cain;
1547 4680 1815 4752 Numquid
1844 4661 1894 4722 Ῐ)

209 4794 302 4851 ego
315 4791 486 4832 custos
515 4792 626 4830 sunt
647 4777 826 4845 fratris
843 4779 941 4830 mei
968 4771 1292 4848 (Geu.rv,9)’l
1305 4787 1357 4833 et
1371 4778 1473 4832 sibi
1490 4776 1604 4846 ipse
1619 4775 1810 4830 menti-

215 4881 301 4926 tus
327 4881 431 4926 est.
463 4869 605 4925 Dixit
627 4871 866 4926 Ananias
893 4882 1057 4924 omne
1075 4885 1139 4925 se
1169 4873 1371 4926 venditi
1406 4872 1488 4924 sui
1520 4872 1660 4924 ruris
1690 4885 1812 4938 pre-

214 4969 347 5021 tium
379 4964 691 5035 protulisse,
734 4971 789 5018 et
816 4966 1076 5019 mentitus
1104 4973 1190 5018 est
1227 4964 1356 5027 sibi,
1381 4965 1470 5032 qui
1501 4964 1676 5032 potuit
1709 4962 1813 5017 mi-

219 5077 320 5116 nus
357 5061 552 5116 oti‘crre
597 5061 715 5115 sine
765 5059 973 5114 fraude.
1003 5060 1240 5128 ideoque
1273 5057 1533 5128 praaclare
1579 5057 1695 5110 ait:
1744 5054 1812 5110 Et

218 5160 424 5212 mentita
459 5170 531 5211 est
577 5157 824 5226 iniquitas
868 5156 964 5210 sibi
1012 5154 1260 5226 (Psalm.
1313 5168 1481 5219 xui,
1514 5152 1644 5224 12).
1695 5149 1812 5207 Sibi

223 5254 359 5306 enim
392 5261 514 5304 ante
541 5249 821 5315 mentitur,
847 5265 967 5303 cum
991 5251 1044 5302 in
1070 5261 1227 5303 suum
1268 5247 1524 5301 mentitur
1553 5243 1807 5315 exiliunt;

221 5345 317 5400 sibi
349 5344 630 5414 delinquit,
663 5343 755 5413 qui
794 5343 893 5397 sibi
923 5343 1245 5396 innocentia:
1276 5341 1437 5410 eripit
1463 5339 1807 5394 suavitatem.

225 5439 350 5503 Quis
377 5437 515 5493 enim
556 5437 789 5508 puritate
833 5445 887 5491 et
925 5435 1270 5504 simplicitate
1315 5435 1548 5504 pectoris
1599 5433 1810 5489 dulcior

228 5530 458 5585 fructus?
500 5530 634 5598 Quis
673 5529 828 5582 cibus
852 5527 1092 5592 suavior,
1120 5543 1281 5596 quam
1313 5528 1358 5582 is
1387 5543 1547 5597 quem
1594 5524 1806 5579 animus

227 5625 356 5679 bene
380 5624 476 5678 sibi
505 5621 728 5688 conscii,
781 5633 835 5677 et
865 5637 1019 5676 mens
1069 5623 1373 5677 innocentis
1402 5622 1650 5690 epulatur
1676 5619 1700 5673 ἲ
1740 5622 1810 5676 At

230 5731 348 5770 vero
395 5717 645 5787 iniquitas
697 5713 846 5770 velut
898 5714 1128 5786 quodam
1188 5716 1438 5786 plumbeo
1482 5715 1703 5782 talento,
1754 5720 1812 5768 nt

300 5843 324 5904 ft
350 5832 592 5888 Nunnolli
617 5849 774 5895 ωδε..
805 5834 1130 5902 confessione
1151 5832 1454 5904 confringit.

301 5902 326 5947 δ
356 5909 502 5966 item.
551 5905 707 5976 edin,
753 5906 886 5964 Ecce
914 5923 1008 5985 ego
1035 5915 1212 5981 pastor
1246 5902 1382 5968 utale
1406 5903 1526 5977 Ieci.

1275 369 1339 424 ΙΝ
1381 361 1709 426 PSALMUM
1752 367 1949 428 XXXV
1993 371 2417 428 ENARRATIO.
3403 373 3508 427 1‘58

109 477 376 535 occisus
415 481 566 538 Ded
595 484 918 556 improbatur
945 486 997 541 in
1021 501 1152 543 voce
1174 487 1449 558 sanguinis
1477 483 1582 550 sui,
1610 487 1695 542 hic
1725 488 1806 542 vi-
1835 485 1885 550 Α
1916 489 2192 559 Scriptura
2250 489 2567 548 testificatur
2613 491 2816 564 (Zach.
2861 509 2915 562 v,
2964 494 2994 547 7
3031 494 3072 562 ),
3124 490 3512 548 conscientiam

115 584 240 625 vus
304 587 343 627 a
381 572 554 632 facie
608 577 820 632 Domini
859 577 1268 649 repellebatur;
1311 587 1366 634 et
1393 593 1516 634 cum
1559 577 1734 633 adhuc
1776 595 1805 634 a

117 661 410 720 Domino
481 679 679 738 paena:
725 680 1024 736 cessarent,
1078 671 1365 739 torquebat
1413 683 1534 726 eum
1588 685 1809 726 suorum

120 759 541 817 conscientia
600 771 963 833 peccatorum.
1005 763 1228 819 Latebat
1275 764 1438 818 miser
1481 772 1716 818 tremens
1757 770 1812 819 et

123 851 410 919 timens;
452 863 521 910 et
572 871 697 912 cum
729 856 903 912 adhuc
947 871 1235 927 percussor
1266 855 1500 922 deesset,
1533 856 1648 928 ipsa
1691 871 1811 912 sese

125 941 363 1013 iniusti
392 947 520 1000 vita
552 947 856 1002 cruciabat.
884 947 1183 1018 Acceperat
1209 950 1443 1019 signum,
1474 963 1541 1003 ne
1570 961 1691 1003 eum
1714 947 1813 1002 ali-

129 1037 279 1105 quis
311 1039 634 1096 occideret
665 1059 676 1095 :
711 1057 815 1095 non
847 1049 907 1095 ut
929 1040 1052 1095 vita:
1084 1042 1350 1098 suavitate
1394 1039 1680 1107 frueretur,
1715 1040 1810 1097 sed

131 1144 218 1184 ne
276 1145 453 1186 mors
499 1135 754 1189 auferret
779 1149 1106 1188 a'rumnam:
1153 1141 1208 1188 ut
1248 1149 1628 1204 percussorem
1654 1151 1808 1189 suum

132 1226 422 1296 quotidie
443 1229 709 1284 timendo
738 1240 1034 1300 pateretur.
1067 1231 1338 1287 Meruerat
1365 1231 1579 1303 quidem
1615 1239 1812 1303 utper-

133 1335 365 1376 cussor
405 1323 774 1380 inltiberetur
801 1341 816 1389 ;
849 1325 944 1380 sed
989 1326 1106 1381 sine
1133 1326 1239 1380 ulla
1269 1327 1668 1382 intermissione
1695 1325 1812 1396 ipse

131 1412 252 1468 sibi
290 1431 447 1469 suns
483 1417 736 1472 carnifex
769 1426 908 1483 erat,
941 1418 1056 1488 ipse
1087 1433 1398 1490 percussor.

1912 596 2117 653 gravat.
2177 581 2476 657 Meritoque
2520 585 2688 640 David
2770 591 2892 643 ait:
2943 587 3095 643 Sicut
3157 603 3286 641 onus
3354 601 3508 657 grave

1913 687 2140 746 gravata:
2168 687 2288 732 sunt
2319 695 2472 748 super
2513 694 2592 732 me
2631 686 2647 749 (_
2680 675 2881 735 Psalnt.
2938 689 3144 744 XXxvn,
3177 678 3211 734 5
3256 680 3294 748 ).
3331 678 3514 733 EtSa-

1915 768 2137 822 lomon:
2184 767 2332 825 Sicut
2359 787 2457 825 uva
2482 772 2662 824 acerba
2710 772 2980 836 dentibus,
3032 772 3195 843 770
3243 781 3289 824 et
3341 771 3515 840 fumus

1913 862 2093 925 oculis,
2113 861 2186 914 ita
2231 862 2472 932 iniquitas
2526 863 2758 917 omnibus
2814 863 3067 917 utentibus
3122 880 3181 917 ea
3221 861 3426 929 (Prov.
3457 879 3513 928 χ,

1912 954 1983 1009 26
2029 958 2066 1025 ).
2111 954 2302 1011 Gravis
2331 972 2486 1026 poma
2511 973 2632 1029 quae
2671 957 2851 1013 cibum
2911 957 3184 1029 impedit,
3238 966 3514 1025 aspectum

1913 1049 2170 1113 obducit;
2199 1061 2274 1111 et,
2299 1051 2442 1119 quod
2471 1063 2552 1105 est
2582 1052 2835 1122 amplius,
2887 1051 3062 1107 oculis
3114 1049 3308 1104 mentis
3344 1049 3515 1103 inter-

1914 1157 1997 1196 nze
2028 1141 2369 1196 tenebrosam
2404 1142 2632 1197 oli'undit
2684 1144 2994 1214 caliginem,
3037 1141 3263 1214 utquod
3324 1157 3514 1197 verum

1915 1243 2015 1296 est,
2051 1232 2233 1288 videre
2284 1251 2390 1289 non
2435 1236 2604 1304 possit
2664 1235 2915 1305 injustas.
2974 1234 3208 1304 ideoque
3256 1233 3520 1304 delinquit

1913 1327 2034 1392 sibi,
2059 1329 2148 1398 qui
2176 1326 2417 1399 sibiqua:
2461 1326 2692 1397 pretiosa
2723 1339 2875 1389 sunt,
2902 1325 3082 1396 eripit.

1986 1420 2074 1475 i0.
2118 1417 2264 1474 Dixit
2295 1437 2423 1490 ergo
2479 1420 2704 1493 injustas
2752 1431 2804 1472 ut
2845 1419 3108 1491 delinquat
3166 1419 3282 1476 sibi.
3335 1419 3519 1475 Justus

1913 1521 2090 1566 autem
2126 1511 2386 1582 loquitur,
2421 1523 2476 1566 ut
2503 1511 2623 1566 aliis
2652 1522 2708 1567 et
2736 1511 2838 1566 sibi
2890 1513 3102 1582 prosit;
3138 1513 3227 1568 ille
3280 1511 3519 1584 loquitur

1914 1605 1978 1659 ad
2011 1605 2322 1672 perniciem,
2365 1605 2451 1660 hic
2509 1607 2745 1676 loquitur
2796 1606 2862 1661 ad
2911 1607 3161 1662 salutem.
3218 1607 3294 1662 De
3345 1609 3508 1677 justis

1916 1717 2045 1754 vero
2061 1711 2112 1755 et
2138 1699 2385 1755 litlclibus
2415 1699 2613 1755 dictum
2660 1712 2742 1755 est
2772 1719 2784 1754 :
2818 1699 2986 1755 Corde
3005 1702 3232 1755 creditur
3262 1702 3332 1755 ad
3351 1704 3518 1775 justi.

1915 1795 2058 1861 tiam,
2110 1809 2198 1847 ore
2251 1803 2419 1847 autem
2475 1796 2730 1864 confessio
2763 1793 2817 1862 (it
2858 1794 2927 1846 ad
2955 1795 3172 1849 salutem
3219 1791 3415 1865 (Rom.
3463 1812 3519 1860 χ,

1913 1991 2026 2038 tum
2053 1989 2231 2038 sanat.
2259 1979 2413 2037 Unde
2441 1997 2563 2036 cum
2588 1982 2959 2053 expostularet
2993 1981 3164 2037 David
3218 1997 3342 2037 cum
3395 1997 3521 2052 rege

1911 2075 2060 2142 Sani,
2096 2073 2238 2144 quod
2269 2073 2473 2128 oblitus
2526 2073 2811 2139 beneﬁcii,
2868 2075 3056 2128 salutis
3112 2074 3355 2145 ingratus
3396 2090 3518 2128 eum

1911 2181 2330 2240 persequeretur
2356 2169 2422 2222 ad
2451 2178 2705 2233 mortem,
2737 2185 2766 2222 a
2795 2185 2899 2239 quo
2927 2169 3089 2223 toties
3139 2168 3253 2238 jam
3312 2168 3522 2224 videret

1911 2275 1970 2315 se
1993 2273 2113 2316 esse
2143 2269 2452 2324 servatum;
2484 2260 2713 2314 etvitam
2744 2260 2861 2328 ejus
2892 2266 3192 2329 appeteret,
3228 2260 3320 2329 qui
3352 2261 3516 2314 vitam

1911 2367 2062 2409 suam
2090 2365 2189 2423 pro
2212 2352 2352 2422 regis
2406 2350 2578 2404 salute
2618 2351 2876 2418 periculis
2928 2351 3238 2414 obtulisset,
3292 2351 3364 2404 ait
3417 2350 3519 2405 sibi

1911 2446 2142 2499 lrnctutn
2174 2459 2276 2497 non
2310 2442 2486 2513 perire
2513 2441 2762 2513 justitiai,
2811 2441 2902 2512 qui
2935 2440 3303 2496 insidiatorem
3357 2458 3515 2496 suum

1912 2539 1963 2594 in
1996 2551 2188 2593 manus
2216 2552 2340 2592 sitas
2371 2555 2399 2591 a
2432 2533 2662 2592 Domino
2695 2536 2797 2593 sibi
2828 2538 3082 2591 traditum
3116 2553 3220 2590 non
3254 2537 3520 2608 peremis-

1909 2639 1993 2685 set
2021 2633 2037 2700 (
2069 2630 2088 2686 l
2121 2630 2246 2702 Reg.
2277 2639 2423 2694 xxtv,
2459 2631 2524 2685 14
2561 2629 2601 2699 ).
2655 2631 2736 2685 Ab
2769 2629 2982 2697 injustis
3036 2629 3292 2698 iniquitas
3329 2629 3517 2700 prodi-

1914 2724 2006 2790 vit,
2035 2739 2301 2780 venenum
2332 2741 2359 2778 ιι
2394 2725 2741 2794 serpentibus
2763 2724 2990 2780 eli‘usum
3025 2734 3131 2792 est,
3163 2741 3429 2781 venenum
3467 2734 3523 2782 et

1912 2816 2209 2886 iniquitatis
2231 2831 2378 2870 arma
2425 2817 2725 2887 perierunt.

1987 2909 2072 2962 ii.
2115 2907 2240 2962 Ideo
2283 2910 2540 2978 scriptum
2570 2919 2686 2963 est:
2727 2907 2870 2963 Dixit
2898 2911 3123 2982 injustus
3154 2921 3210 2964 ut
3256 2911 3522 2976 delinquat

1913 2999 2026 3056 sibi.
2067 2999 2202 3069 Quid
2228 3001 2409 3055 dixit?
2456 3001 2657 3054 Portam
2681 2997 2924 3055 thronum
2961 3019 3125 3056 meum
3155 3019 3310 3071 super
3337 3003 3516 3073 nubes,

1912 3104 1960 3150 et
2007 3109 2094 3148 ero
2141 3095 2322 3148 similis
2383 3093 2643 3148 Altissimo
2675 3093 2862 3166 (Emi.
2897 3110 3009 3160 xw,
3072 3093 3138 3149 Η
3252 3094 3517 3152 Eli'ectum

1916 3203 2022 3241 non
2054 3185 2253 3240 habent
2276 3185 2462 3247 verba,
2493 3186 2586 3240 sed
2619 3196 2898 3255 peccattun
2933 3185 3153 3242 habent.
3188 3187 3366 3242 inanis
3393 3190 3517 3259 qui-

1908 3386 2073 3426 nosus
2099 3385 2202 3425 non
2232 3372 2383 3426 timet
2402 3372 2648 3426 convicio
2669 3373 3002 3439 maiestatem
3029 3372 3232 3427 violare
3255 3373 3511 3431 divinam.

1909 3461 2122 3518 Etenim
2152 3466 2195 3518 si
2221 3465 2359 3519 ullus
2389 3464 2482 3520 Dei
2525 3466 2686 3520 timor
2717 3467 2832 3535 ejus
2873 3468 3078 3520 inesset
3124 3465 3363 3531 all‘ectui,
3399 3483 3506 3522 non

1908 3556 1960 3610 in
1992 3568 2284 3627 Conspectu
2328 3558 2419 3612 Dei
2453 3559 2608 3628 plena
2641 3555 2750 3612 tloli
2777 3557 3009 3627 gerenda
3038 3555 3140 3613 sibi
3169 3570 3298 3610 ausu
3332 3568 3498 3612 teme-

1911 3651 2054 3705 rario
2085 3651 2425 3715 credidisset,
2455 3651 2610 3720 quasi
2638 3649 2779 3706 Deus
2833 3667 2937 3704 non
2973 3652 3140 3720 possit
3170 3651 3382 3705 occulta
3423 3665 3515 3702 co-

1907 3759 2191 3815 gnoscere,
2215 3745 2302 3815 qui
2336 3753 2603 3798 scrutator
2647 3755 2731 3798 est
2762 3745 3117 3799 internarum.
3154 3742 3370 3814 Spectat
3401 3758 3517 3796 om-

1910 3839 1997 3893 nia
2032 3839 2211 3903 Deus;
2246 3839 2375 3892 nihil
2412 3847 2494 3891 est
2540 3837 2682 3908 quod
2730 3855 2852 3892 eum
2889 3845 3194 3908 praetereat,
3231 3851 3390 3890 nemo
3421 3837 3514 3905 qui

1911 3930 2101 3985 fallat:
2159 3930 2242 3984 cui
2294 3931 2474 3982 omnia
2520 3929 2804 3998 pnesentia
2863 3943 2982 3997 qua:
3037 3927 3216 3982 futura
3259 3937 3408 3990 sunt,
3460 3938 3513 3982 et

1912 4022 2194 4077 manifesta
2227 4037 2346 4092 (ltltl‘.
2371 4021 2564 4076 latent.
2603 4021 2814 4077 Etenim
2859 4022 2901 4074 si
2935 4021 3015 4076 sol
3062 4023 3162 4075 iste
3210 4020 3514 4090 mundanus

1911 4117 2108 4172 clausis
2169 4118 2487 4186 plerumque
2532 4115 2931 4170 domiciliorum
2984 4115 3301 4168 habitaculis
3353 4129 3508 4168 suum

1913 4211 2093 4266 lumen
2119 4210 2415 4275 interserit;
2451 4215 2651 4278 quanto
2681 4212 2849 4277 magis
2885 4207 3026 4262 Deus
3064 4221 3327 4274 summus,
3351 4216 3512 4262 a'ter-

1913 4317 2034 4366 nus,
2061 4302 2222 4356 etiam
2257 4308 2466 4356 secreta
2512 4299 2809 4370 penetralia
2859 4298 3052 4353 mentis
3101 4298 3369 4361 humanm,
3430 4311 3514 4351 at-

1913 4411 2016 4467 que
2036 4407 2198 4450 omne
2256 4392 2580 4463 Angelorum
2627 4389 2918 4446 coiisilium
2971 4389 3198 4444 scientia
3227 4405 3321 4444 sua
3365 4405 3518 4444 scru~

1913 4499 2078 4555 tatur,
2110 4496 2161 4542 et
2193 4485 2490 4556 praevenit?
2544 4483 2681 4553 Quid
2724 4500 2854 4555 ergo
2909 4483 3053 4538 aliud
3111 4483 3220 4554 agit
3248 4483 3514 4556 injusms,

1917 4582 2017 4637 nisi
2063 4591 2118 4636 ut
2160 4579 2502 4649 iniquitatem
2526 4578 2628 4634 sibi
2667 4589 2871 4648 qumrut
2901 4585 2957 4632 et
2996 4577 3230 4632 odium?

1994 4674 2080 4729 lii.
2121 4675 2214 4728 Sic
2236 4672 2380 4727 enim
2397 4671 2660 4740 scriptum
2687 4677 2806 4726 est:
2838 4668 2960 4725 Non
2980 4680 3055 4724 est
3085 4670 3242 4724 timor
3273 4668 3368 4724 Dei
3392 4681 3515 4726 ante

1919 4768 2092 4822 oculos
2121 4770 2274 4837 ejus:
2303 4765 2548 4836 quoniam
2575 4765 2751 4818 dolose
2773 4765 2873 4836 egit
2903 4765 2955 4817 in
2983 4775 3256 4832 conspectu
3285 4766 3417 4836 ejus,
3457 4772 3516 4816 ut

1914 4864 2161 4918 inveniret
2189 4862 2512 4927 iniquitatem
2548 4875 2695 4912 suam
2737 4871 2783 4912 et
2839 4857 3032 4911 odium.
3071 4857 3210 4923 Quid
3244 4857 3385 4909 enim
3434 4857 3515 4910 in-

1916 4959 2120 5013 veniret
2145 4956 2167 5010 ?
2193 4954 2384 5010 Omnis
2415 4953 2557 5008 enim
2586 4954 2675 5022 qui
2705 4953 2916 5022 quzerit,
2946 4950 3154 5005 invenit
3180 4967 3191 5000 :
3223 4959 3244 4986 ε
3293 4966 3424 5017 ergo
3466 4951 3514 5005 si

1917 5053 2117 5109 malum
2147 5051 2429 5120 quaeritur,
2461 5048 2639 5119 agitur
2670 5057 2725 5100 ut
2748 5046 3068 5099 inveniatur.
3117 5042 3221 5099 Sed
3254 5041 3509 5111 quemad-

1914 5145 2130 5200 modum
2164 5140 2450 5196 laudabilis
2473 5151 2555 5194 est
2583 5139 2693 5196 ille.
2720 5135 2807 5206 qui
2838 5135 3034 5188 bonum
3064 5133 3206 5204 quod
3235 5135 3510 5205 qiuesivit,

1914 5240 2159 5303 invenit,
2219 5237 2288 5290 ita
2352 5233 2692 5290 inveniabilis
2741 5230 2828 5300 qui
2892 5227 3156 5282 laboravit
3195 5242 3251 5282 ut
3310 5231 3510 5284 malum

1913 5333 2055 5406 quod
2096 5332 2404 5402 qutesierat,
2451 5327 2754 5388 inveniret;
2787 5324 2942 5378 bonis
2988 5321 3132 5376 enim
3161 5323 3345 5384 rebus,
3401 5339 3510 5378 non

1911 5427 2128 5500 ﬂagitiis
2167 5440 2329 5498 atque
2351 5417 2918 5478 criminibuslaborcm
2953 5426 3194 5469 nostrum
3226 5430 3325 5470 nos
3353 5432 3513 5485 opor-

1915 5533 1992 5579 tet
2018 5520 2356 5591 impendere.
2391 5515 2526 5580 Quid
2560 5512 2720 5584 igitur
2770 5508 2873 5564 nisi
2912 5524 3140 5562 summa:
3166 5509 3406 5563 stultitia:
3431 5521 3514 5564 at-

1916 5633 2020 5686 que
2045 5615 2335 5669 dementiae
2362 5617 2466 5671 est,
2491 5606 2674 5659 odium
2718 5616 2982 5670 qua‘rere,
3013 5599 3348 5670 iniquitatem
3399 5619 3513 5656 nta-

1939 5712 1983 5765 is
2041 5706 2248 5762 artibus
2299 5699 2562 5762 invenire,
2607 5711 2764 5767 quam
2821 5693 2995 5749 bimus
3043 5709 3200 5748 nemo
3225 5694 3515 5765 quaesivit?

1995 5832 2018 5862 ιε
2053 5822 2182 5877 Mss.
2211 5818 2339 5880 duo,
2373 5832 2492 5887 ergo
2519 5823 2565 5867 et
2595 5811 2788 5866 malum
2823 5807 3092 5880 quiet-itur,
3131 5817 3186 5866 ut
3206 5809 3516 5880 inveniatur;

1924 5910 2083 5963 unus,
2115 5907 2234 5971 ergo
2259 5891 2332 5947 sic
2355 5888 2574 5956 malum,
2611 5892 2715 5948 etc.
