4042 6378
572 285 677 348 959

1906 304 2151 364 SANCTI
2193 308 2519 368 AMBROSH

3776 323 3864 378 9η)

637 407 727 464 15.
769 407 1056 478 Quomodo
1081 411 1243 486 igitur
1281 415 1514 487 improbi
1543 417 1885 490 iniquitatem
1925 437 2076 479 suam
2111 435 2170 482 et
2197 432 2244 494 Α
2273 427 2477 495 lumen,
2521 438 2767 487 mortuos
2815 433 3127 492 resuscitari
3158 453 3173 502 ;
3207 451 3339 492 nam
3367 436 3569 494 debuit
3590 438 3864 512 intelligere

572 500 758 557 odium
821 513 1108 574 quaerant,
1156 507 1586 565 consideremus.
1643 511 1849 586 Nempe
1900 515 2166 575 Herodias

569 605 690 650 erat
718 598 1006 654 tetrarchae
1034 598 1265 671 Philippi
1284 602 1523 674 legitimo
1544 621 1679 662 nexa
1701 608 1974 681 coujugio,
2004 613 2166 684 regite

571 688 852 745 abundans
874 691 1069 761 opibus
1096 696 1413 764 potestatis:
1457 707 1615 770 "qua:
1646 700 1914 759 Herodem
1941 705 2167 763 Romam

571 781 814 853 adusque
837 785 1148 843 tendentem
1173 790 1326 860 quasi
1352 806 1670 864 germanum
1699 799 1900 866 mariti,
1948 801 2167 872 hospitii

571 883 628 931 et
653 875 932 933 affinitatis
953 877 1079 948 jure
1106 883 1376 955 suscepit;
1431 901 1552 940 cum
1607 904 1716 959 quo
1747 889 1972 961 depacta
2015 910 2167 950 suam

569 969 842 1039 copulam,
876 987 983 1028 non
1016 975 1184 1030 multo
1210 987 1335 1050 post
1373 981 1564 1037 relicto
1618 983 1735 1039 viro
1758 1028 1772 1050 ,
1801 990 2059 1044 consortii
2087 990 2168 1046 sui

564 1062 688 1133 jura
712 1067 958 1122 mutavit.
986 1069 1144 1144 771
1175 1072 1362 1130 Nonne
1384 1091 1447 1132 ea
1481 1079 1735 1146 quaesivit
1760 1081 2097 1153 iniquitatem
2117 1096 2174 1143 et

572 1156 756 1213 odium
785 1201 800 1225 ,
831 1175 951 1231 qua:
990 1167 1299 1235 conjugium
1329 1168 1593 1236 deseruit,
1626 1182 1682 1228 ut
1704 1174 1980 1232 inveniret
2017 1177 2169 1235 adul-

572 1251 767 1307 terium
796 1255 821 1307 ἲ
862 1253 930 1310 Et
987 1257 1111 1326 quia
1153 1271 1372 1316 sanctus
1417 1263 1655 1334 Baptista
1706 1268 1920 1340 nuptias
1959 1271 2173 1330 illicitas

570 1354 886 1403 constanter
922 1349 1189 1423 increpuit
1230 1353 1420 1412 dicens
1465 1357 1696 1416 Herodi:
1749 1361 1873 1418 Non
1923 1366 2036 1421 licet
2085 1370 2175 1424 tibi

570 1455 683 1494 eam
711 1457 922 1499 uxorem
969 1446 1155 1502 habere
1183 1448 1202 1520 (
1227 1447 1395 1505 Marc.
1428 1468 1501 1519 vt,
1538 1453 1604 1510 18
1634 1454 1655 1528 )
1687 1499 1704 1524 ,
1763 1474 1884 1530 qua:
1920 1464 2170 1520 maritum

570 1542 760 1588 contra
793 1533 990 1606 Legem
1027 1537 1268 1610 reliquit,
1297 1552 1351 1596 et
1381 1544 1527 1599 fratri
1551 1548 1728 1604 mariti
1749 1552 1902 1620 quasi
1935 1569 2002 1608 ex
2031 1555 2175 1628 Lege

571 1627 872 1694 convenit;
924 1639 1191 1686 commota
1221 1643 1307 1689 est
1328 1635 1595 1706 adultera,
1620 1650 1676 1696 ut
1697 1657 1819 1698 eum
1867 1647 2029 1702 vellet
2077 1627 2173 1704 oc-

571 1718 774 1814 cidere.
809 1721 916 1779 Sed
963 1726 1180 1796 cognito
1208 1729 1354 1800 quod
1386 1730 1650 1790 Herodem
1693 1737 1760 1792 ad
1808 1755 1994 1797 necem
2041 1743 2174 1814 justi

2269 522 2412 593 quod
2471 521 2612 578 Deus
2663 535 2844 593 esset,
2901 528 2994 599 qui
3043 529 3172 584 talia
3223 541 3415 602 posset
3456 533 3730 602 operari?
3777 535 3860 592 Sed

2269 615 2574 688 intelligere
2638 619 2848 687 noluit,
2907 623 3031 693 quia
3079 639 3273 680 avarus
3320 624 3494 681 homo
3543 636 3601 681 et
3649 631 3863 698 pecuni:

2269 707 2508 764 intentus
2554 725 2582 763 a
2627 714 2938 780 cognitione
2963 715 3269 774 divinitatis
3314 719 3567 790 vigorem
3592 734 3707 774 sum
3729 736 3859 777 men-

2271 799 2338 854 tis
2369 802 2583 856 avertit.
2609 802 2986 877 Unusquisque
3015 809 3158 864 enim
3182 811 3350 881 quise
3384 811 3612 882 ﬂagitiis
3654 811 3867 886 ingurgi-

2272 893 2497 959 tavcrit,
2549 909 2655 950 nou
2708 897 2825 952 vult
2871 898 3172 970 intelligere
3215 917 3336 972 qua:
3382 903 3701 959 cmicstium
3738 922 3866 962 man-

2273 987 2520 1044 datorum
2578 1001 2722 1059 suut,
2783 1009 2850 1048 ne
2903 1006 3187 1052 revocetur
3225 1013 3256 1051 a
3307 998 3478 1054 vitiis.
3545 998 3686 1055 Vide
3736 1001 3864 1056 illum

2275 1081 2567 1153 fugientem
2603 1085 2928 1155 intelligere,
2960 1089 3048 1158 qui
3075 1090 3192 1144 ait:
3225 1089 3474 1147 Tenebris
3518 1095 3758 1158 operiunt
3781 1113 3863 1164 ιιιε,

2274 1184 2322 1228 et
2358 1176 2678 1231 circumdant
2707 1181 2926 1247 parietes
2957 1197 2974 1236 :
3021 1182 3137 1252 quis
3165 1182 3260 1237 scit
3284 1201 3354 1238 an
3409 1184 3592 1240 videat
3634 1184 3864 1241 Damius

2275 1270 2294 1340 (
2326 1270 2525 1326 Eccles.
2557 1289 2709 1339 mu,
2745 1274 2815 1330 26
2849 1277 2866 1344 )
2894 1277 2916 1330 ?
2946 1276 3062 1331 Non
3097 1278 3211 1334 vult
3237 1279 3385 1336 cnim
3419 1297 3684 1352 qumrere
3713 1294 3766 1338 et
3805 1287 3866 1340 in-

2275 1366 2482 1431 venire,
2525 1369 2666 1437 quod
2710 1368 2848 1425 Deus
2892 1371 3074 1426 omnia
3109 1372 3286 1428 videat
3335 1383 3506 1446 atque
3548 1389 3860 1448 cognoscit;

2279 1478 2346 1516 ne
2382 1473 2526 1518 metu
2575 1465 2886 1520 retrahatur
2915 1483 2944 1522 a
2975 1469 3226 1524 crimine.
3283 1469 3422 1526 Vide
3461 1487 3655 1544 regem
3708 1474 3862 1529 Achab

2279 1564 2551 1625 petentem
2603 1572 2633 1611 a
2673 1556 2921 1614 Nabutbe
2974 1560 3190 1616 vineam
3240 1562 3404 1632 ejus;
3457 1579 3739 1634 cognosce
3771 1582 3860 1621 res-

2281 1649 2605 1718 pondentem
2643 1651 2840 1706 illum:
2878 1653 3019 1707 Absit
3065 1662 3121 1707 ut
3167 1656 3346 1709 cedam
3387 1657 3757 1712 hwreditatem
3795 1678 3859 1729 pa-

2281 1751 2416 1796 trum
2455 1760 2682 1799 meorum
2724 1745 2839 1818 (ill
2867 1746 2994 1818 Reg.
3025 1764 3132 1813 χχι,
3165 1749 3200 1803 5
3231 1749 3273 1819 ).
3306 1748 3424 1805 Νοη
3468 1751 3672 1807 debuit
3700 1754 3860 1808 intelli-

571 1827 680 1868 non
705 1809 861 1870 facile
881 1827 1066 1887 posset
1087 1818 1383 1889 inflectere,
1409 1828 1740 1898 excogitavit
1773 1847 1875 1901 qua
1913 1834 2000 1888 via
2033 1809 2173 1892 istud
2203 1824 2252 1885 Β
2278 1851 2404 1905 gere
2434 1838 2575 1906 quod
2601 1809 2746 1908 justa
2786 1809 3098 1896 referebat?
3120 1809 3127 1813 Π
3151 1809 3261 1896 Sed
3293 1843 3464 1897 noluit
3515 1845 3804 1915 intelligere
3824 1859 3859 1898 at

571 1903 839 1963 efficeret.
869 1906 896 1946 δ
951 1908 1158 1992 Natalis
1197 1924 1313 1970 erat
1352 1915 1603 1987 Herodis,
1633 1937 1796 1993 quem
1823 1923 1955 1981 luxu
1983 1927 2171 1998 ui'mio,

569 2005 633 2052 ut
660 1999 928 2072 plerisque
951 2004 1169 2075 regibus
1199 2023 1319 2064 mos
1353 2021 1456 2080 est,
1489 2014 1768 2074 celebrare
1788 2034 2172 2080 consueverat.

569 2090 870 2148 Adornavit
899 2095 1084 2167 filiam,
1131 2109 1188 2155 ut
1218 2102 1270 2157 in
1300 2107 1550 2164 convivio
1597 2112 1740 2182 regis
1771 2114 1963 2184 pignus
1991 2119 2175 2189 regale

569 2184 811 2242 saltaret.
838 2187 1051 2246 Etcum
1077 2192 1375 2263 placuisset
1419 2199 1640 2268 Herodi,
1691 2206 1834 2274 quod
1887 2184 2176 2279 displicere

571 2276 760 2334 debuit
793 2292 1002 2350 patruo,
1029 2284 1225 2343 obtulit
1249 2289 1322 2357 ei,
1338 2301 1396 2346 ut
1413 2294 1552 2364 quod
1586 2297 1755 2353 vellet
1776 2276 2056 2369 praemium
2078 2319 2175 2373 pro

569 2373 873 2430 saltationis
890 2379 1183 2448 opprobrio
1201 2385 1517 2452 postularet.
1536 2389 1759 2446 Matrem
1779 2392 1865 2448 illa
1883 2396 2174 2464 consuluit,

569 2467 726 2538 cujus
745 2469 979 2542 impulsu
994 2489 1052 2528 ea
1061 2485 1154 2545 put
1169 2477 1423 2547 Baptistae
1440 2482 1701 2551 poposcit.
1712 2484 1896 2541 Victus
1913 2488 2173 2555 Herodes,

573 2560 699 2630 quia
732 2576 1072 2621 sacramento
1113 2584 1171 2623 se
1207 2574 1611 2628 constrinxerat
1635 2576 1886 2633 daturum
1917 2579 2177 2652 quidquid

575 2654 753 2723 neptis
768 2658 982 2728 propria
1009 2660 1424 2734 petisset,jussit
1459 2667 1630 2723 occidi
1653 2668 2004 2740 Joannem,et
2017 2687 2178 2747 caput

571 2747 689 2817 ejus
703 2749 905 2806 afferri.
936 2752 1091 2821 Quod
1119 2755 1345 2812 allatum
1381 2758 1576 2828 puellae
1607 2761 1778 2832 dedit,
1811 2774 1866 2820 et
1897 2767 1986 2821 illa
2018 2770 2176 2825 matri

573 2855 690 2897 sua:
717 2845 1167 2913 pertulit.Verum
1196 2861 1278 2906 est
1299 2868 1430 2924 ergo
1457 2855 1600 2924 quod
1624 2857 1885 2928 iniquitas
1907 2870 1961 2915 et
1990 2861 2176 2919 odium

576 2935 932 3006 requirantur
959 2954 973 2993 :
1018 2941 1460 3014 quandoquidem
1511 2964 1575 3002 ea
1608 2949 1827 3014 mulier,
1857 2952 2002 3023 quod
2035 2952 2174 3010 facili

574 3029 842 3100 petitione
892 3033 1182 3105 impetrare
1213 3055 1320 3096 non
1368 3052 1596 3112 poterat,
1641 3047 1820 3117 pravis
1851 3050 2054 3105 artibus
2084 3066 2177 3107 ex-

570 3125 820 3195 cogitatae
849 3129 1052 3184 fraudis
1082 3131 1290 3188 elicuit.

2275 1928 2399 1984 bene
2439 1940 2644 2002 ageret,
2673 1940 2728 1986 et
2754 1931 2929 1986 aliena
2963 1947 3070 1988 non
3095 1935 3259 2007 772
3307 1945 3614 2004 quazreret.
3640 1935 3758 1992 Non
3794 1939 3855 1992 de

2275 2024 2392 2078 buit
2431 2023 2736 2094 intelligere
2759 2025 2901 2096 quod
2935 2041 3066 2082 vero
3096 2028 3241 2082 Elias
3270 2029 3382 2083 Deo
3422 2029 3741 2097 serviebat,
3767 2047 3857 2086 cum

2275 2115 2486 2172 videret
2514 2118 2566 2173 in
2596 2118 2765 2174 verbo
2795 2118 2930 2174 Elite
2953 2119 3196 2175 clausum
3219 2122 3419 2178 ctelum
3443 2123 3633 2180 tribus
3656 2127 3804 2182 annis
3825 2139 3859 2181 et

2279 2213 2451 2267 tribus
2491 2214 2804 2280 mensibus;
2835 2225 2886 2270 et
2919 2215 2986 2269 ad
3016 2230 3204 2285 preces
3253 2218 3372 2286 ejus
3401 2218 3625 2286 pluvias
3665 2221 3860 2276 esseda

2278 2306 2496 2373 missas,
2523 2319 2579 2362 ut
2603 2307 2750 2363 arida
2786 2309 2964 2363 omnia
2995 2308 3344 2378 rigarentur?
3384 2310 3497 2365 Sed
3526 2311 3715 2366 noluit
3737 2314 3859 2368 intel-

2279 2400 2462 2471 ligere,
2493 2417 2560 2456 ne
2587 2401 2868 2472 perfidiam
2890 2401 3300 2469 condemnaret,
3334 2414 3677 2475 sequeretur
3709 2405 3846 2460 fidem

2353 2496 2440 2552 16.
2475 2495 2493 2567 (
2526 2495 2684 2552 Vers.
2714 2498 2769 2552 5.
2809 2494 2828 2567 )
2870 2495 3177 2563 Quinetiam
3228 2494 3575 2567 Iniquitatem
3618 2500 3857 2552 meditata:

2277 2596 2352 2642 est
2376 2589 2431 2642 in
2468 2589 2623 2643 cubili
2661 2605 2776 2653 suo,
2820 2589 2908 2644 ubi
2958 2605 3146 2644 verum
3177 2605 3427 2661 qumrere
3471 2590 3780 2648 debuisset.
3821 2593 3857 2645 la

2277 2682 2544 2740 cubilibus
2573 2685 2717 2738 enim
2750 2700 3116 2756 compungere
3143 2700 3242 2741 uos
3271 2685 3476 2741 debent
3525 2698 3718 2742 nostra
3769 2704 3858 2759 pet-

2278 2783 2418 2842 cata,
2444 2789 2550 2830 non
2574 2775 2626 2830 iu
2649 2775 2782 2846 ipsis
2807 2776 3171 2848 delinquendo
3194 2779 3490 2843 committi,
3510 2778 3738 2835 dicente
3761 2781 3858 2835 Pro-

2278 2870 2437 2938 pheta
2463 2887 2476 2924 :
2513 2870 2642 2936 Qua:
2669 2871 2842 2926 dicitis
2864 2873 2920 2926 in
2946 2873 3186 2928 cordibus
3208 2875 3409 2940 vestris,
3451 2883 3505 2930 et
3529 2877 3590 2929 in
3640 2876 3856 2932 cubilitas

2278 2966 2455 3020 vestris
2491 2967 2893 3037 compungimini
2923 2965 3106 3037 (Psal.
3131 2983 3204 3033 tv,
3227 2966 3328 3039 5).

2351 3062 2441 3117 17.
2482 3061 2678 3128 Astitit,
2708 3063 2898 3132 inquit,
2944 3063 3086 3117 omni
3124 3063 3219 3117 vite
3259 3079 3363 3117 non
3394 3063 3585 3119 bona:
3645 3065 3850 3119 malitia

2279 3164 2447 3209 autem
2479 3155 2596 3208 odio
2619 3171 2721 3209 non
2750 3155 2950 3209 habuit.
2995 3155 3108 3210 Non
3156 3156 3298 3211 enim
3353 3157 3644 3212 immerito
3693 3160 3846 3227 injusta

639 3220 725 3275 H.
769 3219 905 3288 Quid
933 3223 1001 3278 de
1036 3223 1175 3280 Juda
1230 3229 1504 3298 proditore
1554 3233 1742 3304 loquar
1769 3235 1882 3308 {qui
1921 3240 2170 3309 quaesivit
2196 3222 2240 3286 Ο
2275 3249 2586 3313 meditatur,
2623 3248 2714 3320 qui
2743 3248 2795 3303 in
2814 3249 2898 3303 via
2941 3249 3144 3305 erroris
3183 3249 3410 3316 assistit,
3441 3259 3500 3305 et
3529 3219 3846 3306 malitiaindi-

565 3315 852 3371 avaritiam
875 3359 890 3383 ,
933 3329 989 3373 et
1016 3319 1223 3376 invenit
1243 3325 1608 3398 sacrilegium,
1629 3330 1815 3386 dicens
1840 3351 1852 3385 :
1881 3333 2021 3401 Quid
2043 3338 2172 3391 nti/ti

564 3406 773 3476 dabitis,
805 3417 854 3462 et
884 3426 975 3483 ego
1031 3427 1145 3466 eum
1172 3414 1310 3469 vobis
1342 3418 1545 3472 tradam
1573 3422 1590 3489 (
1623 3419 1780 3476 Matt.
1816 3439 1963 3493 xxvi,
2000 3428 2068 3484 15
2101 3430 2118 3500 )
2145 3430 2169 3483 ?

563 3499 675 3556 Nec
697 3503 944 3572 expletus
975 3520 1274 3576 pauperum
1302 3511 1512 3579 spoliis,
1543 3513 1612 3566 ad
1653 3516 2041 3584 plenitudinem
2066 3523 2172 3576 cri-

567 3597 769 3652 minum
800 3599 1243 3668 gravissimorum
1273 3604 1500 3662 crimina
1530 3607 1756 3665 ferendo
1781 3614 2056 3682 pervenit,
2083 3618 2168 3686 pia

562 3691 800 3746 miscens
826 3692 1104 3748 charitatis
1131 3709 1469 3754 sacramenta
1499 3699 1744 3772 ﬂagitiis,
1776 3722 1897 3760 cum
1926 3707 2164 3765 diceret:

562 3781 727 3848 Quem
764 3785 1022 3840 osculatus
1055 3791 1229 3858 fuero,
1278 3790 1387 3862 ipse
1415 3804 1488 3848 est
1511 3810 1532 3846 :
1586 3805 1750 3851 tenete
1795 3815 1910 3852 eum
1949 3798 1969 3874 (
2000 3799 2166 3873 Ibid.,

560 3876 672 3946 48)
708 3897 723 3942 ;
760 3890 816 3935 ut
859 3897 987 3938 vere
1017 3883 1085 3939 de
1139 3900 1205 3940 eo
1263 3886 1464 3944 dictum
1521 3889 1758 3948 dubitari
1809 3910 1913 3951 non
1962 3908 2164 3967 queat:

574 3968 735 4026 Verba
758 3973 862 4027 oris
899 3980 1012 4047 ejus
1043 3978 1283 4049 iniquitas
1323 3991 1372 4035 et
1424 3982 1598 4039 dolus.
1655 3985 1849 4043 Oscula
1891 3989 2046 4046 labiis
2090 3992 2169 4050 fe-

560 4063 736 4130 rebat,
787 4067 1098 4125 ol'fundebat
1146 4088 1353 4129 venena
1409 4079 1754 4146 pectoribus;
1809 4083 2169 4142 meditabatur

561 4157 754 4212 acerba
809 4162 1095 4231 supplicia,
1146 4167 1334 4236 gratiae
1377 4169 1568 4240 pignus
1599 4171 1878 4228 afferebat.

638 4252 726 4308 15.
762 4255 905 4313 Bene
934 4259 1002 4315 de
1024 4275 1092 4316 eo
1121 4265 1400 4334 prophetia
1434 4268 1560 4324 addi
1583 4268 1713 4324 fecit
1738 4288 1751 4324 :
1795 4269 1985 4326 Noluit
2012 4273 2168 4327 intel-

567 4347 725 4415 ligere
757 4361 806 4403 ut
853 4353 976 4409 bene
1018 4369 1231 4426 ageret;
1262 4376 1366 4416 non
1405 4364 1550 4418 enim
1594 4381 1689 4435 per
1735 4377 1983 4422 naturam
2027 4369 2165 4424 deli-

567 4445 706 4515 quit,
753 4447 850 4502 sed
878 4464 975 4518 per
1011 4451 1366 4510 voluntatem.
1399 4457 1639 4531 Denique
1670 4461 1964 4531 Apostolus
2025 4473 2164 4531 erat,

565 4535 822 4592 audiebat
865 4542 1108 4612 quotidie
1133 4543 1312 4602 divina
1345 4551 1614 4614 mandata,
1643 4550 1890 4607 discebat
1939 4553 2168 4610 caeleste

566 4633 931 4704 mysterium;
968 4639 1162 4707 “potuit
1215 4640 1519 4713 intelligere
1571 4654 1631 4699 ut
1676 4644 1812 4701 bene
1866 4656 2071 4719 ageret,
2119 4649 2166 4703 si
2199 4625 2248 4686 Ῑ)

565 4727 848 4784 voluisset.
884 4729 1116 4788 Videbat
1154 4736 1334 4790 sanari
1367 4736 1710 4821 paralyticos,
1751 4739 1914 4795 caecis
1948 4739 2162 4796 refundi

638 4874 663 4902 α
691 4863 784 4922 Sic
806 4882 945 4947 mss.
970 4867 1111 4947 Vict.
1151 4879 1204 4924 et
1230 4868 1385 4926 Coib.
1418 4872 1663 4947 aquibus
1687 4874 1818 4944 Reg.
1846 4887 2008 4947 atque
2055 4875 2169 4932 edit

570 4937 676 4993 hoc
704 4945 908 4994 tantum
953 4940 1285 5016 discrepant,
1338 4937 1654 5010 quod-infra
1697 4937 1829 5016 legit
1879 4937 2004 5013 ille',
2047 4965 2165 5005 cum

573 5026 675 5082 quo
713 5022 921 5079 peccata
948 5029 1043 5066 sua
1058 5015 1326 5090 capularis
1342 5032 1375 5090 _:
1411 5018 1492 5090 ha:
1536 5015 1890 5090 autem,’cum
1920 5037 2023 5090 quo
2053 5024 2168 5076 des-

569 5092 715 5160 pecta
740 5099 886 5160 suam
914 5086 1170 5160 capulum.
1195 5087 1755 5160 Alii_denique'.locum
1786 5086 2085 5160 pra-ferunt
2108 5096 2159 5149 in

577 5153 693 5208 hau:
715 5153 1029 5238 verba,qu’te
1059 5153 1500 5238 Herodeﬁomniu
1527 5153 2006 5238 adusquetendente
2018 5168 2167 5238 quasi

574 5241 819 5303 germana
837 5228 1035 5290 mariti,
1055 5227 1616 5303 hospitiietafﬁuitatis
1630 5227 2164 5303 juresuseepto,'cmn

575 5296 676 5377 quo
703 5296 767 5377 de
789 5307 1108 5377 pacata,_sua
1125 5296 1309 5373 copula
1329 5296 1552 5377 tractans
1577 5296 1678 5356 min
1710 5305 1868 5377 multo
1891 5296 2025 5377 post;
2053 5317 2160 5364 etc.

645 5366 672 5406 δ
702 5366 947 5442 Natalem
975 5371 1116 5426 diem
1144 5366 1432 5442 quotannis
1461 5389 1668 5429 summa
1709 5366 1976 5431 hilaritate
2011 5366 2168 5435 'cele-

575 5436 735 5516 brare
779 5441 1078 5516 olimgapud
1106 5436 1302 5498 multos
1349 5445 1573 5514 populos
1617 5447 1670 5500 in
1707 5461 1859 5501 more
1886 5448 2024 5516 fuit;
2071 5452 2165 5506 sed

577 5509 728 5589 illum
775 5509 1046 5589 praecipue
1075 5530 1330 5589 proceres
1350 5509 1596 5586 ac'rcges
1628 5533 1724 5589 per
1752 5519 1941 5589 epulas
1966 5509 2021 5575 et
2040 5538 2172 5577 con-

580 5581 716 5635 vivia
759 5581 1040 5656 splendida
1067 5581 1358 5656 agitabant.
1411 5581 1644 5656 Hujusce
1691 5581 2166 5648 vetustatemcon-

582 5652 1203 5732 suetudinisdeclaravit
1232 5659 1471 5732 Moyses,
1489 5652 1626 5715 Cen.
1675 5678 1794 5732 cap.
1831 5665 2168 5731 ψέγει-δέξο,

583 5721 677 5777 ubi
734 5725 1032 5798 natalitium
1086 5721 1369 5798 epulum'a
1418 5721 1698 5788 Pharaone
1722 5721 2020 5789 exhibitum
2060 5721 2171 5790 me;

584 5795 858 5881 moli-avita
880 5797 1032 5881 Quod
1077 5795 1252 5881 tamen
1279 5803 1606 5881 convivium,
1637 5821 1747 5881 non
1772 5821 1930 5880 secus
1957 5822 2020 5862 ac
2064 5803 2174 5881 He-

581 5863 866 5922 rodianutti
907 5863 1058 5940 Hugo
1091 5871 1246 5926 Grut.
1278 5874 1344 5927 ad
1400 5863 1686 5946 utrumque
1735 5876 1914 5934 loeutn
1966 5863 2171 5934 mavult

2271 3342 2407 3413 ligit,
2435 3357 2594 3412 quam
2650 3343 2834 3396 odisse
2863 3340 3105 3398 deberet.
3137 3341 3266 3397 Plus
3295 3342 3454 3409 dixit,
3480 3344 3691 3410 astitit;
3719 3345 3838 3414 quasi

2267 3435 2589 3507 jamdudum
2618 3437 2669 3490 in
2704 3437 2791 3490 via
2829 3437 3110 3508 nequitiae,
3142 3438 3400 3493 diuturna
3438 3442 3723 3509 statione,
3757 3457 3829 3512 prr-

2271 3541 2507 3587 maneat.
2542 3531 2636 3587 Ille
2667 3530 2809 3586 enim
2839 3532 3027 3588 beatus
3075 3530 3268 3604 (Psal.
3297 3534 3353 3600 ft,
3402 3535 3428 3588 1
3465 3531 3509 3604 ),
3545 3536 3648 3605 qui
3697 3538 3738 3591 in
3770 3537 3817 3587 ri:

2271 3637 2617 3700 peccatorum
2650 3644 2757 3683 non
2805 3629 2996 3692 stetit,
3047 3644 3155 3683 nou
3187 3628 3234 3684 is
3277 3629 3367 3698 qui
3409 3630 3461 3684 in
3491 3647 3558 3686 ca
3593 3643 3741 3689 stare
3766 3648 3833 3685 seu

2271 3723 2504 3778 desinat.
2541 3722 2608 3777 Et
2660 3722 2782 3778 ideo
2824 3725 2998 3795 prima
3054 3733 3322 3794 praecepta
3371 3734 3500 3780 sunt
3555 3730 3730 3782 sancti
3759 3743 3843 3800 pro-

2271 3817 2450 3888 pheta:
2478 3815 2675 3880 David,
2711 3817 3043 3886 impietatem
3072 3815 3279 3887 fugere,
3304 3817 3356 3872 in
3386 3831 3623 3886 peccato
3650 3837 3750 3876 non
3769 3832 3845 3874 sta-

2270 3929 2349 3978 re,
2379 3913 2430 3966 in
2463 3911 2605 3983 Lege
2637 3911 2884 3967 meditari
2916 3929 2930 3977 ;
2987 3921 3044 3966 ut
3069 3911 3340 3983 intelligas
3369 3929 3488 3982 qua:
3523 3915 3671 3970 bona
3715 3925 3834 3978 Sllnl,

2271 4016 2325 4061 et
2342 4006 2486 4075 justa
2517 4015 2681 4076 atque
2735 4005 2932 4076 injusta
2961 4022 3236 4063 secernas.
3296 4009 3352 4064 In
3401 4011 3670 4065 omnibus
3721 4012 3846 4081 igitur

2269 4098 2422 4154 radix
2470 4110 2554 4154 est
2605 4099 2893 4168 spectanda
2943 4100 3228 4170 gignendi,
3285 4115 3353 4156 ne
3390 4116 3512 4156 eam
3555 4103 3760 4158 inutilis
3799 4104 3848 4155 ab

2267 4191 2496 4248 exordio
2550 4206 2741 4246 succus
2784 4190 3025 4256 inliciat,
3057 4194 3410 4264 gravioraque
3467 4196 3648 4251 multo
3698 4206 3842 4254 sunt.

2269 4289 2578 4342 animorum
2643 4285 2775 4341 vitia
2811 4327 2828 4354 ,
2876 4301 3038 4358 quam
3107 4288 3488 4358 virgultorum.
3565 4288 3846 4344 Cavendum

2268 4398 2397 4452 ergo
2465 4397 2578 4452 pra:
2632 4381 2891 4448 caeteris,
2943 4397 3012 4437 ne
3056 4381 3293 4436 humano
3372 4382 3596 4452 ingenio
3659 4383 3845 4438 malitia

2269 4488 2399 4529 usus
2421 4473 2700 4539 inolescat,
2725 4483 2886 4543 atque
2911 4473 3091 4530 omnis
3110 4482 3243 4528 artas
3269 4482 3520 4529 secutura
3549 4474 3841 4546 degeneret:

2273 4567 2436 4622 arbor
2486 4567 2630 4621 enim
2684 4567 2826 4622 mala
2857 4567 3063 4624 fructus
3085 4569 3259 4624 malos
3281 4566 3431 4623 facit.
3475 4567 3613 4623 Nam
3665 4570 3709 4622 si
3755 4567 3846 4638 ple-

2275 4675 2502 4731 rumque
2538 4659 2681 4730 quod
2709 4660 2962 4716 nolumus
3004 4662 3108 4717 hoc
3154 4663 3387 4732 agimus,
3425 4671 3482 4718 et
3537 4661 3710 4718 vitare
3756 4675 3841 4716 non

2272 4755 2580 4811 possumus;
2609 4751 2663 4796 et
2687 4741 2835 4812 quod
2872 4741 2998 4797 odio
3022 4741 3306 4810 habemus,
3334 4741 3438 4797 hoc
3477 4741 3726 4811 facimus,
3748 4741 3843 4796 viu-

2270 4875 2364 4931 die
2383 4877 2642 4946 auspicati
2667 4878 2816 4947 regni
2847 4919 2862 4943 ,
2890 4892 3049 4948 quam
3081 4878 3225 4932 inita:
3254 4879 3377 4932 vita:
3425 4879 3768 4935 celebratum.
3799 4878 3842 4932 In

2267 4948 2527 5002 conviviis
2553 4958 2732 5004 autem
2793 4949 2982 5004 solitos
3030 4949 3277 5004 adhiberi
3320 4949 3633 5005 saltantium
3679 4952 3843 5006 choros

2265 5033 2355 5074 res
2381 5029 2463 5074 est
2488 5020 2847 5088 communior,
2904 5035 3063 5089 quam
3121 5031 3182 5075 ut
3225 5021 3416 5076 debeat
3437 5022 3722 5088 adnotari;
3767 5020 3839 5076 sed

2267 5092 2399 5147 illud
2422 5107 2528 5146 nou
2552 5093 2625 5147 ita
2652 5094 2869 5146 obvium
2897 5094 3037 5160 quod
3065 5090 3384 5147 Ambrosius
3425 5104 3690 5149 meruerat
3713 5093 3841 5147 ador-

2267 5175 2447 5218 natam
2479 5165 2642 5236 luisse
2671 5163 2990 5218 Herodiadis
3012 5164 3193 5229 filiam,
3235 5165 3517 5236 utApignus
3553 5165 3723 5236 regale
3755 5165 3836 5217 saf-

2267 5245 2420 5290 laret.
2467 5235 2598 5290 Nam
2632 5238 2768 5300 etsi',
2812 5247 2949 5316 teste
2996 5236 3234 5290 Luciano
3288 5234 3364 5316 _De
3387 5234 3710 5316 'Saltatia'ne,
3755 5251 3835 5316 non

2267 5306 2432 5386 fuerit
2459 5310 2723 5386 ἐναγᾴηιος
2749 5311 2780 5367 ἡ
2808 5305 3266 5386 ὄρχησις,.1;ιηιυιι
3301 5310 3407 5386 hic-
3429 5308 3644 5386 videtur
3671 5305 3837 5386 signifi-

2273 5379 2382 5433 cari
2417 5378 2691 5446 przetiiium
2728 5378 2952 5449 proponi
3000 5378 3212 5432 solitum
3248 5379 3438 5449 puellis
3478 5378 3832 5432 saltantihusiu

2275 5450 2557 5516 conviviis,
2590 5452 2715 5504 licet
2759 5449 2898 5504 forte
2924 5466 3029 5529 non
3059 5464 3274 5529 semper
3310 5449 3722 5529 determinatum
3749 5465 3761 5529 _;
3794 5457 3834 5499 ut

2273 5538 2394 5592 quin
2425 5521 2557 5576 illud
2594 5530 2738 5575 esset
2770 5523 3061 5587 promerita
3091 5563 3104 5583 ,
3145 5521 3316 5590 majus
3339 5523 3418 5575 vel
3453 5521 3632 5576 minus
3660 5525 3834 5586 accipe-

2273 5604 2377 5653 ret.
2399 5610 2506 5664 quo
2534 5594 2705 5659 majus
2725 5592 2809 5646 vel
2837 5593 3014 5650 minus
3045 5593 3350 5661 placuisset.
3391 5593 3490 5647 Est
3518 5605 3692 5649 autem
3720 5592 3830 5645 idem

2273 5663 2466 5721 saltare
2523 5665 2709 5736 pignus
2760 5664 2969 5736 regales
2994 5679 3057 5718 ac
3083 5663 3648 5736 saltaresaltatiouem
3679 5665 3829 5732 pigno-

2273 5738 2348 5793 ris
2371 5735 2591 5804 regalis,
2617 5735 3066 5814 quemadmodum
3093 5735 3234 5814 apud
3264 5735 3539 5814 Horatium
3565 5737 3743 5814 saltare
3763 5750 3830 5814 ey-

2277 5809 2449 5879 clopa,
2467 5825 2572 5863 non
2588 5807 2734 5862 aliud
2751 5816 2836 5864 est
2853 5822 3010 5875 quam
3029 5807 3225 5862 saltare
3241 5806 3581 5861 saltatiOuem
3596 5806 3825 5876 Cyclopis.
