4042 6378
151 343 256 400 90!

1251 337 1315 395 IN
1356 333 1685 396 PSALMUM
1729 332 1924 395 XXXV
1968 337 2403 399 ENARRATIO.

3371 341 3484 401 962

152 464 190 515 ti
242 463 484 533 quadam
517 469 612 518 aut
657 458 1028 518 delectatione
1071 455 1283 530 ﬂagitii,
1324 465 1422 513 aut
1444 456 1765 527 obreptione
1794 463 1838 520 Α
1873 459 2178 517 tilicationis
2203 469 2260 518 et
2295 459 2690 532 plenitudinem
2740 461 2952 533 gratim,
3012 461 3194 518 sonitu
3244 461 3480 535 quodam

151 557 376 624 peccati
406 575 420 611 :
460 553 731 626 quomodo
775 565 1065 622 possumus
1118 551 1290 605 vitare
1320 548 1465 620 quod
1490 548 1774 603 amamus?

153 645 539 720 Astringimur
580 655 636 703 et
665 645 820 702 inviti
847 643 1120 716 quomodo
1166 657 1454 714 possumus
1483 639 1776 697 voluntarii

154 755 272 796 non
301 743 481 799 teneri
507 743 532 796 ?
581 740 683 796 Vix
709 754 770 796 se
803 741 1036 798 exsolvit
1064 739 1262 795 Paulus
1289 738 1569 795 erroribus
1592 737 1776 810 quoti-

157 833 330 890 diana
363 835 735 893 decertatione
758 834 1034 900 luctando,
1075 843 1134 888 ut
1166 832 1398 888 vinculis
1445 832 1780 905 captivitatis

157 937 372 983 exutus
398 970 412 995 ,
445 943 540 999 per
581 926 780 983 Christi
807 927 1037 997 gratiam
1060 934 1415 992 servaretur;
1450 936 1504 982 et
1531 934 1586 981 tu
1615 935 1777 997 putas

156 1022 313 1091 quod
367 1022 672 1078 assistendo
717 1021 929 1076 delictis
997 1021 1172 1091 possis
1226 1021 1292 1076 ad
1327 1021 1632 1078 caelestium
1687 1037 1778 1076 re-

158 1119 592 1188 promissionum
635 1116 826 1171 merita
875 1116 1196 1186 pervenire?
1242 1116 1522 1172 Luctando
1577 1131 1779 1172 corona

159 1210 451 1279 qua‘ritur,
475 1225 582 1264 non
611 1209 966 1275 reluctando;
1001 1209 1204 1277 studio,
1231 1225 1339 1264 non
1372 1209 1608 1281 refragio
1631 1225 1783 1264 com-

158 1310 410 1370 paratur.
462 1299 812 1359 Certantibus
868 1319 1085 1376 quoque
1138 1304 1340 1358 divina:
1385 1302 1780 1359 misericordiae

154 1391 424 1465 suffragia
482 1395 804 1465 postulanda
832 1404 994 1464 sunt,
1038 1403 1095 1452 ut
1145 1411 1346 1453 corona
1395 1395 1624 1468 justitite
1675 1411 1780 1467 pro

153 1483 418 1542 laborum
458 1486 666 1543 meritis
712 1487 1014 1544 deferatur.

231 1579 329 1634 18.
369 1579 576 1654 (Vers.
619 1581 672 1646 6,
703 1580 803 1653 7.)
839 1581 1083 1653 Denique
1129 1583 1257 1654 quid
1304 1593 1562 1655 sequatur
1602 1584 1784 1641 consi-

153 1673 446 1732 deremus.
480 1676 714 1740 Domine,
748 1678 940 1748 inquit,
969 1679 1024 1732 in
1075 1679 1199 1734 coelo
1242 1680 1596 1734 misericordia
1644 1689 1732 1735 tua
1760 1697 1782 1747 ;

155 1781 206 1824 et
240 1773 434 1825 veritas
474 1783 564 1826 tua
589 1790 750 1844 usque
779 1776 846 1828 ad
873 1774 1050 1828 nubes.
1111 1772 1330 1829 Iustitia
1355 1786 1442 1830 tua
1474 1777 1604 1830 sicut
1631 1793 1781 1831 mon-

1879 561 2037 622 atque
2066 553 2330 624 proﬂuvio
2363 552 2730 608 redundantias
2765 552 3044 624 spiritalis.
3333 609 3337 614 ,

1953 644 2040 700 19.
2085 645 2264 718 (Vers.
2294 645 2350 713 8,
2381 645 2461 717 9.)
2493 645 2744 700 Homines
2773 655 2821 700 et
2831 645 3072 717 jumenta
3097 645 3266 703 salvos
3291 646 3486 719 facies',

1885 735 2138 805 Domine;
2157 739 2288 794 sicut
2310 738 2672 809 multiplicasti
2693 738 3102 793 misericordiam
3125 749 3290 806 tuam,
3319 737 3482 794 Deus.

1881 830 2010 886 Filii
2053 841 2222 887 autem
2263 834 2527 887 hominum
2567 834 2621 888 in
2668 833 2982 904 protectione
3030 834 3230 888 alarunt
3280 843 3485 888 tuarum

1881 925 2179 997 sperabunt.
2215 923 2618 983 Inebriabuntur
2665 930 2730 983 ab
2771 928 3000 984 ubertate
3038 929 3221 985 domus
3259 938 3390 995 tute,
3437 935 3489 984 et

1894 1031 2117 1076 torrente
2145 1019 2419 1089 voluptatis
2450 1030 2550 1076 tuae
2581 1021 2780 1090 potabis
2801 1038 2909 1077 eos.
2939 1021 3076 1090 Quid
3123 1029 3227 1088 est,
3257 1020 3487 1076 homines

1884 1125 1930 1170 et
1972 1114 2252 1189 jumenta?
2292 1112 2658 1168 Rationabiles
2701 1115 2918 1184 utique,
2967 1125 3021 1169 et
3068 1112 3487 1168 irrationabiles.

1884 1208 2316 1264 Rationabilibus
2337 1207 2539 1279 judicia
2557 1250 2572 1275 ,
2612 1208 3068 1264 irrationabilibus
3095 1206 3488 1264 misericordia.

1885 1303 1990 1360 Alii
2021 1314 2310 1376 reguntur,
2343 1303 2432 1358 alii
2461 1305 2789 1358 nutriuntur.
2819 1303 3051 1376 Ideoque
3084 1302 3293 1358 addidit
3323 1320 3337 1356 :
3363 1301 3494 1357 Filii

1885 1409 2053 1454 autem
2086 1396 2352 1452 hominum
2395 1397 2448 1451 in
2492 1399 2804 1470 protectione
2843 1397 3042 1450 alarunt
3088 1405 3293 1450 tuarum
3317 1412 3495 1467 sperau-

1888 1492 2009 1546 bunt
2027 1509 2048 1558 ;
2079 1489 2130 1546 id
2161 1500 2274 1559 est,
2310 1506 2415 1546 non
2443 1490 2722 1561 generatio
2751 1489 3092 1559 viperarum,
3124 1490 3220 1546 sed
3254 1488 3348 1544 lilii
3395 1489 3500 1545 ho-

1885 1587 2128 1654 minum,
2159 1587 2248 1657 qui
2294 1585 2360 1640 ad
2394 1584 2680 1655 imaginem
2735 1591 2792 1640 et
2838 1582 3242 1640 similitudinem
3276 1583 3368 1639 Dei
3413 1582 3496 1639 vi-

1888 1689 2052 1746 vunt;
2083 1695 2189 1735 non
2239 1681 2291 1735 in
2323 1678 2541 1750 pascuis
2562 1719 2578 1745 ,
2610 1678 2706 1734 sed
2753 1679 2806 1732 in
2839 1677 3100 1734 conviviis
3127 1677 3493 1732 collocantur:

1888 1776 1975 1830 alii
2005 1775 2150 1832 enim
2206 1776 2257 1830 in
2288 1774 2410 1830 loco
2443 1789 2789 1845 pascuorum,
2821 1771 2913 1827 alii
2961 1770 3014 1825 in
3064 1769 3345 1841 privilegio
3401 1784 3494 1824 sa-

162 1873 237 1917 tes
275 1863 378 1919 Des'
403 1880 423 1930 ;
442 1865 649 1939 judicia
671 1875 761 1920 tua
789 1868 923 1921 sicut
954 1867 1172 1939 abyssus
1216 1870 1397 1924 multa.
1428 1869 1619 1926 Nonne
1642 1871 1786 1928 hunc
1818 1862 1862 1923 Β
1890 1878 2317 1926 cramentornm.
2373 1866 2706 1938 Imperfemis
2751 1881 2943 1924 succus
2984 1865 3173 1930 lactis,
3229 1862 3493 1936 perlectis

155 1955 346 2010 locum
389 1967 607 2013 secutus
638 1969 722 2014 est
742 1959 939 2015 Paulus
962 1971 1018 2015 ut
1047 1962 1280 2018 diceret:
1321 1963 1520 2034 Infelix
1567 1981 1662 2038 ego
1694 1966 1788 2020 ho-

157 2065 245 2102 mo
263 2051 282 2104 .'
312 2053 434 2122 quis
461 2069 538 2108 me
565 2051 799 2109 liberabit
827 2054 891 2110 de
916 2072 1130 2126 corpore
1157 2056 1336 2112 mortis
1374 2057 1528 2131 hujus
1551 2059 1577 2113 ?
1608 2057 1788 2113 Gratia

161 2143 262 2198 Dei
294 2161 391 2217 per
439 2145 621 2200 Jesum
670 2147 931 2203 Christum
987 2148 1271 2204 Dominum
1325 2163 1558 2206 nostrum
1589 2151 1784 2224 (Rom.

161 2249 258 2299 vn,
285 2234 364 2292 24
391 2247 440 2291 et
459 2237 531 2293 25
564 2237 606 2309 ).
640 2237 740 2296 Ubi
769 2241 910 2296 enim
936 2257 1092 2297 mens
1145 2242 1379 2298 humana
1415 2246 1686 2311 turbatur,
1736 2253 1793 2301 et

159 2331 528 2385 certaminum
554 2331 684 2386 dura
713 2343 878 2404 atque
907 2348 1098 2404 aspera
1132 2351 1230 2391 nos
1275 2336 1517 2406 fatigant,
1578 2337 1788 2392 Domini

159 2421 430 2477 auxilium
460 2423 835 2494 postulandum
868 2436 972 2482 est.
1010 2426 1242 2500 ideoque
1264 2444 1560 2486 conversus
1589 2431 1655 2486 ad
1684 2430 1791 2486 Do-

161 2519 400 2586 minum,
445 2520 616 2590 ipsum
655 2519 871 2577 invocat
899 2533 951 2578 et
987 2523 1261 2595 implorat,
1315 2537 1372 2580 ut
1418 2525 1790 2582 laborantibus

161 2613 390 2683 adjutor
412 2615 652 2671 assistat.
697 2616 1062 2674 Misericordia
1095 2636 1224 2690 ergo
1251 2621 1480 2692 petenda
1533 2621 1601 2677 de
1651 2623 1790 2678 caelo

162 2715 274 2771 est,
308 2717 368 2762 et
393 2708 593 2764 veritas
623 2709 718 2765 Dei
745 2727 810 2766 ex
836 2711 1224 2782 prOphetarum
1255 2713 1491 2768 oraculis
1533 2713 1794 2784 colligen-

165 2799 261 2863 da,
315 2801 410 2870 qui
445 2802 598 2872 quasi
653 2804 821 2861 nubes
871 2807 1126 2878 mysteria
1156 2816 1181 2843 ει
1237 2805 1433 2862 divina:
1471 2808 1794 2879 cognitionis

167 2894 462 2949 obtexunt.
491 2895 679 2952 Posuit
705 2898 850 2953 enim
878 2899 1130 2955 tenebras
1159 2900 1319 2973 773
1344 2899 1486 2956 Deus
1512 2900 1793 2955 latibulum

170 3000 371 3054 suum;
407 2997 456 3042 ut
489 2989 662 3059 primo
690 2989 926 3061 pluviam
949 2993 1191 3064 mysticae
1214 2992 1512 3048 fertilitatis
1535 2994 1793 3064 accipias,

171 3091 228 3136 et
254 3090 386 3136 tunc
407 3079 616 3138 infusus
649 3099 772 3140 rore
801 3083 1010 3142 caelesti
1044 3085 1308 3158 fulgorem
1343 3099 1600 3143 reseratae
1660 3087 1796 3142 lucis

173 3189 468 3245 agnoscas,
502 3183 560 3230 ut
598 3177 774 3249 possis
797 3178 983 3235 dicere
1015 3198 1027 3232 :
1062 3179 1144 3234 Ex
1169 3179 1492 3252 plenitudine
1517 3182 1628 3246 ejus
1654 3197 1800 3236 acce-

1892 1981 2080 2021 mensa
2110 1964 2446 2030 reiecuonis,
2475 1962 2542 2019 de
2573 1979 2676 2032 qua
2705 1960 2842 2018 dixit
2870 1978 2886 2015 :
2910 1959 3118 2016 Parasti
3141 1960 3196 2013 in
3222 1965 3496 2030 conspectu

1891 2080 2004 2117 meo
2034 2080 2263 2119 mensam
2310 2060 2499 2135 (Psal.
2531 2076 2672 2127 xxu,
2704 2057 2784 2131 5);
2817 2059 2867 2113 in
2900 2073 3003 2128 qua
3034 2055 3188 2126 panis
3219 2055 3371 2110 vivus
3391 2096 3406 2121 ,
3441 2051 3496 2109 id

1890 2167 1995 2225 est,
2032 2157 2270 2214 Verbum
2301 2155 2428 2223 Dei;
2464 2155 2514 2209 in
2545 2170 2646 2224 qua
2679 2152 2858 2208 oleum
2884 2147 3358 2213 sanctiﬁcationis,
3389 2160 3499 2219 quo

1895 2249 2260 2322 impinguatur
2285 2255 2448 2319 caput
2468 2245 2636 2318 justi,
2666 2253 2723 2300 et
2749 2259 2940 2300 sensus
2971 2242 3219 2297 ﬁrmatur
3246 2238 3496 2306 interior,

1894 2355 1950 2399 ut
1979 2344 2260 2399 abolentur
2285 2342 2463 2397 oleum
2494 2338 2830 2410 peccatoris;
2860 2336 2912 2391 in
2940 2350 3043 2407 qua
3067 2335 3230 2390 etiam
3254 2331 3500 2403 poculum

1889 2438 2174 2501 inebrians,
2201 2452 2355 2506 quam
2375 2434 2706 2507 praeclarum,
2730 2430 2838 2497 vel,
2861 2446 3014 2499 quam
3037 2425 3496 2500 ralidum(lbid.)!

1893 2534 2176 2608 κράτιστον
2204 2525 2347 2583 enim
2398 2524 2535 2580 dixit
2563 2523 2788 2580 Grzecus
2820 2521 2904 2576 vel
2952 2531 3178 2592 potens,
3210 2519 3293 2575 vel
3323 2516 3499 2585 forte,

1893 2625 1978 2678 vel
2012 2621 2284 2686 validum;
2314 2618 2548 2674 validum
2595 2616 2775 2679 enim,
2821 2630 2928 2687 quo
2963 2614 3256 2669 abluuntur
3301 2611 3502 2684 ﬂagitia

1896 2717 1980 2772 vel
2010 2714 2284 2770 delentur.
2335 2713 2486 2768 Bona
2526 2726 2661 2782 ergo
2709 2708 2946 2766 ebrietas
3001 2705 3180 2779 poculi
3227 2703 3501 2761 salutaris.

1898 2810 2006 2868 Sed
2035 2820 2118 2866 est
2148 2809 2254 2864 alia
2297 2808 2532 2863 ebrietas
2576 2805 2646 2861 de
2689 2803 3044 2860 redundantia
3075 2801 3500 2873 Scripturarum.

1897 2903 1994 2958 Est
2038 2911 2093 2957 et
2136 2901 2238 2956 alia
2271 2901 2508 2957 ebrietas
2556 2914 2652 2970 per
2681 2897 3008 2953 infusionem
3046 2896 3281 2966 Spiritus
3307 2894 3502 2953 sancti.

1898 2995 2140 3067 Denique
2171 2995 2244 3048 illi
2274 2993 2364 3065 qui
2393 2992 2622 3048 diversis
2651 2991 2843 3062 linguis
2874 2991 2930 3045 in
2959 2989 3325 3060 apostolorum
3357 2985 3507 3042 Acti-

1899 3091 2002 3147 bus
2033 3088 2393 3159 loquebantur
2437 3085 2577 3160 (Act.
2608 3101 2643 3141 u
2665 3125 2681 3152 ,
2716 3085 2832 3157 15),
2863 3095 3042 3139 musto
3073 3082 3215 3154 pleni
3242 3081 3511 3138 audienti-

1901 3184 2003 3241 bus
2049 3182 2391 3238 videbantur.
2425 3181 2626 3236 Domus
2675 3193 2806 3250 ergo
2850 3177 3094 3233 Ecclesia
3142 3185 3258 3242 est;
3290 3175 3507 3231 ubertas

175 3269 354 3335 pimus
381 3268 401 3339 (
428 3267 590 3325 Joan.
623 3258 664 3336 t,
695 3271 805 3345 16).
858 3272 989 3341 Quis
1018 3273 1158 3328 enim
1206 3284 1386 3345 potest
1439 3284 1648 3331 secreta
1706 3273 1799 3330 Dei
1827 3253 1874 3318 Ο
1905 3278 2130 3345 domus,
2161 3274 2517 3332 redundantia
2560 3271 2900 3346 gratiarum;
2929 3280 3144 3326 torrens
3182 3267 3506 3340 voluptatis,

177 3358 347 3417 facile
371 3362 854 3434 comprehendere,
887 3366 1042 3436 cnjus
1067 3367 1270 3435 iustitia
1293 3368 1426 3422 sicut
1454 3380 1649 3422 montes
1679 3366 1797 3436 Dei,

179 3455 271 3510 vel
326 3455 346 3527 (
380 3455 520 3512 sicut
541 3457 732 3529 Aquila
771 3459 949 3529 posuit
976 3461 995 3530 )
1023 3468 1076 3512 ut
1100 3468 1293 3515 montes
1322 3458 1480 3514 validi
1511 3476 1526 3527 ;
1572 3475 1637 3516 eo
1657 3459 1802 3532 quod

182 3549 386 3604 validae
416 3549 628 3606 virtutis
660 3551 816 3621 plena
852 3564 1122 3624 prrccepta
1153 3555 1280 3608 sint.
1328 3552 1480 3609 llnde
1529 3563 1584 3609 et
1625 3556 1801 3624 Apos-

187 3642 337 3697 tolus
365 3641 555 3698 videns
583 3658 706 3699 esse
735 3645 986 3700 sublimia
1017 3663 1137 3717 qua:
1162 3647 1386 3714 audivit,
1420 3647 1550 3702 dicit
1579 3667 1594 3703 :
1639 3646 1683 3702 0
1727 3647 1807 3703 al-

189 3732 364 3787 titudo
386 3733 688 3790 divitiarum
734 3739 1003 3808 sapientia:
1039 3749 1086 3792 et
1113 3741 1341 3794 scientia
1366 3739 1500 3797 Dei!
1526 3759 1682 3812 quam
1725 3743 1808 3796 in-

192 3825 503 3880 scrutabilia
529 3838 648 3882 sunt
670 3829 866 3894 iudicia
891 3832 1004 3900 ejus
1036 3839 1081 3886 et
1101 3831 1480 3904 investigabiles
1529 3835 1624 3888 vite
1647 3839 1759 3907 ejus
1789 3837 1809 3889 .'

200 3918 337 3985 Quis
375 3921 510 3974 enim
540 3925 776 3996 coynovit
804 3938 1014 3978 sensum
1040 3923 1297 3979 Domini?
1350 3927 1453 3980 Aut
1486 3927 1599 3994 quis
1645 3929 1811 3980 consi-

201 4010 392 4066 liarius
416 4013 528 4082 ejus
582 4015 680 4085 fuit
733 4016 752 4087 (
776 4013 931 4070 Rom.
962 4033 1045 4084 x1,
1070 4017 1142 4072 25
1172 4026 1219 4072 et
1245 4016 1317 4071 24
1345 4016 1364 4089 )
1388 4019 1411 4072 ‘i
1462 4018 1813 4074 Altitudinem

201 4103 387 4175 itaque
431 4105 734 4164 divitiarum
782 4111 1062 4181 sapientia:
1115 4111 1420 4180 retulit,ad
1471 4110 1813 4169 altitudinem

203 4201 496 4258 montium.
524 4203 662 4259 Audi
693 4221 922 4276 quorum
953 4207 1238 4262 montium.
1269 4205 1390 4277 Ipse
1417 4205 1561 4262 enim
1593 4207 1687 4262 Dei
1729 4206 1816 4262 Fi-

204 4293 312 4350 lius
339 4313 495 4352 mons
531 4313 754 4369 magnus
783 4309 865 4354 est
894 4297 1085 4372 (Esai.
1113 4317 1205 4368 XL,
1237 4299 1305 4373 9)
1329 4318 1344 4366 ;
1396 4309 1453 4356 et
1484 4300 1604 4355 ideo
1629 4316 1819 4357 ascen-

209 4389 280 4444 de
323 4391 374 4444 in
397 4389 540 4446 hunc
564 4401 802 4447 montem
843 4393 930 4462 qui
959 4391 1298 4463 evangelizas
1322 4391 1474 4458 Sion,
1504 4401 1564 4448 ut
1589 4403 1704 4449 stes
1733 4409 1819 4448 ra-

211 4487 421 4543 ditatus
452 4498 505 4544 ct
544 4488 818 4558 plantatus
856 4492 910 4547 in
940 4489 1176 4548 Christo.
1221 4493 1322 4550 Est
1347 4509 1505 4552 mons
1534 4495 1687 4566 quasi
1732 4511 1820 4551 sa-

212 4583 417 4654 pientia
444 4581 560 4651 Dei,
601 4593 862 4642 estmons
890 4589 1042 4656 quasi
1065 4586 1295 4658 jussitia,
1323 4597 1415 4645 'est
1465 4604 1622 4646 mons
1665 4591 1817 4662 quasi

1906 3371 2143 3443 Spiritus
2172 3377 2414 3425 sanctus.

1979 3463 2145 3537 774
2179 3463 2271 3518 20.
2317 3463 2424 3518 Nec
2463 3471 2514 3517 te
2543 3475 2738 3516 nomen
2787 3467 2880 3514 aut
2905 3473 3027 3514 mos
3053 3456 3312 3514 torrentis
3340 3454 3514 3512 oﬂ'en-

1907 3561 2031 3628 dat,
2063 3558 2207 3631 quod
2247 3556 2539 3629 aliquando
2587 3555 2796 3610 aridior
2839 3563 2930 3609 aut
2960 3553 3154 3610 exilior
3179 3553 3281 3620 sit,
3310 3560 3368 3608 ut
3392 3551 3514 3622 ejus

1908 3655 2120 3710 soleant
2159 3653 2360 3709 ﬂuenta
2409 3665 2646 3707 cessare.
2679 3648 2925 3706 Cessavit
2951 3656 3006 3704 et
3031 3647 3118 3704 hic
3146 3647 3364 3720 noster},
3395 3661 3516 3704 ceso

1909 3748 2050 3804 sat-it
2086 3745 2378 3818 aliquando
2423 3755 2637 3801 torrens
2666 3742 2916 3816 proﬂuvii
2945 3742 3206 3812 spiritalis
3234 3743 3288 3798 in
3315 3742 3518 3814 populo

1909 3841 2242 3898 Iudaeorum.
2271 3838 2410 3907 Quid
2441 3839 2637 3906 dicam,
2672 3847 2888 3892 torrens
2919 3836 3188 3902 cessavit;
3218 3851 3340 3891 cum
3369 3850 3520 3892 mare

1910 3935 2242 4001 cessaverit,
2272 3933 2412 3988 sicut
2443 3932 2604 3988 lectio
2650 3931 2910 3987 hodierna
2941 3946 3042 3986 nos
3067 3930 3271 3998 docuit,
3301 3930 3518 3987 dicente

1916 4028 2147 4083 Domino
2179 4045 2193 4080 :
2224 4025 2361 4080 Ecce
2401 4041 2495 4097 ego
2536 4025 2886 4097 increpatione
2913 4040 3026 4078 mea
3071 4023 3314 4080 desolabo
3343 4039 3484 4079 mare
3504 4065 3519 4088 ,

1917 4129 1965 4174 et
2013 4135 2201 4190 ponam
2239 4116 2459 4189 ﬂumina
2507 4116 2738 4183 deserta,
2778 4126 2826 4170 et
2870 4115 3084 4186 areﬁent
3132 4117 3297 4187 pisces
3343 4131 3523 4171 eorum

1919 4210 2088 4284 (Esai.
2126 4227 2177 4276 ι..
2208 4211 2284 4280 Et),
2323 4210 2509 4282 utique
2557 4208 2867 4265 Judteorum
2898 4223 3012 4266 suae
3057 4209 3306 4268 ariditate
3359 4210 3522 4283 perﬂ-

1918 4303 2051 4372 dite,
2089 4311 2146 4359 ut
2169 4312 2389 4359 enatare
2438 4318 2544 4358 non
2574 4302 2819 4374 possint?
2847 4302 3091 4359 Cessavit
3131 4320 3263 4377 ergo
3308 4314 3526 4361 torrens

1921 4405 2142 4472 propter
2189 4397 2490 4471 Synagogte
2537 4397 2853 4469 sacrilegia;
2894 4397 3017 4470 quia
3065 4408 3182 4455 erat
3233 4398 3324 4454 illa
3375 4398 3530 4470 plebs

1922 4489 2028 4546 ﬁde
2053 4490 2236 4557 arida,
2262 4489 2466 4546 sterilis
2507 4488 2796 4560 operibus,
2841 4490 3051 4560 captiva
3101 4490 3357 4563 peccatis.
3387 4488 3531 4560 Quid

1919 4585 2064 4640 enim
2107 4583 2298 4639 ﬂueret
2349 4599 2455 4638 non
2501 4582 2842 4648 bibentibus,
2881 4582 2978 4639 sed
3025 4582 3525 4640 contaminantihus

215 4675 441 4732 scientia
482 4675 601 4746 Dei,
634 4688 716 4735 est
759 4695 916 4736 mons
946 4682 1099 4751 quasi
1131 4681 1512 4750 sanctiﬁcatio,
1553 4693 1639 4740 est
1662 4699 1818 4740 mons
1845 4652 1898 4714 D
1923 4693 2110 4734 sacros
2154 4685 2397 4744 meatus,
2426 4692 2550 4732 cum
2591 4677 2765 4748 ipsum
2794 4673 2822 4714 ι)
2851 4675 3054 4733 fontem
3106 4676 3386 4734 necarint?
3427 4675 3533 4731 Bo-

217 4769 373 4840 quasi
411 4771 733 4839 redemptio,
790 4782 876 4828 est
919 4789 1077 4830 mons
1126 4775 1280 4846 quasi
1336 4775 1680 4832 resurreCtio.
1715 4778 1822 4833 De-

221 4864 550 4917 monstravit
575 4863 730 4919 nobis
757 4863 857 4920 hos
884 4875 1096 4922 montes
1121 4866 1429 4937 Scriptura,
1474 4885 1592 4939 qua:
1645 4870 1781 4924 dixit
1811 4888 1825 4925 :

225 4949 293 5009 In
319 4958 430 5023 ipso
451 4966 622 5010 autent
652 4973 736 5011 vos
767 4957 886 5012 estis
907 4957 963 5012 in
989 4957 1191 5014 Christo
1227 4958 1377 5027 Jesu,
1426 4961 1514 5031 qui
1536 4965 1703 5032 factus
1756 4971 1829 5016 est

225 5050 482 5120 sapientia
513 5049 658 5106 nobis
685 5068 718 5104 a
741 5051 871 5118 Deo,
903 5061 953 5107 et
969 5053 1179 5126 justitia
1204 5096 1219 5121 ,
1275 5063 1324 5108 et
1375 5055 1742 5124 sanctiﬁcatio,
1782 5065 1833 5111 et

229 5142 518 5211 redemptio
545 5140 752 5214 (ICor.
785 5161 826 5213 ι,
858 5145 994 5218 50).
1048 5144 1146 5201 Vel
1200 5148 1322 5217 quia
1366 5147 1574 5217 angelis
1615 5148 1839 5219 angelus

232 5233 405 5290 factus
430 5244 513 5291 est
540 5236 636 5292 Dei
671 5236 844 5293 Filius
870 5280 884 5305 ,
925 5237 1204 5312 prophetis
1231 5239 1494 5311 propheta
1520 5255 1536 5306 ;
1568 5241 1724 5311 cujus
1749 5241 1839 5312 ju-

233 5327 371 5383 dicia
404 5329 545 5384 sicut
568 5329 796 5402 abyssus
818 5330 1004 5385 multa.
1034 5331 1172 5387 Audi
1212 5332 1351 5387 bona
1382 5350 1396 5386 :
1429 5331 1660 5404 Abgssus
1689 5334 1841 5404 abys-

236 5439 348 5477 sum
374 5423 577 5477 invocat
605 5423 661 5478 in
701 5440 821 5478 voce
842 5434 1217 5480 cataractarum
1258 5436 1464 5479 tuarum
1491 5425 1510 5498 (
1545 5424 1691 5480 Psal.
1722 5441 1841 5492 xu,

241 5513 274 5568 8
302 5512 360 5584 );
405 5513 456 5567 id
485 5525 590 5581 est,
642 5516 908 5585 scriptura
938 5517 1137 5573 veteris
1168 5515 1530 5582 Testamenti,
1562 5517 1692 5571 novi
1748 5517 1845 5572 ad-

242 5615 400 5661 vocat
437 5607 634 5662 seriem
659 5607 993 5664 Testamenti
1035 5609 1102 5664 ad
1139 5611 1660 5666 consummationem
1682 5624 1844 5666 sanc-

321 5740 503 5816 f'lilss.
533 5741 766 5816 aliquot,
817 5741 1004 5816 divina:
1042 5743 1364 5816 cogitationis
1402 5745 1663 5801 obtexunt.

321 5805 346 5841 ι’
378 5813 451 5867 Ita
481 5805 859 5888 edi_t.'et_mss.
889 5805 1126 5888 aliquot:
1146 5815 1248 5888 Alii
1271 5826 1453 5871 autem
1483 5817 1664 5888 plures
1686 5855 1702 5876 ,
1734 5817 1849 5886 [on-

253 5897 352 5943 tem
401 5884 659 5957 negarint.
707 5885 777 5941 Et
827 5883 1106 5943 infra—ubi
1157 5887 1288 5944 edit.
1319 5898 1432 5946 vet.
1478 5883 1532 5946 in
1577 5883 1849 5959 margine,

1928 4789 2030 4829 nus
2062 4782 2310 4839 torrens,
2335 4771 2424 4843 qui
2453 4771 2560 4826 illis
2609 4771 2874 4838 cessavit,
2903 4780 2965 4827 ut
3000 4772 3157 4829 nobis
3199 4771 3530 4838 abundaret,

1930 4879 1985 4922 et
2011 4867 2156 4922 sitim
2198 4865 2447 4921 humanae
2490 4863 2804 4936 cupiditatis
2830 4874 3127 4932 averteret,
3155 4865 3297 4921 sicut
3321 4871 3540 4921 torrens

1934 4959 1988 5012 in
2019 4965 2222 5012 austro.
2254 4955 2411 5013 Unde
2434 4966 2490 5014 et
2522 4957 2801 5028 Scriptura
2834 4954 2968 5011 dicit
2998 4972 3012 5009 :
3040 4955 3230 5030 Surge,
3255 4956 3458 5028 aquilo,
3489 4965 3539 5010 et

1937 5054 2070 5117 veni,
2099 5061 2277 5106 auster
2306 5049 2482 5122 (Cant.
2513 5068 2597 5119 tv,
2624 5051 2715 5125 16)
2738 5093 2754 5121 ,
2808 5050 2897 5122 qui
2939 5049 3257 5106 arbusculas
3299 5047 3541 5122 paradisi

1939 5145 2170 5218 perﬂare
2194 5144 2492 5200 consuevit.

2008 5237 2098 5292 2|.
2140 5236 2385 5292 Diximus
2431 5251 2686 5302 sensum,
2731 5236 2895 5292 etiam
2956 5234 3320 5292 elocutionem
3361 5230 3544 5291 consi-

1941 5329 2218 5397 deremus,
2245 5345 2344 5385 cur
2373 5339 2645 5384 torrentem
2670 5327 2967 5400 voluptatis,
3001 5329 3198 5385 dixerit
3225 5330 3414 5401 potatis
3435 5345 3545 5395 eos,

1944 5432 2000 5480 et
2029 5438 2134 5478 non
2167 5431 2404 5478 torrente
2425 5462 2440 5487 ,
2469 5421 2620 5491 quasi
2648 5419 2718 5476 de
2762 5430 3034 5488 torrente;
3069 5422 3174 5476 nisi
3219 5423 3343 5492 quia
3374 5417 3547 5477 avidi-

1948 5525 2110 5571 tatem
2140 5514 2438 5571 bibentium
2485 5509 2654 5566 voluit
2680 5509 2988 5583 exprimere
3009 5553 3023 5579 ,
3051 5511 3205 5584 quasi
3248 5522 3546 5570 torrentem

1950 5611 2125 5682 ipsum
2168 5607 2370 5664 vellent
2396 5603 2651 5673 ebibere,
2693 5604 2741 5661 si
2773 5607 3039 5676 possent?
3069 5605 3166 5662 Hic
3196 5616 3280 5662 est
3323 5607 3551 5664 forsitan

1953 5741 2111 5797 Rom.
2139 5739 2192 5794 in
2223 5749 2452 5806 corpore
2479 5749 2544 5790 ac
2576 5735 2728 5805 pauci
2756 5749 2914 5802 mss.,
2945 5745 2994 5790 et
3022 5735 3161 5791 sitim
3185 5735 3423 5794 humana
3458 5750 3552 5791 cu-

1956 5813 2222 5895 piditatis;
2250 5805 2339 5864 alii
2363 5805 2552 5877 majori
2582 5823 2838 5877 numero,
2867 5816 2914 5862 et
2938 5808 3077 5865 sitim
3103 5807 3344 5868 humana:
3391 5809 3556 5882 capti-

1959 5894 2150 5939 vitatis.
