4042 6378
599 301 705 356 963

1933 290 2180 352 SANCTI
2219 292 2544 352 AMBROSII
3811 293 3884 348 {Hii

595 427 814 472 torrens
846 415 1134 485 voluptatis
1159 427 1318 484 quem
1349 412 1400 466 in
1429 409 1624 468 Genesi
1675 411 1902 482 legimus
1929 409 2082 484 (Gen.
2117 427 2185 478 ιι,
2219 417 2264 476 Α
2297 423 2382 480 ιιι,
2415 411 2692 482 ρτωιθηόβ
2719 411 3152 476 misericordiam
3187 419 3342 476 tuam
3375 410 3432 466 itt
3467 417 3526 466 te
3553 407 3884 468 credentibus,

595 513 734 582 10),
769 512 968 568 fontem
1019 510 1106 578 qui
1151 507 1314 562 abluit
1349 507 1690 580 paradisum,
1721 519 1777 562 et
1823 505 2082 562 dividitur
2135 507 2186 560 in

590 615 826 674 quatuor
853 602 1067 658 ﬂumina
1091 644 1104 664 ,
1135 617 1254 668 qua:
1281 601 1622 654 circumeunt
1657 605 1824 656 totam
1860 609 2082 654 terram.
2112 597 2188 653 Ex

591 695 696 750 hoc
727 695 870 752 enim
906 695 1053 748 fonte
1081 693 1309 748 virtutes
1331 693 1608 764 proﬂuunt
1633 691 1930 764 spiritales,
1953 691 2188 762 pruden-

595 791 684 852 tia,
713 789 1093 861 tenuiorantia.
1113 783 1635 854 fortitudo,jnstitia.
1662 785 1841 839 Bonus
1865 785 1982 836 fons
2005 784 2192 854 gratiae

587 891 640 936 ct
674 879 980 950 splendoris
1016 878 1259 948 ejusdem
1302 887 1462 948 atque
1495 887 1700 932 natura:
1725 919 1740 946 ,
1779 875 1932 945 cujus
1961 885 2016 932 et
2059 875 2190 930 illud

587 971 788 1028 flumen
833 971 900 1026 de
944 986 1052 1042 quo
1101 971 1154 1026 in
1211 969 1604 1040 posterioribus
1650 969 1846 1024 dicitur
1880 986 1893 1022 :
1933 967 2196 1022 Fluminis

585 1064 801 1138 impetus
829 1064 1055 1132 lavi/ica:
1083 1065 1336 1117 civitatem
1359 1061 1456 1116 Dei
1485 1061 1656 1134 (Psal.
1685 1077 1805 1128 ην,
1837 1061 1914 1132 ii).

659 1169 752 1224 22.
793 1169 973 1242 (Vers.
1005 1169 1092 1236 10,
1129 1165 1244 1240 Η.)
1275 1167 1571 1242 Aptissime
1617 1169 1799 1238 itaque
1845 1169 2128 1225 substituit
2177 1187 2190 1222 :

595 1263 855 1332 Quoniam
878 1260 1020 1332 apud
1047 1273 1094 1316 te
1123 1273 1197 1314 est
1225 1261 1342 1334 fons
1367 1263 1481 1315 vitae
1503 1277 1522 1314 .'
1553 1273 1596 1314 et
1628 1261 1681 1314 in
1707 1261 1900 1314 lumine
1925 1271 2012 1316 tuo
2055 1261 2197 1316 vide-

591 1355 754 1410 bimus
803 1357 996 1410 lumen.
1051 1355 1326 1410 Prtelende
1383 1355 1794 1410 misericordiam
1839 1366 1981 1410 tuam
2029 1355 2196 1410 scien-

591 1449 720 1502 tibus
755 1461 837 1513 te;
866 1459 914 1504 et
925 1449 1186 1522 justitiam
1217 1460 1360 1500 tuam
1381 1449 1445 1502 iis
1472 1449 1556 1520 qui
1579 1459 1714 1501 recto
1743 1459 1860 1502 sunt
1887 1447 2063 1502 corde.
2105 1447 2196 1502 Et-

590 1543 732 1594 enim
751 1541 1456 1612 postcommemorationem
1471 1541 1770 1596 caelestium
1789 1541 2195 1608 beneficiorum,

586 1633 709 1705 jure
739 1635 928 1704 gratia:
978 1631 1290 1690 referuntur
1335 1634 1542 1688 auctori
1577 1633 1806 1688 Domino
1839 1643 2026 1688 nostro
2069 1633 2198 1688 Jesu

591 1727 840 1789 Christo,
873 1727 960 1797 qui
993 1725 1112 1780 lous
1145 1726 1265 1780 vitm
1309 1725 1543 1798 irriguos
1571 1737 1788 1782 auertite
1838 1723 2118 1780 descendit
2145 1726 2197 1780 in

2291 521 2400 576 quo
2421 505 2690 562 devotioni
2717 515 2772 560 et
2793 503 2918 562 lidei
2941 503 3080 560 facta
3105 519 3330 578 quoque
3349 511 3548 558 nostra
3575 503 3886 564 conveniant;

2295 613 2394 652 nec
2423 597 2658 656 studium
2695 598 2890 654 utentis
2921 605 3122 656 nostra”:
3151 595 3426 656 chIituat
3463 593 3725 664 corporis
3767 593 3888 662 hujus

2295 689 2600 754 infirmitas,
2631 689 2724 746 sed
2753 690 2804 744 in
2833 689 2964 758 ipsis
2987 689 3390 746 tcntationibus
3417 697 3478 744 et
3513 684 3890 742 inﬁrmitatibus

2295 783 2591 860 gloriemur
2617 825 2630 852 ,
2663 781 2716 840 in
2747 783 2942 856 quibus
2967 784 3312 856 gloriabatur
3349 780 3668 860 Apostolus
3695 779 3894 836 dicens:

2295 875 2650 932 Libentissime
2689 879 2860 948 itaque
2905 879 3068 952 magis
3119 877 3392 952 gloriabor
3437 878 3498 932 in
3541 875 3896 944 inﬁrmitatibus

2297 973 2452 1036 meis,
2483 981 2539 1026 ut
2565 973 2848 1040 pra'tendat
2875 973 2928 1026 in
2951 989 3029 1028 me
3049 973 3210 1028 virtus
3240 971 3446 1026 Christi
3469 970 3516 1040 (ι
3553 967 3686 1024 Cor.
3721 983 3808 1034 stt,
3835 969 3896 1038 9i.

2367 1069 2460 1120 24.
2493 1051 2692 1134 ’(νενε.
2731 1063 2962 1137 l2,15.)
3007 1067 3388 1124 Pulcherrime
3439 1065 3640 1134 itaque
3685 1061 3896 1118 addidit;

2303 1161 2424 1216 Non
2460 1163 2628 1218 veniat
2673 1162 2799 1216 mihi
2839 1179 2926 1230 pes
2951 1162 3234 1224 superbire.
3257 1171 3306 1216 et
3353 1176 3558 1214 "ratius
3607 1167 3898 1226 peccatores.

2300 1271 2398 1308 non
2435 1265 2664 1308 moreant
2689 1271 2787 1310 me.
2827 1253 2910 1310 lbi
2945 1254 3232 1308 ceciderunt
3255 1263 3546 1328 operantes
3567 1251 3894 1318 ξηίιῖιιὶιαιειε,

2299 1349 2502 1418 expulsi
2543 1359 2702 1412 sunt,
2751 1365 2843 1404 nec
2887 1357 3160 1420 potuerunt
3199 1357 3358 1402 stare.
3393 1345 3680 1420 Superius
3717 1343 3892 1418 quidam

2299 1443 2572 1510 accipiunt
2625 1451 2924 1496 torrentem
2970 1439 3264 1510 voluptatis
3295 1447 3405 1494 tute
3439 1439 3494 1492 in
3531 1435 3894 1492 tentatioaibn

2303 1531 2710 1598 fortitudinem;
2741 1533 2880 1586 sicut
2927 1541 3010 1586 est
3039 1543 3336 1604 martyrum
3357 1573 3373 1596 ,
3405 1529 3462 1584 in
3493 1529 3708 1600 quibus
3741 1527 3890 1596 place:

2307 1625 2418 1680 Deo
2449 1623 2704 1680 exhibere
2735 1625 2836 1680 sibi
2865 1625 3046 1680 suavis
3069 1667 3084 1694 ,
3111 1634 3167 1680 et
3191 1625 3330 1698 grati
3355 1622 3704 1680 certaminis
3743 1621 3888 1690 volup-

2303 1727 2490 1774 tatem.
2523 1719 2732 1774 I'Ilenitn
2761 1719 2806 1774 si
2839 1723 3059 1788 hyemes
3085 1733 3184 1790 pro
3215 1715 3630 1778 mutationibus
3661 1713 3890 1784 accipin-

594 1759 840 1789 uutnuv,
873 1759 960 1797 ιιιιι
993 1759 1112 1780 unua
1151 1759 1264 1780 uur.
1311 1759 1543 1798 ιιι-δυηθ
1571 1759 1788 1782 unauna;
1838 1759 2118 1780 υυξυῡιιυιι
2145 1759 2197 1780 ιη
2305 1759 2490 1774 -ι--υι-ι-
2525 1759 2732 1774 ..ιν-..ιη
2761 1759 2806 1774 ει.
2839 1759 3059 1788 ..ιν-..νυ
3085 1759 3183 1790 ,μυ
3215 1759 3628 1778 -ν-η--υ-η-..ηρν
3661 1759 3804 1784 ..ν-..ιι
3823 1759 3870 1766 -..

594 1831 804 1886 terras,
834 1827 892 1874 ut
923 1817 1226 1873 ariditatem
1262 1819 1428 1872 nostri
1483 1818 1715 1886 pectoris
1755 1817 2024 1888 irrigarct.
2053 1815 2200 1872 Idem
2235 1819 2280 1882 Β
2311 1824 2434 1870 tur:
2475 1815 2616 1868 unde
2661 1825 2714 1868 et
2753 1813 3014 1868 orandum
3071 1811 3330 1868 Dominus
3371 1811 3694 1876 admonet,
3729 1827 3794 1868 ne
3829 1811 3886 1862 lia:
3949 1759 3953 1904 Α

591 1921 674 1966 est
705 1910 959 1982 splendor
987 1911 1169 1980 gloriae
1201 1909 1292 1964 Dei
1325 1909 1499 1964 Patris
1521 1951 1534 1974 ,
1565 1919 1622 1964 et
1651 1909 1830 1978 imago
1873 1909 2197 1964 substantia:

593 2007 746 2077 ejus;
777 2015 832 2061 et
863 2005 983 2060 ideo
1015 2007 1066 2058 in
1093 2005 1292 2058 lumine
1320 2003 1437 2074 ejus
1453 2005 1760 2074 vcro,quod
1793 2003 2200 2058 illuminatom-

593 2115 716 2154 Item
747 2098 1020 2153 hominem
1049 2097 1355 2152 venientem
1389 2095 1442 2150 in
1475 2097 1620 2152 hunc
1663 2095 1920 2150 mundum
1948 2139 1963 2162 ,
1999 2095 2204 2150 videbi-

597 2209 738 2260 mus,
769 2191 962 2262 inquit,
991 2189 1240 2254 Patrem;
1271 2189 1394 2260 quia
1430 2189 1568 2244 Deus
1599 2189 1688 2244 lux
1715 2200 1820 2242 est.
1847 2189 2012 2245 Recte
2037 2189 2198 2243 etiam

593 2285 796 2340 dicitur
829 2302 842 2338 :
883 2283 950 2338 In
981 2283 1172 2336 lumine
1210 2291 1296 2334 tuo
1343 2281 1622 2334 videbimus
1661 2281 1868 2346 lumen;
1900 2279 2200 2336 secundum

597 2377 729 2432 illud
767 2395 778 2430 :
813 2377 914 2444 Qui
963 2392 1040 2429 me
1091 2373 1256 2440 videt,
1279 2373 1414 2427 videt
1461 2383 1508 2428 et
1537 2371 1750 2428 Patrem
1789 2389 1956 2426 meum
1999 2371 2198 2446 (Joon.

601 2489 718 2536 xw,
749 2473 841 2540 9).
875 2469 1032 2539 Apud
1063 2479 1115 2524 te
1144 2483 1297 2540 ergo,
1329 2467 1473 2522 Fons
1503 2469 1661 2534 vitae,
1691 2477 2019 2538 praesentem
2053 2467 2204 2522 vidc-

599 2563 776 2618 bimus
805 2563 1040 2617 Patrem.
1071 2559 1223 2618 Sicut
1265 2559 1410 2615 enim
1459 2569 1514 2612 tu
1543 2559 1682 2629 apud
1715 2558 1929 2614 Patrem
1975 2573 2098 2612 eras
2147 2560 2202 2614 in

597 2655 864 2728 principio
917 2655 1057 2710 Deus
1105 2651 1340 2708 Verbum
1393 2668 1407 2705 :
1457 2651 1528 2706 ita
1579 2651 1718 2720 apud
1765 2661 1818 2708 te
1867 2667 2084 2724 semper
2119 2661 2204 2708 est

601 2749 784 2814 Pater,
811 2749 900 2818 qui
949 2749 1001 2802 in
1055 2755 1106 2802 te
1151 2757 1252 2802 est.
1289 2746 1382 2802 Est
1404 2747 1548 2802 enim
1578 2745 1716 2816 apud
1749 2749 1921 2815 ipsum
1945 2789 1960 2812 ,
1995 2747 2047 2800 in
2094 2763 2201 2816 quo

599 2853 701 2896 cst.
735 2849 760 2880 ἰ
789 2839 1158 2912 Propltetatur
1204 2847 1385 2894 autem
1420 2838 1684 2892 adventus
1715 2837 1924 2892 Domini
1955 2838 2204 2892 Salvato-

599 2935 705 3001 ris,
737 2934 826 3004 qui
875 2943 1134 2988 venturus
1181 2933 1230 2986 in
1277 2942 1478 2988 terram
1513 2933 1765 2988 diceret:
1803 2931 1912 3004 Ego
1955 2943 2000 2986 et
2045 2931 2202 2987 Pater

597 3045 754 3082 unum
781 3043 956 3082 sumus
985 3023 1162 3098 (Joan.
1197 3041 1230 3080 χ
1252 3068 1266 3092 ,
1297 3025 1425 3095 ’50);
1457 3025 1507 3080 id
1539 3035 1620 3080 est
1642 3068 1655 3090 ,
1691 3041 1852 3080 unum
1886 3041 2073 3080 sumus
2117 3027 2200 3080 lu-

597 3137 756 3188 men,
785 3121 928 3176 sicut
975 3135 1141 3174 unum
1191 3133 1408 3174 nomen.
1443 3117 1546 3172 Per
1593 3117 1814 3171 luminis
1863 3128 1918 3172 et
1963 3119 2198 3174 nominis

2303 1909 2426 1982 fuga
2459 1919 2642 1964 nostra
2687 1907 2880 1980 ltyeme
2922 1919 3011 1962 aut
3039 1907 3296 1972 sabbato,
3325 1905 3432 1960 hoc
3477 1913 3576 1960 est
3605 1903 3700 1960 vel
3741 1907 3788 1958 in
3815 1913 3886 1958 tra-

2307 2003 2530 2068 latione,
2582 1999 2660 2056 vel
2711 2002 2822 2054 otio
2865 1997 3100 2072 (Matth.
3125 2013 3248 2053 xxiv
3271 2040 3286 2066 ,
3315 1997 3464 2068 20);
3499 1997 3716 2068 hyeme
3757 2005 3878 2050 ante:

2301 2095 2500 2150 crescit
2547 2101 2798 2160 torrens,
2827 2103 2882 2148 et
2927 2093 3282 2162 adimpletur,
3333 2099 3503 2162 atque
3565 2090 3878 2144 intumescit:

2307 2197 2518 2244 torrens
2549 2189 2731 2260 utique
2765 2203 2862 2258 pro
2891 2185 3140 2264 graviore
3168 2187 3471 2240 tentatione
3499 2189 3704 2254 potest
3729 2183 3876 2250 anno.

2303 2297 2424 2354 qua:
2470 2291 2552 2338 est
2599 2282 2650 2336 in
2699 2279 3188 2354 persecutionibns.
3221 2279 3292 2334 Et
3339 2277 3469 2332 ideo
3519 2275 3676 2332 bene
3727 2287 3876 2330 torres

2307 2377 2596 2446 voluptatis
2637 2375 2868 2442 dicitur,
2901 2375 3024 2446 quia
3077 2373 3168 2430 ubi
3217 2371 3706 2444 superabundavit
3739 2385 3868 2442 peoo-

2305 2479 2416 2526 tum
2449 2469 2839 2542 persecutionis
2866 2511 2880 2536 ,
2915 2455 3378 2544 superabundavit
3403 2474 3464 2526 et
3491 2465 3682 2538 gratia
3715 2465 3854 2522 conis

2304 2581 2496 2620 Simus.

2511 2657 2642 2716 Vide
2665 2657 2918 2712 virtutem
2951 2655 3287 2728 Propheticze
3313 2653 3732 2710 distinctionis.
3747 2649 3868 2708 Prin-1

2306 2753 2562 2824 injustam
2593 2749 2836 2822 exposuit
2863 2793 2878 2816 ,
2905 2751 2996 2822 qui
3027 2749 3111 2806 vel
3145 2750 3196 2804 in
3225 2747 3394 2804 corde
3427 2763 3534 2804 suo
3555 2791 3570 2814 ,
3605 2747 3698 2800 vel
3731 2749 3778 2800 iu
3799 2761 3872 2798 se:-

2305 2863 2464 2902 tnone
2512 2845 2642 2900 dicit
2667 2888 2682 2912 ,
2717 2857 2772 2902 ut
2807 2845 2910 2902 sibi
2959 2843 3274 2914 delinquat,
3303 2843 3390 2896 vel
3421 2841 3476 2896 in
3507 2857 3576 2896 se
3599 2841 3870 2910 delinquat;

2307 2941 2468 2996 habet
2505 2941 2646 2996 enim
2698 2937 2922 2994 Grzecus
2969 2937 3168 3002 codex,
3201 2939 3254 2992 ἓν
3296 2935 3502 3008 ἐαυτῷ,
3537 2931 3604 2988 id
3633 2943 3751 2996 est,
3777 2931 3870 2984 inse

2303 3033 2454 3104 ipso,
2485 3031 2580 3088 St‘d
2613 3049 2717 3084 non
2749 3045 2964 3086 omnes.
3013 3029 3080 3084 Et
3121 3029 3258 3084 forte
3291 3027 3449 3094 ideo,
3489 3026 3628 3098 quia
3679 3025 3869 3092 ἱηάρὲελῑε

2303 3125 2356 3178 in
2385 3123 2538 3178 corde
2567 3139 2661 3178 suo
2685 3123 2818 3178 dixit
2857 3123 2980 3196 quia
3019 3138 3122 3174 non
3160 3129 3232 3174 est
3287 3117 3429 3174 Deus
3470 3115 3664 3190 (Psal.
3693 3131 3798 3176 snt,
3821 3115 3866 3178 l].

593 3213 856 3269 unitatem
903 3213 1062 3267 ambo
1093 3227 1256 3266 unum
1299 3225 1520 3274 suntns;
1551 3209 1716 3264 immo
1747 3209 1984 3264 Trinitas
2027 3227 2192 3266 unum
2219 3219 2266 3290 ο
2299 3217 2376 3274 Nc
2407 3217 2544 3272 forte
2588 3229 2640 3271 et
2687 3218 2916 3286 injustas
2948 3215 3084 3270 intra
3116 3228 3176 3268 se
3200 3209 3364 3280 dicat,
3395 3219 3450 3266 et
3479 3209 3634 3265 intra
3663 3225 3722 3266 se
3743 3207 3862 3264 delin-

591 3308 647 3362 in
693 3307 899 3362 unitate
941 3301 1287 3368 substantiae,
1319 3303 1412 3358 sed
1453 3301 1794 3357 distinctione
1849 3305 2196 3374 uniuscujus-

593 3419 699 3473 que
729 3417 998 3472 personzc.
1023 3397 1262 3454 Trinitas
1311 3396 1712 3451 distinctionem
1762 3397 2028 3467 signiﬁcat
2077 3412 2200 3468 per-

595 3509 885 3558 Sonarutn,
935 3490 1120 3546 unitas
1167 3499 1509 3559 potestatem.
1547 3489 1728 3543 Potest
1780 3500 1834 3544 et
1879 3490 1944 3543 ad
1981 3489 2196 3546 Patrem

595 3587 699 3641 dici
735 3603 749 3640 :
785 3585 1042 3652 Quoniam
1064 3583 1204 3654 apud
1241 3593 1286 3635 te
1319 3593 1392 3635 est
1415 3581 1530 3650 fons
1557 3581 1674 3634 vim:
1695 3623 1709 3648 ,
1739 3581 1792 3636 id
1823 3591 1935 3648 cst,
1965 3583 2018 3636 in
2053 3593 2104 3638 te
2131 3601 2196 3640 ex

595 3697 704 3756 quo
747 3681 854 3734 vita
903 3678 1207 3748 processit,
1236 3683 1352 3731 erat
1383 3675 1619 3730 Verbum
1644 3717 1656 3738 ,
1691 3685 1746 3729 et
1793 3691 2010 3745 semper
2051 3687 2198 3740 erat.

593 3775 722 3848 quia
763 3773 904 3844 apud
933 3783 984 3828 te
1015 3777 1151 3827 erat.
1183 3769 1379 3824 Omnia
1409 3785 1506 3839 per
1537 3769 1713 3838 ipsmn
1747 3779 1798 3824 ct
1829 3769 1878 3822 in
1911 3771 2030 3839 ipso
2061 3769 2200 3826 facta

591 3881 714 3924 sunt
741 3885 756 3934 ;
785 3877 840 3923 et
865 3867 984 3937 ipse
1013 3873 1096 3920 est
1117 3863 1279 3936 775
1307 3863 1412 3918 vita
1455 3861 1830 3918 universorum
1856 3905 1868 3928 ,
1899 3873 1952 3917 et
1981 3861 2097 3932 ipse
2145 3871 2200 3920 te

593 3963 753 4020 nobis
783 3961 1142 4018 manifestavit
1166 4001 1180 4020 .
1209 3969 1267 4012 ut
1297 3956 1464 4012 corda
1495 3957 1775 4011 hominum
1821 3956 1887 4010 ad
1938 3957 2202 4026 cognitio-

594 4077 718 4118 nem
749 4069 856 4113 tute
883 4056 1184 4127 majeSIatis
1213 4052 1610 4108 illuminentur.

664 4163 756 4218 25.
803 4157 1072 4214 Praetende
1113 4171 1234 4228 ergo
1283 4151 1692 4209 misericordiam
1737 4161 1876 4206 tuam
1921 4153 2200 4208 scientibus

595 4267 661 4312 te.
693 4255 1054 4325 Prmrogativa
1095 4249 1488 4320 prauenditur,
1527 4255 1586 4302 ut
1629 4255 1943 4300 mereantur
1991 4229 2238 4302 miseri-'

595 4349 836 4406 cordiam
869 4347 1064 4416 quibus
1091 4341 1414 4412 cognitionis
1445 4351 1547 4394 tua:
1577 4341 1826 4394 meritum
1855 4339 2196 4412 suffragatur.

599 4441 837 4510 Denique
883 4440 935 4493 in
967 4433 1359 4507 posterioribus
1403 4433 1565 4488 etiam
1619 4430 1904 4484 vilioribus
1953 4433 2199 4500 personis

591 4535 828 4592 studium
869 4530 1108 4586 scientiae
1151 4525 1494 4596 agnoscimus
1539 4522 1891 4592 sntiragatum
1917 4565 1930 4588 ,
1981 4521 2198 4578 dicente

2299 3323 2460 3384 quat,
2505 3311 2628 3366 licet
2671 3311 2836 3364 Deum
2865 3309 3040 3380 palam
3071 3321 3270 3378 negare
3297 3305 3581 3366 dementis
3623 3308 3728 3372 sit;
3751 3303 3860 3370 injus-

2299 3403 2474 3461 titiam
2503 3415 2680 3460 autem
2713 3405 2958 3476 plerique
3003 3419 3101 3474 pro
3131 3401 3290 3457 laude
3320 3401 3684 3470 profitentur.
3715 3399 3852 3466 Rapere

2301 3501 2470 3564 enim,
2501 3513 2698 3552 uoco-re
2724 3500 2887 3558 etiam
2921 3497 2986 3552 iis
3011 3495 3103 3570 qui
3133 3512 3240 3550 non
3269 3493 3518 3550 laeserint
3539 3536 3556 3562 ,
3605 3502 3670 3548 et

2301 3591 2492 3646 venire
2567 3589 2809 3662 plerique
2856 3589 2956 3644 sibi
3024 3589 3334 3644 existimant
3393 3571 3844 3658 gloriosumerg-a

2303 3686 2478 3756 primo
2505 3683 2688 3752 injusti
2731 3685 2894 3739 vitam
2941 3683 3226 3750 esposuit,
3275 3689 3462 3754 postea
3515 3691 3856 3736 sacrauimus

2301 3779 2498 3834 divina:
2525 3777 2852 3850 Cognitionis
2881 3777 3126 3850 adjttnxit
3153 3795 3168 3844 ;
3198 3785 3254 3832 ut
3287 3777 3550 3832 timentes
3581 3777 3776 3838 Deum,
3795 3775 3860 3826 iui-

2301 3873 2564 3942 quitatem
2597 3879 2654 3926 et
2680 3870 2996 3942 injustitiam
3027 3869 3383 3926 declinemus.
3409 3867 3646 3924 Preeem
3675 3865 3860 3928 addidit,

2301 3977 2358 4020 ut
2391 3967 2456 4020 ab
2501 3963 2828 4036 injustorum
2871 3963 3148 4020 consortio
3172 3963 3350 4032 justos
3399 3977 3534 4016 suos
3563 3961 3786 4016 liberare
3809 3957 3862 4010 ιιι-

2301 4069 2500 4134 gnetur
2525 4077 2539 4124 ;
2576 4069 2634 4114 ut
2661 4061 2712 4114 in
2739 4058 2805 4112 lis
2827 4073 3042 4130 quoque
3069 4057 3160 4129 qui
3189 4055 3394 4112 mundo
3419 4066 3554 4110 sunt
3579 4054 3862 4122 corde,ju:‘r
3949 4095 3951 4134 ἶ

2304 4157 2414 4212 titia
2441 4153 2620 4210 divina
2654 4151 2971 4224 praetendat,
3003 4151 3152 4224 quasi
3185 4149 3520 4224 speculatrix
3553 4149 3674 4222 pia;
3705 4163 3766 4202 ne
3799 4161 3864 4198 no-
3950 4129 3951 4181 ἲ

2303 4248 2387 4304 bis
2419 4259 2765 4319 peccatorum
2817 4247 2963 4300 velut
2991 4243 3225 4304 hostium
3281 4243 3533 4298 incursus
3573 4244 3862 4312 obrepunt-1

2303 4345 2479 4412 capiat
2505 4337 2859 4396 dormientes.
2895 4337 3020 4394 Ideo
3055 4335 3382 4410 vigilandum
3405 4345 3510 4400 est,
3547 4351 3756 4406 semper
3779 4348 3862 4386 cas

2305 4445 2382 4490 tra
2411 4433 2575 4514 776
2601 4433 2810 4488 Domini
2839 4431 3130 4492 munienda
3163 4440 3320 4494 sunt;
3343 4429 3470 4504 quia
3501 4439 3666 4485 nocte
3691 4425 3862 4482 advenit

2299 4527 2549 4580 inimicus
2573 4533 2628 4580 et
2655 4523 2996 4579 adversarius
3019 4567 3035 4590 ,
3069 4521 3284 4590 quando
3335 4537 3531 4577 somno
3581 4535 3768 4578 sensus
3805 4530 3860 4572 te-

597 4625 826 4685 !)omlno
855 4641 868 4677 :
903 4621 1102 4676 Memor
1126 4635 1210 4673 ero
1237 4617 1418 4671 Rahab
1439 4627 1484 4672 et
1511 4615 1792 4686 Babylonis
1817 4613 2091 4668 scientibus
2120 4629 2200 4668 me
2223 4625 2278 4688 ι)
2305 4629 2462 4672 netur
2481 4659 2496 4683 ,
2523 4617 2644 4674 cibo
2671 4631 2868 4688 corpus
2899 4616 3244 4672 distenditur.
3275 4613 3554 4670 Orandum
3603 4624 3662 4670 ut
3693 4611 3860 4686 just£tit

601 4723 772 4798 (Psal.
802 4733 1022 4782 Lxxxvt,
1050 4713 1130 4786 .i);
1163 4713 1216 4768 ω
1248 4722 1353 4776 est,
1387 4709 1693 4766 meretricis
1725 4709 1868 4763 illius
1899 4707 2108 4776 Rahab,
2143 4719 2200 4764 et

595 4815 930 4875 confusionis
957 4811 1107 4866 illius
1135 4819 1342 4862 memor
1387 4819 1479 4858 ero
1507 4801 1646 4872 apud
1697 4801 1926 4857 scientes
1953 4816 2040 4856 me
2061 4843 2076 4864 ,
2111 4801 2196 4856 vel

599 4911 737 4966 inter
781 4909 959 4978 ipsos;
991 4901 1116 4973 quia
1149 4895 1408 4953 meretrix
1457 4895 1550 4949 illa
1589 4909 1675 4950 me
1707 4895 1946 4965 agnovit,
1975 4891 2005 4930 ι)
2035 4909 2192 4964 quem

600 5005 825 5080 p0pulus
855 5017 959 5056 non
1005 4995 1242 5068 agnovit.
1281 4993 1423 5047 Inter
1449 4989 1572 5044 illos
1602 5005 1731 5058 ergo
1775 4988 1866 5058 qui
1911 5003 1996 5042 me
2023 4989 2195 5042 scive-

595 5109 743 5164 runt,
771 5088 1280 5151 commemorabitur
1303 5083 1524 5151 Rahab,
1557 5093 1614 5136 ut
1641 5081 1860 5151 dignum
1893 5082 2012 5137 lidei
2055 5097 2194 5152 prie-

595 5195 762 5252 mium
789 5189 1138 5259 adipiscatur.
1171 5181 1324 5239 Unde
1369 5188 1424 5234 et
1455 5179 1506 5232 in
1543 5175 1833 5244 Evangelia
1868 5175 2068 5232 dictum
2098 5177 2194 5231 ad-

597 5289 900 5345 vertimus:
955 5279 1249 5336 Meretrices
1291 5285 1337 5330 et
1379 5271 1640 5344 publicani
1688 5271 1974 5342 pt'tecedent
2013 5287 2100 5325 vos
2139 5272 2194 5326 in

597 5397 754 5454 regno
795 5378 1038 5432 caelorum
1069 5369 1284 5438 (Matth.
1313 5381 1440 5436 tm,
1481 5363 1598 5434 51).
1645 5361 1754 5418 Sed
1803 5363 1926 5432 quia
1973 5361 2192 5418 invalidi

597 5453 784 5531 smnus
811 5471 876 5526 ad
905 5461 1332 5537 exsequendum,
1370 5461 1496 5516 licet
1527 5457 1708 5514 devoti
1739 5455 1804 5509 ad
1829 5453 2190 5509 credendum:

673 5651 699 5680 ⁸
729 5641 828 5696 Ms.
861 5637 1096 5698 Thuam,
1149 5625 1412 5698 PrOplteta
1457 5635 1628 5698 autem
1671 5625 1948 5698 aduentum
1987 5619 2198 5675 Domini

605 5695 888 5772 Saluatoris
911 5711 966 5764 in
984 5695 1172 5774 spiritu
1199 5695 1506 5774 pt'invidens,
1537 5697 1617 5774 c_ni
1647 5697 1743 5774 nisi
1775 5697 1818 5748 ei
1841 5695 1940 5774 qui
1956 5705 2195 5774 venturus

605 5765 716 5842 illi
741 5785 792 5836 in
817 5794 972 5848 terra,
1001 5765 1185 5832 diceret
1201 5765 1350 5848 apud
1378 5781 1426 5848 te
1452 5779 1524 5823 est
1550 5769 1664 5848 Loris
1687 5767 1898 5848 vittate:
2007 5766 2196 5848 lumine

729 5835 1004 5910 videbimus
1055 5835 1256 5902 lumen:
1277 5839 1428 5896 Unde
1471 5849 1514 5894 et
1549 5837 1790 5892 Salvator
1816 5839 1870 5892 in
1917 5835 2198 5908 Evangelia

2307 4709 2400 4765 Del
2448 4711 2745 4780 prtetcndat
2787 4711 2842 4765 in
2891 4711 3045 4764 nobis
3073 4753 3087 4774 ,
3113 4725 3231 4780 qua:
3260 4707 3314 4762 in
3361 4707 3672 4762 inﬁrmitate
3699 4707 3860 4778 positos

2301 4804 2460 4858 faciat
2511 4801 2802 4870 fortiores,
2835 4813 2893 4858 ut
2937 4804 3109 4874 possit
3133 4801 3505 4872 unusquisque
3549 4811 3780 4857 nostrum
3805 4799 3862 4852 di-

2299 4911 2424 4953 cere
2457 4915 2469 4952 :
2505 4897 2632 4952 Cum
2677 4897 2944 4974 inﬁrmar,
2989 4907 3108 4952 tunc
3147 4905 3325 4968 potens
3363 4911 3478 4949 sum
3507 4891 3592 4968 (ll
3629 4892 3744 4949 Cor.
3779 4909 3856 4958 sn,

2301 4991 2367 5046 ιο
2388 4989 2429 5062 ).

2367 5085 2460 5140 9.8.
2507 5085 2707 5142 Deinde
2752 5087 2916 5142 etiam
2948 5083 3258 5156 specialiter
3285 5099 3383 5160 pro
3427 5099 3489 5152 se
3513 5093 3678 5148 erat;
3713 5091 3764 5137 ut
3785 5091 3856 5136 nos

2299 5179 2529 5246 doceat,
2563 5181 3013 5252 quemadmodum
3060 5197 3219 5237 orare
3259 5180 3554 5244 debeamus
3602 5178 3667 5234 ad
3717 5175 3856 5232 Domi-

2301 5289 2425 5328 num
2457 5291 2470 5326 :
2506 5273 2628 5330 Non
2669 5277 2869 5336 vernat,
2900 5275 3103 5344 inquit,
3133 5274 3258 5328 mihi
3295 5291 3382 5344 pes
3419 5271 3698 5344 superbire,
3729 5271 3770 5324 id
3795 5277 3852 5322 εει

2301 5385 2406 5424 non
2441 5370 2492 5424 in
2527 5371 2836 5440 superbiam
2889 5368 3146 5423 incidam.
3181 5369 3418 5436 Denique
3448 5377 3504 5422 et
3545 5367 3670 5422 alibi
3704 5362 3852 5420 memi-

2301 5464 2380 5518 nit
2428 5463 2508 5518 sui
2555 5463 2786 5518 dicens:
2839 5462 3031 5518 Sinon
3082 5460 3338 5516 ambulavi
3371 5461 3426 5514 in
3464 5459 3662 5532 magnis
3705 5453 3846 5530 (Prol.

2301 5625 2426 5696 dicit
2457 5641 2476 5679 :
2503 5625 2635 5696 Ego,
2669 5633 2776 5696 etc.

2373 5695 2398 5732 δ
2425 5692 2732 5768 Μεε.’ῐὶθε.,
2757 5695 2990 5768 Bemig.,
3015 5695 3210 5768 Long.,
3237 5693 3386 5768 Va_lc.
3409 5692 3712 5768 etil‘ltuan“
3731 5701 3842 5760 quem

2301 5767 2521 5838 populus
2545 5763 2938 5838 non—cognovit:
2964 5763 3018 5823 ut
3045 5763 3252 5822 eleotus.
3291 5765 3434 5822 Inter
3461 5763 3602 5838 illos,
3625 5773 3722 5820 etc.

2921 6011 2948 6026 ρ-
