4042 6378
94 319 226 380 965

1225 309 1291 382 1N
1332 308 1662 394 rsaut‘uu
1705 326 1925 388 xxth
1965 304 2386 386 ENsuuAno.
3365 320 3469 378 966

93 462 299 516 eux,
348 450 442 523 1).
477 451 571 508 llic
620 451 794 508 oravit
817 489 832 518 ,
861 449 932 504 ibi
973 448 1214 520 implevit
1248 464 1261 500 :
1296 463 1402 508 non
1453 446 1766 516 implesset,
1797 449 1842 507 Α
1875 444 2120 502 Christus
2172 445 2222 498 in
2255 441 2499 502 Ecclesia
2533 441 2830 506 formatur,
2865 447 2918 495 et
2958 436 3216 497 nascitur.
3256 438 3320 492 Et
3346 439 3474 493 alibi

96 540 227 604 nisi
264 554 535 601 orasset.
565 543 811 600 Cavenda
857 543 1108 613 superbia
1136 585 1152 610 ,
1196 558 1314 612 qum
1349 539 1511 600 etiam
1545 540 1596 596 in
1645 555 1768 608 pro—
1870 537 1997 592 dicit
2029 555 2042 591 :
2082 536 2279 591 Memor
2309 553 2393 590 ero
2423 534 2638 606 lia/tab,
2669 544 2718 588 et
2744 533 3022 606 Babylonis
3050 531 3322 586 scientibus
3365 547 3466 586 me.

98 637 318 705 speris
357 641 707 710 supplantat.
737 639 974 708 Denique
1004 637 1217 709 gravius
1248 635 1414 690 Adam
1445 635 1494 690 in
1521 634 1768 704 paradiso
1870 627 2072 684 Etenim
2098 630 2416 701 alienigenas,
2448 621 2494 681 ct
2527 627 2691 701 Tyrus
2721 637 2765 680 et
2792 626 3017 700 populus
3050 624 3382 696 /Ethi0pum,
3420 625 3474 678 lii

100 731 395 798 cecidit,
431 749 596 804 quam
641 732 685 788 si
731 731 1017 796 cecidisset
1067 732 1120 792 in
1169 741 1332 785 terra.
1369 730 1442 783 De
1488 728 1766 784 altissimis

1879 721 2079 789 ruerunt
2108 721 2179 774 ibi
2208 719 2381 793 (Psal.
2415 736 2632 786 Lxxxvr,
2665 719 2742 794 4);
2777 719 2829 776 id
2857 729 2961 780 est,
2994 718 3080 773 ubi
3104 718 3340 774 scientes
3361 732 3471 784 me,

103 821 348 880 cadere
373 867 391 892 ,
433 824 790 898 prmcipitium
839 834 923 884 est
957 842 970 876 :
1005 822 1060 880 in
1094 823 1262 894 planis
1308 821 1492 894 lapsus
1521 829 1765 878 vocatur.
1871 813 1961 870 ubi
1993 813 2339 870 fundamenta
2374 814 2425 867 in
2459 822 2637 870 motus
2664 813 2866 868 sanctis
2888 853 2903 878 ,
2935 810 3004 866 ibi
3037 819 3090 865 et
3116 809 3472 880 alienigenw;

98 911 258 969 Ideo
295 932 410 986 pes
455 925 597 976 errat
642 917 894 988 superbi.
923 917 1046 989 quia
1075 923 1236 986 caput
1280 931 1386 972 non
1417 922 1596 982 tenet;
1625 915 1766 970 oculi
1870 907 1996 978 quia
2020 917 2074 962 et
2103 907 2204 976 ipSi
2249 905 2302 964 in
2351 922 2437 964 me
2488 916 2814 976 putaverunt
2864 919 2984 960 esse
3015 903 3364 962 credendum.
3396 902 3475 958 “li

104 1006 280 1064 enim
339 1009 622 1079 sapientis
655 1010 705 1064 in
755 1009 931 1077 capite
973 1008 1110 1080 ejus.
1145 1006 1262 1064 Non
1308 1010 1502 1066 mirum
1546 1025 1676 1078 ergo
1720 1008 1766 1064 si
1870 1013 2000 1068 ergo
2025 998 2358 1064 ceciderunt,
2394 997 2482 1051 ubi
2516 998 2685 1068 magis
2713 1006 2859 1054 stare
2890 996 3233 1062 debuerunt;
3266 997 3390 1066 quia
3419 1001 3474 1050 et

109 1112 286 1158 errat
338 1104 638 1174 vestigium
665 1143 679 1165 ,
723 1101 811 1156 ubi
854 1102 1042 1158 oculus
1070 1118 1178 1156 non
1210 1102 1459 1160 habetur.
1491 1101 1768 1164 Praycedat
1872 1091 1925 1150 ἱη
1959 1092 2208 1165 paradiso
2240 1091 2435 1146 cecidit
2465 1090 2658 1162 Adam,
2692 1101 2744 1146 et
2774 1089 3022 1148 Christus
3056 1091 3107 1146 ill
3139 1089 3349 1150 ruinam
3377 1105 3474 1146 νθ-

116 1197 342 1254 οευιυε
363 1237 382 1262 ,
439 1207 496 1252 υι
527 1211 620 1266 pes
648 1205 926 1266 sequam...
956 1207 980 1234 a
1020 1197 1306 1264 ρηιηηοάο
1355 1197 1500 1256 enim
1531 1197 1582 1254 in
1613 1205 1766 1252 tene.
1872 1183 1985 1250 nit,
2017 1194 2070 1237 et
2097 1182 2148 1239 in
2184 1182 2676 1248 resurrectionem,
2713 1193 2769 1238 ut
2794 1184 2947 1240 ruina
2994 1182 3064 1238 sit
3093 1183 3420 1262 perfidorum
3455 1201 3470 1238 :

117 1291 249 1346 bris
278 1291 480 1348 viator
510 1291 823 1348 incederet?
850 1293 968 1348 Cito
1014 1309 1108 1362 pes
1144 1292 1370 1356 otfendit
1415 1294 1468 1356 in
1497 1303 1653 1349 nocte
1673 1333 1688 1356 ,
1721 1292 1768 1350 si

1879 1278 2133 1345 iustorum
2162 1289 2342 1334 autem
2369 1289 2424 1333 et
2452 1277 2693 1333 fidelium
2724 1280 3075 1335 resurrectio.

114 1380 294 1451 quasi
332 1381 565 1452 quidam
595 1383 780 1440 mundi
809 1385 1000 1442 oculus
1025 1386 1166 1441 viam
1196 1388 1320 1444 luna
1345 1401 1450 1446 non
1478 1393 1763 1446 monstret.
1942 1371 2033 1432 39-
2079 1371 2318 1445 Denique
2364 1371 2565 1442 επρυίεί
2594 1382 2748 1436 διιηιδ
2775 1374 2897 1442 quia
2930 1371 3110 1442 iniusti
3143 1371 3240 1427 Viri
3274 1372 3326 1426 in
3355 1371 3477 1428 1000

117 1471 196 1527 Et
251 1485 319 1530 tu
382 1476 441 1534 in
491 1485 648 1536 ηοριε
699 1493 761 1540 es
789 1479 1006 1545 εωουιί,
1052 1488 1319 1534 monstro;
1381 1479 1475 1538 ubi
1523 1478 1766 1541 Ecclesia
1870 1478 2058 1522 sancto
2085 1475 2234 1526 stare
2268 1482 2373 1520 non
2399 1472 2673 1537 poterant.
2705 1463 2858 1521 Unde
2889 1474 2943 1518 et
2972 1464 3265 1534 Apostolus
3294 1463 3429 1518 dixit
3464 1478 3478 1515 :

118 1567 330 1634 viam;
379 1587 450 1625 ex
479 1575 587 1630 alto
637 1581 690 1628 te
734 1572 960 1643 justitiw
1004 1575 1087 1630 sol
1131 1574 1426 1642 illuminet.
1457 1583 1516 1632 ut
1555 1574 1766 1645 lapsum

1879 1557 1942 1612 Et
1971 1567 2025 1614 tu
2073 1556 2164 1629 qui
2197 1567 2308 1614 stas
2331 1596 2346 1621 ,
2379 1555 2500 1612 vide
2531 1571 2599 1612 ne
2629 1554 2793 1610 cadas
2825 1554 2866 1628 (Ι
2900 1551 3022 1608 Cor.
3053 1571 3110 1620 χ,
3143 1555 3255 1625 1‘2).
3283 1554 3350 1628 Et
3381 1554 3484 1610 uti-

121 1660 350 1717 timcre
376 1680 488 1725 non
519 1666 710 1735 possis.

199 1756 311 1810 ‘27.
364 1757 434 1812 Et
482 1761 604 1832 quia
657 1760 844 1828 pedem
894 1762 1108 1820 dixerat
1151 1765 1452 1833 superbiae,
1507 1763 1760 1823 addidit:

1872 1668 1977 1725 que
2006 1653 2052 1707 ei
2082 1651 2217 1708 dixit
2245 1652 2338 1722 qui
2367 1668 2475 1706 non
2503 1665 2756 1722 corpore,
2789 1649 2884 1706 sed
2919 1648 3023 1704 ﬁde
3053 1648 3250 1703 stabat.
3287 1648 3486 1708 Possu-

1873 1762 1992 1807 tnus
2037 1745 2196 1820 777
2244 1754 2298 1801 et
2350 1747 2398 1800 in
2451 1745 2686 1802 futurum
2738 1744 3077 1813 intelligere,
3108 1742 3212 1808 ibi,
3242 1751 3298 1798 ut
3347 1753 3480 1808 est:

124 1844 201 1900 Et
249 1866 456 1906 manus
495 1863 818 1922 peccatorum
857 1871 957 1908 non
998 1866 1229 1912 moueant
1257 1873 1354 1910 me.
1388 1857 1599 1913 Etenim
1622 1857 1761 1914 sicut

1879 1841 1962 1898 erit
2005 1841 2186 1912 ﬂetus,
2212 1850 2260 1894 et
2307 1839 2500 1902 stridor
2541 1839 2770 1894 dentium
2819 1836 3036 1911 (Matth.
3061 1852 3188 1906 xttt,
3221 1836 3345 1906 14);
3384 1847 3436 1890 et
3472 1856 3486 1894 :

125 1945 320 2000 sancti
361 1948 610 2008 men‘ihra
653 1959 780 2008 sunt
809 1947 1039 2018 Christi,
1086 1953 1156 2006 ita
1186 1949 1336 2021 impii
1366 1953 1606 2008 membra
1635 1949 1760 2007 sunt

123 2033 378 2094 diaboli.
409 2037 597 2098 Manus
635 2051 963 2110 peccatorum
1001 2059 1102 2102 non
1140 2053 1372 2100 moueant
1407 2059 1486 2099 nte
1511 2084 1527 2109 ,
1555 2044 1606 2099 id
1636 2054 1718 2100 est
1744 2083 1760 2110 ,

127 2138 298 2184 actus
327 2146 526 2190 eorum
555 2134 646 2204 qui
669 2145 915 2203 peccant,
939 2151 1047 2194 non
1075 2152 1161 2190 me
1184 2137 1252 2191 de
1271 2135 1498 2206 iustitia:
1527 2141 1761 2192 statione

131 2221 493 2284 dimovennt.
529 2227 854 2298 Plerumque
883 2230 1025 2288 enim
1071 2229 1195 2286 dum
1240 2230 1483 2286 videmus
1514 2241 1763 2300 peceato-

132 2331 227 2370 res
257 2317 550 2386 prasperis
573 2321 852 2387 aliupdare
876 2322 1243 2386 successibus.
1269 2332 1522 2379 notamus
1542 2322 1758 2389 aﬂ‘ectu,

131 2419 190 2462 et
221 2411 394 2482 quasi
425 2411 656 2484 quadam
679 2424 1022 2483 peccatorum
1058 2429 1218 2474 manu
1251 2414 1317 2470 de
1341 2415 1521 2470 radice
1551 2415 1762 2468 virtutis

131 2503 463 2558 avellimnr.
504 2506 813 2566 Cavendum
865 2523 996 2578 ergo
1050 2525 1116 2562 ne
1159 2524 1299 2579 quos
1348 2509 1401 2568 in
1451 2509 1619 2574 domo
1666 2507 1760 2564 Dei

137 2612 353 2651 manus
383 2597 564 2653 divina
603 2598 902 2668 plantavit,
938 2615 1131 2658 manus
1160 2601 1384 2656 adversa
1430 2602 1760 2670 supplantat.

141 2688 398 2745 Pulchre
427 2700 602 2760 tamen
633 2691 735 2752 hoc
763 2693 1017 2764 dicit.qui
1049 2709 1078 2748 ι
1109 2695 1548 2762 persecutoribus
1571 2693 1765 2749 verba.

142 2793 332 2842 ratur.
367 2781 471 2856 Qui
502 2794 680 2838 autem
711 2795 996 2846 moventur
1027 2785 1094 2840 de
1140 2784 1322 2842 radice
1351 2800 1447 2842 sua
1467 2827 1481 2849 ,
1511 2801 1614 2855 qua
1653 2786 1763 2854 jam

143 2873 386 2932 Christo
419 2876 770 2942 inhmerant.
799 2879 1021 2936 eadunt.

224 2968 324 3024 28.
371 2968 525 3026 Unde
551 2970 757 3026 addidit
786 2989 800 3024 :
832 2969 916 3026 Ibi
943 2971 1232 3028 ceciderunt
1261 2973 1348 3044 qui
1370 2981 1645 3044 operantur
1666 2971 1767 3024 ini-

145 3060 428 3130 quitatem.
462 3060 599 3128 Quid
631 3073 749 3129 est,
783 3061 893 3118 ibi?
920 3061 1111 3120 Utrum
1142 3062 1234 3118 ubi
1263 3073 1344 3116 est
1370 3062 1643 3132 superbia.
1676 3060 1764 3116 ubi

149 3162 240 3208 est
285 3168 485 3212 manus
526 3155 908 3222 peccatorum?
935 3154 1018 3212 An
1063 3155 1152 3214 ubi
1199 3155 1441 3217 stabant,
1472 3155 1562 3210 ubi
1612 3165 1770 3210 erant

1871 1932 2061 1994 Nudus
2113 1935 2181 1988 ibi
2229 1951 2439 2006 pergant
2493 1931 2651 2004 (Job.
2681 1948 2734 1998 ι,
2764 1931 2894 2005 21
2935 1944 2957 1971 ο
2982 1932 3152 2000 Quam
3203 1931 3384 1992 brevis
3426 1931 3480 1987 in

1864 2027 2012 2082 exitu
2039 2038 2090 2080 et
2145 2035 2344 2102 quanta
2377 2026 2655 2080 conclusio
2683 2025 2695 2078 l
2737 2024 2851 2078 Non
2882 2023 3018 2087 sim,
3051 2023 3260 2096 inquit,
3290 2037 3482 2098 super.—

1865 2120 1989 2187 bus,
2023 2129 2078 2175 ut
2108 2135 2364 2192 peccem;
2389 2135 2492 2174 non
2522 2135 2760 2189 peccem,
2787 2135 2853 2172 ne
2879 2133 3118 2184 movear,
3150 2134 3218 2172 ne
3243 2117 3431 2172 cadam
3463 2129 3478 2180 ;

1868 2231 1974 2276 non
2015 2214 2225 2282 cadant,
2255 2232 2321 2274 ne
2353 2213 2616 2286 expellar,
2647 2212 2787 2268 sicut
2813 2211 2983 2267 Adam
3008 2215 3075 2266 de
3098 2207 3349 2281 paradiso
3381 2224 3478 2265 ex-

1867 2311 2054 2382 pulsus
2081 2319 2198 2376 est;
2230 2311 2353 2380 quia
2376 2305 2400 2344 ι¹
2433 2309 2482 2362 in
2520 2309 2636 2378 ipso
2653 2307 2885 2376 primum
2915 2321 3010 2380 pes
3039 2305 3303 2376 superbia:
3331 2310 3483 2360 stare

1870 2420 1974 2456 non
2026 2403 2216 2476 potuit.
2254 2400 2436 2458 Nescit
2483 2411 2627 2456 stare
2680 2399 2966 2471 superbia;
3002 2408 3056 2453 et
3102 2399 3145 2452 si
3178 2397 3478 2460 ceciderit,

1868 2513 1976 2550 non
2003 2497 2153 2550 novit
2179 2509 2482 2565 resurgere.
2515 2492 2582 2548 Et
2612 2492 2734 2548 ideo
2764 2490 2989 2564 pulchre
3018 2490 3118 2545 iste
3146 2499 3201 2544 et
3227 2488 3281 2544 in
3314 2504 3478 2560 supe—

1868 2588 2106 2648 rioribus
2153 2588 2365 2642 locutus
2401 2597 2484 2644 est
2513 2585 2581 2639 de
2625 2583 2876 2655 superbis
2909 2602 2921 2636 :
2956 2583 3026 2637 Ηὶ
3051 2584 3103 2636 in
3129 2583 3362 2644 curribus
3385 2623 3400 2649 ,
3432 2592 3485 2636 et

1870 2684 1924 2738 lii
1953 2683 2118 2758 778
2143 2683 2195 2740 in
2225 2682 2395 2756 equis;
2432 2697 2526 2734 nos
2557 2679 2803 2748 autem‘in
2827 2678 3035 2736 nomine
3062 2674 3160 2734 Dei
3188 2677 3350 2731 nostri
3375 2691 3489 2736 ma-
3575 2741 3577 2744 7

1868 2778 2226 2851 gniﬁcabimur
2269 2772 2442 2848 (Psal.
2476 2790 2603 2840 xxx.
2636 2773 2723 2844 8);
2758 2773 2858 2836 hoc
2891 2773 3036 2828 enim
3083 2770 3314 2836 stabile,
3352 2769 3483 2828 illud

1871 2870 2115 2926 inlidunt.
2148 2867 2218 2928 Et
2253 2867 2517 2936 subjecit:
2549 2865 2661 2936 Ipsi
2688 2865 2898 2937 obligati
2926 2874 3044 2920 sunt
3072 2875 3119 2918 et
3149 2862 3486 2927 ceciderunt;

1871 2978 1965 3016 nos
1995 2977 2112 3014 vero
2163 2959 2514 3024 surreximus,
2548 2966 2597 3014 et
2623 2959 2776 3014 erecti
2803 2973 2980 3012 sumus
3023 2954 3190 3026 (Ibid.
3219 2955 3298 3028 9).
3333 2956 3399 3012 Et
3429 2955 3482 3014 in

1874 3056 2014 3114 libro
2041 3053 2282 3110 Michwa:
2313 3051 2593 3124 prophetze
2619 3051 2878 3120 scriptum
2904 3057 2988 3106 est
3017 3066 3030 3101 :
3066 3059 3089 3084 θ
3125 3047 3251 3102 Νοιὶ
3272 3046 3491 3118 superbe

1873 3147 2101 3222 gaudere
2121 3147 2247 3204 mihi
2263 3188 2280 3216 ,
2308 3147 2517 3202 inimica
2548 3160 2691 3211 mea,
2722 3145 2842 3215 quia
2871 3143 3066 3206 cecidi;
3094 3143 3182 3199 sed
3220 3159 3486 3215 resurgam

149 3256 290 3306 ante
315 3247 577 3316 plantati;
629 3248 700 3310 ibi
744 3247 1103 3304 cecidemnt?
1151 3250 1232 3304 An
1267 3249 1318 3301 in
1367 3249 1582 3313 vicino,
1614 3264 1682 3302 an
1712 3249 1764 3306 in
1795 3242 1840 3306 C
1875 3240 2065 3314 (Mica.
2099 3255 2203 3308 vn.
2239 3239 2320 3312 8).
2351 3237 2659 3294 Occidimus
2701 3239 2845 3298 enim
2895 3237 2946 3292 in
2981 3238 3084 3292 hoc
3115 3236 3349 3302 mundo.
3389 3235 3488 3292 sed

152 3341 485 3408 continenti,
518 3343 671 3410 quasi
705 3343 754 3396 in
812 3342 926 3412 ipso
978 3351 1252 3411 tempore,
1286 3341 1339 3396 in
1372 3341 1489 3410 ipso
1515 3341 1675 3398 loco?
1705 3341 1770 3396 Et

154 3435 377 3492 videtur
418 3434 750 3506 ambiguum.
782 3434 888 3491 Sed
943 3436 1071 3492 alibi
1119 3435 1382 3496 docemur
1431 3437 1522 3506 qui
1557 3435 1630 3491 sit
1662 3435 1766 3501 ibi.

156 3528 248 3583 nhi
297 3527 499 3584 dicitur
553 3545 567 3583 :
620 3526 706 3583 Ibi
755 3529 958 3588 datores
1017 3528 1148 3582 sicut
1191 3528 1530 3604 parturientis
1575 3525 1765 3600 (Psal.

159 3636 326 3689 XLVII,
359 3620 439 3694 8).
470 3620 496 3660 b
530 3621 712 3683 Bonus
743 3619 900 3678 dolor
931 3622 982 3678 ei
1013 3622 1098 3676 cui
1130 3629 1316 3694 partus
1346 3634 1428 3678 est
1463 3619 1588 3675 ﬁdei
1612 3662 1626 3688 ,
1659 3635 1771 3691 quo

236 3788 260 3814 °
295 3777 428 3854 Co_d.
463 3780 632 3854 Reg,
652 3780 925 3854 Quomodo,
953 3795 1072 3854 ergo
1086 3781 1154 3854 in
1187 3781 1411 3854 tenebris
1437 3781 1602 3854 viator
1631 3780 1772 3833 ince-

161 3853 324 3923 dens;
351 3849 586 3923 Remigi,
612 3852 808 3919 [ωηιξη
837 3852 982 3923 Vale.
1009 3849 1064 3906 ct
1083 3852 1318 3916 Thuan.,
1352 3853 1623 3919 Quomodo
1651 3868 1772 3923 ergo

163 3921 206 3973 si
255 3920 552 3977 intenebris
599 3925 764 3976 uiator
801 3921 1024 3976 incedat.
1068 3923 1183 3978 Non
1231 3926 1404 3991 male;
1430 3931 1610 3978 tamen
1638 3920 1770 3978 edit.

165 4001 328 4060 atque
348 3992 437 4046 alii
471 4007 601 4047 mss.
635 3994 854 4052 melius.

240 4085 265 4122 δ
291 4083 426 4142 Cod.
457 4086 692 4155 Thuan.,
725 4087 904 4143 Bonus
954 4089 1124 4152 dolor.
1175 4099 1220 4144 et
1264 4087 1397 4145 bona
1438 4090 1521 4142 via
1562 4097 1774 4154 partus;

165 4157 251 4232 cui
272 4158 546 4232 accedunt
574 4159 661 4213 alii
691 4170 946 4232 quatuor,
981 4161 1034 4215 in
1064 4159 1258 4232 quibus
1293 4172 1470 4213 tamen
1503 4175 1602 4211 vox
1635 4157 1768 4212 bona

166 4229 530 4284 desideratur.

241 4333 264 4362 ε
293 4321 503 4377 Thuan.
534 4323 682 4389 cod.,
720 4322 1043 4398 Quamquam
1079 4323 1296 4378 breviter
1320 4324 1484 4378 autin
1511 4323 1648 4378 exitu
1670 4365 1683 4385 ,
1723 4333 1771 4377 et

1878 3338 1929 3392 in
1964 3334 2178 3398 Christo
2207 3331 2607 3392 resurrexitnus
2639 3348 2650 3384 :
2682 3333 2767 3386 cui
2796 3342 2878 3386 est
2911 3331 3107 3398 hUIIOI‘,
3134 3330 3336 3402 gloria,
3370 3331 3483 3386 vir-

1879 3441 1963 3486 tus
1985 3471 1999 3496 ,
2034 3427 2367 3500 perpetuitas
2391 3436 2446 3482 et
2472 3442 2500 3478 a
2533 3423 2751 3480 szeculis
2771 3467 2787 3493 ,
2821 3435 2876 3479 et
2904 3439 3046 3480 nunc
3077 3433 3133 3480 et
3163 3439 3400 3496 semper,
3433 3433 3490 3484 ct

1878 3526 1931 3580 in
1961 3524 2140 3581 omnia
2169 3522 2369 3578 saecula
2397 3519 2744 3576 saeculorum.
2771 3522 2962 3576 Amen.

1879 3785 2137 3897 tamqluam
2175 3775 2229 3826 in
2260 3775 2610 3828 conclusione.
2659 3773 2761 3828 Alii
2801 3784 3060 3844 quatuor,
3095 3814 3107 3827 .
3139 3814 3152 3828 .
3185 3815 3197 3828 .
3229 3784 3490 3842 tamquam

1879 3863 2004 3897 CONC
2033 3862 2165 3897 11810.

1877 3862 2226 3986 (aziwma.
2250 3925 2307 3970 et
2324 3916 2455 3970 edit.
2483 3915 2639 3982 Era.,
2667 3916 2797 3972 Gill.
2827 3927 2880 3970 ct
2901 3917 3060 3974 Rom.
3085 3927 3308 3985 excepta
3331 3933 3486 3986 voce,

1875 3991 2127 4058 primum,
2157 4002 2316 4058 quam
2349 3987 2432 4042 ha:
2463 4002 2567 4040 non
2597 4001 2919 4058 agnoscunt.
2955 3989 3121 4046 Paris.
3153 3999 3330 4044 autem
3356 4004 3489 4046 nono

1878 4059 2042 4113 nullm
2077 4059 2296 4141 legunt,
2330 4061 2382 4114 in
2409 4058 2524 4130 ipso
2555 4059 2781 4130 primum
2815 4062 3055 4129 princeps
3082 4058 3335 4128 superbia:
3356 4071 3494 4114 stare

1880 4147 1979 4273 mf:
2011 4138 2332 4263 ng‘edit“
2367 4201 2493 4255 Noli
2532 4217 2686 4272 super
2712 4217 2793 4254 me
2835 4202 3089 4273 gaudere,
3119 4211 3262 4267 etc.;
3301 4201 3489 4268 Bonn,

1882 4271 2012 4328 Noti
2035 4290 2191 4344 super
2209 4273 2436 4346 gaudere
2460 4271 2607 4338 mihi,
2638 4283 2776 4338 etc.;
2812 4271 2954 4330 LXX
2981 4275 3236 4345 interpr.,
3261 4279 3339 4334 Μή
3377 4277 3494 4334 ἐπὶ·

1883 4348 2041 4424 χαιρέ
2066 4368 2176 4420 μοι,
2211 4354 2356 4410 etc.;
2391 4359 2521 4400 mss.
2555 4355 2735 4400 tamen
2766 4347 2898 4400 utin
2933 4355 3102 4402 textu.

991 4482 3467 4508 _____.__.____..____________—_______.

799 4579 918 4660 IN
993 4574 1565 4664 PSALMUM
1641 4579 2056 4664 XXXVI
2129 4577 2854 4666 ENARRATIO.

600 4836 760 4912 777
800 4835 1199 4898 PREFATIO.

247 4933 296 4989 l.
332 4929 523 4996 Omnis
553 4929 832 5001 Scriptura
858 4928 1039 4988 divina
1061 4970 1076 4994 ,
1110 4930 1197 4988 vel
1229 4932 1510 4998 naturalis,
1545 4933 1628 4988 vel
1659 4949 1777 5004 my-

178 5027 324 5090 stica,
355 5025 444 5082 vel
473 5023 692 5080 moralis
719 5031 823 5080 est.
857 5021 1130 5080 Naturalis
1173 5023 1228 5080 in
1262 5032 1286 5060 °
1307 5022 1541 5090 Genesi,
1576 5027 1629 5082 in
1670 5039 1776 5098 qua

180 5118 492 5190 exprimitur
511 5115 784 5186 quomodo
803 5115 940 5171 facta
969 5123 1097 5170 sunt
1124 5117 1344 5186 caelum,
1371 5118 1562 5184 maria,
1595 5128 1773 5186 terrae,

181 5222 231 5276 et
265 5209 714 5284 quemadmodum
755 5211 986 5281 mundus
1027 5210 1132 5266 iste
1176 5213 1246 5266 sit
1279 5211 1631 5270 constitutus.
1662 5209 1777 5283 My-

185 5305 304 5361 stica
332 5306 385 5360 in
417 5304 682 5368 Levitico,
714 5303 766 5356 in
805 5319 911 5374 quo
935 5303 1417 5376 comprehenditur
1436 5302 1773 5360 sacerdotale

186 5398 508 5472 mysterium.
555 5391 777 5454 Muralis
820 5397 874 5449 in
909 5397 1363 5464 Deuteronomio,
1400 5396 1427 5435 δ
1453 5399 1510 5452 in
1552 5412 1660 5467 quo
1689 5413 1776 5454 se-

188 5495 402 5549 cundum
454 5490 611 5562 Legis
661 5499 987 5562 pra-ceptum
1043 5493 1152 5546 vita
1202 5492 1435 5548 humana
1487 5491 1770 5550 formatur.

193 5585 324 5644 Unde
365 5597 420 5644 et
458 5586 765 5644 Salomonis
809 5594 920 5640 tres
967 5585 1091 5641 libri
1131 5602 1196 5641 ex
1244 5587 1491 5659 plurimis
1522 5586 1773 5642 videatur

255 5733 278 5760 α
313 5723 409 5782 Ms,
443 5721 603 5788 Roga.
633 5719 701 5774 In
731 5717 914 5790 Genesi
946 5719 1012 5774 de
1041 5724 1251 5790 [actura
1289 5732 1684 5786 creaturarum,
1721 5719 1777 5782 in

192 5811 298 5862 qua,
318 5805 422 5849 etc.
451 5791 693 5859 Quatuor
721 5787 817 5865 alii
841 5788 953 5865 ita
988 5787 1172 5865 Genesi
1197 5795 1261 5854 de
1287 5793 1605 5865 formatione
1634 5807 1779 5865 erea-

199 5858 438 5932 ἐκπαθῆ
467 5858 596 5927 qua,
627 5871 732 5915 etc.
767 5858 877 5916 Sed
908 5863 1049 5931 quod
1080 5879 1255 5934 neque
1285 5858 1339 5922 in
1368 5865 1490 5920 aliis
1521 5877 1694 5932 neque
1726 5864 1782 5919 in

1801 4841 1854 4899 D
1879 4839 2039 4896 electi
2065 4857 2078 4892 :
2116 4836 2477 4894 Ecclesiastes
2501 4837 2571 4893 de
2600 4840 2956 4906 naturalibus,
2985 4809 3208 4904 Cantica
3242 4840 3494 4902 Cantico-

1881 4948 1999 4988 rum
2031 4931 2098 4985 de
2126 4930 2389 5003 mysticis,
2423 4931 2714 4994 Proverbia
2747 4933 2816 4988 de
2843 4933 3161 4996 moralibus.

1952 5025 2007 5080 9.
2049 5023 2154 5080 Sed
2179 5025 2302 5095 quia
2325 5026 2568 5082 ontriium
2595 5027 2926 5097 psalmorum
2951 5041 3154 5095 corpus
3186 5043 3349 5088 utmm
3381 5038 3486 5095 est,

1880 5117 2084 5172 idcirco
2111 5116 2244 5182 nihil
2271 5120 2322 5173 in
2349 5119 2432 5176 his
2460 5119 2694 5175 divisum
2719 5128 2804 5174 est
2830 5128 2990 5192 atque
3006 5117 3355 5187 distinctum;
3392 5122 3490 5175 sed

1882 5223 2040 5282 prout
2093 5225 2152 5265 se
2198 5212 2394 5267 obtulit
2446 5213 2616 5278 ratio,
2666 5212 2810 5274 nulla
2861 5211 3170 5276 intermissa
3225 5212 3491 5272 doctrinm

1882 5303 2190 5366 istiusmodi
2220 5305 2506 5374 disciplina
2535 5313 2636 5360 est.
2672 5304 2916 5374 Namque
2942 5314 2996 5360 et
3041 5307 3340 5360 nutrire-lem
3375 5308 3492 5362 evi-

1882 5400 2196 5456 dentissime
2223 5399 2669 5472 coriipreliettdit,
2711 5398 2942 5460 dicendo
2971 5397 3038 5478 de
3073 5399 3299 5468 Angelis
3325 5408 3491 5468 atque

1880 5493 2204 5562 Virtutibus,
2236 5503 2289 5548 et
2317 5494 2452 5556 sole,
2478 5501 2534 5547 et
2561 5491 2711 5556 luna,
2744 5502 2798 5546 et
2825 5490 3020 5559 stellis,
3049 5502 3102 5546 et
3133 5492 3337 5550 lumine
3363 5496 3491 5552 ntali

1881 5586 2173 5650 emtorem,
2206 5595 2260 5640 et
2298 5599 2438 5655 aqua
2480 5599 2601 5654 quae
2629 5598 2796 5654 super
2839 5583 3010 5639 caelos
3032 5592 3119 5639 est
3149 5603 3162 5640 :
3193 5585 3336 5652 Quia
3373 5588 3492 5658 ipse

1880 5718 2010 5776 edit.
2038 5721 2332 5787 reperitur,
2360 5717 2632 5788 glossema
2673 5717 2902 5776 redolet.

1957 5789 1984 5830 ιι
2025 5789 2164 5865 (1οᾴῑ
2191 5789 2330 5865 Vict.
2355 5786 2410 5843 et
2427 5786 2610 5865 Colb..
2635 5789 2690 5842 in
2715 5805 2814 5857 quo
2837 5789 3117 5849 nandum
3136 5791 3328 5864 Legem
3352 5811 3493 5865 prte-

1884 5873 2089 5933 ccptutu
2117 5861 2234 5916 vita
2259 5859 2501 5916 [tantum
2523 5860 2805 5930 (amatur.
