  <div class='ocr_page' id='page_1' title='image "/cluster/home/n/w/nwhite01/storage/ocr_20150623/14/hvd.32044015471303/489.png"; bbox 0 0 4048 6388; ppageno 0'>
   <div class='ocr_carea' id='block_1_1' title="bbox 504 321 3832 386">
    <p class='ocr_par' dir='ltr' id='par_1_1' title="bbox 504 321 3832 386">
     <span class='ocr_line' id='line_1_1' title="bbox 504 321 3832 386; baseline 0.002 -6"><span class='ocrx_word' id='word_1_1' title='bbox 504 321 609 381; x_wconf 81' lang='lat'><strong>967</strong></span> <span class='ocrx_word' id='word_1_2' title='bbox 1856 321 2100 382; x_wconf 80' lang='lat' dir='ltr'><strong>SANC‘I‘I</strong></span> <span class='ocrx_word' id='word_1_3' title='bbox 2137 321 2458 384; x_wconf 80' lang='lat' dir='ltr'><strong>AMBROSII</strong></span> <span class='ocrx_word' id='word_1_4' title='bbox 3708 327 3832 386; x_wconf 80' lang='lat'><strong>968</strong></span> 
     </span>
    </p>
   </div>
   <div class='ocr_carea' id='block_1_2' title="bbox 500 440 3837 514">
    <p class='ocr_par' dir='ltr' id='par_1_2' title="bbox 500 440 3837 514">
     <span class='ocr_line' id='line_1_2' title="bbox 500 440 3837 514; baseline 0.001 -18"><span class='ocrx_word' id='word_1_5' title='bbox 500 443 656 510; x_wconf 73' lang='lat' dir='ltr'><strong>dixit,</strong></span> <span class='ocrx_word' id='word_1_6' title='bbox 680 450 726 497; x_wconf 88' lang='lat' dir='ltr'><strong>et</strong></span> <span class='ocrx_word' id='word_1_7' title='bbox 749 443 887 514; x_wconf 79' lang='lat' dir='ltr'><strong>facta</strong></span> <span class='ocrx_word' id='word_1_8' title='bbox 913 450 1052 510; x_wconf 89' lang='lat' dir='ltr'><strong>sunt,</strong></span> <span class='ocrx_word' id='word_1_9' title='bbox 1073 443 1188 513; x_wconf 87' lang='lat' dir='ltr'><strong>ipse</strong></span> <span class='ocrx_word' id='word_1_10' title='bbox 1214 442 1477 496; x_wconf 83' lang='lat' dir='ltr'><strong>mandavit</strong></span> <span class='ocrx_word' id='word_1_11' title='bbox 1496 483 1512 510; x_wconf 96' lang='lat'><strong>,</strong></span> <span class='ocrx_word' id='word_1_12' title='bbox 1540 450 1590 496; x_wconf 88' lang='lat' dir='ltr'><strong>et</strong></span> <span class='ocrx_word' id='word_1_13' title='bbox 1619 448 1790 496; x_wconf 88' lang='lat' dir='ltr'><strong>creata</strong></span> <span class='ocrx_word' id='word_1_14' title='bbox 1811 452 1952 496; x_wconf 85' lang='lat' dir='ltr'><strong>sunt.</strong></span> <span class='ocrx_word' id='word_1_15' title='bbox 1981 441 2105 496; x_wconf 88' lang='lat' dir='ltr'><strong>Sta-</strong></span> <span class='ocrx_word' id='word_1_16' title='bbox 2130 445 2182 506; x_wconf 81' lang='grc' dir='ltr'><strong>Α</strong></span> <span class='ocrx_word' id='word_1_17' title='bbox 2209 441 2298 497; x_wconf 89' lang='lat' dir='ltr'><strong>ille</strong></span> <span class='ocrx_word' id='word_1_18' title='bbox 2321 441 2424 498; x_wconf 89' lang='lat' dir='ltr'><strong>sibi</strong></span> <span class='ocrx_word' id='word_1_19' title='bbox 2446 440 2743 513; x_wconf 90' lang='lat' dir='ltr'><strong>delinquit,</strong></span> <span class='ocrx_word' id='word_1_20' title='bbox 2772 441 2863 498; x_wconf 85' lang='lat' dir='ltr'><strong>hic</strong></span> <span class='ocrx_word' id='word_1_21' title='bbox 2889 440 3028 498; x_wconf 92' lang='lat' dir='ltr'><strong>tollit</strong></span> <span class='ocrx_word' id='word_1_22' title='bbox 3053 442 3215 497; x_wconf 82' lang='lat' dir='ltr'><strong>etiam</strong></span> <span class='ocrx_word' id='word_1_23' title='bbox 3252 441 3429 500; x_wconf 88' lang='lat' dir='ltr'><strong>aliena</strong></span> <span class='ocrx_word' id='word_1_24' title='bbox 3457 454 3710 514; x_wconf 78' lang='lat' dir='ltr'><strong>peccata.</strong></span> <span class='ocrx_word' id='word_1_25' title='bbox 3760 445 3837 500; x_wconf 77' lang='lat' dir='ltr'><strong>Et</strong></span> 
     </span>
    </p>
   </div>
   <div class='ocr_carea' id='block_1_3' title="bbox 503 526 3840 607">
    <p class='ocr_par' dir='ltr' id='par_1_3' title="bbox 503 526 3840 607">
     <span class='ocr_line' id='line_1_3' title="bbox 503 526 3840 607; baseline 0.001 -19"><span class='ocrx_word' id='word_1_26' title='bbox 503 536 602 589; x_wconf 85' lang='lat' dir='ltr'><strong>tuit</strong></span> <span class='ocrx_word' id='word_1_27' title='bbox 631 551 692 589; x_wconf 89' lang='lat' dir='ltr'><strong>ea</strong></span> <span class='ocrx_word' id='word_1_28' title='bbox 718 535 771 589; x_wconf 87' lang='lat' dir='ltr'><strong>in</strong></span> <span class='ocrx_word' id='word_1_29' title='bbox 804 534 1051 590; x_wconf 77' lang='lat' dir='ltr'><strong>swculum</strong></span> <span class='ocrx_word' id='word_1_30' title='bbox 1077 535 1284 600; x_wconf 66' lang='lat' dir='ltr'><strong>surculi,</strong></span> <span class='ocrx_word' id='word_1_31' title='bbox 1315 544 1632 607; x_wconf 67' lang='lat' dir='ltr'><strong>promptum</strong></span> <span class='ocrx_word' id='word_1_32' title='bbox 1670 533 1873 602; x_wconf 85' lang='lat' dir='ltr'><strong>posuit,</strong></span> <span class='ocrx_word' id='word_1_33' title='bbox 1916 543 1963 586; x_wconf 88' lang='lat' dir='ltr'><strong>et</strong></span> <span class='ocrx_word' id='word_1_34' title='bbox 2001 549 2103 586; x_wconf 88' lang='lat' dir='ltr'><strong>non</strong></span> <span class='ocrx_word' id='word_1_35' title='bbox 2205 534 2328 590; x_wconf 90' lang='lat' dir='ltr'><strong>ideo</strong></span> <span class='ocrx_word' id='word_1_36' title='bbox 2353 533 2498 606; x_wconf 86' lang='lat' dir='ltr'><strong>quod</strong></span> <span class='ocrx_word' id='word_1_37' title='bbox 2543 533 2776 606; x_wconf 90' lang='lat' dir='ltr'><strong>primum</strong></span> <span class='ocrx_word' id='word_1_38' title='bbox 2809 533 3266 591; x_wconf 76' lang='lat' dir='ltr'><strong>medicamentum</strong></span> <span class='ocrx_word' id='word_1_39' title='bbox 3298 526 3382 591; x_wconf 59' lang='lat' dir='ltr'><strong>&#39;sit</strong></span> <span class='ocrx_word' id='word_1_40' title='bbox 3422 535 3656 607; x_wconf 77' lang='lat' dir='ltr'><strong>justitia:</strong></span> <span class='ocrx_word' id='word_1_41' title='bbox 3684 551 3840 592; x_wconf 80' lang='lat' dir='ltr'><strong>con-</strong></span> 
     </span>
    </p>
   </div>
   <div class='ocr_carea' id='block_1_4' title="bbox 505 625 2530 702">
    <p class='ocr_par' dir='ltr' id='par_1_4' title="bbox 505 625 2530 702">
     <span class='ocr_line' id='line_1_4' title="bbox 505 625 2530 702; baseline 0.001 -21"><span class='ocrx_word' id='word_1_42' title='bbox 505 627 785 698; x_wconf 65' lang='lat' dir='ltr'><strong>prateribit</strong></span> <span class='ocrx_word' id='word_1_43' title='bbox 807 626 982 702; x_wconf 85' lang='lat' dir='ltr'><strong>(Psal.</strong></span> <span class='ocrx_word' id='word_1_44' title='bbox 1001 643 1175 694; x_wconf 87' lang='lat' dir='ltr'><strong>xxxu,</strong></span> <span class='ocrx_word' id='word_1_45' title='bbox 1195 628 1251 695; x_wconf 87' lang='lat'><strong>9,</strong></span> <span class='ocrx_word' id='word_1_46' title='bbox 1279 640 1325 683; x_wconf 90' lang='lat' dir='ltr'><strong>et</strong></span> <span class='ocrx_word' id='word_1_47' title='bbox 1338 627 1661 697; x_wconf 72' lang='lat' dir='ltr'><strong>cxnvm,6).</strong></span> <span class='ocrx_word' id='word_1_48' title='bbox 1684 627 1752 682; x_wconf 87' lang='lat' dir='ltr'><strong>Et</strong></span> <span class='ocrx_word' id='word_1_49' title='bbox 1774 626 1842 682; x_wconf 91' lang='lat' dir='ltr'><strong>de</strong></span> <span class='ocrx_word' id='word_1_50' title='bbox 1862 625 2106 698; x_wconf 77' lang='lat' dir='ltr'><strong>mysticis</strong></span> <span class='ocrx_word' id='word_1_51' title='bbox 2205 627 2530 686; x_wconf 90' lang='lat' dir='ltr'><strong>sideremus.</strong></span> 
     </span>
    </p>
   </div>
   <div class='ocr_carea' id='block_1_5' title="bbox 504 719 2108 791">
    <p class='ocr_par' dir='ltr' id='par_1_5' title="bbox 504 719 2108 791">
     <span class='ocr_line' id='line_1_5' title="bbox 504 719 2108 791; baseline -0.002 -12"><span class='ocrx_word' id='word_1_52' title='bbox 504 723 720 779; x_wconf 89' lang='lat' dir='ltr'><strong>locutus</strong></span> <span class='ocrx_word' id='word_1_53' title='bbox 747 730 850 787; x_wconf 90' lang='lat' dir='ltr'><strong>est,</strong></span> <span class='ocrx_word' id='word_1_54' title='bbox 878 738 1000 778; x_wconf 92' lang='lat' dir='ltr'><strong>cum</strong></span> <span class='ocrx_word' id='word_1_55' title='bbox 1030 723 1098 778; x_wconf 92' lang='lat' dir='ltr'><strong>de</strong></span> <span class='ocrx_word' id='word_1_56' title='bbox 1122 722 1385 791; x_wconf 75' lang='lat' dir='ltr'><strong>occultis,</strong></span> <span class='ocrx_word' id='word_1_57' title='bbox 1417 731 1472 778; x_wconf 92' lang='lat' dir='ltr'><strong>et</strong></span> <span class='ocrx_word' id='word_1_58' title='bbox 1499 736 1668 777; x_wconf 69' lang='lat' dir='ltr'><strong>sacrae</strong></span> <span class='ocrx_word' id='word_1_59' title='bbox 1705 719 1976 776; x_wconf 76' lang='lat' dir='ltr'><strong>unctionis</strong></span> <span class='ocrx_word' id='word_1_60' title='bbox 2007 736 2108 775; x_wconf 90' lang='lat' dir='ltr'><strong>un-</strong></span> 
     </span>
    </p>
   </div>
   <div class='ocr_carea' id='block_1_6' title="bbox 505 812 2106 886">
    <p class='ocr_par' dir='ltr' id='par_1_6' title="bbox 505 812 2106 886">
     <span class='ocr_line' id='line_1_6' title="bbox 505 812 2106 886; baseline -0.002 -16"><span class='ocrx_word' id='word_1_61' title='bbox 505 825 704 886; x_wconf 87' lang='lat' dir='ltr'><strong>guento</strong></span> <span class='ocrx_word' id='word_1_62' title='bbox 722 855 738 883; x_wconf 89' lang='lat'><strong>,</strong></span> <span class='ocrx_word' id='word_1_63' title='bbox 768 823 824 871; x_wconf 88' lang='lat' dir='ltr'><strong>et</strong></span> <span class='ocrx_word' id='word_1_64' title='bbox 851 814 920 870; x_wconf 92' lang='lat' dir='ltr'><strong>de</strong></span> <span class='ocrx_word' id='word_1_65' title='bbox 945 816 1410 872; x_wconf 78' lang='lat' dir='ltr'><strong>consummatione</strong></span> <span class='ocrx_word' id='word_1_66' title='bbox 1440 813 1722 886; x_wconf 85' lang='lat' dir='ltr'><strong>scripserit</strong></span> <span class='ocrx_word' id='word_1_67' title='bbox 1747 812 2106 870; x_wconf 87' lang='lat' dir='ltr'><strong>Tabernaculi</strong></span> 
     </span>
    </p>
   </div>
   <div class='ocr_carea' id='block_1_7' title="bbox 503 905 2108 981">
    <p class='ocr_par' dir='ltr' id='par_1_7' title="bbox 503 905 2108 981">
     <span class='ocr_line' id='line_1_7' title="bbox 503 905 2108 981; baseline 0.001 -21"><span class='ocrx_word' id='word_1_68' title='bbox 503 905 697 981; x_wconf 86' lang='lat' dir='ltr'><strong>(Psal.</strong></span> <span class='ocrx_word' id='word_1_69' title='bbox 724 922 990 974; x_wconf 76' lang='lat' dir='ltr'><strong>Lxxxvtu,</strong></span> <span class='ocrx_word' id='word_1_70' title='bbox 1018 907 1113 974; x_wconf 75' lang='grc'><strong>21,</strong></span> <span class='ocrx_word' id='word_1_71' title='bbox 1141 921 1192 962; x_wconf 88' lang='lat' dir='ltr'><strong>et</strong></span> <span class='ocrx_word' id='word_1_72' title='bbox 1225 923 1360 974; x_wconf 73' lang='grc' dir='ltr'><strong>ην,</strong></span> <span class='ocrx_word' id='word_1_73' title='bbox 1391 907 1425 963; x_wconf 81' lang='lat'><strong>5</strong></span> <span class='ocrx_word' id='word_1_74' title='bbox 1446 907 1488 980; x_wconf 94' lang='lat'><strong>).</strong></span> <span class='ocrx_word' id='word_1_75' title='bbox 1538 906 1780 974; x_wconf 89' lang='lat' dir='ltr'><strong>Quorum</strong></span> <span class='ocrx_word' id='word_1_76' title='bbox 1825 905 2108 976; x_wconf 79' lang='lat' dir='ltr'><strong>multiplex</strong></span> 
     </span>
    </p>
   </div>
   <div class='ocr_carea' id='block_1_8' title="bbox 503 998 2108 1074">
    <p class='ocr_par' dir='ltr' id='par_1_8' title="bbox 503 998 2108 1074">
     <span class='ocr_line' id='line_1_8' title="bbox 503 998 2108 1074; baseline -0.001 -18"><span class='ocrx_word' id='word_1_77' title='bbox 503 1003 704 1073; x_wconf 87' lang='lat' dir='ltr'><strong>gratia;</strong></span> <span class='ocrx_word' id='word_1_78' title='bbox 727 1003 982 1074; x_wconf 90' lang='lat' dir='ltr'><strong>quoniam</strong></span> <span class='ocrx_word' id='word_1_79' title='bbox 1012 1000 1365 1058; x_wconf 78' lang='lat' dir='ltr'><strong>multifariam</strong></span> <span class='ocrx_word' id='word_1_80' title='bbox 1393 1011 1449 1057; x_wconf 93' lang='lat' dir='ltr'><strong>et</strong></span> <span class='ocrx_word' id='word_1_81' title='bbox 1473 1002 1662 1056; x_wconf 91' lang='lat' dir='ltr'><strong>multis</strong></span> <span class='ocrx_word' id='word_1_82' title='bbox 1695 998 1866 1055; x_wconf 89' lang='lat' dir='ltr'><strong>modis</strong></span> <span class='ocrx_word' id='word_1_83' title='bbox 1896 1000 2108 1054; x_wconf 90' lang='lat' dir='ltr'><strong>locutus</strong></span> 
     </span>
    </p>
   </div>
   <div class='ocr_carea' id='block_1_9' title="bbox 503 1095 2109 1168">
    <p class='ocr_par' dir='ltr' id='par_1_9' title="bbox 503 1095 2109 1168">
     <span class='ocr_line' id='line_1_9' title="bbox 503 1095 2109 1168; baseline -0.001 -16"><span class='ocrx_word' id='word_1_84' title='bbox 503 1105 590 1152; x_wconf 88' lang='lat' dir='ltr'><strong>est</strong></span> <span class='ocrx_word' id='word_1_85' title='bbox 605 1096 864 1152; x_wconf 88' lang='lat' dir='ltr'><strong>Dominus</strong></span> <span class='ocrx_word' id='word_1_86' title='bbox 896 1097 948 1152; x_wconf 92' lang='lat' dir='ltr'><strong>in</strong></span> <span class='ocrx_word' id='word_1_87' title='bbox 974 1096 1285 1168; x_wconf 83' lang='lat' dir='ltr'><strong>PrOpbetis.</strong></span> <span class='ocrx_word' id='word_1_88' title='bbox 1311 1096 1442 1152; x_wconf 85' lang='lat' dir='ltr'><strong>Nam</strong></span> <span class='ocrx_word' id='word_1_89' title='bbox 1469 1109 1522 1152; x_wconf 90' lang='lat' dir='ltr'><strong>et</strong></span> <span class='ocrx_word' id='word_1_90' title='bbox 1545 1104 1832 1152; x_wconf 90' lang='lat' dir='ltr'><strong>venturum</strong></span> <span class='ocrx_word' id='word_1_91' title='bbox 1856 1095 2109 1167; x_wconf 69' lang='lat' dir='ltr'><strong>prmfatus</strong></span> 
     </span>
    </p>
   </div>
   <div class='ocr_carea' id='block_1_10' title="bbox 506 1190 2108 1262">
    <p class='ocr_par' dir='ltr' id='par_1_10' title="bbox 506 1190 2108 1262">
     <span class='ocr_line' id='line_1_10' title="bbox 506 1190 2108 1262; baseline -0.003 -15"><span class='ocrx_word' id='word_1_92' title='bbox 506 1199 591 1247; x_wconf 86' lang='lat' dir='ltr'><strong>est</strong></span> <span class='ocrx_word' id='word_1_93' title='bbox 615 1191 713 1246; x_wconf 89' lang='lat' dir='ltr'><strong>Dei</strong></span> <span class='ocrx_word' id='word_1_94' title='bbox 739 1190 936 1248; x_wconf 87' lang='lat' dir='ltr'><strong>Filium</strong></span> <span class='ocrx_word' id='word_1_95' title='bbox 979 1190 1288 1262; x_wconf 88' lang='lat' dir='ltr'><strong>Principem</strong></span> <span class='ocrx_word' id='word_1_96' title='bbox 1316 1190 1690 1258; x_wconf 88' lang='lat' dir='ltr'><strong>sacerdotum,</strong></span> <span class='ocrx_word' id='word_1_97' title='bbox 1728 1199 1784 1244; x_wconf 91' lang='lat' dir='ltr'><strong>et</strong></span> <span class='ocrx_word' id='word_1_98' title='bbox 1822 1204 2108 1260; x_wconf 89' lang='lat' dir='ltr'><strong>passurum</strong></span> 
     </span>
    </p>
   </div>
   <div class='ocr_carea' id='block_1_11' title="bbox 505 1282 2108 1356">
    <p class='ocr_par' dir='ltr' id='par_1_11' title="bbox 505 1282 2108 1356">
     <span class='ocr_line' id='line_1_11' title="bbox 505 1282 2108 1356; baseline -0.001 -18"><span class='ocrx_word' id='word_1_99' title='bbox 505 1298 628 1339; x_wconf 87' lang='lat' dir='ltr'><strong>csse</strong></span> <span class='ocrx_word' id='word_1_100' title='bbox 660 1298 756 1354; x_wconf 91' lang='lat' dir='ltr'><strong>pro</strong></span> <span class='ocrx_word' id='word_1_101' title='bbox 779 1283 970 1350; x_wconf 90' lang='lat' dir='ltr'><strong>nobis,</strong></span> <span class='ocrx_word' id='word_1_102' title='bbox 1002 1293 1059 1340; x_wconf 92' lang='lat' dir='ltr'><strong>et</strong></span> <span class='ocrx_word' id='word_1_103' title='bbox 1101 1285 1362 1356; x_wconf 80' lang='lat' dir='ltr'><strong>sanguine</strong></span> <span class='ocrx_word' id='word_1_104' title='bbox 1388 1299 1488 1340; x_wconf 90' lang='lat' dir='ltr'><strong>suo</strong></span> <span class='ocrx_word' id='word_1_105' title='bbox 1521 1282 1900 1338; x_wconf 90' lang='lat' dir='ltr'><strong>mundaturum</strong></span> <span class='ocrx_word' id='word_1_106' title='bbox 1925 1290 2108 1336; x_wconf 90' lang='lat' dir='ltr'><strong>nostra</strong></span> 
     </span>
    </p>
   </div>
   <div class='ocr_carea' id='block_1_12' title="bbox 508 1374 2111 1447">
    <p class='ocr_par' dir='ltr' id='par_1_12' title="bbox 508 1374 2111 1447">
     <span class='ocr_line' id='line_1_12' title="bbox 508 1374 2111 1447; baseline -0.002 -15"><span class='ocrx_word' id='word_1_107' title='bbox 508 1384 726 1447; x_wconf 88' lang='lat' dir='ltr'><strong>peccata</strong></span> <span class='ocrx_word' id='word_1_108' title='bbox 762 1376 904 1432; x_wconf 89' lang='lat' dir='ltr'><strong>tituli</strong></span> <span class='ocrx_word' id='word_1_109' title='bbox 937 1375 1044 1430; x_wconf 86' lang='lat' dir='ltr'><strong>Pro</strong></span> <span class='ocrx_word' id='word_1_110' title='bbox 1068 1375 1408 1431; x_wconf 87' lang='lat' dir='ltr'><strong>torcularibus</strong></span> <span class='ocrx_word' id='word_1_111' title='bbox 1437 1375 1621 1446; x_wconf 88' lang='lat' dir='ltr'><strong>(Psal.</strong></span> <span class='ocrx_word' id='word_1_112' title='bbox 1642 1391 1739 1433; x_wconf 80' lang='lat' dir='ltr'><strong>vttt</strong></span> <span class='ocrx_word' id='word_1_113' title='bbox 1763 1384 1811 1430; x_wconf 84' lang='lat' dir='ltr'><strong>et</strong></span> <span class='ocrx_word' id='word_1_114' title='bbox 1835 1374 1986 1444; x_wconf 85' lang='lat' dir='ltr'><strong>aliis)</strong></span> <span class='ocrx_word' id='word_1_115' title='bbox 2015 1374 2111 1429; x_wconf 83' lang='lat' dir='ltr'><strong>de—</strong></span> 
     </span>
    </p>
   </div>
   <div class='ocr_carea' id='block_1_13' title="bbox 507 1467 2111 1543">
    <p class='ocr_par' dir='ltr' id='par_1_13' title="bbox 507 1467 2111 1543">
     <span class='ocr_line' id='line_1_13' title="bbox 507 1467 2111 1543; baseline -0.002 -17"><span class='ocrx_word' id='word_1_116' title='bbox 507 1469 817 1538; x_wconf 86' lang='lat' dir='ltr'><strong>clararunt;</strong></span> <span class='ocrx_word' id='word_1_117' title='bbox 869 1479 922 1526; x_wconf 92' lang='lat' dir='ltr'><strong>et</strong></span> <span class='ocrx_word' id='word_1_118' title='bbox 961 1480 1395 1528; x_wconf 84' lang='lat' dir='ltr'><strong>resurrecturum</strong></span> <span class='ocrx_word' id='word_1_119' title='bbox 1441 1471 1683 1543; x_wconf 85' lang='lat' dir='ltr'><strong>psalmus</strong></span> <span class='ocrx_word' id='word_1_120' title='bbox 1723 1467 2111 1526; x_wconf 75' lang='lat' dir='ltr'><strong>resurrectionis</strong></span> 
     </span>
    </p>
   </div>
   <div class='ocr_carea' id='block_1_14' title="bbox 2789 725 3215 783">
    <p class='ocr_par' dir='ltr' id='par_1_14' title="bbox 2789 725 3215 783">
     <span class='ocr_line' id='line_1_14' title="bbox 2789 725 3215 783; baseline -0.002 -2"><span class='ocrx_word' id='word_1_121' title='bbox 2789 725 3215 783; x_wconf 81' lang='lat' dir='ltr'><strong>ENARRATIO.</strong></span> 
     </span>
    </p>
   </div>
   <div class='ocr_carea' id='block_1_15' title="bbox 2276 816 3842 892">
    <p class='ocr_par' dir='ltr' id='par_1_15' title="bbox 2276 816 3842 892">
     <span class='ocr_line' id='line_1_15' title="bbox 2276 816 3842 892; baseline 0 -20"><span class='ocrx_word' id='word_1_122' title='bbox 2276 818 2330 872; x_wconf 72' lang='grc'><strong>4.</strong></span> <span class='ocrx_word' id='word_1_123' title='bbox 2350 816 2532 888; x_wconf 80' lang='lat' dir='ltr'><strong>(Vers.</strong></span> <span class='ocrx_word' id='word_1_124' title='bbox 2547 816 2602 890; x_wconf 80' lang='lat' dir='ltr'><strong>l)</strong></span> <span class='ocrx_word' id='word_1_125' title='bbox 2623 817 2650 855; x_wconf 73' lang='grc' dir='ltr'>ἀ</span> <span class='ocrx_word' id='word_1_126' title='bbox 2671 816 2820 884; x_wconf 86' lang='lat' dir='ltr'><strong>Noli,</strong></span> <span class='ocrx_word' id='word_1_127' title='bbox 2842 819 3035 890; x_wconf 89' lang='lat' dir='ltr'><strong>inquit,</strong></span> <span class='ocrx_word' id='word_1_128' title='bbox 3053 819 3334 892; x_wconf 86' lang='lat' dir='ltr'><strong>malignari</strong></span> <span class='ocrx_word' id='word_1_129' title='bbox 3355 819 3490 874; x_wconf 84' lang='lat' dir='ltr'><strong>inter</strong></span> <span class='ocrx_word' id='word_1_130' title='bbox 3519 818 3842 890; x_wconf 74' lang='lat' dir='ltr'><strong>malignan-</strong></span> 
     </span>
    </p>
   </div>
   <div class='ocr_carea' id='block_1_16' title="bbox 2209 911 3842 984">
    <p class='ocr_par' dir='ltr' id='par_1_16' title="bbox 2209 911 3842 984">
     <span class='ocr_line' id='line_1_16' title="bbox 2209 911 3842 984; baseline 0.001 -20"><span class='ocrx_word' id='word_1_131' title='bbox 2209 917 2281 965; x_wconf 88' lang='lat' dir='ltr'><strong>tes</strong></span> <span class='ocrx_word' id='word_1_132' title='bbox 2294 926 2314 964; x_wconf 91' lang='lat'><strong>:</strong></span> <span class='ocrx_word' id='word_1_133' title='bbox 2330 927 2489 979; x_wconf 84' lang='lat' dir='ltr'><strong>neque</strong></span> <span class='ocrx_word' id='word_1_134' title='bbox 2499 911 2773 967; x_wconf 67' lang='lat' dir='ltr'><strong>aemulatus</strong></span> <span class='ocrx_word' id='word_1_135' title='bbox 2786 914 2945 984; x_wconf 80' lang='lat' dir='ltr'><strong>fuerit</strong></span> <span class='ocrx_word' id='word_1_136' title='bbox 2965 912 3208 983; x_wconf 78' lang='lat' dir='ltr'><strong>facientes</strong></span> <span class='ocrx_word' id='word_1_137' title='bbox 3225 913 3842 984; x_wconf 84' lang='lat' dir='ltr'><strong>iniquitatem.Primum</strong></span> 
     </span>
    </p>
   </div>
   <div class='ocr_carea' id='block_1_17' title="bbox 2207 1002 3846 1075">
    <p class='ocr_par' dir='ltr' id='par_1_17' title="bbox 2207 1002 3846 1075">
     <span class='ocr_line' id='line_1_17' title="bbox 2207 1002 3846 1075; baseline 0.003 -17"><span class='ocrx_word' id='word_1_138' title='bbox 2207 1002 2486 1060; x_wconf 85' lang='lat' dir='ltr'><strong>discamus</strong></span> <span class='ocrx_word' id='word_1_139' title='bbox 2516 1005 2644 1075; x_wconf 93' lang='lat' dir='ltr'><strong>quid</strong></span> <span class='ocrx_word' id='word_1_140' title='bbox 2673 1006 2744 1060; x_wconf 87' lang='lat' dir='ltr'><strong>sit</strong></span> <span class='ocrx_word' id='word_1_141' title='bbox 2769 1006 3038 1073; x_wconf 63' lang='lat' dir='ltr'><strong>aemulari;</strong></span> <span class='ocrx_word' id='word_1_142' title='bbox 3077 1007 3206 1062; x_wconf 88' lang='lat' dir='ltr'><strong>licet</strong></span> <span class='ocrx_word' id='word_1_143' title='bbox 3231 1007 3408 1063; x_wconf 86' lang='lat' dir='ltr'><strong>minor</strong></span> <span class='ocrx_word' id='word_1_144' title='bbox 3435 1007 3521 1063; x_wconf 91' lang='lat' dir='ltr'><strong>vis</strong></span> <span class='ocrx_word' id='word_1_145' title='bbox 3546 1007 3846 1064; x_wconf 83' lang='lat' dir='ltr'><strong>sermonis</strong></span> 
     </span>
    </p>
   </div>
   <div class='ocr_carea' id='block_1_18' title="bbox 2207 1093 3840 1170">
    <p class='ocr_par' dir='ltr' id='par_1_18' title="bbox 2207 1093 3840 1170">
     <span class='ocr_line' id='line_1_18' title="bbox 2207 1093 3840 1170; baseline 0.004 -20"><span class='ocrx_word' id='word_1_146' title='bbox 2207 1093 2371 1167; x_wconf 79' lang='lat' dir='ltr'><strong>hujus</strong></span> <span class='ocrx_word' id='word_1_147' title='bbox 2400 1098 2471 1152; x_wconf 89' lang='lat' dir='ltr'><strong>sit</strong></span> <span class='ocrx_word' id='word_1_148' title='bbox 2494 1096 2549 1153; x_wconf 91' lang='lat' dir='ltr'><strong>in</strong></span> <span class='ocrx_word' id='word_1_149' title='bbox 2581 1098 2975 1170; x_wconf 87' lang='lat' dir='ltr'><strong>Latino,quam</strong></span> <span class='ocrx_word' id='word_1_150' title='bbox 3004 1099 3058 1154; x_wconf 89' lang='lat' dir='ltr'><strong>in</strong></span> <span class='ocrx_word' id='word_1_151' title='bbox 3091 1099 3304 1157; x_wconf 71' lang='lat' dir='ltr'><strong>Graeco.</strong></span> <span class='ocrx_word' id='word_1_152' title='bbox 3330 1100 3463 1156; x_wconf 85' lang='lat' dir='ltr'><strong>Nam</strong></span> <span class='ocrx_word' id='word_1_153' title='bbox 3494 1110 3553 1158; x_wconf 91' lang='lat' dir='ltr'><strong>et</strong></span> <span class='ocrx_word' id='word_1_154' title='bbox 3573 1103 3630 1156; x_wconf 90' lang='lat' dir='ltr'><strong>in</strong></span> <span class='ocrx_word' id='word_1_155' title='bbox 3669 1101 3840 1157; x_wconf 83' lang='lat' dir='ltr'><strong>bono</strong></span> 
     </span>
    </p>
   </div>
   <div class='ocr_carea' id='block_1_19' title="bbox 2209 1191 3854 1265">
    <p class='ocr_par' dir='ltr' id='par_1_19' title="bbox 2209 1191 3854 1265">
     <span class='ocr_line' id='line_1_19' title="bbox 2209 1191 3854 1265; baseline 0.003 -21"><span class='ocrx_word' id='word_1_156' title='bbox 2209 1191 2608 1246; x_wconf 67' lang='lat' dir='ltr'><strong>aemulationem</strong></span> <span class='ocrx_word' id='word_1_157' title='bbox 2652 1192 2914 1262; x_wconf 80' lang='lat' dir='ltr'><strong>legimus,</strong></span> <span class='ocrx_word' id='word_1_158' title='bbox 2949 1203 3005 1248; x_wconf 90' lang='lat' dir='ltr'><strong>et</strong></span> <span class='ocrx_word' id='word_1_159' title='bbox 3037 1194 3089 1248; x_wconf 90' lang='lat' dir='ltr'><strong>in</strong></span> <span class='ocrx_word' id='word_1_160' title='bbox 3119 1194 3283 1249; x_wconf 89' lang='lat' dir='ltr'><strong>malo.</strong></span> <span class='ocrx_word' id='word_1_161' title='bbox 3319 1195 3559 1265; x_wconf 86' lang='lat' dir='ltr'><strong>Denique</strong></span> <span class='ocrx_word' id='word_1_162' title='bbox 3584 1193 3854 1264; x_wconf 68' lang='lat' dir='ltr'><strong>Apostoo</strong></span> 
     </span>
    </p>
   </div>
   <div class='ocr_carea' id='block_1_20' title="bbox 2211 1282 3848 1359">
    <p class='ocr_par' dir='ltr' id='par_1_20' title="bbox 2211 1282 3848 1359">
     <span class='ocr_line' id='line_1_20' title="bbox 2211 1282 3848 1359; baseline 0.002 -23"><span class='ocrx_word' id='word_1_163' title='bbox 2211 1282 2294 1336; x_wconf 91' lang='lat' dir='ltr'><strong>lus</strong></span> <span class='ocrx_word' id='word_1_164' title='bbox 2323 1283 2454 1338; x_wconf 89' lang='lat' dir='ltr'><strong>dicit</strong></span> <span class='ocrx_word' id='word_1_165' title='bbox 2479 1303 2491 1338; x_wconf 90' lang='lat'><strong>:</strong></span> <span class='ocrx_word' id='word_1_166' title='bbox 2520 1282 2728 1339; x_wconf 83' lang='lat' dir='ltr'><strong>Bonum</strong></span> <span class='ocrx_word' id='word_1_167' title='bbox 2755 1295 2829 1340; x_wconf 85' lang='lat' dir='ltr'><strong>est</strong></span> <span class='ocrx_word' id='word_1_168' title='bbox 2859 1286 3092 1341; x_wconf 67' lang='lat' dir='ltr'><strong>cumulari</strong></span> <span class='ocrx_word' id='word_1_169' title='bbox 3125 1287 3179 1342; x_wconf 89' lang='lat' dir='ltr'><strong>in</strong></span> <span class='ocrx_word' id='word_1_170' title='bbox 3204 1286 3336 1342; x_wconf 87' lang='lat' dir='ltr'><strong>bono</strong></span> <span class='ocrx_word' id='word_1_171' title='bbox 3363 1304 3564 1357; x_wconf 78' lang='lat' dir='ltr'><strong>semper</strong></span> <span class='ocrx_word' id='word_1_172' title='bbox 3606 1287 3629 1359; x_wconf 92' lang='lat'>(</span> <span class='ocrx_word' id='word_1_173' title='bbox 3645 1287 3848 1342; x_wconf 69' lang='lat' dir='ltr'><strong>Galus.</strong></span> 
     </span>
    </p>
   </div>
   <div class='ocr_carea' id='block_1_21' title="bbox 2210 1374 3853 1448">
    <p class='ocr_par' dir='ltr' id='par_1_21' title="bbox 2210 1374 3853 1448">
     <span class='ocr_line' id='line_1_21' title="bbox 2210 1374 3853 1448; baseline 0.004 -20"><span class='ocrx_word' id='word_1_174' title='bbox 2210 1389 2285 1437; x_wconf 84' lang='lat' dir='ltr'><strong>tv,</strong></span> <span class='ocrx_word' id='word_1_175' title='bbox 2313 1374 2426 1447; x_wconf 81' lang='grc'><strong>18).</strong></span> <span class='ocrx_word' id='word_1_176' title='bbox 2453 1375 2523 1429; x_wconf 84' lang='lat' dir='ltr'><strong>Et</strong></span> <span class='ocrx_word' id='word_1_177' title='bbox 2541 1391 2701 1446; x_wconf 86' lang='lat' dir='ltr'><strong>supra</strong></span> <span class='ocrx_word' id='word_1_178' title='bbox 2724 1377 2840 1448; x_wconf 91' lang='lat' dir='ltr'><strong>ipse</strong></span> <span class='ocrx_word' id='word_1_179' title='bbox 2862 1377 3030 1433; x_wconf 82' lang='lat' dir='ltr'><strong>dixit:</strong></span> <span class='ocrx_word' id='word_1_180' title='bbox 3055 1377 3401 1434; x_wconf 57' lang='lat' dir='ltr'><strong>ﬁntulantur</strong></span> <span class='ocrx_word' id='word_1_181' title='bbox 3422 1395 3509 1435; x_wconf 72' lang='lat' dir='ltr'><strong>vos</strong></span> <span class='ocrx_word' id='word_1_182' title='bbox 3536 1397 3644 1434; x_wconf 80' lang='lat' dir='ltr'><strong>non</strong></span> <span class='ocrx_word' id='word_1_183' title='bbox 3670 1380 3853 1446; x_wconf 75' lang='lat' dir='ltr'><strong>bene;</strong></span> 
     </span>
    </p>
   </div>
   <div class='ocr_carea' id='block_1_22' title="bbox 2209 1467 3850 1547">
    <p class='ocr_par' dir='ltr' id='par_1_22' title="bbox 2209 1467 3850 1547">
     <span class='ocr_line' id='line_1_22' title="bbox 2209 1467 3850 1547; baseline 0.003 -25"><span class='ocrx_word' id='word_1_184' title='bbox 2209 1468 2301 1522; x_wconf 87' lang='lat' dir='ltr'><strong>sed</strong></span> <span class='ocrx_word' id='word_1_185' title='bbox 2341 1467 2612 1524; x_wconf 71' lang='lat' dir='ltr'><strong>excludere</strong></span> <span class='ocrx_word' id='word_1_186' title='bbox 2639 1487 2726 1524; x_wconf 78' lang='lat' dir='ltr'><strong>vos</strong></span> <span class='ocrx_word' id='word_1_187' title='bbox 2753 1471 2966 1540; x_wconf 83' lang='lat' dir='ltr'><strong>volunt,</strong></span> <span class='ocrx_word' id='word_1_188' title='bbox 2999 1482 3056 1526; x_wconf 89' lang='lat' dir='ltr'><strong>ut</strong></span> <span class='ocrx_word' id='word_1_189' title='bbox 3098 1473 3217 1528; x_wconf 86' lang='lat' dir='ltr'><strong>illos</strong></span> <span class='ocrx_word' id='word_1_190' title='bbox 3261 1475 3574 1529; x_wconf 65' lang='lat' dir='ltr'><strong>annulamini</strong></span> <span class='ocrx_word' id='word_1_191' title='bbox 3617 1472 3850 1547; x_wconf 84' lang='lat' dir='ltr'><strong>(Ibid.,</strong></span> 
     </span>
    </p>
   </div>
   <div class='ocr_carea' id='block_1_23' title="bbox 513 1559 3851 1637">
    <p class='ocr_par' dir='ltr' id='par_1_23' title="bbox 513 1559 3851 1637">
     <span class='ocr_line' id='line_1_23' title="bbox 513 1559 3851 1637; baseline 0.003 -22"><span class='ocrx_word' id='word_1_192' title='bbox 513 1560 688 1634; x_wconf 89' lang='lat' dir='ltr'><strong>(Psal.</strong></span> <span class='ocrx_word' id='word_1_193' title='bbox 714 1563 866 1637; x_wconf 81' lang='lat' dir='ltr'><strong>va,)</strong></span> <span class='ocrx_word' id='word_1_194' title='bbox 897 1565 1168 1636; x_wconf 84' lang='lat' dir='ltr'><strong>expressit</strong></span> <span class='ocrx_word' id='word_1_195' title='bbox 1186 1607 1202 1633; x_wconf 97' lang='lat'><strong>,</strong></span> <span class='ocrx_word' id='word_1_196' title='bbox 1233 1573 1290 1620; x_wconf 91' lang='lat' dir='ltr'><strong>et</strong></span> <span class='ocrx_word' id='word_1_197' title='bbox 1313 1565 1454 1620; x_wconf 91' lang='lat' dir='ltr'><strong>alius</strong></span> <span class='ocrx_word' id='word_1_198' title='bbox 1483 1574 1668 1635; x_wconf 87' lang='lat' dir='ltr'><strong>postea</strong></span> <span class='ocrx_word' id='word_1_199' title='bbox 1695 1563 1879 1619; x_wconf 86' lang='lat' dir='ltr'><strong>titulus</strong></span> <span class='ocrx_word' id='word_1_200' title='bbox 1911 1561 2113 1618; x_wconf 84' lang='lat' dir='ltr'><strong>indica-</strong></span> <span class='ocrx_word' id='word_1_201' title='bbox 2215 1559 2338 1631; x_wconf 82' lang='lat' dir='ltr'><strong>l7).</strong></span> <span class='ocrx_word' id='word_1_202' title='bbox 2370 1561 2439 1617; x_wconf 86' lang='lat' dir='ltr'><strong>Et</strong></span> <span class='ocrx_word' id='word_1_203' title='bbox 2467 1562 2666 1618; x_wconf 86' lang='lat' dir='ltr'><strong>iterum</strong></span> <span class='ocrx_word' id='word_1_204' title='bbox 2707 1565 2822 1634; x_wconf 92' lang='lat' dir='ltr'><strong>ipse</strong></span> <span class='ocrx_word' id='word_1_205' title='bbox 2849 1565 2924 1620; x_wconf 89' lang='lat' dir='ltr'><strong>ait</strong></span> <span class='ocrx_word' id='word_1_206' title='bbox 2948 1583 2962 1621; x_wconf 90' lang='lat'><strong>:</strong></span> <span class='ocrx_word' id='word_1_207' title='bbox 2993 1565 3343 1622; x_wconf 63' lang='lat' dir='ltr'><strong>zEmttlatm&#39;tti</strong></span> <span class='ocrx_word' id='word_1_208' title='bbox 3371 1569 3588 1624; x_wconf 85' lang='lat' dir='ltr'><strong>meliora</strong></span> <span class='ocrx_word' id='word_1_209' title='bbox 3614 1571 3851 1624; x_wconf 77' lang='lat' dir='ltr'><strong>charis-</strong></span> 
     </span>
    </p>
   </div>
   <div class='ocr_carea' id='block_1_24' title="bbox 507 1654 3850 1731">
    <p class='ocr_par' dir='ltr' id='par_1_24' title="bbox 507 1654 3850 1731">
     <span class='ocr_line' id='line_1_24' title="bbox 507 1654 3850 1731; baseline 0.002 -21"><span class='ocrx_word' id='word_1_210' title='bbox 507 1656 606 1724; x_wconf 88' lang='lat' dir='ltr'><strong>vit,</strong></span> <span class='ocrx_word' id='word_1_211' title='bbox 636 1658 690 1712; x_wconf 92' lang='lat' dir='ltr'><strong>in</strong></span> <span class='ocrx_word' id='word_1_212' title='bbox 717 1671 824 1729; x_wconf 92' lang='lat' dir='ltr'><strong>quo</strong></span> <span class='ocrx_word' id='word_1_213' title='bbox 845 1667 983 1713; x_wconf 87' lang='lat' dir='ltr'><strong>terra</strong></span> <span class='ocrx_word' id='word_1_214' title='bbox 1009 1661 1122 1731; x_wconf 86' lang='lat' dir='ltr'><strong>ejus</strong></span> <span class='ocrx_word' id='word_1_215' title='bbox 1149 1669 1223 1712; x_wconf 84' lang='lat' dir='ltr'><strong>est</strong></span> <span class='ocrx_word' id='word_1_216' title='bbox 1249 1659 1488 1713; x_wconf 85' lang='lat' dir='ltr'><strong>restituta</strong></span> <span class='ocrx_word' id='word_1_217' title='bbox 1515 1657 1690 1726; x_wconf 88' lang='lat' dir='ltr'><strong>(Psal.</strong></span> <span class='ocrx_word' id='word_1_218' title='bbox 1713 1655 1883 1730; x_wconf 75' lang='lat' dir='ltr'><strong>xcvi),</strong></span> <span class='ocrx_word' id='word_1_219' title='bbox 1910 1666 1937 1694; x_wconf 77' lang='grc' dir='ltr'>ἰ</span> <span class='ocrx_word' id='word_1_220' title='bbox 1963 1671 2110 1711; x_wconf 88' lang='lat' dir='ltr'><strong>com-</strong></span> <span class='ocrx_word' id='word_1_221' title='bbox 2213 1664 2352 1708; x_wconf 83' lang='lat' dir='ltr'><strong>mnta</strong></span> <span class='ocrx_word' id='word_1_222' title='bbox 2381 1656 2399 1725; x_wconf 93' lang='lat'><strong>(</strong></span> <span class='ocrx_word' id='word_1_223' title='bbox 2422 1654 2444 1710; x_wconf 88' lang='grc' dir='ltr'>Ι</span> <span class='ocrx_word' id='word_1_224' title='bbox 2469 1654 2590 1712; x_wconf 89' lang='lat' dir='ltr'><strong>Cor.</strong></span> <span class='ocrx_word' id='word_1_225' title='bbox 2619 1672 2725 1724; x_wconf 86' lang='lat' dir='ltr'><strong>xu,</strong></span> <span class='ocrx_word' id='word_1_226' title='bbox 2754 1658 2820 1712; x_wconf 84' lang='grc'>51</span> <span class='ocrx_word' id='word_1_227' title='bbox 2847 1659 2888 1729; x_wconf 89' lang='grc'><strong>).</strong></span> <span class='ocrx_word' id='word_1_228' title='bbox 2938 1659 3007 1714; x_wconf 85' lang='grc' dir='ltr'><strong>Ει</strong></span> <span class='ocrx_word' id='word_1_229' title='bbox 3047 1660 3114 1715; x_wconf 93' lang='lat' dir='ltr'><strong>ad</strong></span> <span class='ocrx_word' id='word_1_230' title='bbox 3145 1661 3421 1718; x_wconf 74' lang='lat' dir='ltr'><strong>Romanos</strong></span> <span class='ocrx_word' id='word_1_231' title='bbox 3463 1664 3658 1718; x_wconf 82' lang='lat' dir='ltr'><strong>habes.</strong></span> <span class='ocrx_word' id='word_1_232' title='bbox 3699 1662 3850 1717; x_wconf 83' lang='lat' dir='ltr'><strong>Dico</strong></span> 
     </span>
    </p>
   </div>
   <div class='ocr_carea' id='block_1_25' title="bbox 513 1749 3852 1825">
    <p class='ocr_par' dir='ltr' id='par_1_25' title="bbox 513 1749 3852 1825">
     <span class='ocr_line' id='line_1_25' title="bbox 513 1749 3852 1825; baseline 0.002 -21"><span class='ocrx_word' id='word_1_233' title='bbox 513 1749 870 1805; x_wconf 85' lang='lat' dir='ltr'><strong>mutationem</strong></span> <span class='ocrx_word' id='word_1_234' title='bbox 885 1766 1100 1822; x_wconf 90' lang='lat' dir='ltr'><strong>quoque</strong></span> <span class='ocrx_word' id='word_1_235' title='bbox 1124 1751 1503 1808; x_wconf 86' lang='lat' dir='ltr'><strong>universorum</strong></span> <span class='ocrx_word' id='word_1_236' title='bbox 1531 1750 1762 1806; x_wconf 88' lang='lat' dir='ltr'><strong>futuram</strong></span> <span class='ocrx_word' id='word_1_237' title='bbox 1781 1750 1903 1806; x_wconf 86' lang='lat' dir='ltr'><strong>lidei</strong></span> <span class='ocrx_word' id='word_1_238' title='bbox 1931 1764 2112 1806; x_wconf 89' lang='lat' dir='ltr'><strong>sacra-</strong></span> <span class='ocrx_word' id='word_1_239' title='bbox 2213 1763 2332 1819; x_wconf 88' lang='lat' dir='ltr'><strong>ergo</strong></span> <span class='ocrx_word' id='word_1_240' title='bbox 2357 1751 2604 1821; x_wconf 84' lang='lat' dir='ltr'><strong>numquid</strong></span> <span class='ocrx_word' id='word_1_241' title='bbox 2633 1751 2710 1804; x_wconf 88' lang='lat' dir='ltr'><strong>sic</strong></span> <span class='ocrx_word' id='word_1_242' title='bbox 2736 1750 3094 1823; x_wconf 67' lang='lat' dir='ltr'><strong>o/fenderunt,</strong></span> <span class='ocrx_word' id='word_1_243' title='bbox 3127 1764 3183 1808; x_wconf 91' lang='lat' dir='ltr'><strong>ut</strong></span> <span class='ocrx_word' id='word_1_244' title='bbox 3211 1756 3488 1811; x_wconf 84' lang='lat' dir='ltr'><strong>caderent?</strong></span> <span class='ocrx_word' id='word_1_245' title='bbox 3520 1756 3724 1825; x_wconf 84' lang='lat' dir='ltr'><strong>Absit;</strong></span> <span class='ocrx_word' id='word_1_246' title='bbox 3753 1757 3852 1812; x_wconf 81' lang='lat' dir='ltr'><strong>sed</strong></span> 
     </span>
    </p>
   </div>
   <div class='ocr_carea' id='block_1_26' title="bbox 513 1840 3847 1920">
    <p class='ocr_par' dir='ltr' id='par_1_26' title="bbox 513 1840 3847 1920">
     <span class='ocr_line' id='line_1_26' title="bbox 513 1840 3847 1920; baseline 0.002 -23"><span class='ocrx_word' id='word_1_247' title='bbox 513 1843 732 1899; x_wconf 90' lang='lat' dir='ltr'><strong>mentis.</strong></span> <span class='ocrx_word' id='word_1_248' title='bbox 765 1843 833 1899; x_wconf 87' lang='lat' dir='ltr'><strong>Et</strong></span> <span class='ocrx_word' id='word_1_249' title='bbox 855 1844 924 1900; x_wconf 90' lang='lat' dir='ltr'><strong>de</strong></span> <span class='ocrx_word' id='word_1_250' title='bbox 946 1845 1240 1901; x_wconf 87' lang='lat' dir='ltr'><strong>moralibus</strong></span> <span class='ocrx_word' id='word_1_251' title='bbox 1267 1846 1418 1916; x_wconf 88' lang='lat' dir='ltr'><strong>plura</strong></span> <span class='ocrx_word' id='word_1_252' title='bbox 1447 1846 1757 1912; x_wconf 90' lang='lat' dir='ltr'><strong>contexuit,</strong></span> <span class='ocrx_word' id='word_1_253' title='bbox 1787 1844 2112 1916; x_wconf 89' lang='lat' dir='ltr'><strong>diversaque</strong></span> <span class='ocrx_word' id='word_1_254' title='bbox 2139 1840 2188 1900; x_wconf 87' lang='grc' dir='ltr'><strong>Β</strong></span> <span class='ocrx_word' id='word_1_255' title='bbox 2215 1841 2427 1897; x_wconf 89' lang='lat' dir='ltr'><strong>illorum</strong></span> <span class='ocrx_word' id='word_1_256' title='bbox 2448 1844 2611 1918; x_wconf 76' lang='lat'><strong>779</strong></span> <span class='ocrx_word' id='word_1_257' title='bbox 2630 1845 2874 1900; x_wconf 87' lang='lat' dir='ltr'><strong>delictum</strong></span> <span class='ocrx_word' id='word_1_258' title='bbox 2897 1848 3040 1902; x_wconf 86' lang='lat' dir='ltr'><strong>salus</strong></span> <span class='ocrx_word' id='word_1_259' title='bbox 3066 1857 3142 1902; x_wconf 85' lang='lat' dir='ltr'><strong>est</strong></span> <span class='ocrx_word' id='word_1_260' title='bbox 3160 1849 3417 1920; x_wconf 87' lang='lat' dir='ltr'><strong>gentibus,</strong></span> <span class='ocrx_word' id='word_1_261' title='bbox 3442 1860 3497 1904; x_wconf 91' lang='lat' dir='ltr'><strong>ut</strong></span> <span class='ocrx_word' id='word_1_262' title='bbox 3517 1850 3645 1905; x_wconf 83' lang='lat' dir='ltr'><strong>illos</strong></span> <span class='ocrx_word' id='word_1_263' title='bbox 3670 1868 3847 1906; x_wconf 69' lang='lat' dir='ltr'><strong>(Bulli-</strong></span> 
     </span>
    </p>
   </div>
   <div class='ocr_carea' id='block_1_27' title="bbox 512 1939 2110 2014">
    <p class='ocr_par' dir='ltr' id='par_1_27' title="bbox 512 1939 2110 2014">
     <span class='ocr_line' id='line_1_27' title="bbox 512 1939 2110 2014; baseline 0.001 -20"><span class='ocrx_word' id='word_1_264' title='bbox 512 1939 774 1996; x_wconf 88' lang='lat' dir='ltr'><strong>virtutum</strong></span> <span class='ocrx_word' id='word_1_265' title='bbox 823 1957 1024 2014; x_wconf 88' lang='lat' dir='ltr'><strong>genera</strong></span> <span class='ocrx_word' id='word_1_266' title='bbox 1071 1941 1496 2010; x_wconf 85' lang='lat' dir='ltr'><strong>demonstravit,</strong></span> <span class='ocrx_word' id='word_1_267' title='bbox 1545 1950 1600 1998; x_wconf 90' lang='lat' dir='ltr'><strong>et</strong></span> <span class='ocrx_word' id='word_1_268' title='bbox 1641 1941 1791 1996; x_wconf 86' lang='lat' dir='ltr'><strong>dedit</strong></span> <span class='ocrx_word' id='word_1_269' title='bbox 1839 1949 2110 2012; x_wconf 73' lang='lat' dir='ltr'><strong>przecepta</strong></span> 
     </span>
    </p>
   </div>
   <div class='ocr_carea' id='block_1_28' title="bbox 510 2034 2110 2108">
    <p class='ocr_par' dir='ltr' id='par_1_28' title="bbox 510 2034 2110 2108">
     <span class='ocr_line' id='line_1_28' title="bbox 510 2034 2110 2108; baseline 0 -18"><span class='ocrx_word' id='word_1_270' title='bbox 510 2034 761 2102; x_wconf 83' lang='lat' dir='ltr'><strong>vivendi,</strong></span> <span class='ocrx_word' id='word_1_271' title='bbox 794 2037 992 2108; x_wconf 89' lang='lat' dir='ltr'><strong>quibus</strong></span> <span class='ocrx_word' id='word_1_272' title='bbox 1037 2037 1221 2093; x_wconf 89' lang='lat' dir='ltr'><strong>ulcera</strong></span> <span class='ocrx_word' id='word_1_273' title='bbox 1264 2046 1574 2092; x_wconf 89' lang='lat' dir='ltr'><strong>nostrorum</strong></span> <span class='ocrx_word' id='word_1_274' title='bbox 1607 2037 1818 2092; x_wconf 86' lang='lat' dir='ltr'><strong>sanavit</strong></span> <span class='ocrx_word' id='word_1_275' title='bbox 1841 2051 2110 2102; x_wconf 82' lang='lat' dir='ltr'><strong>errorum,</strong></span> 
     </span>
    </p>
   </div>
   <div class='ocr_carea' id='block_1_29' title="bbox 511 2129 2117 2202">
    <p class='ocr_par' dir='ltr' id='par_1_29' title="bbox 511 2129 2117 2202">
     <span class='ocr_line' id='line_1_29' title="bbox 511 2129 2117 2202; baseline -0.001 -18"><span class='ocrx_word' id='word_1_276' title='bbox 511 2144 801 2202; x_wconf 87' lang='lat' dir='ltr'><strong>moresque</strong></span> <span class='ocrx_word' id='word_1_277' title='bbox 831 2132 1118 2188; x_wconf 89' lang='lat' dir='ltr'><strong>renovavit</strong></span> <span class='ocrx_word' id='word_1_278' title='bbox 1141 2133 1428 2199; x_wconf 89' lang='lat' dir='ltr'><strong>humanos,</strong></span> <span class='ocrx_word' id='word_1_279' title='bbox 1458 2139 1620 2202; x_wconf 91' lang='lat' dir='ltr'><strong>atque</strong></span> <span class='ocrx_word' id='word_1_280' title='bbox 1643 2132 1864 2186; x_wconf 90' lang='lat' dir='ltr'><strong>intimos</strong></span> <span class='ocrx_word' id='word_1_281' title='bbox 1888 2129 2117 2185; x_wconf 88' lang='lat' dir='ltr'><strong>mutavit</strong></span> 
     </span>
    </p>
   </div>
   <div class='ocr_carea' id='block_1_30' title="bbox 511 2220 2108 2295">
    <p class='ocr_par' dir='ltr' id='par_1_30' title="bbox 511 2220 2108 2295">
     <span class='ocr_line' id='line_1_30' title="bbox 511 2220 2108 2295; baseline -0.001 -19"><span class='ocrx_word' id='word_1_282' title='bbox 511 2220 767 2289; x_wconf 72' lang='lat' dir='ltr'><strong>allectus;</strong></span> <span class='ocrx_word' id='word_1_283' title='bbox 823 2224 966 2279; x_wconf 88' lang='lat' dir='ltr'><strong>sicut</strong></span> <span class='ocrx_word' id='word_1_284' title='bbox 1018 2223 1177 2280; x_wconf 91' lang='lat' dir='ltr'><strong>docet</strong></span> <span class='ocrx_word' id='word_1_285' title='bbox 1234 2226 1474 2295; x_wconf 87' lang='lat' dir='ltr'><strong>psalmus</strong></span> <span class='ocrx_word' id='word_1_286' title='bbox 1531 2223 1838 2293; x_wconf 85' lang='lat' dir='ltr'><strong>trigesimus</strong></span> <span class='ocrx_word' id='word_1_287' title='bbox 1890 2222 2108 2289; x_wconf 86' lang='lat' dir='ltr'><strong>tertius,</strong></span> 
     </span>
    </p>
   </div>
   <div class='ocr_carea' id='block_1_31' title="bbox 511 2314 2112 2386">
    <p class='ocr_par' dir='ltr' id='par_1_31' title="bbox 511 2314 2112 2386">
     <span class='ocr_line' id='line_1_31' title="bbox 511 2314 2112 2386; baseline 0.001 -19"><span class='ocrx_word' id='word_1_288' title='bbox 511 2328 672 2384; x_wconf 87' lang='lat' dir='ltr'><strong>quem</strong></span> <span class='ocrx_word' id='word_1_289' title='bbox 695 2315 862 2370; x_wconf 83' lang='lat' dir='ltr'><strong>etiam</strong></span> <span class='ocrx_word' id='word_1_290' title='bbox 893 2314 1088 2372; x_wconf 85' lang='lat' dir='ltr'><strong>Petrus</strong></span> <span class='ocrx_word' id='word_1_291' title='bbox 1115 2327 1335 2371; x_wconf 91' lang='lat' dir='ltr'><strong>sanctus</strong></span> <span class='ocrx_word' id='word_1_292' title='bbox 1377 2317 1430 2371; x_wconf 93' lang='lat' dir='ltr'><strong>in</strong></span> <span class='ocrx_word' id='word_1_293' title='bbox 1463 2316 1690 2386; x_wconf 89' lang='lat' dir='ltr'><strong>epistola</strong></span> <span class='ocrx_word' id='word_1_294' title='bbox 1717 2331 1812 2370; x_wconf 91' lang='lat' dir='ltr'><strong>sua</strong></span> <span class='ocrx_word' id='word_1_295' title='bbox 1843 2325 2112 2385; x_wconf 83' lang='lat' dir='ltr'><strong>tamquam</strong></span> 
     </span>
    </p>
   </div>
   <div class='ocr_carea' id='block_1_32' title="bbox 514 2405 2112 2482">
    <p class='ocr_par' dir='ltr' id='par_1_32' title="bbox 514 2405 2112 2482">
     <span class='ocr_line' id='line_1_32' title="bbox 514 2405 2112 2482; baseline -0.001 -21"><span class='ocrx_word' id='word_1_296' title='bbox 514 2405 971 2464; x_wconf 90' lang='lat' dir='ltr'><strong>medicamentum</strong></span> <span class='ocrx_word' id='word_1_297' title='bbox 1011 2410 1213 2464; x_wconf 89' lang='lat' dir='ltr'><strong>nostris</strong></span> <span class='ocrx_word' id='word_1_298' title='bbox 1244 2409 1559 2479; x_wconf 90' lang='lat' dir='ltr'><strong>pectoribus</strong></span> <span class='ocrx_word' id='word_1_299' title='bbox 1585 2409 1755 2464; x_wconf 82' lang='lat' dir='ltr'><strong>afﬁxit</strong></span> <span class='ocrx_word' id='word_1_300' title='bbox 1794 2407 1856 2482; x_wconf 86' lang='grc' dir='ltr'>(ι</span> <span class='ocrx_word' id='word_1_301' title='bbox 1886 2407 2001 2463; x_wconf 86' lang='lat' dir='ltr'><strong>Pet.</strong></span> <span class='ocrx_word' id='word_1_302' title='bbox 2030 2423 2112 2474; x_wconf 83' lang='grc' dir='ltr'>ιιι,</span> 
     </span>
    </p>
   </div>
   <div class='ocr_carea' id='block_1_33' title="bbox 513 2499 2113 2575">
    <p class='ocr_par' dir='ltr' id='par_1_33' title="bbox 513 2499 2113 2575">
     <span class='ocr_line' id='line_1_33' title="bbox 513 2499 2113 2575; baseline 0.002 -20"><span class='ocrx_word' id='word_1_303' title='bbox 513 2499 638 2572; x_wconf 75' lang='lat' dir='ltr'><strong>il);</strong></span> <span class='ocrx_word' id='word_1_304' title='bbox 671 2510 834 2574; x_wconf 88' lang='lat' dir='ltr'><strong>atque</strong></span> <span class='ocrx_word' id='word_1_305' title='bbox 870 2506 970 2560; x_wconf 88' lang='lat' dir='ltr'><strong>iste</strong></span> <span class='ocrx_word' id='word_1_306' title='bbox 996 2505 1088 2575; x_wconf 89' lang='lat' dir='ltr'><strong>qui</strong></span> <span class='ocrx_word' id='word_1_307' title='bbox 1121 2504 1278 2560; x_wconf 89' lang='lat' dir='ltr'><strong>nobis</strong></span> <span class='ocrx_word' id='word_1_308' title='bbox 1310 2505 1570 2560; x_wconf 88' lang='lat' dir='ltr'><strong>hodierna</strong></span> <span class='ocrx_word' id='word_1_309' title='bbox 1602 2505 1836 2560; x_wconf 90' lang='lat' dir='ltr'><strong>lectione</strong></span> <span class='ocrx_word' id='word_1_310' title='bbox 1863 2503 2113 2574; x_wconf 83' lang='lat' dir='ltr'><strong>praposi-</strong></span> 
     </span>
    </p>
   </div>
   <div class='ocr_carea' id='block_1_34' title="bbox 513 2593 2114 2668">
    <p class='ocr_par' dir='ltr' id='par_1_34' title="bbox 513 2593 2114 2668">
     <span class='ocr_line' id='line_1_34' title="bbox 513 2593 2114 2668; baseline 0.001 -20"><span class='ocrx_word' id='word_1_311' title='bbox 513 2601 601 2650; x_wconf 91' lang='lat' dir='ltr'><strong>tus</strong></span> <span class='ocrx_word' id='word_1_312' title='bbox 627 2602 730 2649; x_wconf 90' lang='lat' dir='ltr'><strong>est.</strong></span> <span class='ocrx_word' id='word_1_313' title='bbox 761 2593 896 2650; x_wconf 88' lang='lat' dir='ltr'><strong>Nam</strong></span> <span class='ocrx_word' id='word_1_314' title='bbox 928 2596 1016 2650; x_wconf 90' lang='lat' dir='ltr'><strong>isti</strong></span> <span class='ocrx_word' id='word_1_315' title='bbox 1042 2610 1150 2666; x_wconf 67' lang='lat' dir='ltr'><strong>pra:</strong></span> <span class='ocrx_word' id='word_1_316' title='bbox 1176 2597 1390 2652; x_wconf 62' lang='lat' dir='ltr'><strong>caeteris</strong></span> <span class='ocrx_word' id='word_1_317' title='bbox 1416 2596 1580 2652; x_wconf 88' lang='lat' dir='ltr'><strong>etbici</strong></span> <span class='ocrx_word' id='word_1_318' title='bbox 1610 2598 1950 2668; x_wconf 88' lang='lat' dir='ltr'><strong>reperiuntur</strong></span> <span class='ocrx_word' id='word_1_319' title='bbox 1975 2613 1986 2648; x_wconf 76' lang='grc' dir='ltr'><strong>ε</strong></span> <span class='ocrx_word' id='word_1_320' title='bbox 2017 2593 2114 2650; x_wconf 90' lang='lat' dir='ltr'><strong>sed</strong></span> 
     </span>
    </p>
   </div>
   <div class='ocr_carea' id='block_1_35' title="bbox 513 2685 2112 2762">
    <p class='ocr_par' dir='ltr' id='par_1_35' title="bbox 513 2685 2112 2762">
     <span class='ocr_line' id='line_1_35' title="bbox 513 2685 2112 2762; baseline -0.001 -20"><span class='ocrx_word' id='word_1_321' title='bbox 513 2685 618 2742; x_wconf 89' lang='lat' dir='ltr'><strong>iste</strong></span> <span class='ocrx_word' id='word_1_322' title='bbox 638 2685 906 2757; x_wconf 75' lang='lat' dir='ltr'><strong>diffusior,</strong></span> <span class='ocrx_word' id='word_1_323' title='bbox 930 2688 1021 2760; x_wconf 91' lang='lat' dir='ltr'><strong>qui</strong></span> <span class='ocrx_word' id='word_1_324' title='bbox 1051 2688 1359 2760; x_wconf 88' lang='lat' dir='ltr'><strong>trigesimus</strong></span> <span class='ocrx_word' id='word_1_325' title='bbox 1380 2700 1568 2745; x_wconf 76' lang='lat' dir='ltr'><strong>sextus</strong></span> <span class='ocrx_word' id='word_1_326' title='bbox 1588 2689 1753 2762; x_wconf 74' lang='lat'><strong>778</strong></span> <span class='ocrx_word' id='word_1_327' title='bbox 1779 2687 2112 2745; x_wconf 88' lang='lat' dir='ltr'><strong>inscribitur.</strong></span> 
     </span>
    </p>
   </div>
   <div class='ocr_carea' id='block_1_36' title="bbox 513 2777 2114 2852">
    <p class='ocr_par' dir='ltr' id='par_1_36' title="bbox 513 2777 2114 2852">
     <span class='ocr_line' id='line_1_36' title="bbox 513 2777 2114 2852; baseline 0.001 -18"><span class='ocrx_word' id='word_1_328' title='bbox 513 2777 647 2836; x_wconf 80' lang='lat' dir='ltr'><strong>Nam</strong></span> <span class='ocrx_word' id='word_1_329' title='bbox 669 2821 685 2846; x_wconf 93' lang='lat'><strong>,</strong></span> <span class='ocrx_word' id='word_1_330' title='bbox 716 2781 819 2837; x_wconf 87' lang='lat' dir='ltr'><strong>etsi</strong></span> <span class='ocrx_word' id='word_1_331' title='bbox 848 2781 941 2837; x_wconf 91' lang='lat' dir='ltr'><strong>ille</strong></span> <span class='ocrx_word' id='word_1_332' title='bbox 979 2781 1268 2852; x_wconf 70' lang='lat' dir='ltr'><strong>praedulcis</strong></span> <span class='ocrx_word' id='word_1_333' title='bbox 1293 2781 1320 2820; x_wconf 73' lang='grc' dir='ltr'>δ</span> <span class='ocrx_word' id='word_1_334' title='bbox 1345 2791 1400 2837; x_wconf 88' lang='lat' dir='ltr'><strong>et</strong></span> <span class='ocrx_word' id='word_1_335' title='bbox 1427 2781 1636 2838; x_wconf 90' lang='lat' dir='ltr'><strong>lucidus</strong></span> <span class='ocrx_word' id='word_1_336' title='bbox 1665 2791 1776 2850; x_wconf 92' lang='lat' dir='ltr'><strong>est,</strong></span> <span class='ocrx_word' id='word_1_337' title='bbox 1807 2781 1909 2837; x_wconf 87' lang='lat' dir='ltr'><strong>iste</strong></span> <span class='ocrx_word' id='word_1_338' title='bbox 1934 2787 2114 2835; x_wconf 86' lang='lat' dir='ltr'><strong>tamen</strong></span> 
     </span>
    </p>
   </div>
   <div class='ocr_carea' id='block_1_37' title="bbox 515 2871 2115 2945">
    <p class='ocr_par' dir='ltr' id='par_1_37' title="bbox 515 2871 2115 2945">
     <span class='ocr_line' id='line_1_37' title="bbox 515 2871 2115 2945; baseline -0.001 -17"><span class='ocrx_word' id='word_1_339' title='bbox 515 2871 758 2942; x_wconf 89' lang='lat' dir='ltr'><strong>dulcior;</strong></span> <span class='ocrx_word' id='word_1_340' title='bbox 790 2875 1042 2944; x_wconf 89' lang='lat' dir='ltr'><strong>quoniam</strong></span> <span class='ocrx_word' id='word_1_341' title='bbox 1073 2875 1164 2930; x_wconf 92' lang='lat' dir='ltr'><strong>ille</strong></span> <span class='ocrx_word' id='word_1_342' title='bbox 1190 2890 1279 2931; x_wconf 91' lang='lat' dir='ltr'><strong>me</strong></span> <span class='ocrx_word' id='word_1_343' title='bbox 1317 2874 1501 2930; x_wconf 90' lang='lat' dir='ltr'><strong>docuit</strong></span> <span class='ocrx_word' id='word_1_344' title='bbox 1529 2873 1786 2932; x_wconf 86' lang='lat' dir='ltr'><strong>cohibere</strong></span> <span class='ocrx_word' id='word_1_345' title='bbox 1816 2874 2052 2945; x_wconf 76' lang='lat' dir='ltr'><strong>linguam</strong></span> <span class='ocrx_word' id='word_1_346' title='bbox 2085 2887 2115 2928; x_wconf 87' lang='lat' dir='ltr'><strong>a</strong></span> 
     </span>
    </p>
   </div>
   <div class='ocr_carea' id='block_1_38' title="bbox 515 2966 2112 3038">
    <p class='ocr_par' dir='ltr' id='par_1_38' title="bbox 515 2966 2112 3038">
     <span class='ocr_line' id='line_1_38' title="bbox 515 2966 2112 3038; baseline -0.001 -17"><span class='ocrx_word' id='word_1_347' title='bbox 515 2966 682 3034; x_wconf 90' lang='lat' dir='ltr'><strong>malo,</strong></span> <span class='ocrx_word' id='word_1_348' title='bbox 711 2967 813 3024; x_wconf 93' lang='lat' dir='ltr'><strong>iste</strong></span> <span class='ocrx_word' id='word_1_349' title='bbox 840 2967 1094 3024; x_wconf 90' lang='lat' dir='ltr'><strong>desinere</strong></span> <span class='ocrx_word' id='word_1_350' title='bbox 1119 2969 1188 3022; x_wconf 91' lang='lat' dir='ltr'><strong>ab</strong></span> <span class='ocrx_word' id='word_1_351' title='bbox 1215 2967 1318 3034; x_wconf 90' lang='lat' dir='ltr'><strong>ira,</strong></span> <span class='ocrx_word' id='word_1_352' title='bbox 1345 2967 1768 3038; x_wconf 76' lang='lat' dir='ltr'><strong>indignationem</strong></span> <span class='ocrx_word' id='word_1_353' title='bbox 1786 2966 2112 3037; x_wconf 89' lang='lat' dir='ltr'><strong>relinquere.</strong></span> 
     </span>
    </p>
   </div>
   <div class='ocr_carea' id='block_1_39' title="bbox 516 3058 2119 3133">
    <p class='ocr_par' dir='ltr' id='par_1_39' title="bbox 516 3058 2119 3133">
     <span class='ocr_line' id='line_1_39' title="bbox 516 3058 2119 3133; baseline 0 -17"><span class='ocrx_word' id='word_1_354' title='bbox 516 3058 610 3116; x_wconf 87' lang='lat' dir='ltr'><strong>Ille</strong></span> <span class='ocrx_word' id='word_1_355' title='bbox 640 3062 898 3132; x_wconf 63' lang='lat' dir='ltr'><strong>praecepit</strong></span> <span class='ocrx_word' id='word_1_356' title='bbox 925 3061 1044 3118; x_wconf 86' lang='lat' dir='ltr'><strong>sine</strong></span> <span class='ocrx_word' id='word_1_357' title='bbox 1068 3061 1198 3118; x_wconf 94' lang='lat' dir='ltr'><strong>dolo</strong></span> <span class='ocrx_word' id='word_1_358' title='bbox 1228 3062 1395 3133; x_wconf 87' lang='lat' dir='ltr'><strong>loqui,</strong></span> <span class='ocrx_word' id='word_1_359' title='bbox 1430 3062 1534 3118; x_wconf 91' lang='lat' dir='ltr'><strong>iste</strong></span> <span class='ocrx_word' id='word_1_360' title='bbox 1563 3061 1794 3118; x_wconf 91' lang='lat' dir='ltr'><strong>instituit</strong></span> <span class='ocrx_word' id='word_1_361' title='bbox 1821 3076 1942 3118; x_wconf 90' lang='lat' dir='ltr'><strong>esse</strong></span> <span class='ocrx_word' id='word_1_362' title='bbox 1965 3077 2119 3116; x_wconf 92' lang='lat' dir='ltr'><strong>man-</strong></span> 
     </span>
    </p>
   </div>
   <div class='ocr_carea' id='block_1_40' title="bbox 516 3155 2112 3234">
    <p class='ocr_par' dir='ltr' id='par_1_40' title="bbox 516 3155 2112 3234">
     <span class='ocr_line' id='line_1_40' title="bbox 516 3155 2112 3234; baseline -0.001 -25"><span class='ocrx_word' id='word_1_363' title='bbox 516 3163 764 3223; x_wconf 88' lang='lat' dir='ltr'><strong>suetum,</strong></span> <span class='ocrx_word' id='word_1_364' title='bbox 809 3155 902 3226; x_wconf 90' lang='lat' dir='ltr'><strong>qui</strong></span> <span class='ocrx_word' id='word_1_365' title='bbox 950 3157 1169 3227; x_wconf 71' lang='lat' dir='ltr'><strong>praemia</strong></span> <span class='ocrx_word' id='word_1_366' title='bbox 1222 3155 1651 3234; x_wconf 86' lang='lat' dir='ltr'><strong>mansuetudinis</strong></span> <span class='ocrx_word' id='word_1_367' title='bbox 1698 3155 2112 3212; x_wconf 79' lang='lat' dir='ltr'><strong>demonstravit.</strong></span> 
     </span>
    </p>
   </div>
   <div class='ocr_carea' id='block_1_41' title="bbox 2214 1932 3845 2017">
    <p class='ocr_par' dir='ltr' id='par_1_41' title="bbox 2214 1932 3845 2017">
     <span class='ocr_line' id='line_1_41' title="bbox 2214 1932 3845 2017; baseline 0.009 -30"><span class='ocrx_word' id='word_1_368' title='bbox 2214 1932 2388 1989; x_wconf 89' lang='lat' dir='ltr'><strong>lentur</strong></span> <span class='ocrx_word' id='word_1_369' title='bbox 2415 1935 2597 2009; x_wconf 82' lang='lat' dir='ltr'><strong>(Rom.</strong></span> <span class='ocrx_word' id='word_1_370' title='bbox 2628 1953 2703 2002; x_wconf 69' lang='grc' dir='ltr'><strong>ιιι,</strong></span> <span class='ocrx_word' id='word_1_371' title='bbox 2737 1936 2851 2012; x_wconf 83' lang='grc' dir='ltr'><strong>Η).</strong></span> <span class='ocrx_word' id='word_1_372' title='bbox 2885 1938 2952 1994; x_wconf 85' lang='lat' dir='ltr'><strong>Et</strong></span> <span class='ocrx_word' id='word_1_373' title='bbox 2983 1941 3161 1995; x_wconf 89' lang='lat' dir='ltr'><strong>infra:</strong></span> <span class='ocrx_word' id='word_1_374' title='bbox 3202 1940 3357 1998; x_wconf 85' lang='lat' dir='ltr'><strong>Vobis</strong></span> <span class='ocrx_word' id='word_1_375' title='bbox 3386 1944 3516 1998; x_wconf 86' lang='lat' dir='ltr'><strong>enim</strong></span> <span class='ocrx_word' id='word_1_376' title='bbox 3548 1944 3674 1998; x_wconf 86' lang='lat' dir='ltr'><strong>dico</strong></span> <span class='ocrx_word' id='word_1_377' title='bbox 3708 1962 3845 2017; x_wconf 68' lang='lat' dir='ltr'><strong>ge!!-</strong></span> 
     </span>
    </p>
   </div>
   <div class='ocr_carea' id='block_1_42' title="bbox 2214 2026 3844 2104">
    <p class='ocr_par' dir='ltr' id='par_1_42' title="bbox 2214 2026 3844 2104">
     <span class='ocr_line' id='line_1_42' title="bbox 2214 2026 3844 2104; baseline 0.007 -25"><span class='ocrx_word' id='word_1_378' title='bbox 2214 2026 2348 2080; x_wconf 88' lang='lat' dir='ltr'><strong>tibus</strong></span> <span class='ocrx_word' id='word_1_379' title='bbox 2370 2044 2383 2080; x_wconf 90' lang='lat'><strong>:</strong></span> <span class='ocrx_word' id='word_1_380' title='bbox 2405 2027 2655 2097; x_wconf 83' lang='lat' dir='ltr'><strong>quamdiu</strong></span> <span class='ocrx_word' id='word_1_381' title='bbox 2671 2045 2766 2102; x_wconf 85' lang='lat' dir='ltr'><strong>ego</strong></span> <span class='ocrx_word' id='word_1_382' title='bbox 2779 2047 2893 2084; x_wconf 85' lang='lat' dir='ltr'><strong>sum</strong></span> <span class='ocrx_word' id='word_1_383' title='bbox 2912 2033 3138 2104; x_wconf 81' lang='lat' dir='ltr'><strong>gentium</strong></span> <span class='ocrx_word' id='word_1_384' title='bbox 3156 2033 3455 2102; x_wconf 73' lang='lat' dir='ltr'><strong>Apostolus,</strong></span> <span class='ocrx_word' id='word_1_385' title='bbox 3478 2037 3844 2091; x_wconf 67' lang='lat' dir='ltr'><strong>ministerium</strong></span> 
     </span>
    </p>
   </div>
   <div class='ocr_carea' id='block_1_43' title="bbox 2213 2121 3842 2198">
    <p class='ocr_par' dir='ltr' id='par_1_43' title="bbox 2213 2121 3842 2198">
     <span class='ocr_line' id='line_1_43' title="bbox 2213 2121 3842 2198; baseline 0.007 -27"><span class='ocrx_word' id='word_1_386' title='bbox 2213 2134 2384 2173; x_wconf 88' lang='lat' dir='ltr'><strong>nteum</strong></span> <span class='ocrx_word' id='word_1_387' title='bbox 2409 2121 2718 2188; x_wconf 81' lang='lat' dir='ltr'><strong>illustrabo,</strong></span> <span class='ocrx_word' id='word_1_388' title='bbox 2759 2123 2805 2178; x_wconf 91' lang='lat' dir='ltr'><strong>si</strong></span> <span class='ocrx_word' id='word_1_389' title='bbox 2843 2140 2943 2193; x_wconf 85' lang='lat' dir='ltr'><strong>quo</strong></span> <span class='ocrx_word' id='word_1_390' title='bbox 2971 2127 3124 2180; x_wconf 88' lang='lat' dir='ltr'><strong>modo</strong></span> <span class='ocrx_word' id='word_1_391' title='bbox 3149 2127 3362 2182; x_wconf 75' lang='lat' dir='ltr'><strong>muter</strong></span> <span class='ocrx_word' id='word_1_392' title='bbox 3387 2143 3596 2183; x_wconf 80' lang='lat' dir='ltr'><strong>carnem</strong></span> <span class='ocrx_word' id='word_1_393' title='bbox 3635 2146 3842 2198; x_wconf 69' lang='lat' dir='ltr'><strong>aream,</strong></span> 
     </span>
    </p>
   </div>
   <div class='ocr_carea' id='block_1_44' title="bbox 2214 2213 3841 2294">
    <p class='ocr_par' dir='ltr' id='par_1_44' title="bbox 2214 2213 3841 2294">
     <span class='ocr_line' id='line_1_44' title="bbox 2214 2213 3841 2294; baseline 0.009 -29"><span class='ocrx_word' id='word_1_394' title='bbox 2214 2222 2261 2266; x_wconf 87' lang='lat' dir='ltr'><strong>et</strong></span> <span class='ocrx_word' id='word_1_395' title='bbox 2296 2213 2468 2269; x_wconf 83' lang='lat' dir='ltr'><strong>salvos</strong></span> <span class='ocrx_word' id='word_1_396' title='bbox 2495 2216 2688 2287; x_wconf 82' lang='lat' dir='ltr'><strong>faciant</strong></span> <span class='ocrx_word' id='word_1_397' title='bbox 2728 2217 2931 2286; x_wconf 80' lang='lat' dir='ltr'><strong>aliquos</strong></span> <span class='ocrx_word' id='word_1_398' title='bbox 2965 2235 3030 2274; x_wconf 78' lang='lat' dir='ltr'><strong>ea:</strong></span> <span class='ocrx_word' id='word_1_399' title='bbox 3051 2220 3181 2289; x_wconf 82' lang='lat' dir='ltr'><strong>ipsis</strong></span> <span class='ocrx_word' id='word_1_400' title='bbox 3209 2219 3548 2294; x_wconf 70' lang='lat' dir='ltr'><strong>(lbid.,15);</strong></span> <span class='ocrx_word' id='word_1_401' title='bbox 3583 2223 3696 2278; x_wconf 83' lang='lat' dir='ltr'><strong>hoc</strong></span> <span class='ocrx_word' id='word_1_402' title='bbox 3731 2235 3841 2294; x_wconf 82' lang='lat' dir='ltr'><strong>est,</strong></span> 
     </span>
    </p>
   </div>
   <div class='ocr_carea' id='block_1_45' title="bbox 2214 2303 3840 2391">
    <p class='ocr_par' dir='ltr' id='par_1_45' title="bbox 2214 2303 3840 2391">
     <span class='ocr_line' id='line_1_45' title="bbox 2214 2303 3840 2391; baseline 0.01 -33"><span class='ocrx_word' id='word_1_403' title='bbox 2214 2303 2446 2360; x_wconf 83' lang='lat' dir='ltr'><strong>afﬁciam</strong></span> <span class='ocrx_word' id='word_1_404' title='bbox 2470 2321 2693 2362; x_wconf 89' lang='lat' dir='ltr'><strong>carnem</strong></span> <span class='ocrx_word' id='word_1_405' title='bbox 2721 2323 2917 2364; x_wconf 85' lang='lat' dir='ltr'><strong>meam.</strong></span> <span class='ocrx_word' id='word_1_406' title='bbox 2955 2311 3196 2381; x_wconf 89' lang='lat' dir='ltr'><strong>Denique</strong></span> <span class='ocrx_word' id='word_1_407' title='bbox 3215 2315 3578 2391; x_wconf 71' lang='grc' dir='ltr'><strong>παραζηλώσω</strong></span> <span class='ocrx_word' id='word_1_408' title='bbox 3601 2315 3840 2374; x_wconf 66' lang='lat' dir='ltr'><strong>Grmcus</strong></span> 
     </span>
    </p>
   </div>
   <div class='ocr_carea' id='block_1_46' title="bbox 2217 2396 3835 2486">
    <p class='ocr_par' dir='ltr' id='par_1_46' title="bbox 2217 2396 3835 2486">
     <span class='ocr_line' id='line_1_46' title="bbox 2217 2396 3835 2486; baseline 0.009 -35"><span class='ocrx_word' id='word_1_409' title='bbox 2217 2396 2400 2453; x_wconf 83' lang='lat' dir='ltr'><strong>habet.</strong></span> <span class='ocrx_word' id='word_1_410' title='bbox 2433 2399 2566 2454; x_wconf 87' lang='lat' dir='ltr'><strong>Nam</strong></span> <span class='ocrx_word' id='word_1_411' title='bbox 2597 2411 2652 2455; x_wconf 82' lang='lat' dir='ltr'><strong>et</strong></span> <span class='ocrx_word' id='word_1_412' title='bbox 2683 2401 2771 2456; x_wconf 88' lang='lat' dir='ltr'><strong>hic</strong></span> <span class='ocrx_word' id='word_1_413' title='bbox 2804 2418 2818 2454; x_wconf 92' lang='lat'><strong>:</strong></span> <span class='ocrx_word' id='word_1_414' title='bbox 2863 2410 2932 2475; x_wconf 74' lang='grc' dir='ltr'><strong>μή</strong></span> <span class='ocrx_word' id='word_1_415' title='bbox 2972 2407 3272 2479; x_wconf 76' lang='grc' dir='ltr'><strong>παραζήλου</strong></span> <span class='ocrx_word' id='word_1_416' title='bbox 3316 2409 3366 2462; x_wconf 80' lang='grc' dir='ltr'><strong>ἐν</strong></span> <span class='ocrx_word' id='word_1_417' title='bbox 3399 2413 3835 2486; x_wconf 69' lang='grc' dir='ltr'><strong>πονηρευομένοες</strong></span> 
     </span>
    </p>
   </div>
   <div class='ocr_carea' id='block_1_47' title="bbox 2216 2492 3832 2577">
    <p class='ocr_par' dir='ltr' id='par_1_47' title="bbox 2216 2492 3832 2577">
     <span class='ocr_line' id='line_1_47' title="bbox 2216 2492 3832 2577; baseline 0.008 -30"><span class='ocrx_word' id='word_1_418' title='bbox 2216 2492 2416 2561; x_wconf 88' lang='lat' dir='ltr'><strong>habet;</strong></span> <span class='ocrx_word' id='word_1_419' title='bbox 2447 2495 2574 2569; x_wconf 81' lang='grc' dir='ltr'><strong>μήδε</strong></span> <span class='ocrx_word' id='word_1_420' title='bbox 2598 2499 2748 2563; x_wconf 77' lang='grc' dir='ltr'><strong>ζήλου</strong></span> <span class='ocrx_word' id='word_1_421' title='bbox 2772 2502 2897 2562; x_wconf 76' lang='grc' dir='ltr'><strong>τοὺς</strong></span> <span class='ocrx_word' id='word_1_422' title='bbox 2915 2509 3191 2564; x_wconf 79' lang='grc' dir='ltr'><strong>ποιοῦντας</strong></span> <span class='ocrx_word' id='word_1_423' title='bbox 3209 2509 3302 2564; x_wconf 78' lang='grc' dir='ltr'><strong>τήν</strong></span> <span class='ocrx_word' id='word_1_424' title='bbox 3323 2507 3563 2577; x_wconf 56' lang='lat' dir='ltr'><strong>inveniam;</strong></span> <span class='ocrx_word' id='word_1_425' title='bbox 3598 2505 3710 2561; x_wconf 84' lang='lat' dir='ltr'><strong>hoc</strong></span> <span class='ocrx_word' id='word_1_426' title='bbox 3728 2519 3832 2572; x_wconf 84' lang='lat' dir='ltr'><strong>est,</strong></span> 
     </span>
    </p>
   </div>
   <div class='ocr_carea' id='block_1_48' title="bbox 2219 2586 3824 2671">
    <p class='ocr_par' dir='ltr' id='par_1_48' title="bbox 2219 2586 3824 2671">
     <span class='ocr_line' id='line_1_48' title="bbox 2219 2586 3824 2671; baseline 0.01 -31"><span class='ocrx_word' id='word_1_427' title='bbox 2219 2586 2330 2642; x_wconf 90' lang='lat' dir='ltr'><strong>noli</strong></span> <span class='ocrx_word' id='word_1_428' title='bbox 2380 2588 2645 2660; x_wconf 90' lang='lat' dir='ltr'><strong>malignos</strong></span> <span class='ocrx_word' id='word_1_429' title='bbox 2695 2591 2750 2646; x_wconf 88' lang='lat' dir='ltr'><strong>in</strong></span> <span class='ocrx_word' id='word_1_430' title='bbox 2788 2593 3193 2651; x_wconf 62' lang='lat' dir='ltr'><strong>aemulationem</strong></span> <span class='ocrx_word' id='word_1_431' title='bbox 3240 2599 3511 2660; x_wconf 88' lang='lat' dir='ltr'><strong>excitare;</strong></span> <span class='ocrx_word' id='word_1_432' title='bbox 3563 2603 3824 2671; x_wconf 66' lang='lat' dir='ltr'><strong>quoniam</strong></span> 
     </span>
    </p>
   </div>
   <div class='ocr_carea' id='block_1_49' title="bbox 2218 2679 3389 2750">
    <p class='ocr_par' dir='ltr' id='par_1_49' title="bbox 2218 2679 3389 2750">
     <span class='ocr_line' id='line_1_49' title="bbox 2218 2679 3389 2750; baseline 0.009 -16"><span class='ocrx_word' id='word_1_433' title='bbox 2218 2679 2298 2734; x_wconf 89' lang='lat' dir='ltr'><strong>illi</strong></span> <span class='ocrx_word' id='word_1_434' title='bbox 2331 2695 2437 2736; x_wconf 92' lang='lat' dir='ltr'><strong>non</strong></span> <span class='ocrx_word' id='word_1_435' title='bbox 2471 2681 2540 2737; x_wconf 91' lang='lat' dir='ltr'><strong>de</strong></span> <span class='ocrx_word' id='word_1_436' title='bbox 2570 2683 2735 2750; x_wconf 89' lang='lat' dir='ltr'><strong>bono,</strong></span> <span class='ocrx_word' id='word_1_437' title='bbox 2765 2683 2861 2741; x_wconf 92' lang='lat' dir='ltr'><strong>sed</strong></span> <span class='ocrx_word' id='word_1_438' title='bbox 2889 2685 2957 2742; x_wconf 91' lang='lat' dir='ltr'><strong>de</strong></span> <span class='ocrx_word' id='word_1_439' title='bbox 2984 2687 3131 2743; x_wconf 88' lang='lat' dir='ltr'><strong>malo</strong></span> <span class='ocrx_word' id='word_1_440' title='bbox 3157 2697 3389 2744; x_wconf 89' lang='lat' dir='ltr'><strong>certant.</strong></span> 
     </span>
    </p>
   </div>
   <div class='ocr_carea' id='block_1_50' title="bbox 2289 2771 3834 2856">
    <p class='ocr_par' dir='ltr' id='par_1_50' title="bbox 2289 2771 3834 2856">
     <span class='ocr_line' id='line_1_50' title="bbox 2289 2771 3834 2856; baseline 0.008 -29"><span class='ocrx_word' id='word_1_441' title='bbox 2289 2771 2343 2826; x_wconf 82' lang='lat'><strong>5.</strong></span> <span class='ocrx_word' id='word_1_442' title='bbox 2385 2773 2523 2841; x_wconf 85' lang='lat' dir='ltr'><strong>Quid</strong></span> <span class='ocrx_word' id='word_1_443' title='bbox 2560 2785 2674 2840; x_wconf 87' lang='lat' dir='ltr'><strong>est,</strong></span> <span class='ocrx_word' id='word_1_444' title='bbox 2708 2777 2763 2830; x_wconf 93' lang='lat' dir='ltr'><strong>in</strong></span> <span class='ocrx_word' id='word_1_445' title='bbox 2807 2778 3206 2836; x_wconf 62' lang='lat' dir='ltr'><strong>aemulationem</strong></span> <span class='ocrx_word' id='word_1_446' title='bbox 3238 2782 3518 2836; x_wconf 82' lang='lat' dir='ltr'><strong>excitare?</strong></span> <span class='ocrx_word' id='word_1_447' title='bbox 3557 2782 3834 2856; x_wconf 81' lang='lat' dir='ltr'><strong>Exemplo</strong></span> 
     </span>
    </p>
   </div>
   <div class='ocr_carea' id='block_1_51' title="bbox 2218 2866 3832 2946">
    <p class='ocr_par' dir='ltr' id='par_1_51' title="bbox 2218 2866 3832 2946">
     <span class='ocr_line' id='line_1_51' title="bbox 2218 2866 3832 2946; baseline 0.01 -25"><span class='ocrx_word' id='word_1_448' title='bbox 2218 2866 2267 2922; x_wconf 88' lang='lat' dir='ltr'><strong>si</strong></span> <span class='ocrx_word' id='word_1_449' title='bbox 2331 2884 2621 2940; x_wconf 87' lang='lat' dir='ltr'><strong>possumus</strong></span> <span class='ocrx_word' id='word_1_450' title='bbox 2684 2873 3011 2941; x_wconf 84' lang='lat' dir='ltr'><strong>aperiamus.</strong></span> <span class='ocrx_word' id='word_1_451' title='bbox 3079 2873 3509 2946; x_wconf 84' lang='lat' dir='ltr'><strong>Intemperantes</strong></span> <span class='ocrx_word' id='word_1_452' title='bbox 3561 2880 3832 2936; x_wconf 83' lang='lat' dir='ltr'><strong>mulieres</strong></span> 
     </span>
    </p>
   </div>
   <div class='ocr_carea' id='block_1_52' title="bbox 2220 2965 3830 3041">
    <p class='ocr_par' dir='ltr' id='par_1_52' title="bbox 2220 2965 3830 3041">
     <span class='ocr_line' id='line_1_52' title="bbox 2220 2965 3830 3041; baseline 0.007 -24"><span class='ocrx_word' id='word_1_453' title='bbox 2220 2965 2462 3034; x_wconf 83' lang='lat' dir='ltr'><strong>quaedam</strong></span> <span class='ocrx_word' id='word_1_454' title='bbox 2492 2975 2645 3031; x_wconf 88' lang='lat' dir='ltr'><strong>sunt,</strong></span> <span class='ocrx_word' id='word_1_455' title='bbox 2679 2981 2802 3037; x_wconf 71' lang='lat' dir='ltr'><strong>qute</strong></span> <span class='ocrx_word' id='word_1_456' title='bbox 2843 2968 3072 3023; x_wconf 90' lang='lat' dir='ltr'><strong>aliorum</strong></span> <span class='ocrx_word' id='word_1_457' title='bbox 3101 2969 3389 3041; x_wconf 86' lang='lat' dir='ltr'><strong>conjugum</strong></span> <span class='ocrx_word' id='word_1_458' title='bbox 3421 2971 3588 3028; x_wconf 88' lang='lat' dir='ltr'><strong>corda</strong></span> <span class='ocrx_word' id='word_1_459' title='bbox 3617 2975 3830 3029; x_wconf 86' lang='lat' dir='ltr'><strong>sollici-</strong></span> 
     </span>
    </p>
   </div>
   <div class='ocr_carea' id='block_1_53' title="bbox 2222 3060 3832 3136">
    <p class='ocr_par' dir='ltr' id='par_1_53' title="bbox 2222 3060 3832 3136">
     <span class='ocr_line' id='line_1_53' title="bbox 2222 3060 3832 3136; baseline 0.006 -24"><span class='ocrx_word' id='word_1_460' title='bbox 2222 3066 2364 3113; x_wconf 90' lang='lat' dir='ltr'><strong>tant:</strong></span> <span class='ocrx_word' id='word_1_461' title='bbox 2392 3074 2531 3130; x_wconf 88' lang='lat' dir='ltr'><strong>quos</strong></span> <span class='ocrx_word' id='word_1_462' title='bbox 2556 3074 2679 3114; x_wconf 89' lang='lat' dir='ltr'><strong>cum</strong></span> <span class='ocrx_word' id='word_1_463' title='bbox 2706 3060 3091 3117; x_wconf 88' lang='lat' dir='ltr'><strong>consuetudini</strong></span> <span class='ocrx_word' id='word_1_464' title='bbox 3127 3078 3241 3118; x_wconf 71' lang='lat' dir='ltr'><strong>sua:</strong></span> <span class='ocrx_word' id='word_1_465' title='bbox 3278 3063 3594 3136; x_wconf 88' lang='lat' dir='ltr'><strong>probroque</strong></span> <span class='ocrx_word' id='word_1_466' title='bbox 3640 3067 3832 3122; x_wconf 86' lang='lat' dir='ltr'><strong>subdi-</strong></span> 
     </span>
    </p>
   </div>
   <div class='ocr_carea' id='block_1_54' title="bbox 2221 3151 3820 3224">
    <p class='ocr_par' dir='ltr' id='par_1_54' title="bbox 2221 3151 3820 3224">
     <span class='ocr_line' id='line_1_54' title="bbox 2221 3151 3820 3224; baseline 0.006 -18"><span class='ocrx_word' id='word_1_467' title='bbox 2221 3151 2418 3220; x_wconf 90' lang='lat' dir='ltr'><strong>derint,</strong></span> <span class='ocrx_word' id='word_1_468' title='bbox 2452 3168 2559 3208; x_wconf 91' lang='lat' dir='ltr'><strong>non</strong></span> <span class='ocrx_word' id='word_1_469' title='bbox 2589 3163 2862 3209; x_wconf 71' lang='lat' dir='ltr'><strong>contenta:</strong></span> <span class='ocrx_word' id='word_1_470' title='bbox 2904 3154 3108 3210; x_wconf 87' lang='lat' dir='ltr'><strong>erroris</strong></span> <span class='ocrx_word' id='word_1_471' title='bbox 3154 3155 3237 3211; x_wconf 89' lang='lat' dir='ltr'><strong>sui</strong></span> <span class='ocrx_word' id='word_1_472' title='bbox 3279 3156 3479 3214; x_wconf 88' lang='lat' dir='ltr'><strong>habere</strong></span> <span class='ocrx_word' id='word_1_473' title='bbox 3523 3169 3820 3224; x_wconf 86' lang='lat' dir='ltr'><strong>secretum,</strong></span> 
     </span>
    </p>
   </div>
   <div class='ocr_carea' id='block_1_55' title="bbox 515 3238 3823 3324">
    <p class='ocr_par' dir='ltr' id='par_1_55' title="bbox 515 3238 3823 3324">
     <span class='ocr_line' id='line_1_55' title="bbox 515 3238 3823 3324; baseline 0 -19"><span class='ocrx_word' id='word_1_474' title='bbox 515 3249 648 3318; x_wconf 70' lang='lat' dir='ltr'><strong>Quae</strong></span> <span class='ocrx_word' id='word_1_475' title='bbox 669 3249 872 3321; x_wconf 88' lang='lat' dir='ltr'><strong>majora</strong></span> <span class='ocrx_word' id='word_1_476' title='bbox 898 3249 1133 3307; x_wconf 82' lang='lat' dir='ltr'><strong>fomenta</strong></span> <span class='ocrx_word' id='word_1_477' title='bbox 1159 3261 1288 3307; x_wconf 90' lang='lat' dir='ltr'><strong>sunt</strong></span> <span class='ocrx_word' id='word_1_478' title='bbox 1305 3249 1486 3306; x_wconf 91' lang='lat' dir='ltr'><strong>cordis</strong></span> <span class='ocrx_word' id='word_1_479' title='bbox 1507 3249 1749 3317; x_wconf 87' lang='lat' dir='ltr'><strong>humani,</strong></span> <span class='ocrx_word' id='word_1_480' title='bbox 1775 3264 1934 3321; x_wconf 90' lang='lat' dir='ltr'><strong>quam</strong></span> <span class='ocrx_word' id='word_1_481' title='bbox 1964 3265 2116 3304; x_wconf 87' lang='lat' dir='ltr'><strong>man-</strong></span> <span class='ocrx_word' id='word_1_482' title='bbox 2141 3238 2187 3302; x_wconf 91' lang='lat' dir='ltr'>C</span> <span class='ocrx_word' id='word_1_483' title='bbox 2220 3244 2440 3300; x_wconf 88' lang='lat' dir='ltr'><strong>student</strong></span> <span class='ocrx_word' id='word_1_484' title='bbox 2477 3260 2662 3301; x_wconf 88' lang='lat' dir='ltr'><strong>coram</strong></span> <span class='ocrx_word' id='word_1_485' title='bbox 2700 3245 2972 3316; x_wconf 89' lang='lat' dir='ltr'><strong>jugalibus</strong></span> <span class='ocrx_word' id='word_1_486' title='bbox 3002 3262 3190 3302; x_wconf 91' lang='lat' dir='ltr'><strong>eorum</strong></span> <span class='ocrx_word' id='word_1_487' title='bbox 3230 3262 3386 3304; x_wconf 90' lang='lat' dir='ltr'><strong>suum</strong></span> <span class='ocrx_word' id='word_1_488' title='bbox 3426 3249 3638 3319; x_wconf 85' lang='lat' dir='ltr'><strong>jactare</strong></span> <span class='ocrx_word' id='word_1_489' title='bbox 3665 3251 3823 3324; x_wconf 79' lang='lat' dir='ltr'><strong>ﬂagi-</strong></span> 
     </span>
    </p>
   </div>
   <div class='ocr_carea' id='block_1_56' title="bbox 515 3342 2116 3415">
    <p class='ocr_par' dir='ltr' id='par_1_56' title="bbox 515 3342 2116 3415">
     <span class='ocr_line' id='line_1_56' title="bbox 515 3342 2116 3415; baseline -0.001 -17"><span class='ocrx_word' id='word_1_490' title='bbox 515 3343 747 3400; x_wconf 90' lang='lat' dir='ltr'><strong>suetudo</strong></span> <span class='ocrx_word' id='word_1_491' title='bbox 793 3355 958 3415; x_wconf 89' lang='lat' dir='ltr'><strong>atque</strong></span> <span class='ocrx_word' id='word_1_492' title='bbox 1005 3343 1374 3415; x_wconf 87' lang='lat' dir='ltr'><strong>simplicitas:</strong></span> <span class='ocrx_word' id='word_1_493' title='bbox 1421 3345 1618 3415; x_wconf 92' lang='lat' dir='ltr'><strong>quibus</strong></span> <span class='ocrx_word' id='word_1_494' title='bbox 1663 3353 1720 3399; x_wconf 93' lang='lat' dir='ltr'><strong>et</strong></span> <span class='ocrx_word' id='word_1_495' title='bbox 1757 3343 1912 3398; x_wconf 92' lang='lat' dir='ltr'><strong>dolor</strong></span> <span class='ocrx_word' id='word_1_496' title='bbox 1939 3342 2116 3398; x_wconf 90' lang='lat' dir='ltr'><strong>omnis</strong></span> 
     </span>
    </p>
   </div>
   <div class='ocr_carea' id='block_1_57' title="bbox 517 3433 2114 3507">
    <p class='ocr_par' dir='ltr' id='par_1_57' title="bbox 517 3433 2114 3507">
     <span class='ocr_line' id='line_1_57' title="bbox 517 3433 2114 3507; baseline -0.001 -18"><span class='ocrx_word' id='word_1_497' title='bbox 517 3445 754 3506; x_wconf 72' lang='lat' dir='ltr'><strong>accepta:</strong></span> <span class='ocrx_word' id='word_1_498' title='bbox 779 3435 988 3492; x_wconf 90' lang='lat' dir='ltr'><strong>levatur</strong></span> <span class='ocrx_word' id='word_1_499' title='bbox 1016 3435 1251 3507; x_wconf 73' lang='lat' dir='ltr'><strong>injuriae,</strong></span> <span class='ocrx_word' id='word_1_500' title='bbox 1281 3444 1336 3492; x_wconf 90' lang='lat' dir='ltr'><strong>et</strong></span> <span class='ocrx_word' id='word_1_501' title='bbox 1361 3436 1510 3492; x_wconf 85' lang='lat' dir='ltr'><strong>labes</strong></span> <span class='ocrx_word' id='word_1_502' title='bbox 1535 3433 1777 3492; x_wconf 86' lang='lat' dir='ltr'><strong>criminis</strong></span> <span class='ocrx_word' id='word_1_503' title='bbox 1805 3435 1983 3491; x_wconf 91' lang='lat' dir='ltr'><strong>omnis</strong></span> <span class='ocrx_word' id='word_1_504' title='bbox 2015 3449 2114 3491; x_wconf 87' lang='lat' dir='ltr'><strong>ex-</strong></span> 
     </span>
    </p>
   </div>
   <div class='ocr_carea' id='block_1_58' title="bbox 517 3527 788 3584">
    <p class='ocr_par' dir='ltr' id='par_1_58' title="bbox 517 3527 788 3584">
     <span class='ocr_line' id='line_1_58' title="bbox 517 3527 788 3584; baseline -0.007 0"><span class='ocrx_word' id='word_1_505' title='bbox 517 3527 788 3584; x_wconf 77' lang='lat' dir='ltr'><strong>cluditur?</strong></span> 
     </span>
    </p>
   </div>
   <div class='ocr_carea' id='block_1_59' title="bbox 590 3620 2112 3695">
    <p class='ocr_par' dir='ltr' id='par_1_59' title="bbox 590 3620 2112 3695">
     <span class='ocr_line' id='line_1_59' title="bbox 590 3620 2112 3695; baseline -0.001 -18"><span class='ocrx_word' id='word_1_506' title='bbox 590 3622 644 3678; x_wconf 81' lang='lat'><strong>5.</strong></span> <span class='ocrx_word' id='word_1_507' title='bbox 684 3621 768 3678; x_wconf 84' lang='lat' dir='ltr'><strong>Ad</strong></span> <span class='ocrx_word' id='word_1_508' title='bbox 809 3622 924 3679; x_wconf 69' lang='lat' dir='ltr'><strong>haec</strong></span> <span class='ocrx_word' id='word_1_509' title='bbox 954 3623 1116 3695; x_wconf 77' lang='lat' dir='ltr'><strong>igitur</strong></span> <span class='ocrx_word' id='word_1_510' title='bbox 1145 3638 1363 3679; x_wconf 91' lang='lat' dir='ltr'><strong>manum</strong></span> <span class='ocrx_word' id='word_1_511' title='bbox 1391 3621 1781 3678; x_wconf 90' lang='lat' dir='ltr'><strong>medicamenta</strong></span> <span class='ocrx_word' id='word_1_512' title='bbox 1813 3620 2112 3687; x_wconf 90' lang='lat' dir='ltr'><strong>mittamus,</strong></span> 
     </span>
    </p>
   </div>
   <div class='ocr_carea' id='block_1_60' title="bbox 515 3713 2117 3780">
    <p class='ocr_par' dir='ltr' id='par_1_60' title="bbox 515 3713 2117 3780">
     <span class='ocr_line' id='line_1_60' title="bbox 515 3713 2117 3780; baseline -0.001 -10"><span class='ocrx_word' id='word_1_513' title='bbox 515 3723 575 3770; x_wconf 90' lang='lat' dir='ltr'><strong>ut</strong></span> <span class='ocrx_word' id='word_1_514' title='bbox 621 3713 851 3770; x_wconf 85' lang='lat' dir='ltr'><strong>vulnera</strong></span> <span class='ocrx_word' id='word_1_515' title='bbox 899 3722 1083 3770; x_wconf 88' lang='lat' dir='ltr'><strong>nostra</strong></span> <span class='ocrx_word' id='word_1_516' title='bbox 1125 3729 1414 3780; x_wconf 88' lang='lat' dir='ltr'><strong>curemus;</strong></span> <span class='ocrx_word' id='word_1_517' title='bbox 1461 3731 1530 3770; x_wconf 88' lang='lat' dir='ltr'><strong>ne</strong></span> <span class='ocrx_word' id='word_1_518' title='bbox 1575 3715 1620 3769; x_wconf 87' lang='lat' dir='ltr'><strong>si</strong></span> <span class='ocrx_word' id='word_1_519' title='bbox 1668 3713 1893 3769; x_wconf 87' lang='lat' dir='ltr'><strong>velimus</strong></span> <span class='ocrx_word' id='word_1_520' title='bbox 1935 3713 2117 3769; x_wconf 90' lang='lat' dir='ltr'><strong>dicere</strong></span> 
     </span>
    </p>
   </div>
   <div class='ocr_carea' id='block_1_61' title="bbox 516 3807 2110 3882">
    <p class='ocr_par' dir='ltr' id='par_1_61' title="bbox 516 3807 2110 3882">
     <span class='ocr_line' id='line_1_61' title="bbox 516 3807 2110 3882; baseline -0.001 -17"><span class='ocrx_word' id='word_1_521' title='bbox 516 3807 661 3882; x_wconf 92' lang='lat' dir='ltr'><strong>quod</strong></span> <span class='ocrx_word' id='word_1_522' title='bbox 687 3808 827 3866; x_wconf 88' lang='lat' dir='ltr'><strong>alios</strong></span> <span class='ocrx_word' id='word_1_523' title='bbox 863 3823 1057 3866; x_wconf 91' lang='lat' dir='ltr'><strong>curare</strong></span> <span class='ocrx_word' id='word_1_524' title='bbox 1098 3809 1392 3882; x_wconf 88' lang='lat' dir='ltr'><strong>possimus,</strong></span> <span class='ocrx_word' id='word_1_525' title='bbox 1418 3809 1628 3865; x_wconf 89' lang='lat' dir='ltr'><strong>dicatur</strong></span> <span class='ocrx_word' id='word_1_526' title='bbox 1655 3809 1809 3864; x_wconf 89' lang='lat' dir='ltr'><strong>nobis</strong></span> <span class='ocrx_word' id='word_1_527' title='bbox 1833 3825 1848 3862; x_wconf 91' lang='lat'><strong>:</strong></span> <span class='ocrx_word' id='word_1_528' title='bbox 1879 3807 2110 3876; x_wconf 75' lang='lat' dir='ltr'><strong>Medice,</strong></span> 
     </span>
    </p>
   </div>
   <div class='ocr_carea' id='block_1_62' title="bbox 516 3900 2116 3976">
    <p class='ocr_par' dir='ltr' id='par_1_62' title="bbox 516 3900 2116 3976">
     <span class='ocr_line' id='line_1_62' title="bbox 516 3900 2116 3976; baseline -0.003 -17"><span class='ocrx_word' id='word_1_529' title='bbox 516 3919 644 3959; x_wconf 88' lang='lat' dir='ltr'><strong>cura</strong></span> <span class='ocrx_word' id='word_1_530' title='bbox 683 3914 733 3958; x_wconf 88' lang='lat' dir='ltr'><strong>te</strong></span> <span class='ocrx_word' id='word_1_531' title='bbox 758 3903 928 3976; x_wconf 82' lang='lat' dir='ltr'><strong>ipsum</strong></span> <span class='ocrx_word' id='word_1_532' title='bbox 971 3900 1145 3974; x_wconf 87' lang='lat' dir='ltr'><strong>(Luc.</strong></span> <span class='ocrx_word' id='word_1_533' title='bbox 1178 3918 1264 3969; x_wconf 81' lang='lat' dir='ltr'><strong>tv,</strong></span> <span class='ocrx_word' id='word_1_534' title='bbox 1291 3903 1364 3959; x_wconf 71' lang='lat'><strong>23</strong></span> <span class='ocrx_word' id='word_1_535' title='bbox 1387 3901 1429 3976; x_wconf 95' lang='lat'><strong>).</strong></span> <span class='ocrx_word' id='word_1_536' title='bbox 1464 3902 1606 3972; x_wconf 84' lang='lat' dir='ltr'><strong>Ergo</strong></span> <span class='ocrx_word' id='word_1_537' title='bbox 1644 3901 1788 3974; x_wconf 90' lang='lat' dir='ltr'><strong>quod</strong></span> <span class='ocrx_word' id='word_1_538' title='bbox 1814 3902 1975 3956; x_wconf 91' lang='lat' dir='ltr'><strong>etiam</strong></span> <span class='ocrx_word' id='word_1_539' title='bbox 2009 3915 2116 3956; x_wconf 92' lang='lat' dir='ltr'><strong>non</strong></span> 
     </span>
    </p>
   </div>
   <div class='ocr_carea' id='block_1_63' title="bbox 519 3997 2117 4070">
    <p class='ocr_par' dir='ltr' id='par_1_63' title="bbox 519 3997 2117 4070">
     <span class='ocr_line' id='line_1_63' title="bbox 519 3997 2117 4070; baseline -0.004 -14"><span class='ocrx_word' id='word_1_540' title='bbox 519 3999 742 4056; x_wconf 89' lang='lat' dir='ltr'><strong>medicis</strong></span> <span class='ocrx_word' id='word_1_541' title='bbox 765 4041 779 4066; x_wconf 91' lang='lat'><strong>,</strong></span> <span class='ocrx_word' id='word_1_542' title='bbox 811 3997 904 4055; x_wconf 89' lang='lat' dir='ltr'><strong>sed</strong></span> <span class='ocrx_word' id='word_1_543' title='bbox 938 3997 1097 4070; x_wconf 90' lang='lat' dir='ltr'><strong>vulgo</strong></span> <span class='ocrx_word' id='word_1_544' title='bbox 1121 4013 1339 4070; x_wconf 90' lang='lat' dir='ltr'><strong>quoque</strong></span> <span class='ocrx_word' id='word_1_545' title='bbox 1380 3997 1521 4053; x_wconf 91' lang='lat' dir='ltr'><strong>solet</strong></span> <span class='ocrx_word' id='word_1_546' title='bbox 1550 4012 1672 4052; x_wconf 90' lang='lat' dir='ltr'><strong>esse</strong></span> <span class='ocrx_word' id='word_1_547' title='bbox 1698 4010 2024 4061; x_wconf 89' lang='lat' dir='ltr'><strong>commune;</strong></span> <span class='ocrx_word' id='word_1_548' title='bbox 2058 4003 2117 4050; x_wconf 93' lang='lat' dir='ltr'><strong>ut</strong></span> 
     </span>
    </p>
   </div>
   <div class='ocr_carea' id='block_1_64' title="bbox 519 4091 2116 4165">
    <p class='ocr_par' dir='ltr' id='par_1_64' title="bbox 519 4091 2116 4165">
     <span class='ocr_line' id='line_1_64' title="bbox 519 4091 2116 4165; baseline -0.003 -15"><span class='ocrx_word' id='word_1_549' title='bbox 519 4092 844 4150; x_wconf 86' lang='lat' dir='ltr'><strong>medicinam</strong></span> <span class='ocrx_word' id='word_1_550' title='bbox 875 4093 1026 4165; x_wconf 88' lang='lat' dir='ltr'><strong>pauci</strong></span> <span class='ocrx_word' id='word_1_551' title='bbox 1060 4092 1449 4165; x_wconf 80' lang='lat' dir='ltr'><strong>proﬁteantur,</strong></span> <span class='ocrx_word' id='word_1_552' title='bbox 1479 4091 1695 4161; x_wconf 87' lang='lat' dir='ltr'><strong>plurimi</strong></span> <span class='ocrx_word' id='word_1_553' title='bbox 1732 4099 1911 4146; x_wconf 89' lang='lat' dir='ltr'><strong>tamen</strong></span> <span class='ocrx_word' id='word_1_554' title='bbox 1941 4105 2116 4146; x_wconf 83' lang='lat' dir='ltr'><strong>reme-</strong></span> 
     </span>
    </p>
   </div>
   <div class='ocr_carea' id='block_1_65' title="bbox 521 4185 2116 4258">
    <p class='ocr_par' dir='ltr' id='par_1_65' title="bbox 521 4185 2116 4258">
     <span class='ocr_line' id='line_1_65' title="bbox 521 4185 2116 4258; baseline -0.002 -16"><span class='ocrx_word' id='word_1_555' title='bbox 521 4186 606 4242; x_wconf 88' lang='lat' dir='ltr'><strong>dia</strong></span> <span class='ocrx_word' id='word_1_556' title='bbox 629 4187 749 4258; x_wconf 87' lang='lat' dir='ltr'><strong>ejus</strong></span> <span class='ocrx_word' id='word_1_557' title='bbox 772 4185 952 4258; x_wconf 87' lang='lat' dir='ltr'><strong>aliqua</strong></span> <span class='ocrx_word' id='word_1_558' title='bbox 984 4187 1126 4243; x_wconf 91' lang='lat' dir='ltr'><strong>scire</strong></span> <span class='ocrx_word' id='word_1_559' title='bbox 1160 4203 1221 4243; x_wconf 89' lang='lat' dir='ltr'><strong>se</strong></span> <span class='ocrx_word' id='word_1_560' title='bbox 1249 4187 1469 4242; x_wconf 88' lang='lat' dir='ltr'><strong>dicant:</strong></span> <span class='ocrx_word' id='word_1_561' title='bbox 1501 4188 1588 4242; x_wconf 89' lang='lat' dir='ltr'><strong>vel</strong></span> <span class='ocrx_word' id='word_1_562' title='bbox 1613 4185 1755 4258; x_wconf 89' lang='lat' dir='ltr'><strong>quod</strong></span> <span class='ocrx_word' id='word_1_563' title='bbox 1783 4185 2116 4242; x_wconf 90' lang='lat' dir='ltr'><strong>medicorum</strong></span> 
     </span>
    </p>
   </div>
   <div class='ocr_carea' id='block_1_66' title="bbox 520 4278 2119 4351">
    <p class='ocr_par' dir='ltr' id='par_1_66' title="bbox 520 4278 2119 4351">
     <span class='ocr_line' id='line_1_66' title="bbox 520 4278 2119 4351; baseline -0.001 -17"><span class='ocrx_word' id='word_1_564' title='bbox 520 4280 674 4350; x_wconf 90' lang='lat' dir='ltr'><strong>pueri</strong></span> <span class='ocrx_word' id='word_1_565' title='bbox 705 4278 908 4336; x_wconf 79' lang='lat' dir='ltr'><strong>faciunt</strong></span> <span class='ocrx_word' id='word_1_566' title='bbox 937 4293 1036 4335; x_wconf 89' lang='lat' dir='ltr'><strong>nos</strong></span> <span class='ocrx_word' id='word_1_567' title='bbox 1059 4295 1276 4351; x_wconf 88' lang='lat' dir='ltr'><strong>quoque</strong></span> <span class='ocrx_word' id='word_1_568' title='bbox 1311 4279 1490 4334; x_wconf 90' lang='lat' dir='ltr'><strong>alieno</strong></span> <span class='ocrx_word' id='word_1_569' title='bbox 1519 4278 1916 4334; x_wconf 88' lang='lat' dir='ltr'><strong>medicamento</strong></span> <span class='ocrx_word' id='word_1_570' title='bbox 1943 4293 2119 4332; x_wconf 86' lang='lat' dir='ltr'><strong>reme-</strong></span> 
     </span>
    </p>
   </div>
   <div class='ocr_carea' id='block_1_67' title="bbox 491 4371 2118 4445">
    <p class='ocr_par' dir='ltr' id='par_1_67' title="bbox 491 4371 2118 4445">
     <span class='ocr_line' id='line_1_67' title="bbox 491 4371 2118 4445; baseline -0.001 -16"><span class='ocrx_word' id='word_1_571' title='bbox 491 4372 669 4429; x_wconf 78' lang='lat' dir='ltr'><strong>-dium</strong></span> <span class='ocrx_word' id='word_1_572' title='bbox 700 4373 1067 4445; x_wconf 85' lang='lat' dir='ltr'><strong>indigentibus</strong></span> <span class='ocrx_word' id='word_1_573' title='bbox 1098 4372 1452 4444; x_wconf 82' lang='lat' dir='ltr'><strong>proferamus.</strong></span> <span class='ocrx_word' id='word_1_574' title='bbox 1497 4373 1655 4428; x_wconf 91' lang='lat' dir='ltr'><strong>Dives</strong></span> <span class='ocrx_word' id='word_1_575' title='bbox 1682 4371 1997 4444; x_wconf 88' lang='lat' dir='ltr'><strong>magistrum</strong></span> <span class='ocrx_word' id='word_1_576' title='bbox 2025 4371 2118 4427; x_wconf 89' lang='lat' dir='ltr'><strong>ad-</strong></span> 
     </span>
    </p>
   </div>
   <div class='ocr_carea' id='block_1_68' title="bbox 519 4467 2115 4540">
    <p class='ocr_par' dir='ltr' id='par_1_68' title="bbox 519 4467 2115 4540">
     <span class='ocr_line' id='line_1_68' title="bbox 519 4467 2115 4540; baseline -0.001 -18"><span class='ocrx_word' id='word_1_577' title='bbox 519 4467 739 4535; x_wconf 88' lang='lat' dir='ltr'><strong>hibeat,</strong></span> <span class='ocrx_word' id='word_1_578' title='bbox 772 4483 976 4540; x_wconf 90' lang='lat' dir='ltr'><strong>pauper</strong></span> <span class='ocrx_word' id='word_1_579' title='bbox 1021 4468 1348 4524; x_wconf 91' lang='lat' dir='ltr'><strong>ministrum.</strong></span> <span class='ocrx_word' id='word_1_580' title='bbox 1378 4467 1480 4537; x_wconf 85' lang='lat' dir='ltr'><strong>Qui</strong></span> <span class='ocrx_word' id='word_1_581' title='bbox 1509 4467 1736 4538; x_wconf 85' lang='lat' dir='ltr'><strong>perfecti</strong></span> <span class='ocrx_word' id='word_1_582' title='bbox 1773 4467 2115 4523; x_wconf 89' lang='lat' dir='ltr'><strong>altitudinem</strong></span> 
     </span>
    </p>
   </div>
   <div class='ocr_carea' id='block_1_69' title="bbox 517 4561 2116 4632">
    <p class='ocr_par' dir='ltr' id='par_1_69' title="bbox 517 4561 2116 4632">
     <span class='ocr_line' id='line_1_69' title="bbox 517 4561 2116 4632; baseline 0.001 -15"><span class='ocrx_word' id='word_1_583' title='bbox 517 4561 700 4632; x_wconf 86' lang='lat' dir='ltr'><strong>capit,</strong></span> <span class='ocrx_word' id='word_1_584' title='bbox 731 4572 911 4616; x_wconf 85' lang='lat' dir='ltr'><strong>sumat</strong></span> <span class='ocrx_word' id='word_1_585' title='bbox 957 4577 1025 4618; x_wconf 89' lang='lat' dir='ltr'><strong>ex</strong></span> <span class='ocrx_word' id='word_1_586' title='bbox 1072 4563 1227 4632; x_wconf 90' lang='lat' dir='ltr'><strong>ipso:</strong></span> <span class='ocrx_word' id='word_1_587' title='bbox 1277 4562 1366 4631; x_wconf 88' lang='lat' dir='ltr'><strong>qui</strong></span> <span class='ocrx_word' id='word_1_588' title='bbox 1411 4561 1658 4632; x_wconf 81' lang='lat' dir='ltr'><strong>planiora</strong></span> <span class='ocrx_word' id='word_1_589' title='bbox 1709 4561 2012 4630; x_wconf 88' lang='lat' dir='ltr'><strong>desiderat,</strong></span> <span class='ocrx_word' id='word_1_590' title='bbox 2062 4564 2116 4618; x_wconf 91' lang='lat' dir='ltr'><strong>in</strong></span> 
     </span>
    </p>
   </div>
   <div class='ocr_carea' id='block_1_70' title="bbox 2222 3337 3815 3412">
    <p class='ocr_par' dir='ltr' id='par_1_70' title="bbox 2222 3337 3815 3412">
     <span class='ocr_line' id='line_1_70' title="bbox 2222 3337 3815 3412; baseline 0.005 -20"><span class='ocrx_word' id='word_1_591' title='bbox 2222 3337 2390 3404; x_wconf 90' lang='lat' dir='ltr'><strong>tium;</strong></span> <span class='ocrx_word' id='word_1_592' title='bbox 2421 3349 2480 3393; x_wconf 90' lang='lat' dir='ltr'><strong>ut</strong></span> <span class='ocrx_word' id='word_1_593' title='bbox 2507 3353 2600 3394; x_wconf 90' lang='lat' dir='ltr'><strong>eas</strong></span> <span class='ocrx_word' id='word_1_594' title='bbox 2643 3339 2696 3393; x_wconf 90' lang='lat' dir='ltr'><strong>in</strong></span> <span class='ocrx_word' id='word_1_595' title='bbox 2747 3339 2925 3394; x_wconf 88' lang='lat' dir='ltr'><strong>zelum</strong></span> <span class='ocrx_word' id='word_1_596' title='bbox 2969 3341 3050 3394; x_wconf 93' lang='lat' dir='ltr'><strong>sui</strong></span> <span class='ocrx_word' id='word_1_597' title='bbox 3081 3341 3317 3396; x_wconf 88' lang='lat' dir='ltr'><strong>excitent</strong></span> <span class='ocrx_word' id='word_1_598' title='bbox 3359 3350 3414 3397; x_wconf 92' lang='lat' dir='ltr'><strong>et</strong></span> <span class='ocrx_word' id='word_1_599' title='bbox 3451 3342 3815 3412; x_wconf 83' lang='lat' dir='ltr'><strong>inflamment,</strong></span> 
     </span>
    </p>
   </div>
   <div class='ocr_carea' id='block_1_71' title="bbox 2221 3428 3806 3503">
    <p class='ocr_par' dir='ltr' id='par_1_71' title="bbox 2221 3428 3806 3503">
     <span class='ocr_line' id='line_1_71' title="bbox 2221 3428 3806 3503; baseline 0.004 -19"><span class='ocrx_word' id='word_1_600' title='bbox 2221 3428 2548 3501; x_wconf 85' lang='lat' dir='ltr'><strong>triumphum</strong></span> <span class='ocrx_word' id='word_1_601' title='bbox 2578 3430 2866 3501; x_wconf 89' lang='lat' dir='ltr'><strong>quemdam</strong></span> <span class='ocrx_word' id='word_1_602' title='bbox 2901 3431 2970 3488; x_wconf 92' lang='lat' dir='ltr'><strong>de</strong></span> <span class='ocrx_word' id='word_1_603' title='bbox 2994 3431 3187 3488; x_wconf 90' lang='lat' dir='ltr'><strong>dolore</strong></span> <span class='ocrx_word' id='word_1_604' title='bbox 3228 3433 3526 3503; x_wconf 85' lang='lat' dir='ltr'><strong>probarum</strong></span> <span class='ocrx_word' id='word_1_605' title='bbox 3559 3438 3806 3492; x_wconf 85' lang='lat' dir='ltr'><strong>mentium</strong></span> 
     </span>
    </p>
   </div>
   <div class='ocr_carea' id='block_1_72' title="bbox 2220 3526 3803 3598">
    <p class='ocr_par' dir='ltr' id='par_1_72' title="bbox 2220 3526 3803 3598">
     <span class='ocr_line' id='line_1_72' title="bbox 2220 3526 3803 3598; baseline 0.004 -18"><span class='ocrx_word' id='word_1_606' title='bbox 2220 3533 2275 3581; x_wconf 90' lang='lat' dir='ltr'><strong>et</strong></span> <span class='ocrx_word' id='word_1_607' title='bbox 2310 3526 2677 3582; x_wconf 90' lang='lat' dir='ltr'><strong>commotione</strong></span> <span class='ocrx_word' id='word_1_608' title='bbox 2707 3537 3008 3598; x_wconf 86' lang='lat' dir='ltr'><strong>captantes.</strong></span> <span class='ocrx_word' id='word_1_609' title='bbox 3053 3527 3185 3596; x_wconf 59' lang='lat' dir='ltr'><strong>Quae</strong></span> <span class='ocrx_word' id='word_1_610' title='bbox 3212 3529 3556 3586; x_wconf 71' lang='lat' dir='ltr'><strong>mmulatione</strong></span> <span class='ocrx_word' id='word_1_611' title='bbox 3579 3531 3803 3587; x_wconf 83' lang='lat' dir='ltr'><strong>feminea</strong></span> 
     </span>
    </p>
   </div>
   <div class='ocr_carea' id='block_1_73' title="bbox 2221 3623 3813 3696">
    <p class='ocr_par' dir='ltr' id='par_1_73' title="bbox 2221 3623 3813 3696">
     <span class='ocr_line' id='line_1_73' title="bbox 2221 3623 3813 3696; baseline 0.003 -19"><span class='ocrx_word' id='word_1_612' title='bbox 2221 3623 2362 3678; x_wconf 91' lang='lat' dir='ltr'><strong>thori</strong></span> <span class='ocrx_word' id='word_1_613' title='bbox 2393 3623 2996 3696; x_wconf 90' lang='lat' dir='ltr'><strong>propriicontumeliam</strong></span> <span class='ocrx_word' id='word_1_614' title='bbox 3021 3641 3126 3680; x_wconf 90' lang='lat' dir='ltr'><strong>non</strong></span> <span class='ocrx_word' id='word_1_615' title='bbox 3151 3625 3414 3692; x_wconf 90' lang='lat' dir='ltr'><strong>ferentes,</strong></span> <span class='ocrx_word' id='word_1_616' title='bbox 3432 3628 3640 3683; x_wconf 83' lang='lat' dir='ltr'><strong>solvunt</strong></span> <span class='ocrx_word' id='word_1_617' title='bbox 3657 3642 3813 3684; x_wconf 84' lang='lat' dir='ltr'><strong>com-</strong></span> 
     </span>
    </p>
   </div>
   <div class='ocr_carea' id='block_1_74' title="bbox 2219 3719 3820 3792">
    <p class='ocr_par' dir='ltr' id='par_1_74' title="bbox 2219 3719 3820 3792">
     <span class='ocr_line' id='line_1_74' title="bbox 2219 3719 3820 3792; baseline 0.003 -18"><span class='ocrx_word' id='word_1_618' title='bbox 2219 3719 2402 3790; x_wconf 87' lang='lat' dir='ltr'><strong>placiti</strong></span> <span class='ocrx_word' id='word_1_619' title='bbox 2449 3719 2626 3774; x_wconf 91' lang='lat' dir='ltr'><strong>vincla</strong></span> <span class='ocrx_word' id='word_1_620' title='bbox 2653 3719 2888 3791; x_wconf 90' lang='lat' dir='ltr'><strong>conjugii</strong></span> <span class='ocrx_word' id='word_1_621' title='bbox 2909 3761 2926 3787; x_wconf 92' lang='lat'><strong>,</strong></span> <span class='ocrx_word' id='word_1_622' title='bbox 2959 3729 2982 3757; x_wconf 74' lang='grc' dir='ltr'><strong><em>ε</em></strong></span> <span class='ocrx_word' id='word_1_623' title='bbox 3011 3731 3104 3775; x_wconf 90' lang='lat' dir='ltr'><strong>aut</strong></span> <span class='ocrx_word' id='word_1_624' title='bbox 3143 3720 3458 3792; x_wconf 85' lang='lat' dir='ltr'><strong>quotidiana</strong></span> <span class='ocrx_word' id='word_1_625' title='bbox 3491 3723 3606 3778; x_wconf 82' lang='lat' dir='ltr'><strong>rixa</strong></span> <span class='ocrx_word' id='word_1_626' title='bbox 3633 3722 3820 3778; x_wconf 86' lang='lat' dir='ltr'><strong>decer-</strong></span> 
     </span>
    </p>
   </div>
   <div class='ocr_carea' id='block_1_75' title="bbox 2221 3809 3820 3882">
    <p class='ocr_par' dir='ltr' id='par_1_75' title="bbox 2221 3809 3820 3882">
     <span class='ocr_line' id='line_1_75' title="bbox 2221 3809 3820 3882; baseline 0.004 -18"><span class='ocrx_word' id='word_1_627' title='bbox 2221 3819 2365 3876; x_wconf 85' lang='lat' dir='ltr'><strong>tant;</strong></span> <span class='ocrx_word' id='word_1_628' title='bbox 2397 3809 2562 3882; x_wconf 85' lang='lat' dir='ltr'><strong>fitque</strong></span> <span class='ocrx_word' id='word_1_629' title='bbox 2589 3827 2655 3867; x_wconf 87' lang='lat' dir='ltr'><strong>ex</strong></span> <span class='ocrx_word' id='word_1_630' title='bbox 2687 3811 3028 3867; x_wconf 69' lang='lat' dir='ltr'><strong>aemulatione</strong></span> <span class='ocrx_word' id='word_1_631' title='bbox 3055 3811 3351 3880; x_wconf 90' lang='lat' dir='ltr'><strong>discordia,</strong></span> <span class='ocrx_word' id='word_1_632' title='bbox 3379 3829 3447 3868; x_wconf 92' lang='lat' dir='ltr'><strong>ex</strong></span> <span class='ocrx_word' id='word_1_633' title='bbox 3479 3813 3820 3871; x_wconf 88' lang='lat' dir='ltr'><strong>dissensione</strong></span> 
     </span>
    </p>
   </div>
   <div class='ocr_carea' id='block_1_76' title="bbox 2221 3904 3819 3979">
    <p class='ocr_par' dir='ltr' id='par_1_76' title="bbox 2221 3904 3819 3979">
     <span class='ocr_line' id='line_1_76' title="bbox 2221 3904 3819 3979; baseline 0.003 -19"><span class='ocrx_word' id='word_1_634' title='bbox 2221 3904 2504 3961; x_wconf 87' lang='lat' dir='ltr'><strong>dissidium</strong></span> <span class='ocrx_word' id='word_1_635' title='bbox 2523 3947 2538 3972; x_wconf 92' lang='lat'><strong>,</strong></span> <span class='ocrx_word' id='word_1_636' title='bbox 2569 3921 2674 3976; x_wconf 91' lang='lat' dir='ltr'><strong>quo</strong></span> <span class='ocrx_word' id='word_1_637' title='bbox 2698 3905 2891 3960; x_wconf 89' lang='lat' dir='ltr'><strong>domus</strong></span> <span class='ocrx_word' id='word_1_638' title='bbox 2920 3915 3031 3960; x_wconf 91' lang='lat' dir='ltr'><strong>tota</strong></span> <span class='ocrx_word' id='word_1_639' title='bbox 3072 3905 3336 3961; x_wconf 88' lang='lat' dir='ltr'><strong>turbetur.</strong></span> <span class='ocrx_word' id='word_1_640' title='bbox 3372 3906 3643 3978; x_wconf 86' lang='lat' dir='ltr'><strong>Exemplo</strong></span> <span class='ocrx_word' id='word_1_641' title='bbox 3663 3909 3819 3979; x_wconf 84' lang='lat' dir='ltr'><strong>igitur</strong></span> 
     </span>
    </p>
   </div>
   <div class='ocr_carea' id='block_1_77' title="bbox 2223 3999 3812 4072">
    <p class='ocr_par' dir='ltr' id='par_1_77' title="bbox 2223 3999 3812 4072">
     <span class='ocr_line' id='line_1_77' title="bbox 2223 3999 3812 4072; baseline 0.001 -16"><span class='ocrx_word' id='word_1_642' title='bbox 2223 4011 2492 4071; x_wconf 78' lang='lat' dir='ltr'><strong>protervae</strong></span> <span class='ocrx_word' id='word_1_643' title='bbox 2532 4000 2775 4056; x_wconf 88' lang='lat' dir='ltr'><strong>mulieris</strong></span> <span class='ocrx_word' id='word_1_644' title='bbox 2819 4015 3089 4071; x_wconf 83' lang='lat' dir='ltr'><strong>cognosce</strong></span> <span class='ocrx_word' id='word_1_645' title='bbox 3130 3999 3220 4071; x_wconf 89' lang='lat' dir='ltr'><strong>qui</strong></span> <span class='ocrx_word' id='word_1_646' title='bbox 3269 4001 3433 4072; x_wconf 89' lang='lat' dir='ltr'><strong>legis,</strong></span> <span class='ocrx_word' id='word_1_647' title='bbox 3481 4011 3668 4071; x_wconf 88' lang='lat' dir='ltr'><strong>partes</strong></span> <span class='ocrx_word' id='word_1_648' title='bbox 3705 4017 3812 4058; x_wconf 86' lang='lat' dir='ltr'><strong>esse</strong></span> 
     </span>
    </p>
   </div>
   <div class='ocr_carea' id='block_1_78' title="bbox 2221 4093 3806 4167">
    <p class='ocr_par' dir='ltr' id='par_1_78' title="bbox 2221 4093 3806 4167">
     <span class='ocr_line' id='line_1_78' title="bbox 2221 4093 3806 4167; baseline -0.001 -17"><span class='ocrx_word' id='word_1_649' title='bbox 2221 4095 2570 4167; x_wconf 66' lang='lat' dir='ltr'><strong>nequissima:</strong></span> <span class='ocrx_word' id='word_1_650' title='bbox 2597 4093 3042 4165; x_wconf 85' lang='lat' dir='ltr'><strong>detestabilisque</strong></span> <span class='ocrx_word' id='word_1_651' title='bbox 3066 4095 3342 4162; x_wconf 58' lang='lat' dir='ltr'><strong>versutia},</strong></span> <span class='ocrx_word' id='word_1_652' title='bbox 3379 4093 3635 4163; x_wconf 84' lang='lat' dir='ltr'><strong>improba</strong></span> <span class='ocrx_word' id='word_1_653' title='bbox 3661 4110 3806 4150; x_wconf 65' lang='lat' dir='ltr'><strong>amu-</strong></span> 
     </span>
    </p>
   </div>
   <div class='ocr_carea' id='block_1_79' title="bbox 2221 4185 3808 4258">
    <p class='ocr_par' dir='ltr' id='par_1_79' title="bbox 2221 4185 3808 4258">
     <span class='ocr_line' id='line_1_79' title="bbox 2221 4185 3808 4258; baseline 0.001 -17"><span class='ocrx_word' id='word_1_654' title='bbox 2221 4186 2423 4244; x_wconf 90' lang='lat' dir='ltr'><strong>latione</strong></span> <span class='ocrx_word' id='word_1_655' title='bbox 2463 4188 2686 4243; x_wconf 88' lang='lat' dir='ltr'><strong>alterius</strong></span> <span class='ocrx_word' id='word_1_656' title='bbox 2714 4189 2954 4242; x_wconf 89' lang='lat' dir='ltr'><strong>animam</strong></span> <span class='ocrx_word' id='word_1_657' title='bbox 2989 4201 3376 4242; x_wconf 87' lang='lat' dir='ltr'><strong>commovere:</strong></span> <span class='ocrx_word' id='word_1_658' title='bbox 3411 4185 3674 4258; x_wconf 84' lang='lat' dir='ltr'><strong>aliudque</strong></span> <span class='ocrx_word' id='word_1_659' title='bbox 3700 4201 3808 4244; x_wconf 70' lang='lat' dir='ltr'><strong>es$c</strong></span> 
     </span>
    </p>
   </div>
   <div class='ocr_carea' id='block_1_80' title="bbox 2221 4277 3813 4350">
    <p class='ocr_par' dir='ltr' id='par_1_80' title="bbox 2221 4277 3813 4350">
     <span class='ocr_line' id='line_1_80' title="bbox 2221 4277 3813 4350; baseline -0.002 -13"><span class='ocrx_word' id='word_1_660' title='bbox 2221 4281 2433 4350; x_wconf 84' lang='lat' dir='ltr'><strong>zelum,</strong></span> <span class='ocrx_word' id='word_1_661' title='bbox 2463 4280 2608 4337; x_wconf 84' lang='lat' dir='ltr'><strong>aliud</strong></span> <span class='ocrx_word' id='word_1_662' title='bbox 2640 4280 2970 4350; x_wconf 86' lang='lat' dir='ltr'><strong>parazelum.</strong></span> <span class='ocrx_word' id='word_1_663' title='bbox 3014 4279 3140 4334; x_wconf 79' lang='lat' dir='ltr'><strong>Haec</strong></span> <span class='ocrx_word' id='word_1_664' title='bbox 3171 4287 3255 4335; x_wconf 92' lang='lat' dir='ltr'><strong>est</strong></span> <span class='ocrx_word' id='word_1_665' title='bbox 3281 4277 3427 4334; x_wconf 89' lang='lat' dir='ltr'><strong>enim</strong></span> <span class='ocrx_word' id='word_1_666' title='bbox 3454 4293 3624 4349; x_wconf 86' lang='lat' dir='ltr'><strong>prava</strong></span> <span class='ocrx_word' id='word_1_667' title='bbox 3653 4295 3813 4335; x_wconf 68' lang='lat' dir='ltr'><strong>mmo-</strong></span> 
     </span>
    </p>
   </div>
   <div class='ocr_carea' id='block_1_81' title="bbox 2223 4371 3815 4446">
    <p class='ocr_par' dir='ltr' id='par_1_81' title="bbox 2223 4371 3815 4446">
     <span class='ocr_line' id='line_1_81' title="bbox 2223 4371 3815 4446; baseline -0.003 -16"><span class='ocrx_word' id='word_1_668' title='bbox 2223 4375 2389 4441; x_wconf 90' lang='lat' dir='ltr'><strong>latio,</strong></span> <span class='ocrx_word' id='word_1_669' title='bbox 2417 4389 2538 4446; x_wconf 78' lang='lat' dir='ltr'><strong>qua:</strong></span> <span class='ocrx_word' id='word_1_670' title='bbox 2568 4373 2831 4428; x_wconf 89' lang='lat' dir='ltr'><strong>bonorum</strong></span> <span class='ocrx_word' id='word_1_671' title='bbox 2875 4372 3143 4429; x_wconf 89' lang='lat' dir='ltr'><strong>subintrat</strong></span> <span class='ocrx_word' id='word_1_672' title='bbox 3183 4371 3474 4426; x_wconf 70' lang='lat' dir='ltr'><strong>allectum:</strong></span> <span class='ocrx_word' id='word_1_673' title='bbox 3507 4388 3612 4442; x_wconf 89' lang='lat' dir='ltr'><strong>qua</strong></span> <span class='ocrx_word' id='word_1_674' title='bbox 3655 4373 3815 4428; x_wconf 87' lang='lat' dir='ltr'><strong>etiam</strong></span> 
     </span>
    </p>
   </div>
   <div class='ocr_carea' id='block_1_82' title="bbox 2221 4463 3815 4536">
    <p class='ocr_par' dir='ltr' id='par_1_82' title="bbox 2221 4463 3815 4536">
     <span class='ocr_line' id='line_1_82' title="bbox 2221 4463 3815 4536; baseline -0.003 -12"><span class='ocrx_word' id='word_1_675' title='bbox 2221 4467 2441 4524; x_wconf 68' lang='lat' dir='ltr'><strong>Judaaus</strong></span> <span class='ocrx_word' id='word_1_676' title='bbox 2465 4465 2671 4523; x_wconf 84' lang='lat' dir='ltr'><strong>erravit</strong></span> <span class='ocrx_word' id='word_1_677' title='bbox 2700 4464 2720 4504; x_wconf 67' lang='grc' dir='ltr'><strong>ί</strong></span> <span class='ocrx_word' id='word_1_678' title='bbox 2751 4467 2840 4536; x_wconf 92' lang='lat' dir='ltr'><strong>qui</strong></span> <span class='ocrx_word' id='word_1_679' title='bbox 2865 4481 2893 4520; x_wconf 92' lang='lat' dir='ltr'><strong>a</strong></span> <span class='ocrx_word' id='word_1_680' title='bbox 2923 4480 3052 4521; x_wconf 89' lang='lat' dir='ltr'><strong>vero</strong></span> <span class='ocrx_word' id='word_1_681' title='bbox 3077 4475 3132 4520; x_wconf 90' lang='lat' dir='ltr'><strong>et</strong></span> <span class='ocrx_word' id='word_1_682' title='bbox 3161 4464 3302 4519; x_wconf 84' lang='lat' dir='ltr'><strong>bono</strong></span> <span class='ocrx_word' id='word_1_683' title='bbox 3330 4463 3678 4536; x_wconf 77' lang='lat' dir='ltr'><strong>Evangelica:</strong></span> <span class='ocrx_word' id='word_1_684' title='bbox 3705 4466 3815 4520; x_wconf 90' lang='lat' dir='ltr'><strong>dis-</strong></span> 
     </span>
    </p>
   </div>
   <div class='ocr_carea' id='block_1_83' title="bbox 2221 4559 3820 4636">
    <p class='ocr_par' dir='ltr' id='par_1_83' title="bbox 2221 4559 3820 4636">
     <span class='ocr_line' id='line_1_83' title="bbox 2221 4559 3820 4636; baseline -0.004 -15"><span class='ocrx_word' id='word_1_685' title='bbox 2221 4564 2435 4636; x_wconf 78' lang='lat' dir='ltr'><strong>ciplina:</strong></span> <span class='ocrx_word' id='word_1_686' title='bbox 2457 4563 2671 4630; x_wconf 89' lang='lat' dir='ltr'><strong>itinere,</strong></span> <span class='ocrx_word' id='word_1_687' title='bbox 2693 4561 2848 4618; x_wconf 88' lang='lat' dir='ltr'><strong>devia</strong></span> <span class='ocrx_word' id='word_1_688' title='bbox 2871 4560 3028 4632; x_wconf 89' lang='lat' dir='ltr'><strong>Legis</strong></span> <span class='ocrx_word' id='word_1_689' title='bbox 3049 4559 3395 4616; x_wconf 59' lang='lat' dir='ltr'><strong>aemulatione</strong></span> <span class='ocrx_word' id='word_1_690' title='bbox 3411 4559 3658 4628; x_wconf 84' lang='lat' dir='ltr'><strong>deﬂexit,</strong></span> <span class='ocrx_word' id='word_1_691' title='bbox 3681 4561 3820 4617; x_wconf 83' lang='lat' dir='ltr'><strong>sicut</strong></span> 
     </span>
    </p>
   </div>
   <div class='ocr_carea' id='block_1_84' title="bbox 517 4643 3816 4728">
    <p class='ocr_par' dir='ltr' id='par_1_84' title="bbox 517 4643 3816 4728">
     <span class='ocr_line' id='line_1_84' title="bbox 517 4643 3816 4728; baseline -0.002 -17"><span class='ocrx_word' id='word_1_692' title='bbox 517 4655 658 4712; x_wconf 85' lang='lat' dir='ltr'><strong>valle</strong></span> <span class='ocrx_word' id='word_1_693' title='bbox 689 4664 962 4726; x_wconf 89' lang='lat' dir='ltr'><strong>pascatur,</strong></span> <span class='ocrx_word' id='word_1_694' title='bbox 991 4666 1050 4711; x_wconf 92' lang='lat' dir='ltr'><strong>ut</strong></span> <span class='ocrx_word' id='word_1_695' title='bbox 1080 4655 1354 4725; x_wconf 88' lang='lat' dir='ltr'><strong>parvulus.</strong></span> <span class='ocrx_word' id='word_1_696' title='bbox 1393 4654 1498 4724; x_wconf 87' lang='lat' dir='ltr'><strong>Qui</strong></span> <span class='ocrx_word' id='word_1_697' title='bbox 1528 4654 1748 4710; x_wconf 82' lang='lat' dir='ltr'><strong>ﬂuvium</strong></span> <span class='ocrx_word' id='word_1_698' title='bbox 1782 4656 2005 4722; x_wconf 88' lang='lat' dir='ltr'><strong>metuit,</strong></span> <span class='ocrx_word' id='word_1_699' title='bbox 2048 4654 2117 4710; x_wconf 91' lang='lat' dir='ltr'><strong>de</strong></span> <span class='ocrx_word' id='word_1_700' title='bbox 2144 4643 2195 4704; x_wconf 86' lang='lat' dir='ltr'><strong>D</strong></span> <span class='ocrx_word' id='word_1_701' title='bbox 2221 4659 2288 4715; x_wconf 92' lang='lat' dir='ltr'><strong>de</strong></span> <span class='ocrx_word' id='word_1_702' title='bbox 2311 4673 2370 4714; x_wconf 91' lang='lat' dir='ltr'><strong>se</strong></span> <span class='ocrx_word' id='word_1_703' title='bbox 2393 4656 2686 4728; x_wconf 83' lang='lat' dir='ltr'><strong>Apostolus</strong></span> <span class='ocrx_word' id='word_1_704' title='bbox 2724 4656 2802 4712; x_wconf 90' lang='lat' dir='ltr'><strong>ait</strong></span> <span class='ocrx_word' id='word_1_705' title='bbox 2826 4653 3062 4727; x_wconf 85' lang='lat' dir='ltr'><strong>(Philip.</strong></span> <span class='ocrx_word' id='word_1_706' title='bbox 3093 4668 3174 4720; x_wconf 83' lang='lat' dir='ltr'><strong>Ill,</strong></span> <span class='ocrx_word' id='word_1_707' title='bbox 3202 4653 3305 4722; x_wconf 82' lang='lat'><strong>6),</strong></span> <span class='ocrx_word' id='word_1_708' title='bbox 3340 4653 3484 4724; x_wconf 92' lang='lat' dir='ltr'><strong>quod</strong></span> <span class='ocrx_word' id='word_1_709' title='bbox 3513 4654 3816 4710; x_wconf 88' lang='lat' dir='ltr'><strong>secundum</strong></span> 
     </span>
    </p>
   </div>
   <div class='ocr_carea' id='block_1_85' title="bbox 513 4747 2114 4820">
    <p class='ocr_par' dir='ltr' id='par_1_85' title="bbox 513 4747 2114 4820">
     <span class='ocr_line' id='line_1_85' title="bbox 513 4747 2114 4820; baseline 0.001 -16"><span class='ocrx_word' id='word_1_710' title='bbox 513 4747 692 4805; x_wconf 89' lang='lat' dir='ltr'><strong>rivulo</strong></span> <span class='ocrx_word' id='word_1_711' title='bbox 718 4759 741 4787; x_wconf 80' lang='grc' dir='ltr'><strong>ο</strong></span> <span class='ocrx_word' id='word_1_712' title='bbox 789 4747 974 4805; x_wconf 84' lang='lat' dir='ltr'><strong>bibat:</strong></span> <span class='ocrx_word' id='word_1_713' title='bbox 1024 4757 1078 4805; x_wconf 90' lang='lat' dir='ltr'><strong>et</strong></span> <span class='ocrx_word' id='word_1_714' title='bbox 1119 4748 1210 4819; x_wconf 88' lang='lat' dir='ltr'><strong>qui</strong></span> <span class='ocrx_word' id='word_1_715' title='bbox 1240 4747 1565 4820; x_wconf 89' lang='lat' dir='ltr'><strong>profundum</strong></span> <span class='ocrx_word' id='word_1_716' title='bbox 1608 4759 1797 4819; x_wconf 90' lang='lat' dir='ltr'><strong>pavet,</strong></span> <span class='ocrx_word' id='word_1_717' title='bbox 1851 4748 1917 4804; x_wconf 90' lang='lat' dir='ltr'><strong>ad</strong></span> <span class='ocrx_word' id='word_1_718' title='bbox 1963 4748 2114 4805; x_wconf 86' lang='lat' dir='ltr'><strong>littus</strong></span> 
     </span>
    </p>
   </div>
   <div class='ocr_carea' id='block_1_86' title="bbox 517 4841 2117 4916">
    <p class='ocr_par' dir='ltr' id='par_1_86' title="bbox 517 4841 2117 4916">
     <span class='ocr_line' id='line_1_86' title="bbox 517 4841 2117 4916; baseline 0.002 -17"><span class='ocrx_word' id='word_1_719' title='bbox 517 4850 723 4899; x_wconf 88' lang='lat' dir='ltr'><strong>enatet.</strong></span> <span class='ocrx_word' id='word_1_720' title='bbox 770 4841 1006 4900; x_wconf 84' lang='lat' dir='ltr'><strong>Pulchre</strong></span> <span class='ocrx_word' id='word_1_721' title='bbox 1046 4855 1230 4899; x_wconf 86' lang='lat' dir='ltr'><strong>autem</strong></span> <span class='ocrx_word' id='word_1_722' title='bbox 1267 4849 1488 4899; x_wconf 89' lang='lat' dir='ltr'><strong>sanctus</strong></span> <span class='ocrx_word' id='word_1_723' title='bbox 1527 4842 1697 4899; x_wconf 87' lang='lat' dir='ltr'><strong>David</strong></span> <span class='ocrx_word' id='word_1_724' title='bbox 1739 4843 1792 4898; x_wconf 89' lang='lat' dir='ltr'><strong>in</strong></span> <span class='ocrx_word' id='word_1_725' title='bbox 1837 4845 2117 4916; x_wconf 89' lang='lat' dir='ltr'><strong>superiore</strong></span> 
     </span>
    </p>
   </div>
   <div class='ocr_carea' id='block_1_87' title="bbox 515 4935 2117 5010">
    <p class='ocr_par' dir='ltr' id='par_1_87' title="bbox 515 4935 2117 5010">
     <span class='ocr_line' id='line_1_87' title="bbox 515 4935 2117 5010; baseline 0.002 -18"><span class='ocrx_word' id='word_1_726' title='bbox 515 4936 728 5008; x_wconf 87' lang='lat' dir='ltr'><strong>psalmo</strong></span> <span class='ocrx_word' id='word_1_727' title='bbox 779 4935 968 4997; x_wconf 83' lang='lat' dir='ltr'><strong>(Psal.</strong></span> <span class='ocrx_word' id='word_1_728' title='bbox 998 4935 1175 5006; x_wconf 81' lang='lat' dir='ltr'><strong>xxxv)</strong></span> <span class='ocrx_word' id='word_1_729' title='bbox 1230 4937 1415 5010; x_wconf 88' lang='lat' dir='ltr'><strong>injusti</strong></span> <span class='ocrx_word' id='word_1_730' title='bbox 1466 4937 1630 4992; x_wconf 87' lang='lat' dir='ltr'><strong>vitam</strong></span> <span class='ocrx_word' id='word_1_731' title='bbox 1677 4936 1973 5007; x_wconf 90' lang='lat' dir='ltr'><strong>describit,</strong></span> <span class='ocrx_word' id='word_1_732' title='bbox 2031 4940 2117 4996; x_wconf 87' lang='lat' dir='ltr'><strong>hic</strong></span> 
     </span>
    </p>
   </div>
   <div class='ocr_carea' id='block_1_88' title="bbox 511 5026 2111 5101">
    <p class='ocr_par' dir='ltr' id='par_1_88' title="bbox 511 5026 2111 5101">
     <span class='ocr_line' id='line_1_88' title="bbox 511 5026 2111 5101; baseline 0.003 -18"><span class='ocrx_word' id='word_1_733' title='bbox 511 5026 676 5098; x_wconf 88' lang='lat' dir='ltr'><strong>justi;</strong></span> <span class='ocrx_word' id='word_1_734' title='bbox 707 5027 782 5084; x_wconf 89' lang='lat' dir='ltr'><strong>ibi</strong></span> <span class='ocrx_word' id='word_1_735' title='bbox 818 5027 1048 5100; x_wconf 88' lang='lat' dir='ltr'><strong>injustus</strong></span> <span class='ocrx_word' id='word_1_736' title='bbox 1086 5028 1412 5101; x_wconf 87' lang='lat' dir='ltr'><strong>exponitur,</strong></span> <span class='ocrx_word' id='word_1_737' title='bbox 1440 5027 1528 5084; x_wconf 91' lang='lat' dir='ltr'><strong>bic</strong></span> <span class='ocrx_word' id='word_1_738' title='bbox 1564 5029 1742 5100; x_wconf 89' lang='lat' dir='ltr'><strong>justus</strong></span> <span class='ocrx_word' id='word_1_739' title='bbox 1784 5031 2111 5100; x_wconf 89' lang='lat' dir='ltr'><strong>instituitur;</strong></span> 
     </span>
    </p>
   </div>
   <div class='ocr_carea' id='block_1_89' title="bbox 594 5143 2119 5219">
    <p class='ocr_par' dir='ltr' id='par_1_89' title="bbox 594 5143 2119 5219">
     <span class='ocr_line' id='line_1_89' title="bbox 594 5143 2119 5219; baseline 0.002 -20"><span class='ocrx_word' id='word_1_740' title='bbox 594 5150 622 5219; x_wconf 67' lang='grc' dir='ltr'><strong>ξι</strong></span> <span class='ocrx_word' id='word_1_741' title='bbox 665 5143 795 5200; x_wconf 85' lang='lat' dir='ltr'><strong>Mss.</strong></span> <span class='ocrx_word' id='word_1_742' title='bbox 843 5145 1088 5219; x_wconf 83' lang='lat' dir='ltr'><strong>proxime</strong></span> <span class='ocrx_word' id='word_1_743' title='bbox 1117 5144 1372 5219; x_wconf 74' lang='lat' dir='ltr'><strong>laudati,</strong></span> <span class='ocrx_word' id='word_1_744' title='bbox 1428 5145 1878 5200; x_wconf 86' lang='lat' dir='ltr'><strong>commutationem</strong></span> <span class='ocrx_word' id='word_1_745' title='bbox 1919 5163 2119 5219; x_wconf 87' lang='lat' dir='ltr'><strong>quoque</strong></span> 
     </span>
    </p>
   </div>
   <div class='ocr_carea' id='block_1_90' title="bbox 517 5215 1587 5287">
    <p class='ocr_par' dir='ltr' id='par_1_90' title="bbox 517 5215 1587 5287">
     <span class='ocr_line' id='line_1_90' title="bbox 517 5215 1587 5287; baseline 0.004 -21"><span class='ocrx_word' id='word_1_746' title='bbox 517 5215 873 5287; x_wconf 76' lang='lat' dir='ltr'><strong>universorum</strong></span> <span class='ocrx_word' id='word_1_747' title='bbox 893 5215 1074 5286; x_wconf 80' lang='lat' dir='ltr'><strong>futura</strong></span> <span class='ocrx_word' id='word_1_748' title='bbox 1096 5216 1217 5287; x_wconf 81' lang='lat' dir='ltr'><strong>ﬁdei</strong></span> <span class='ocrx_word' id='word_1_749' title='bbox 1244 5227 1587 5271; x_wconf 86' lang='lat' dir='ltr'><strong>sacramenta.</strong></span> 
     </span>
    </p>
   </div>
   <div class='ocr_carea' id='block_1_91' title="bbox 587 5286 2114 5370">
    <p class='ocr_par' dir='ltr' id='par_1_91' title="bbox 587 5286 2114 5370">
     <span class='ocr_line' id='line_1_91' title="bbox 587 5286 2114 5370; baseline 0.001 -28"><span class='ocrx_word' id='word_1_750' title='bbox 587 5286 615 5326; x_wconf 69' lang='grc' dir='ltr'>δ</span> <span class='ocrx_word' id='word_1_751' title='bbox 655 5287 822 5370; x_wconf 65' lang='lat' dir='ltr'><strong>[idem</strong></span> <span class='ocrx_word' id='word_1_752' title='bbox 845 5302 1002 5370; x_wconf 89' lang='lat' dir='ltr'><strong>mss.,</strong></span> <span class='ocrx_word' id='word_1_753' title='bbox 1026 5297 1074 5342; x_wconf 88' lang='lat' dir='ltr'><strong>et</strong></span> <span class='ocrx_word' id='word_1_754' title='bbox 1093 5286 1298 5344; x_wconf 86' lang='lat' dir='ltr'><strong>lucidus</strong></span> <span class='ocrx_word' id='word_1_755' title='bbox 1316 5298 1411 5357; x_wconf 85' lang='lat' dir='ltr'><strong>est,</strong></span> <span class='ocrx_word' id='word_1_756' title='bbox 1433 5289 1530 5343; x_wconf 88' lang='lat' dir='ltr'><strong>iste</strong></span> <span class='ocrx_word' id='word_1_757' title='bbox 1552 5298 1719 5344; x_wconf 86' lang='lat' dir='ltr'><strong>tamen</strong></span> <span class='ocrx_word' id='word_1_758' title='bbox 1744 5289 1908 5345; x_wconf 87' lang='lat' dir='ltr'><strong>multo</strong></span> <span class='ocrx_word' id='word_1_759' title='bbox 1927 5290 2114 5362; x_wconf 82' lang='lat' dir='ltr'><strong>magis,</strong></span> 
     </span>
    </p>
   </div>
   <div class='ocr_carea' id='block_1_92' title="bbox 521 5369 937 5432">
    <p class='ocr_par' dir='ltr' id='par_1_92' title="bbox 521 5369 937 5432">
     <span class='ocr_line' id='line_1_92' title="bbox 521 5369 937 5432; baseline -0.002 -17"><span class='ocrx_word' id='word_1_760' title='bbox 521 5375 766 5432; x_wconf 61' lang='lat' dir='ltr'><strong>quoniam</strong></span> <span class='ocrx_word' id='word_1_761' title='bbox 783 5400 798 5424; x_wconf 90' lang='lat'><strong>,</strong></span> <span class='ocrx_word' id='word_1_762' title='bbox 831 5369 937 5432; x_wconf 89' lang='lat' dir='ltr'><strong>etc.</strong></span> 
     </span>
    </p>
   </div>
   <div class='ocr_carea' id='block_1_93' title="bbox 591 5429 2114 5505">
    <p class='ocr_par' dir='ltr' id='par_1_93' title="bbox 591 5429 2114 5505">
     <span class='ocr_line' id='line_1_93' title="bbox 591 5429 2114 5505; baseline 0.001 -19"><span class='ocrx_word' id='word_1_763' title='bbox 591 5442 614 5471; x_wconf 77' lang='grc' dir='ltr'><strong>ο</strong></span> <span class='ocrx_word' id='word_1_764' title='bbox 653 5429 780 5487; x_wconf 82' lang='lat' dir='ltr'><strong>Mss.</strong></span> <span class='ocrx_word' id='word_1_765' title='bbox 813 5431 1076 5503; x_wconf 88' lang='lat' dir='ltr'><strong>quinque,</strong></span> <span class='ocrx_word' id='word_1_766' title='bbox 1108 5429 1263 5499; x_wconf 89' lang='lat' dir='ltr'><strong>bibit,</strong></span> <span class='ocrx_word' id='word_1_767' title='bbox 1293 5443 1338 5486; x_wconf 87' lang='lat' dir='ltr'><strong>et</strong></span> <span class='ocrx_word' id='word_1_768' title='bbox 1366 5431 1452 5504; x_wconf 84' lang='lat' dir='ltr'><strong>qui</strong></span> <span class='ocrx_word' id='word_1_769' title='bbox 1482 5431 1796 5504; x_wconf 76' lang='lat' dir='ltr'><strong>profundum</strong></span> <span class='ocrx_word' id='word_1_770' title='bbox 1822 5433 2018 5505; x_wconf 82' lang='lat' dir='ltr'><strong>putauit</strong></span> <span class='ocrx_word' id='word_1_771' title='bbox 2045 5433 2114 5487; x_wconf 90' lang='lat' dir='ltr'><strong>ad</strong></span> 
     </span>
    </p>
   </div>
   <div class='ocr_carea' id='block_1_94' title="bbox 519 5504 893 5560">
    <p class='ocr_par' dir='ltr' id='par_1_94' title="bbox 519 5504 893 5560">
     <span class='ocr_line' id='line_1_94' title="bbox 519 5504 893 5560; baseline -0.005 0"><span class='ocrx_word' id='word_1_772' title='bbox 519 5504 698 5560; x_wconf 81' lang='lat' dir='ltr'><strong>littora</strong></span> <span class='ocrx_word' id='word_1_773' title='bbox 726 5513 893 5558; x_wconf 86' lang='lat' dir='ltr'><strong>natat.</strong></span> 
     </span>
    </p>
   </div>
   <div class='ocr_carea' id='block_1_95' title="bbox 587 5573 2111 5642">
    <p class='ocr_par' dir='ltr' id='par_1_95' title="bbox 587 5573 2111 5642">
     <span class='ocr_line' id='line_1_95' title="bbox 587 5573 2111 5642; baseline 0 -12"><span class='ocrx_word' id='word_1_774' title='bbox 587 5573 615 5612; x_wconf 76' lang='grc' dir='ltr'><strong><em>ἀ</em></strong></span> <span class='ocrx_word' id='word_1_775' title='bbox 653 5575 813 5630; x_wconf 81' lang='lat' dir='ltr'><strong>Rom.</strong></span> <span class='ocrx_word' id='word_1_776' title='bbox 849 5575 980 5632; x_wconf 91' lang='lat' dir='ltr'><strong>edit.</strong></span> <span class='ocrx_word' id='word_1_777' title='bbox 1028 5576 1190 5642; x_wconf 90' lang='lat' dir='ltr'><strong>sola.,</strong></span> <span class='ocrx_word' id='word_1_778' title='bbox 1237 5574 1365 5630; x_wconf 86' lang='lat' dir='ltr'><strong>Noli</strong></span> <span class='ocrx_word' id='word_1_779' title='bbox 1407 5575 1737 5630; x_wconf 69' lang='lat' dir='ltr'><strong>subd-mutari</strong></span> <span class='ocrx_word' id='word_1_780' title='bbox 1782 5577 1918 5631; x_wconf 90' lang='lat' dir='ltr'><strong>inter</strong></span> <span class='ocrx_word' id='word_1_781' title='bbox 1957 5578 2111 5631; x_wconf 87' lang='lat' dir='ltr'><strong>mali-</strong></span> 
     </span>
    </p>
   </div>
   <div class='ocr_carea' id='block_1_96' title="bbox 511 5645 2111 5721">
    <p class='ocr_par' dir='ltr' id='par_1_96' title="bbox 511 5645 2111 5721">
     <span class='ocr_line' id='line_1_96' title="bbox 511 5645 2111 5721; baseline 0.001 -19"><span class='ocrx_word' id='word_1_782' title='bbox 511 5658 745 5721; x_wconf 79' lang='lat' dir='ltr'><strong>gnantes.</strong></span> <span class='ocrx_word' id='word_1_783' title='bbox 786 5645 1017 5703; x_wconf 88' lang='lat' dir='ltr'><strong>Primum</strong></span> <span class='ocrx_word' id='word_1_784' title='bbox 1043 5647 1305 5721; x_wconf 76' lang='lat' dir='ltr'><strong>discamus</strong></span> <span class='ocrx_word' id='word_1_785' title='bbox 1326 5648 1448 5717; x_wconf 86' lang='lat' dir='ltr'><strong>quid</strong></span> <span class='ocrx_word' id='word_1_786' title='bbox 1477 5649 1543 5702; x_wconf 85' lang='lat' dir='ltr'><strong>sit</strong></span> <span class='ocrx_word' id='word_1_787' title='bbox 1571 5646 1896 5702; x_wconf 78' lang='lat' dir='ltr'><strong>subtemulari</strong></span> <span class='ocrx_word' id='word_1_788' title='bbox 1913 5650 1939 5703; x_wconf 86' lang='lat'><strong><em>?</em></strong></span> <span class='ocrx_word' id='word_1_789' title='bbox 1962 5649 2111 5704; x_wconf 83' lang='lat' dir='ltr'><strong>Hanc</strong></span> 
     </span>
    </p>
   </div>
   <div class='ocr_carea' id='block_1_97' title="bbox 509 5718 2107 5791">
    <p class='ocr_par' dir='ltr' id='par_1_97' title="bbox 509 5718 2107 5791">
     <span class='ocr_line' id='line_1_97' title="bbox 509 5718 2107 5791; baseline 0 -17"><span class='ocrx_word' id='word_1_790' title='bbox 509 5718 729 5791; x_wconf 59' lang='lat' dir='ltr'><strong>Quidem</strong></span> <span class='ocrx_word' id='word_1_791' title='bbox 757 5721 1058 5791; x_wconf 17' lang='lat' dir='ltr'><strong>lectionem,</strong></span> <span class='ocrx_word' id='word_1_792' title='bbox 1075 5718 1324 5775; x_wconf 91' lang='lat' dir='ltr'><strong>videntur</strong></span> <span class='ocrx_word' id='word_1_793' title='bbox 1345 5733 1410 5774; x_wconf 85' lang='lat' dir='ltr'><strong>ea</strong></span> <span class='ocrx_word' id='word_1_794' title='bbox 1438 5735 1558 5788; x_wconf 76' lang='lat' dir='ltr'><strong>quze</strong></span> <span class='ocrx_word' id='word_1_795' title='bbox 1586 5731 1904 5790; x_wconf 89' lang='lat' dir='ltr'><strong>sequuntur,</strong></span> <span class='ocrx_word' id='word_1_796' title='bbox 1919 5729 2107 5791; x_wconf 89' lang='lat' dir='ltr'><strong>postu-</strong></span> 
     </span>
    </p>
   </div>
   <div class='ocr_carea' id='block_1_98' title="bbox 511 5789 2112 5862">
    <p class='ocr_par' dir='ltr' id='par_1_98' title="bbox 511 5789 2112 5862">
     <span class='ocr_line' id='line_1_98' title="bbox 511 5789 2112 5862; baseline 0.001 -17"><span class='ocrx_word' id='word_1_797' title='bbox 511 5789 660 5858; x_wconf 81' lang='lat' dir='ltr'><strong>lare;</strong></span> <span class='ocrx_word' id='word_1_798' title='bbox 691 5790 788 5846; x_wconf 88' lang='lat' dir='ltr'><strong>sed</strong></span> <span class='ocrx_word' id='word_1_799' title='bbox 814 5807 912 5862; x_wconf 84' lang='lat' dir='ltr'><strong>nos</strong></span> <span class='ocrx_word' id='word_1_800' title='bbox 935 5807 1002 5849; x_wconf 85' lang='lat' dir='ltr'><strong>ex</strong></span> <span class='ocrx_word' id='word_1_801' title='bbox 1036 5790 1142 5847; x_wconf 81' lang='lat' dir='ltr'><strong>fide</strong></span> <span class='ocrx_word' id='word_1_802' title='bbox 1176 5792 1332 5847; x_wconf 80' lang='lat' dir='ltr'><strong>verba</strong></span> <span class='ocrx_word' id='word_1_803' title='bbox 1369 5805 1500 5844; x_wconf 88' lang='lat' dir='ltr'><strong>mss.</strong></span> <span class='ocrx_word' id='word_1_804' title='bbox 1533 5802 1588 5845; x_wconf 89' lang='lat' dir='ltr'><strong>et</strong></span> <span class='ocrx_word' id='word_1_805' title='bbox 1615 5789 1722 5846; x_wconf 79' lang='lat' dir='ltr'><strong>vet.</strong></span> <span class='ocrx_word' id='word_1_806' title='bbox 1752 5791 1882 5846; x_wconf 87' lang='lat' dir='ltr'><strong>edit.</strong></span> <span class='ocrx_word' id='word_1_807' title='bbox 1909 5789 2112 5862; x_wconf 68' lang='lat' dir='ltr'><strong>reprac-</strong></span> 
     </span>
    </p>
   </div>
   <div class='ocr_carea' id='block_1_99' title="bbox 510 5861 2110 5935">
    <p class='ocr_par' dir='ltr' id='par_1_99' title="bbox 510 5861 2110 5935">
     <span class='ocr_line' id='line_1_99' title="bbox 510 5861 2110 5935; baseline -0.001 -15"><span class='ocrx_word' id='word_1_808' title='bbox 510 5871 807 5920; x_wconf 81' lang='lat' dir='ltr'><strong>seutamus.</strong></span> <span class='ocrx_word' id='word_1_809' title='bbox 842 5861 941 5919; x_wconf 87' lang='lat' dir='ltr'><strong>Cui</strong></span> <span class='ocrx_word' id='word_1_810' title='bbox 975 5877 1109 5920; x_wconf 90' lang='lat' dir='ltr'><strong>vero</strong></span> <span class='ocrx_word' id='word_1_811' title='bbox 1149 5863 1412 5935; x_wconf 84' lang='lat' dir='ltr'><strong>placuerit</strong></span> <span class='ocrx_word' id='word_1_812' title='bbox 1439 5863 1615 5918; x_wconf 83' lang='lat' dir='ltr'><strong>varias</strong></span> <span class='ocrx_word' id='word_1_813' title='bbox 1659 5862 1816 5934; x_wconf 85' lang='lat' dir='ltr'><strong>hujus</strong></span> <span class='ocrx_word' id='word_1_814' title='bbox 1856 5861 2110 5920; x_wconf 82' lang='lat' dir='ltr'><strong>versiculi</strong></span> 
     </span>
    </p>
   </div>
   <div class='ocr_carea' id='block_1_100' title="bbox 2223 4746 3814 4822">
    <p class='ocr_par' dir='ltr' id='par_1_100' title="bbox 2223 4746 3814 4822">
     <span class='ocr_line' id='line_1_100' title="bbox 2223 4746 3814 4822; baseline -0.005 -12"><span class='ocrx_word' id='word_1_815' title='bbox 2223 4751 2621 4810; x_wconf 66' lang='lat' dir='ltr'><strong>aemulationem</strong></span> <span class='ocrx_word' id='word_1_816' title='bbox 2643 4749 2801 4822; x_wconf 90' lang='lat' dir='ltr'><strong>Legis</strong></span> <span class='ocrx_word' id='word_1_817' title='bbox 2830 4749 3250 4820; x_wconf 86' lang='lat' dir='ltr'><strong>persequebatur</strong></span> <span class='ocrx_word' id='word_1_818' title='bbox 3275 4746 3573 4804; x_wconf 86' lang='lat' dir='ltr'><strong>Ecclesiam</strong></span> <span class='ocrx_word' id='word_1_819' title='bbox 3595 4747 3814 4804; x_wconf 84' lang='lat' dir='ltr'><strong>Christi.</strong></span> 
     </span>
    </p>
   </div>
   <div class='ocr_carea' id='block_1_101' title="bbox 2291 4841 3817 4917">
    <p class='ocr_par' dir='ltr' id='par_1_101' title="bbox 2291 4841 3817 4917">
     <span class='ocr_line' id='line_1_101' title="bbox 2291 4841 3817 4917; baseline -0.006 -13"><span class='ocrx_word' id='word_1_820' title='bbox 2291 4847 2344 4904; x_wconf 83' lang='lat'><strong>6.</strong></span> <span class='ocrx_word' id='word_1_821' title='bbox 2389 4843 2537 4917; x_wconf 87' lang='lat' dir='ltr'><strong>Ergo</strong></span> <span class='ocrx_word' id='word_1_822' title='bbox 2573 4844 2819 4916; x_wconf 89' lang='lat' dir='ltr'><strong>quamvis</strong></span> <span class='ocrx_word' id='word_1_823' title='bbox 2849 4842 2993 4898; x_wconf 91' lang='lat' dir='ltr'><strong>Deus</strong></span> <span class='ocrx_word' id='word_1_824' title='bbox 3024 4852 3208 4898; x_wconf 83' lang='lat' dir='ltr'><strong>noster</strong></span> <span class='ocrx_word' id='word_1_825' title='bbox 3248 4843 3473 4913; x_wconf 86' lang='lat' dir='ltr'><strong>ingratis</strong></span> <span class='ocrx_word' id='word_1_826' title='bbox 3502 4841 3817 4898; x_wconf 76' lang='lat' dir='ltr'><strong>Judznorum</strong></span> 
     </span>
    </p>
   </div>
   <div class='ocr_carea' id='block_1_102' title="bbox 2220 4934 3818 5007">
    <p class='ocr_par' dir='ltr' id='par_1_102' title="bbox 2220 4934 3818 5007">
     <span class='ocr_line' id='line_1_102' title="bbox 2220 4934 3818 5007; baseline -0.004 -12"><span class='ocrx_word' id='word_1_827' title='bbox 2220 4936 2591 4995; x_wconf 80' lang='lat' dir='ltr'><strong>offenderetur</strong></span> <span class='ocrx_word' id='word_1_828' title='bbox 2614 4937 2924 5007; x_wconf 88' lang='lat' dir='ltr'><strong>frequenter</strong></span> <span class='ocrx_word' id='word_1_829' title='bbox 2951 4935 3234 4991; x_wconf 83' lang='lat' dir='ltr'><strong>all‘ectibus</strong></span> <span class='ocrx_word' id='word_1_830' title='bbox 3263 4944 3317 4991; x_wconf 89' lang='lat' dir='ltr'><strong>et</strong></span> <span class='ocrx_word' id='word_1_831' title='bbox 3337 4934 3606 5006; x_wconf 86' lang='lat' dir='ltr'><strong>querelis;</strong></span> <span class='ocrx_word' id='word_1_832' title='bbox 3637 4943 3818 4989; x_wconf 84' lang='lat' dir='ltr'><strong>tamen</strong></span> 
     </span>
    </p>
   </div>
   <div class='ocr_carea' id='block_1_103' title="bbox 2221 5027 3820 5102">
    <p class='ocr_par' dir='ltr' id='par_1_103' title="bbox 2221 5027 3820 5102">
     <span class='ocr_line' id='line_1_103' title="bbox 2221 5027 3820 5102; baseline -0.003 -13"><span class='ocrx_word' id='word_1_833' title='bbox 2221 5039 2558 5102; x_wconf 89' lang='lat' dir='ltr'><strong>assumptum</strong></span> <span class='ocrx_word' id='word_1_834' title='bbox 2595 5031 2764 5088; x_wconf 91' lang='lat' dir='ltr'><strong>semel</strong></span> <span class='ocrx_word' id='word_1_835' title='bbox 2796 5041 2850 5085; x_wconf 88' lang='lat' dir='ltr'><strong>et</strong></span> <span class='ocrx_word' id='word_1_836' title='bbox 2887 5029 3120 5086; x_wconf 88' lang='lat' dir='ltr'><strong>electum</strong></span> <span class='ocrx_word' id='word_1_837' title='bbox 3151 5027 3253 5084; x_wconf 88' lang='lat' dir='ltr'><strong>sibi</strong></span> <span class='ocrx_word' id='word_1_838' title='bbox 3304 5029 3562 5099; x_wconf 88' lang='lat' dir='ltr'><strong>populum</strong></span> <span class='ocrx_word' id='word_1_839' title='bbox 3592 5028 3820 5084; x_wconf 84' lang='lat' dir='ltr'><strong>minimc</strong></span> 
     </span>
    </p>
   </div>
   <div class='ocr_carea' id='block_1_104' title="bbox 2219 5142 3816 5216">
    <p class='ocr_par' dir='ltr' id='par_1_104' title="bbox 2219 5142 3816 5216">
     <span class='ocr_line' id='line_1_104' title="bbox 2219 5142 3816 5216; baseline -0.001 -14"><span class='ocrx_word' id='word_1_840' title='bbox 2219 5147 2482 5202; x_wconf 91' lang='lat' dir='ltr'><strong>lectiones</strong></span> <span class='ocrx_word' id='word_1_841' title='bbox 2518 5159 2878 5216; x_wconf 88' lang='lat' dir='ltr'><strong>cognoscere,</strong></span> <span class='ocrx_word' id='word_1_842' title='bbox 2928 5143 3087 5199; x_wconf 89' lang='lat' dir='ltr'><strong>adeat</strong></span> <span class='ocrx_word' id='word_1_843' title='bbox 3116 5142 3424 5211; x_wconf 75' lang='lat' dir='ltr'><strong>Nobilium;</strong></span> <span class='ocrx_word' id='word_1_844' title='bbox 3466 5143 3609 5214; x_wconf 92' lang='lat' dir='ltr'><strong>apud</strong></span> <span class='ocrx_word' id='word_1_845' title='bbox 3651 5160 3816 5216; x_wconf 88' lang='lat' dir='ltr'><strong>quem</strong></span> 
     </span>
    </p>
   </div>
   <div class='ocr_carea' id='block_1_105' title="bbox 2219 5216 3819 5301">
    <p class='ocr_par' dir='ltr' id='par_1_105' title="bbox 2219 5216 3819 5301">
     <span class='ocr_line' id='line_1_105' title="bbox 2219 5216 3819 5301; baseline -0.002 -26"><span class='ocrx_word' id='word_1_846' title='bbox 2219 5220 2532 5301; x_wconf 23' lang='lat' dir='ltr'><strong>etiam‘cum</strong></span> <span class='ocrx_word' id='word_1_847' title='bbox 2562 5217 2798 5300; x_wconf 44' lang='lat' dir='ltr'><strong>aliorum.</strong></span> <span class='ocrx_word' id='word_1_848' title='bbox 2815 5216 3057 5282; x_wconf 85' lang='lat' dir='ltr'><strong>Patrum,</strong></span> <span class='ocrx_word' id='word_1_849' title='bbox 3089 5225 3199 5270; x_wconf 93' lang='lat' dir='ltr'><strong>tum</strong></span> <span class='ocrx_word' id='word_1_850' title='bbox 3230 5217 3514 5287; x_wconf 90' lang='lat' dir='ltr'><strong>ipsiusmet</strong></span> <span class='ocrx_word' id='word_1_851' title='bbox 3542 5216 3819 5272; x_wconf 79' lang='lat' dir='ltr'><strong>Ambrosii</strong></span> 
     </span>
    </p>
   </div>
   <div class='ocr_carea' id='block_1_106' title="bbox 2217 5297 3814 5418">
    <p class='ocr_par' dir='ltr' id='par_1_106' title="bbox 2217 5297 3814 5418">
     <span class='ocr_line' id='line_1_106' title="bbox 2217 5297 3464 5371; baseline -0.007 -25"><span class='ocrx_word' id='word_1_852' title='bbox 2217 5297 2589 5371; x_wconf 74' lang='lat' dir='ltr'><strong>expositiones</strong></span> <span class='ocrx_word' id='word_1_853' title='bbox 2625 5297 2878 5358; x_wconf 85' lang='lat' dir='ltr'><strong>reperiet.</strong></span> <span class='ocrx_word' id='word_1_854' title='bbox 3453 5360 3464 5371; x_wconf 41' lang='lat'>.</span> 
     </span>
     <span class='ocr_line' id='line_1_107' title="bbox 2294 5359 3814 5418; baseline -0.003 -1"><span class='ocrx_word' id='word_1_855' title='bbox 2294 5372 2316 5397; x_wconf 77' lang='grc' dir='ltr'>ο</span> <span class='ocrx_word' id='word_1_856' title='bbox 2358 5360 2450 5418; x_wconf 82' lang='lat' dir='ltr'><strong>Sic</strong></span> <span class='ocrx_word' id='word_1_857' title='bbox 2471 5360 2600 5416; x_wconf 89' lang='lat' dir='ltr'><strong>edit.</strong></span> <span class='ocrx_word' id='word_1_858' title='bbox 2630 5372 2740 5418; x_wconf 90' lang='lat' dir='ltr'><strong>vet.</strong></span> <span class='ocrx_word' id='word_1_859' title='bbox 2763 5376 2826 5415; x_wconf 93' lang='lat' dir='ltr'><strong>ac</strong></span> <span class='ocrx_word' id='word_1_860' title='bbox 2848 5360 3005 5416; x_wconf 80' lang='lat' dir='ltr'><strong>Rom.</strong></span> <span class='ocrx_word' id='word_1_861' title='bbox 3036 5359 3167 5416; x_wconf 82' lang='lat' dir='ltr'><strong>Mss.</strong></span> <span class='ocrx_word' id='word_1_862' title='bbox 3199 5369 3379 5416; x_wconf 89' lang='lat' dir='ltr'><strong>autem</strong></span> <span class='ocrx_word' id='word_1_863' title='bbox 3405 5359 3544 5414; x_wconf 80' lang='lat' dir='ltr'><strong>Vict.</strong></span> <span class='ocrx_word' id='word_1_864' title='bbox 3573 5368 3629 5415; x_wconf 91' lang='lat' dir='ltr'><strong>et</strong></span> <span class='ocrx_word' id='word_1_865' title='bbox 3652 5359 3814 5415; x_wconf 89' lang='lat' dir='ltr'><strong>Colb.</strong></span> 
     </span>
    </p>
   </div>
   <div class='ocr_carea' id='block_1_107' title="bbox 2218 5431 3818 5504">
    <p class='ocr_par' dir='ltr' id='par_1_107' title="bbox 2218 5431 3818 5504">
     <span class='ocr_line' id='line_1_108' title="bbox 2218 5431 3818 5504; baseline -0.003 -15"><span class='ocrx_word' id='word_1_866' title='bbox 2218 5449 2340 5489; x_wconf 91' lang='lat' dir='ltr'><strong>cum</strong></span> <span class='ocrx_word' id='word_1_867' title='bbox 2372 5442 2480 5487; x_wconf 90' lang='lat' dir='ltr'><strong>vet.</strong></span> <span class='ocrx_word' id='word_1_868' title='bbox 2514 5434 2646 5504; x_wconf 79' lang='lat' dir='ltr'><strong>edit.</strong></span> <span class='ocrx_word' id='word_1_869' title='bbox 2679 5432 2732 5488; x_wconf 92' lang='lat' dir='ltr'><strong>in</strong></span> <span class='ocrx_word' id='word_1_870' title='bbox 2759 5432 2998 5502; x_wconf 90' lang='lat' dir='ltr'><strong>margine</strong></span> <span class='ocrx_word' id='word_1_871' title='bbox 3017 5473 3039 5504; x_wconf 14' lang='grc' dir='ltr'><strong>,γ</strong></span> <span class='ocrx_word' id='word_1_872' title='bbox 3063 5441 3151 5486; x_wconf 91' lang='lat' dir='ltr'><strong>aut</strong></span> <span class='ocrx_word' id='word_1_873' title='bbox 3180 5432 3482 5504; x_wconf 83' lang='lat' dir='ltr'><strong>quotidiana</strong></span> <span class='ocrx_word' id='word_1_874' title='bbox 3511 5432 3614 5504; x_wconf 73' lang='lat' dir='ltr'><strong>sita</strong></span> <span class='ocrx_word' id='word_1_875' title='bbox 3637 5431 3818 5487; x_wconf 81' lang='lat' dir='ltr'><strong>decer-</strong></span> 
     </span>
    </p>
   </div>
   <div class='ocr_carea' id='block_1_108' title="bbox 2218 5501 3646 5574">
    <p class='ocr_par' dir='ltr' id='par_1_108' title="bbox 2218 5501 3646 5574">
     <span class='ocr_line' id='line_1_109' title="bbox 2218 5501 3646 5574; baseline -0.002 -14"><span class='ocrx_word' id='word_1_876' title='bbox 2218 5515 2348 5560; x_wconf 86' lang='lat' dir='ltr'><strong>tant.</strong></span> <span class='ocrx_word' id='word_1_877' title='bbox 2380 5504 2485 5560; x_wconf 84' lang='lat' dir='ltr'><strong>Alii</strong></span> <span class='ocrx_word' id='word_1_878' title='bbox 2516 5503 2720 5574; x_wconf 89' lang='lat' dir='ltr'><strong>plures,</strong></span> <span class='ocrx_word' id='word_1_879' title='bbox 2749 5514 2839 5557; x_wconf 87' lang='lat' dir='ltr'><strong>aut</strong></span> <span class='ocrx_word' id='word_1_880' title='bbox 2865 5501 3316 5573; x_wconf 61' lang='lat' dir='ltr'><strong>quotidianarum</strong></span> <span class='ocrx_word' id='word_1_881' title='bbox 3343 5501 3646 5559; x_wconf 75' lang='lat' dir='ltr'><strong>decernunt.</strong></span> 
     </span>
    </p>
   </div>
   <div class='ocr_carea' id='block_1_109' title="bbox 2291 5575 3811 5638">
    <p class='ocr_par' dir='ltr' id='par_1_109' title="bbox 2291 5575 3811 5638">
     <span class='ocr_line' id='line_1_110' title="bbox 2291 5575 3811 5638; baseline -0.003 -6"><span class='ocrx_word' id='word_1_882' title='bbox 2291 5576 2312 5616; x_wconf 70' lang='grc' dir='ltr'><em>τ</em></span> <span class='ocrx_word' id='word_1_883' title='bbox 2356 5576 2502 5632; x_wconf 90' lang='lat' dir='ltr'><strong>Edit.</strong></span> <span class='ocrx_word' id='word_1_884' title='bbox 2533 5587 2647 5630; x_wconf 92' lang='lat' dir='ltr'><strong>ant.</strong></span> <span class='ocrx_word' id='word_1_885' title='bbox 2671 5585 2726 5630; x_wconf 90' lang='lat' dir='ltr'><strong>et</strong></span> <span class='ocrx_word' id='word_1_886' title='bbox 2752 5575 2911 5630; x_wconf 80' lang='lat' dir='ltr'><strong>Rom.</strong></span> <span class='ocrx_word' id='word_1_887' title='bbox 2931 5589 3052 5630; x_wconf 91' lang='lat' dir='ltr'><strong>cum</strong></span> <span class='ocrx_word' id='word_1_888' title='bbox 3077 5589 3206 5630; x_wconf 75' lang='lat' dir='ltr'><strong>mss.</strong></span> <span class='ocrx_word' id='word_1_889' title='bbox 3236 5575 3356 5631; x_wconf 82' lang='lat' dir='ltr'><strong>Vat.</strong></span> <span class='ocrx_word' id='word_1_890' title='bbox 3380 5575 3530 5630; x_wconf 83' lang='lat' dir='ltr'><strong>Colb.</strong></span> <span class='ocrx_word' id='word_1_891' title='bbox 3560 5585 3617 5630; x_wconf 90' lang='lat' dir='ltr'><strong>et</strong></span> <span class='ocrx_word' id='word_1_892' title='bbox 3647 5575 3811 5638; x_wconf 82' lang='lat' dir='ltr'><strong>Vict.,</strong></span> 
     </span>
    </p>
   </div>
   <div class='ocr_carea' id='block_1_110' title="bbox 2213 5645 3813 5719">
    <p class='ocr_par' dir='ltr' id='par_1_110' title="bbox 2213 5645 3813 5719">
     <span class='ocr_line' id='line_1_111' title="bbox 2213 5645 3813 5719; baseline -0.001 -17"><span class='ocrx_word' id='word_1_893' title='bbox 2213 5651 2302 5719; x_wconf 88' lang='lat' dir='ltr'><strong>qui</strong></span> <span class='ocrx_word' id='word_1_894' title='bbox 2336 5666 2368 5701; x_wconf 88' lang='lat' dir='ltr'><strong>a</strong></span> <span class='ocrx_word' id='word_1_895' title='bbox 2414 5664 2528 5702; x_wconf 81' lang='lat' dir='ltr'><strong>vero</strong></span> <span class='ocrx_word' id='word_1_896' title='bbox 2568 5648 2699 5719; x_wconf 85' lang='lat' dir='ltr'><strong>bono</strong></span> <span class='ocrx_word' id='word_1_897' title='bbox 2735 5646 3063 5719; x_wconf 70' lang='lat' dir='ltr'><strong>Euangelicae</strong></span> <span class='ocrx_word' id='word_1_898' title='bbox 3106 5647 3424 5714; x_wconf 68' lang='lat' dir='ltr'><strong>disciplima,</strong></span> <span class='ocrx_word' id='word_1_899' title='bbox 3455 5647 3618 5719; x_wconf 83' lang='lat' dir='ltr'><strong>_devia</strong></span> <span class='ocrx_word' id='word_1_900' title='bbox 3661 5645 3813 5717; x_wconf 83' lang='lat' dir='ltr'><strong>Legis</strong></span> 
     </span>
    </p>
   </div>
   <div class='ocr_carea' id='block_1_111' title="bbox 2213 5717 3809 5789">
    <p class='ocr_par' dir='ltr' id='par_1_111' title="bbox 2213 5717 3809 5789">
     <span class='ocr_line' id='line_1_112' title="bbox 2213 5717 3809 5789; baseline -0.002 -14"><span class='ocrx_word' id='word_1_901' title='bbox 2213 5717 2542 5776; x_wconf 69' lang='lat' dir='ltr'><strong>teritulatione</strong></span> <span class='ocrx_word' id='word_1_902' title='bbox 2569 5718 2799 5788; x_wconf 74' lang='lat' dir='ltr'><strong>deflexit.</strong></span> <span class='ocrx_word' id='word_1_903' title='bbox 2829 5717 3002 5773; x_wconf 78' lang='lat' dir='ltr'><strong>Paris.</strong></span> <span class='ocrx_word' id='word_1_904' title='bbox 3031 5720 3275 5789; x_wconf 66' lang='lat' dir='ltr'><strong>quautam</strong></span> <span class='ocrx_word' id='word_1_905' title='bbox 3304 5735 3427 5774; x_wconf 90' lang='lat' dir='ltr'><strong>cum</strong></span> <span class='ocrx_word' id='word_1_906' title='bbox 3453 5717 3612 5789; x_wconf 85' lang='lat' dir='ltr'><strong>Reg.,</strong></span> <span class='ocrx_word' id='word_1_907' title='bbox 3651 5759 3664 5772; x_wconf 96' lang='lat'><strong>.</strong></span> <span class='ocrx_word' id='word_1_908' title='bbox 3699 5757 3714 5771; x_wconf 95' lang='lat'><strong>.</strong></span> <span class='ocrx_word' id='word_1_909' title='bbox 3747 5759 3762 5772; x_wconf 87' lang='lat'><strong>.</strong></span> <span class='ocrx_word' id='word_1_910' title='bbox 3793 5757 3809 5772; x_wconf 92' lang='lat'><strong>.</strong></span> 
     </span>
    </p>
   </div>
   <div class='ocr_carea' id='block_1_112' title="bbox 2214 5789 3808 5862">
    <p class='ocr_par' dir='ltr' id='par_1_112' title="bbox 2214 5789 3808 5862">
     <span class='ocr_line' id='line_1_113' title="bbox 2214 5789 3808 5862; baseline 0.001 -16"><span class='ocrx_word' id='word_1_911' title='bbox 2214 5793 2505 5862; x_wconf 77' lang='lat' dir='ltr'><strong>disciplina:</strong></span> <span class='ocrx_word' id='word_1_912' title='bbox 2523 5791 2728 5855; x_wconf 84' lang='lat' dir='ltr'><strong>devius,</strong></span> <span class='ocrx_word' id='word_1_913' title='bbox 2760 5790 2911 5862; x_wconf 82' lang='lat' dir='ltr'><strong>Legis</strong></span> <span class='ocrx_word' id='word_1_914' title='bbox 2932 5831 2946 5856; x_wconf 90' lang='lat'><strong>,</strong></span> <span class='ocrx_word' id='word_1_915' title='bbox 2976 5799 3082 5846; x_wconf 91' lang='lat' dir='ltr'><strong>etc.</strong></span> <span class='ocrx_word' id='word_1_916' title='bbox 3123 5789 3398 5855; x_wconf 88' lang='lat' dir='ltr'><strong>Omnium.</strong></span> <span class='ocrx_word' id='word_1_917' title='bbox 3429 5789 3505 5848; x_wconf 85' lang='lat' dir='ltr'><strong>uti</strong></span> <span class='ocrx_word' id='word_1_918' title='bbox 3532 5801 3808 5862; x_wconf 84' lang='lat' dir='ltr'><strong>putamus,</strong></span> 
     </span>
    </p>
   </div>
   <div class='ocr_carea' id='block_1_113' title="bbox 2214 5863 3644 5937">
    <p class='ocr_par' dir='ltr' id='par_1_113' title="bbox 2214 5863 3644 5937">
     <span class='ocr_line' id='line_1_114' title="bbox 2214 5863 3644 5937; baseline -0.001 -17"><span class='ocrx_word' id='word_1_919' title='bbox 2214 5864 2420 5937; x_wconf 85' lang='lat' dir='ltr'><strong>optime</strong></span> <span class='ocrx_word' id='word_1_920' title='bbox 2444 5874 2678 5936; x_wconf 87' lang='lat' dir='ltr'><strong>quatuor</strong></span> <span class='ocrx_word' id='word_1_921' title='bbox 2704 5863 2794 5921; x_wconf 88' lang='lat' dir='ltr'><strong>alii</strong></span> <span class='ocrx_word' id='word_1_922' title='bbox 2819 5877 2956 5936; x_wconf 88' lang='lat' dir='ltr'><strong>quos</strong></span> <span class='ocrx_word' id='word_1_923' title='bbox 2985 5864 3157 5920; x_wconf 88' lang='lat' dir='ltr'><strong>secuti</strong></span> <span class='ocrx_word' id='word_1_924' title='bbox 3181 5878 3390 5921; x_wconf 88' lang='lat' dir='ltr'><strong>sumus.</strong></span> <span class='ocrx_word' id='word_1_925' title='bbox 3623 5863 3644 5876; x_wconf 84' lang='lat'><strong>&#39;</strong></span> 
     </span>
    </p>
   </div>
  </div>
