4042 6378
67 358 192 413 969

1219 364 1287 419 IN
1326 362 1654 421 PSALMHM
1695 362 1916 419 XXXVI
1957 361 2377 420 ENARRATIO.

3357 363 3461 420 970

67 472 517 544 relinquebat;
571 478 666 534 sed
707 478 989 549 Synagoga
1021 486 1228 532 tantum
1262 479 1517 533 meretrix
1549 493 1749 547 procax
1778 481 1832 537 A
1927 477 1980 533 8.
2025 479 2266 549 Denique
2295 479 2522 534 Latinus
2555 480 2825 546 interpres
2854 477 3041 534 volens
3063 477 3463 534 distlnctionem

74 563 332 624 irritare
389 586 536 625 etim
591 572 756 640 cmpit
803 571 854 625 in
901 571 1262 625 simulationis
1304 571 1757 637 amaritudinem,

81 664 624 725 praevaricationis
646 679 706 719 se
727 663 1006 720 miscendo
1023 663 1342 733 sacrilegiis.
1369 664 1607 734 Denique
1629 665 1764 719 dixit

78 752 160 806 ad
201 755 602 813 sacerdotem
635 758 814 814 Aaron
840 773 854 808 :
886 753 997 810 Fac
1018 757 1161 810 nobis
1189 756 1311 811 deos
1340 773 1466 824 quos
1491 759 1762 811 adoremus

86 844 322 911 (Exod.
365 865 571 915 xxx",
603 850 694 919 l);
735 858 791 904 et
818 849 970 904 vituli
1001 860 1160 918 caput
1195 849 1423 904 adorare
1458 859 1761 919 creperum.

91 936 272 995 Unde
311 956 427 1010 per
470 943 755 998 canticum
796 957 1045 1011 magnum
1072 941 1244 1013 Moysi
1293 943 1555 998 Dominus
1587 943 1640 997 in
1669 958 1766 998 ore

91 1031 293 1100 ipsius
317 1035 633 1089 resultavit
657 1035 844 1089 dicens
870 1051 883 1086 :
915 1033 942 1086 Ι
950 1035 1028 1103 psi
1051 1035 1402 1090 excitaverunt
1427 1052 1505 1090 me
1525 1037 1579 1089 in
1603 1052 1766 1089 wmu-

92 1125 378 1180 lationem
397 1129 462 1180 in
495 1144 604 1182 non
626 1127 754 1189 Deo,
782 1127 1111 1180 irritaverant
1135 1143 1215 1181 me
1233 1128 1287 1181 in
1308 1128 1603 1181 simulacris
1624 1127 1767 1192 suis;

93 1237 203 1289 ego
237 1229 434 1272 autem
467 1219 709 1274 excitabo
738 1235 822 1273 eos
867 1219 919 1272 in
963 1219 1344 1273 mutilationem
1383 1219 1436 1272 in
1463 1236 1567 1273 non
1595 1228 1764 1290 gente,

93 1313 153 1364 in
189 1312 432 1364 natione
460 1313 748 1381 insipiente
776 1313 989 1367 irritabo
1015 1329 1099 1368 eos
1129 1311 1312 1385 (Deut.
1339 1329 1514 1380 xxxn,
1542 1313 1657 1380 2-1).
1686 1312 1768 1366 En

94 1405 416 1471 quomodo
463 1405 740 1464 Dominus
781 1407 1162 1463 condemnavit
1186 1409 1485 1478 Synagogaa
1523 1407 1771 1462 meretri-

92 1498 224 1552 cios
259 1513 506 1566 mores,
541 1518 650 1571 quo
682 1502 928 1571 ipsorum
957 1502 1009 1556 iti
1042 1517 1138 1557 eos
1163 1502 1462 1556 versutiam
1490 1510 1772 1570 retorque-

95 1602 226 1654 rct;
265 1601 332 1648 et.
359 1610 475 1650 suo
510 1595 867 1652 afficerentur
894 1595 1133 1666 ingenio,
1161 1595 1252 1665 qui
1286 1595 1574 1650 Dominum
1600 1594 1769 1648 Deum

96 1701 280 1740 suum
317 1703 354 1740 a
402 1703 529 1757 quo
572 1690 838 1758 assumpti
882 1687 1129 1752 fuerant,
1172 1687 1424 1758 gravibus
1475 1687 1772 1757 sacrilegiis

96 1777 452 1835 refutarunt
471 1822 489 1847 ,
539 1780 677 1837 deos
707 1780 812 1836 sibi
841 1795 981 1850 quos
1007 1782 1256 1836 colerent
1284 1781 1548 1850 eligentes
1572 1797 1586 1832 :
1617 1794 1772 1834 assu-

1865 573 2043 627 facere
2088 576 2233 628 inter
2260 575 2659 629 tentulationetn
2689 575 2935 638 virtutis,
2977 583 3033 627 et
3060 574 3462 628 simulationem

1865 665 2202 730 offensionis,
2231 669 2304 721 ait
2329 686 2342 720 :
2376 666 2650 737 Numquid
2679 666 2984 722 wmulamur
3017 665 3239 719 Domino
3266 665 3320 738 (l
3341 663 3466 718 Cor.

1864 758 1918 821 'x.
1938 761 2071 831 9.0)?
2100 762 2214 816 Hoc
2249 772 2351 828 eSt,
2377 763 2636 833 numquid
2661 763 2892 818 Domino
2916 760 3271 816 offensionem
3298 776 3466 813 temu-

1866 855 2084 910 lationis
2113 854 2428 922 inferimus,
2462 864 2522 910 ut
2548 857 2615 910 de
2662 857 2726 912 iis
2753 856 3010 920 edamus,
3043 870 3161 925 qua:
3189 853 3468 908 immolata

1866 949 2171 1006 simulacris
2197 961 2354 1015 sunt;
2386 952 2530 1005 sicut
2551 950 2745 1015 Judaei,
2770 967 2892 1006 cum
2916 950 3269 1006 sacrificando
3299 951 3469 1005 simu-

1867 1042 2028 1097 lacris
2065 1046 2569 1110 exasperaverutit?
2613 1044 2765 1112 Quod
2793 1046 2838 1100 si
2870 1044 3013 1100 inter
3044 1045 3292 1099 homines
3321 1043 3467 1099 exci-

1870 1135 2046 1189 tanda:
2073 1134 2432 1190 aemulationis
2472 1135 2695 1190 offendit
2739 1137 3003 1203 intentio,
3050 1148 3104 1192 et
3146 1137 3464 1208 frequenter

1871 1242 2096 1295 persona
2126 1228 2430 1297 exasperati
2461 1230 2714 1297 superior
2740 1229 3034 1295 invenitur,
3062 1230 3089 1267 ι)
3113 1230 3255 1299 quod
3282 1232 3466 1285 incen-

1870 1320 2004 1376 toria
2034 1322 2394 1377 annulationis
2420 1322 2592 1378 fraudi
2616 1339 2737 1378 esse
2757 1325 3066 1384 consuevit;
3100 1326 3253 1392 cujus
3288 1324 3468 1379 stulti-

1871 1415 1961 1467 tiae
2002 1423 2086 1469 est
2128 1414 2460 1483 maiestatem
2493 1415 2707 1469 irritare
2747 1415 3018 1479 divinam,
3053 1426 3106 1470 et
3147 1417 3469 1470 offendicula

1873 1508 2233 1564 aemulationis
2270 1511 2582 1578 incessere,
2627 1510 2721 1565 ubi
2764 1510 2914 1565 nulla
2953 1510 3172 1566 ultionis
3211 1521 3294 1566 est
3332 1511 3472 1566 dil‘li-

1873 1601 2084 1655 cultas?

1947 1695 2001 1751 9.
2041 1695 2158 1750 Non
2183 1697 2448 1753 debemus
2479 1698 2640 1770 igitur
2666 1699 2921 1770 malignis
2953 1699 3242 1754 tumulandi
3285 1699 3476 1754 adver-

1875 1805 1995 1844 sum
2022 1803 2122 1845 nos
2147 1792 2366 1847 aculeos
2389 1792 2703 1848 ministrare
2725 1835 2740 1860 ,
2773 1793 2864 1862 qui
2889 1793 3051 1848 etiam
3081 1809 3190 1848 non
3214 1793 3476 1860 lacessiti,

103 1887 278 1928 mens
312 1888 349 1928 e
377 1875 680 1930 contrario
721 1875 824 1928 sibi
863 1874 1164 1929 Ecclesiam
1195 1874 1262 1927 de
1307 1872 1576 1942 profanis,
1609 1887 1769 1943 quam

1880 1882 2094 1938 invidia:
2122 1884 2361 1939 stimulis
2390 1886 2727 1948 excitantur,
2768 1898 2828 1941 ut
2869 1898 3128 1952 noceant;
3163 1887 3302 1942 sicut
3344 1885 3477 1942 Cain

107 1965 428 2035 prmlatatn
456 1969 574 2024 sibi
597 1969 716 2024 sine
738 1968 905 2038 Lege,
934 1969 1051 2023 sine
1077 1967 1578 2038 gratiaJudaeorum
1603 1982 1770 2037 popu-

106 2061 201 2116 lus
237 2060 694 2131 ingemisceret;
729 2074 892 2132 atque
917 2077 984 2118 eo
1013 2063 1245 2131 amplius
1273 2060 1326 2115 in
1365 2060 1768 2116 aemulationem

113 2155 352 2209 illorum
386 2156 739 2211 excitaretur
763 2155 1012 2220 affectus,
1037 2171 1144 2224 quo
1168 2155 1415 2209 viliorum
1446 2153 1586 2208 facta
1623 2163 1770 2208 esset

109 2250 350 2304 electio.
391 2248 550 2305 Nam
581 2257 707 2305 ante
747 2264 856 2319 quo
896 2246 1209 2303 afﬁceretur
1257 2247 1346 2301 ille
1390 2247 1620 2315 populus
1660 2262 1766 2299 non

106 2343 405 2410 habebat;
441 2359 586 2400 cum
611 2343 788 2400 solum
820 2359 881 2400 se
906 2359 936 2396 a
963 2342 1189 2397 Domino
1217 2341 1594 2396 consideraret
1627 2341 1771 2396 elec-

110 2445 260 2492 tum.
314 2436 431 2494 Ubi
486 2452 633 2493 vero
676 2447 703 2474 ει
747 2437 984 2492 advertit
1027 2435 1289 2490 adscitam
1339 2450 1408 2489 ex
1458 2434 1770 2490 nationibus

114 2547 446 2590 convenam
499 2533 720 2604 plebem
767 2547 890 2603 quae
939 2531 1104 2603 780
1149 2513 1253 2585 sibi
1300 2530 1477 2601 legem
1519 2530 1768 2597 Domini,

119 2627 555 2697 prOphetarum
596 2627 813 2682 oracula
837 2667 851 2690 ,
888 2625 1295 2680 Testamentum
1327 2640 1525 2679 novum
1554 2625 1770 2680 Domini

122 2719 457 2776 vindicaret
481 2761 500 2786 ,
544 2732 671 2775 tunc
697 2719 915 2776 demum
959 2720 1258 2775 excruciari
1289 2720 1458 2775 nimio
1498 2721 1664 2788 οωιιίι
1689 2723 1772 2776 al-

128 2815 325 2875 fectu.
389 2824 758 2886 posteaquam
808 2829 869 2869 se
921 2813 1262 2884 repudiatum
1318 2828 1441 2870 esse
1495 2813 1771 2884 cognovit.

130 2910 400 2979 Denique
427 2910 478 2965 si
515 2909 699 2964 videat
726 2908 1008 2980 gentilium
1032 2910 1387 2965 caeremonias
1407 2951 1422 2975 ,
1450 2924 1557 2964 non
1587 2925 1771 2965 move-

135 3013 271 3059 tur:
308 3004 358 3057 si
403 3002 600 3059 audiat
637 3002 935 3072 profectum
966 3001 1262 3069 Ecclesiae,
1311 3003 1584 3058 cruciatur
1614 3004 1775 3060 mise-

135 3112 320 3165 raque
355 3104 650 3164 torquetur
690 3093 918 3150 invidia.
955 3092 1272 3166 Completur
1300 3110 1431 3166 ergo
1459 3095 1512 3150 iu
1542 3095 1728 3151 Judtea
1756 3111 1770 3149 :

141 3191 214 3246 Et
251 3206 355 3261 ego
387 3191 447 3243 in
477 3189 858 3244 aemulationem
879 3204 963 3243 eos
989 3188 1222 3243 excitabo
1240 3189 1295 3241 in
1326 3205 1429 3244 non
1457 3200 1625 3261 gente.

1873 1977 2098 2032 fratrem
2125 1979 2358 2044 occidit,
2391 1980 2514 2049 quia
2557 1979 2726 2050 magis
2751 1979 2894 2034 illius
2924 1979 3250 2035 sacrificium
3282 1995 3479 2050 accep-

1875 2079 1987 2125 tum
2019 2082 2186 2136 esset,
2216 2087 2378 2140 quam
2407 2071 2552 2141 quod
2574 2072 2690 2143 ipse
2721 2072 3390 2141 putaveratioll‘erendum.
3423 2072 3482 2128 In

1873 2179 1982 2233 quo
2012 2181 2120 2219 non
2148 2165 2433 2219 temulatus
2461 2165 2600 2221 Abel
2627 2183 2638 2218 :
2668 2165 2763 2221 sed
2807 2165 3022 2221 invidus
3053 2166 3185 2220 Cain
3213 2167 3485 2236 prmiatio-

1872 2255 1959 2310 nis
1999 2257 2224 2326 gratiam
2255 2257 2491 2312 scelesto
2523 2257 2813 2326 parricidio
2862 2269 3181 2328 persecutus
3223 2269 3327 2315 est.
3360 2259 3479 2314 Non

1873 2349 2016 2406 enim
2049 2350 2140 2405 ille
2181 2351 2365 2406 fratris
2394 2351 2567 2406 voluit
2613 2352 2938 2408 obumbrare
2985 2355 3344 2421 sacrificium,
3387 2355 3483 2408 sed

1872 2459 2094 2500 servare
2131 2445 2385 2500 sacrificii
2413 2445 2789 2515 disciplinam;
2824 2457 2881 2501 ut
2921 2447 3184 2516 primitias
3215 2449 3360 2503 nulla
3389 2449 3484 2503 de-

1873 2536 2010 2591 sidia
2033 2547 2361 2600 moraretur,
2387 2553 2487 2593 nec
2511 2537 2690 2608 aliqua
2717 2539 2770 2593 iu
2800 2555 2934 2594 usus
2964 2541 3219 2610 proprios
3240 2542 3485 2596 derivata

1875 2632 2230 2701 usurpatione
2273 2633 2525 2688 violaret.
2578 2632 2709 2686 Saul
2761 2649 2976 2702 quoque
3032 2633 3484 2701 triumphatorem

1875 2723 2288 2780 Palaestinorum
2315 2725 2483 2780 David
2515 2725 2872 2796 prophetam,
2905 2735 2960 2780 et
2992 2724 3225 2796 propria:
3255 2741 3485 2781 conSi-r-

1875 2827 2119 2872 vatorem
2149 2817 2368 2882 salutis,
2409 2818 2826 2887 juvencularum
2859 2819 2964 2873 sibi
3009 2834 3264 2875 sermone
3295 2820 3490 2890 praela-

1875 2917 1991 2964 tum
2017 2911 2246 2964 tentavit
2274 2908 2506 2975 insidiis,
2538 2910 2629 2964 teli
2655 2909 2837 2978 jaculo
2865 2912 3075 2979 paravit
3103 2912 3387 2974 occidere;
3423 2928 3485 2965 ac

1863 3017 2017 3072 pene
2042 3003 2358 3071 sanguinem
2385 3003 2571 3071 generi
2595 3001 2807 3057 fuderat
2830 3003 3157 3069 innocentis,
3181 3005 3343 3076 781
3378 3005 3482 3058 nisi

1875 3098 2073 3152 vulnus
2111 3097 2204 3151 ille
2250 3109 2271 3136 ε
2315 3097 2514 3152 sinuati
2564 3097 2813 3168 corporis
2860 3097 3153 3153 inﬂexione
3207 3099 3483 3154 elusisset.

1783 3207 1788 3218 ι
1875 3191 2006 3260 Quae
2035 3191 2110 3245 ibi
2137 3191 2365 3258 malitia,
2401 3191 2446 3245 si
2469 3191 2774 3260 juvenculze
2800 3191 3091 3247 dixerunt:
3125 3193 3260 3248 Saul
3289 3195 3338 3246 in
3369 3195 3487 3248 mil—

215 3283 272 3336 7.
324 3281 561 3337 Accedit
593 3281 659 3336 ad
687 3282 959 3336 cruciatus
987 3280 1254 3352 gravioris
1279 3297 1604 3348 aerumnam,
1626 3283 1773 3355 quod
1802 3279 1847 3344 C
1881 3285 2032 3350 libus,
2063 3283 2234 3338 David
2258 3284 2502 3337 indecem
2526 3283 2753 3338 millibus
2779 3284 2820 3355 (ι
2850 3283 2982 3355 Reg.
3011 3301 3163 3349 xviii,
3187 3284 3282 3356 7)?
3312 3285 3486 3352 Quam

140 3391 214 3431 ex
253 3373 527 3445 gentibus
573 3382 892 3444 peccatores
929 3374 1034 3431 sibi
1072 3373 1327 3430 videntur
1366 3390 1486 3431 esse
1537 3376 1770 3445 prmlati,

141 3469 237 3542 qui
267 3485 342 3526 ne
373 3468 557 3540 gentis
582 3467 824 3540 quidem,
856 3469 1156 3539 alicujusve
1185 3470 1421 3526 nationis
1470 3486 1669 3526 nomen
1695 3481 1773 3527 at-

145 3565 373 3621 tollant.
425 3563 564 3620 Nam
607 3565 784 3620 omnis
827 3566 1178 3637 congregatio
1221 3566 1485 3637 cujusque
1536 3567 1773 3637 regionis

145 3675 361 3718 nomen
389 3659 497 3716 sibi
525 3658 802 3716 vindicare
827 3662 1142 3726 consuevit,
1177 3669 1236 3716 ut
1265 3660 1530 3732 Egyptil,
1560 3661 1768 3718 IEthio-

148 3771 274 3826 pes,
310 3752 477 3826 Syri,
507 3752 711 3819 Judaei,
742 3753 978 3819 Arabes,
1010 3755 1304 3825 provinciae
1332 3772 1445 3810 suae
1477 3765 1772 3812 terrarum-

149 3864 264 3918 que
306 3863 536 3901 suarum
567 3846 886 3901 vocabulum
923 3848 1262 3914 prteferunt:
1310 3863 1410 3904 nos
1448 3849 1516 3902 de
1543 3848 1774 3904 diversis

154 3941 380 4012 populis
419 3940 770 4011 congregati,
821 3942 1142 3997 vocabulum
1190 3942 1346 3999 nobis
1396 3943 1556 3996 unius
1599 3943 1774 4013 gentis

154 4050 270 4090 non
323 4048 622 4104 possumus
668 4047 970 4102 usurpare;
1017 4043 1075 4089 et
1102 4033 1225 4088 ideo
1252 4034 1377 4103 quia
1418 4048 1616 4088 nomen
1665 4049 1774 4088 non

157 4127 509 4186 habebamus
536 4125 591 4181 in
618 4126 806 4191 terris,
835 4125 905 4180 de
932 4125 1073 4181 cmlo
1112 4125 1452 4195 accepimus,
1487 4134 1545 4180 ut
1571 4125 1776 4182 Christi

156 4219 400 4293 populus
420 4219 755 4275 diceremur.
787 4217 892 4274 Sed
918 4217 1022 4274 hoc
1048 4218 1265 4288 gentilis
1291 4217 1571 4274 stultitiam
1602 4226 1773 4288 putat,

156 4315 386 4371 Judaaus
413 4313 792 4384 opprobrium.
825 4311 1028 4368 Verum
1056 4322 1142 4369 est
1178 4328 1308 4384 ergo
1336 4313 1480 4386 quod
1509 4313 1773 4384 scriptum

158 4419 241 4466 cst
264 4453 280 4475 ,
313 4407 448 4480 quia
475 4406 619 4462 ultus
641 4417 726 4463 est
748 4407 896 4463 Deus
924 4409 1200 4479 propriam
1231 4407 1640 4474 contumeliam,
1675 4407 1776 4462 Ec-

159 4503 388 4557 clesiam
414 4499 520 4557 sibi
543 4515 609 4555 ex
631 4515 742 4556 non
765 4509 928 4572 gente
948 4499 1269 4571 quazrendo;
1301 4511 1357 4555 et
1384 4515 1504 4555 eam
1526 4515 1592 4554 ex
1615 4510 1777 4569 gente

159 4593 480 4662 insipiente,
529 4599 746 4648 vetusto
790 4591 866 4647 illi
914 4599 1077 4664 atque
1119 4592 1286 4664 regali
1333 4591 1534 4663 populo
1578 4591 1774 4662 priete-

1876 3387 2030 3434 atrox
2057 3386 2236 3432 autem
2267 3377 2467 3432 invidia
2489 3379 2635 3450 regis
2655 3376 2806 3443 Saul,
2838 3379 2928 3449 qui
2951 3380 3222 3434 sermonis
3243 3396 3485 3436 errorem

1875 3471 1929 3527 in
1957 3471 2264 3526 innocentis
2291 3471 2518 3526 exitium
2543 3470 2839 3524 derivavit!

1948 3566 2035 3621 10.
2073 3564 2253 3636 Neque
2281 3566 2572 3626 tumulatus,
2609 3565 2802 3636 inquit,
2838 3565 2998 3634 fueris
3027 3566 3274 3636 facientes
3303 3565 3495 3633 iniqui-

1877 3670 2051 3715 tatem.
2105 3658 2223 3714 Non
2279 3657 2533 3730 repetivit
2564 3658 2707 3726 quod
2763 3658 3019 3722 dixerat,
3073 3659 3166 3714 sed
3224 3660 3489 3718 mutavit;

1876 3751 2020 3808 aliud
2068 3761 2152 3807 est
2191 3753 2337 3807 enim
2384 3751 2768 3815 subtemulari,
2819 3751 2963 3804 aliud
2995 3751 3237 3805 aemulari
3270 3769 3282 3803 :
3315 3753 3492 3804 subat:-

1878 3847 2101 3901 mulatio
2127 3847 2382 3901 astutiam
2412 3847 2597 3910 habet,
2627 3844 2902 3899 :rmulatio
2929 3845 3356 3915 simplicitatem.
3384 3846 3491 3901 Sed

1876 3946 2057 3992 tamen
2109 3938 2270 3993 etiam
2317 3937 2432 4006 ipsa
2481 3947 2636 3991 cauta
2687 3935 2852 3991 debet
2899 3951 3020 3990 esse
3071 3937 3391 4007 simplicitas
3437 3948 3495 3992 et

1879 4029 2126 4100 provida,
2159 4039 2219 4083 ut
2249 4029 2463 4084 noverit
2492 4028 2624 4099 quid
2656 4028 2955 4083 cavendum
2991 4030 3082 4083 sit.
3113 4029 3299 4097 Neque
3345 4031 3490 4084 enini

1878 4124 2054 4178 otiose
2095 4121 2300 4176 dictum
2345 4131 2470 4178 est:
2508 4119 2691 4176 Estote
2732 4123 2893 4176 astuti
2939 4122 3071 4176 sicut
3111 4134 3402 4193 serpentes,
3447 4135 3496 4179 et

1878 4215 2137 4287 simplices
2159 4215 2291 4269 sicut
2317 4214 2571 4270 columba:
2600 4213 2815 4285 (Matth.
2847 4231 2902 4280 x,
2931 4214 3044 4285 l6).
3068 4215 3341 4287 Spiritalis
3362 4233 3494 4289 ergo

1879 4307 2040 4364 debet
2071 4323 2194 4364 esse
2223 4308 2420 4363 astutia
2443 4351 2456 4373 ,
2496 4323 2620 4377 qua:
2663 4317 2846 4363 servet
2875 4308 3140 4372 salutem,
3183 4310 3365 4365 dolum
3398 4328 3496 4368 ne—

1881 4403 2035 4458 sciat.
2053 4402 2324 4472 Spiritalis
2351 4403 2515 4458 debet
2533 4418 2655 4458 esse
2683 4402 3026 4473 simplicitas.
3057 4404 3286 4477 Videtur
3313 4419 3493 4464 autem

1879 4498 2044 4552 etiam
2069 4498 2175 4553 alio
2206 4498 2326 4554 loco
2371 4497 2782 4553 distinctionem
2831 4499 3299 4556 subaemulationis
3341 4503 3493 4558 Scri-

1879 4600 2036 4661 ptura
2067 4590 2282 4660 fecisse,
2313 4607 2437 4646 cum
2464 4591 2636 4646 dicit:
2669 4590 2738 4645 Et
2763 4592 3030 4661 auferetur
3054 4594 3194 4649 zelus
3234 4593 3488 4665 Ephrem,

162 4685 360 4742 reudo.
396 4684 532 4753 Qua:
563 4685 634 4739 sit
658 4700 790 4755 gens
817 4685 1080 4756 insipiens
1106 4700 1228 4756 quae
1255 4685 1478 4755 praelata
1507 4685 1614 4753 sit,
1647 4683 1772 4741 audi
1800 4685 1855 4746 D
1881 4693 1924 4737 et
1967 4684 2163 4738 inimici
2206 4683 2362 4738 Juda:
2389 4684 2646 4755 peribunt.
2693 4682 2820 4738 Non
2856 4686 2955 4738 erit
2992 4687 3211 4740 temulus
3262 4685 3493 4755 Ephrem

163 4780 439 4836 dicentem
466 4795 481 4834 :
515 4779 771 4845 Quoniam
795 4780 958 4835 stulta
978 4780 1158 4834 mundi
1189 4779 1340 4852 elegit
1367 4779 1537 4850 Deus,
1567 4789 1621 4834 ut
1646 4795 1772 4834 con-

169 4875 354 4942 fundat
383 4873 640 4941 sapientes
683 4871 890 4943 (lCor.
922 4888 971 4940 ι,
1002 4873 1071 4927 2'7
1096 4872 1136 4944 ).
1173 4873 1242 4927 Et
1287 4875 1480 4929 iterum
1513 4893 1527 4929 :
1577 4873 1636 4928 Si
1665 4874 1780 4944 quis

168 4970 374 5022 videtur.
395 4969 531 5021 inter
551 4983 639 5020 vos
661 4967 869 5036 sapiens
892 4982 1000 5020 esse
1019 4966 1075 5019 in
1098 4966 1193 5019 hoc
1219 4969 1428 5030 seculo,
1455 4967 1641 5020 stultus
1663 4968 1776 5036 ﬁat,

173 5073 228 5117 ut
267 5063 336 5116 sit
376 5063 585 5134 sapiens
635 5060 699 5132 (Ι
728 5061 851 5117 Cor.
882 5077 972 5129 tu,
1001 5061 1130 5131 18).
1185 5059 1441 5115 Reddidit
1471 5076 1602 5131 ergo
1623 5103 1637 5128 ,
1670 5078 1778 5117 non

175 5156 358 5212 intulit
386 5154 650 5210 Dominus
667 5154 1030 5211 aemulationis
1053 5153 1525 5219 communionem;
1558 5163 1618 5208 ut
1639 5164 1783 5210 esset

177 5266 284 5306 non
314 5251 368 5306 in
400 5250 574 5306 forma
607 5250 962 5317 imitationis,
987 5250 1083 5307 sed
1115 5249 1168 5306 in
1201 5265 1357 5320 ptena
1387 5250 1707 5321 iniquitatis.

251 5412 277 5442 ⁸
313 5400 448 5458 Cod.
485 5399 768 5469 nonnulli,
814 5398 1029 5454 advertit
1059 5401 1128 5455 ad
1168 5401 1432 5456 scientiam
1471 5399 1569 5456 Dei
1600 5416 1780 5455 conve-

183 5475 400 5527 nientrm
433 5473 648 5542 plebem.

256 5546 278 5582 ι’
322 5545 660 5602 Edit.liom..
684 5544 963 5606 invenitur,
996 5544 1247 5599 incentori
1277 5541 1775 5608 wmulationisfetc.

187 5617 339 5678 Alizr,
362 5617 615 5670 invenitur
642 5617 927 5670 incentoria
949 5619 1312 5672 (entulationis.
1337 5618 1464 5670 Mss.
1498 5630 1707 5679 omnes,
1727 5657 1740 5670 .
1763 5656 1776 5667 .

188 5689 318 5756 quod
346 5689 646 5753 incentoria,
675 5698 782 5741 etc.
831 5687 895 5742 Et
921 5699 1069 5741 certe
1103 5690 1364 5756 particula
1388 5731 1401 5752 ,
1431 5688 1566 5758 quod
1590 5730 1602 5750 ,
1633 5686 1783 5740 vide-

191 5770 272 5812 tur
301 5760 516 5815 omnino
545 5761 848 5815 necessaria
891 5761 1300 5814 constructioni.
1332 5759 1534 5814 Vocem
1577 5769 1781 5822 autem,

190 5830 492 5903 incentoria,
536 5832 702 5903 fuisse
753 5841 880 5886 tunc
928 5831 1186 5898 temporis
1219 5848 1316 5902 pro
1359 5847 1522 5886 causa
1550 5847 1670 5903 quin
1718 5830 1786 5886 ad

195 5900 384 5972 aliquid
419 5902 764 5968 incenderet,
799 5912 1110 5972 usurpatam
1139 5900 1534 5961 existimamus.

710 5999 987 6058 PATROL.
1055 5999 1226 6063 XIV.

1881 4777 2069 4845 ludar,
2117 4787 2164 4832 ct
2190 4777 2361 4832 Iudas
2399 4796 2502 4832 non
2547 4780 2751 4834 vexabit
2781 4778 3011 4850 Ephrem
3044 4779 3216 4851 (Esai.
3252 4796 3340 4844 ιι,
3379 4782 3489 4853 15).

1885 4871 2026 4929 Alibi
2069 4879 2250 4925 autem
2291 4870 2498 4926 habes:
2532 4872 2624 4927 Sic
2653 4884 2700 4928 et
2741 4889 2828 4926 vos
2850 4914 2865 4936 ,
2899 4875 3139 4944 quoniam
3167 4876 3493 4930 aemulatores

1887 4967 2008 5021 estis
2034 4965 2346 5030 spiritalium
2375 4965 2443 5018 ad
2467 4965 2867 5035 ludiﬁcationem
2898 4966 3173 5034 Ecclesiw,
3207 4969 3494 5038 quaeritant

1889 5059 2158 5114 abundetis
2187 5057 2231 5131 (Ι
2255 5058 2376 5114 Cor.
2406 5075 2516 5126 xxv,
2552 5059 2662 5130 1‘2).
2696 5059 3068 5114 Emulatores
3096 5076 3194 5131 pro
3221 5062 3377 5116 bonis
3397 5104 3412 5129 ,
3442 5073 3498 5118 et

1889 5153 2044 5209 bona:
2085 5153 2162 5208 rei
2212 5153 2576 5210 imitatoribus
2613 5155 2826 5226 posuit,
2857 5155 3112 5211 annulum
3144 5174 3245 5229 pro
3270 5159 3497 5231 obliquo

1891 5255 1946 5304 et
1966 5247 2172 5304 invido.

1962 5413 1984 5440 ο
2027 5399 2177 5456 Edit.
2227 5401 2476 5471 quaedam
2523 5398 2727 5462 Paris.,
2771 5399 2874 5453 nisi
2912 5400 3098 5456 vulnus
3143 5401 3224 5456 illi
3266 5406 3496 5461 aemulati

1886 5473 2140 5540 corporis.
2187 5472 2323 5543 Reg.
2367 5471 2768 5545 acA'l‘huan”...
2815 5471 3042 5545 simulati
3083 5478 3352 5545 corporis,
3385 5488 3491 5534 etc.

1884 5548 2045 5602 Forte
2075 5545 2215 5615 quod
2262 5543 2596 5615 crediderint
2631 5553 2882 5596 sanctum
2937 5543 3218 5600 Doctorem
3252 5548 3496 5608 alludere

1885 5619 1953 5673 ad
1995 5614 2231 5687 ligneam
2274 5618 2420 5670 illam
2453 5614 2714 5687 efligiem_
2733 5629 2893 5682 quam
2938 5629 3036 5683 pro
3070 5618 3269 5672 Davide
3296 5621 3496 5678 Michol

1886 5685 2243 5760 supposuisse
2287 5696 2637 5760 memoratur.
2683 5685 2789 5760 Sed
2837 5698 3094 5760 praestare
3123 5689 3247 5745 Gill.
3279 5703 3332 5747 et
3361 5695 3497 5748 alio-

1890 5757 2009 5819 ruiu
2051 5776 2182 5836 mss.
2225 5759 2516 5812 lectionem
2550 5757 2723 5825 palam
2774 5759 2974 5812 faciunt
2998 5761 3158 5817 verba
3185 5805 3198 5828 ,
3238 5772 3347 5818 tum
3377 5783 3498 5836 qum

1893 5833 2228 5908 prazcedunt,
2255 5840 2364 5886 tum
2396 5846 2514 5902 quin
2541 5840 2861 5900 sequuntur.

2820 5991 2893 6051 81
