4042 6378
605 350 676 405 97
689 351 704 402 l
1951 328 2190 387 SANCTI

2322 328 2552 386 lBliOSll
3817 323 3884 377 πε

682 459 772 514 Η.
809 457 988 526 (Vers.
1023 454 1102 524 2).
1136 453 1375 508 Primum
1404 459 1483 504 est
1523 462 1678 517 ergo,
1710 463 1777 499 nc
1823 444 2089 513 malignos
2134 441 2199 497 ad
2227 443 2424 505 Aloco
2473 441 2629 498 nobis
2669 442 2799 496 istas
2848 438 3116 510 Propheta
3167 445 3402 492 sanctus
3429 436 3660 492 divitias
3699 436 3887 492 deum

611 550 971 610 atmulatiouis
1015 546 1407 615 malignitatem
1449 541 1715 605 lacessas;
1766 536 2101 601 secundum,
2152 543 2211 590 ut
2312 538 2525 596 stravit.
2559 536 2750 606 quibus
2777 544 2892 589 erat
2919 534 3068 589 dives
3094 534 3147 588 in
3176 531 3425 598 Christo,
3457 542 3516 586 et
3538 530 3792 586 omnibus
3809 550 3890 602 qui

612 663 720 703 non
745 641 1014 702 :cmuleris
1038 639 1377 709 iniquitatem
1395 635 1686 690 iacientes.
1714 633 2038 698 Plerumque
2063 627 2207 683 enim
2313 631 2380 685 ad
2426 631 2589 685 vitam
2633 639 2889 685 :eternam
2933 628 3342 692 conducerent,
3382 624 3727 680 claudebat.
3771 627 3830 679 Et
3857 645 3892 682 re

613 742 864 796 videntes
903 736 974 806 pii
1004 733 1188 790 fraude
1226 733 1436 801 aliquos
1465 739 1522 784 ct
1551 729 1747 784 astutia
1775 725 2039 797 quaesisse
2076 724 2213 778 divi-
2314 741 2441 781 vera
2471 725 2591 793 quis
2625 723 2810 786 ditior,
2841 737 3001 791 quam
3031 721 3122 792 qui
3165 720 3325 775 dives
3369 720 3425 772 in
3461 718 3702 772 Domino
3727 730 3835 778 est;
3861 737 3896 773 ι

615 837 736 895 tias,
765 841 826 888 et
854 830 1165 900 pervenisse
1196 825 1263 888 ad
1292 826 1527 879 honores
1546 865 1560 887 ,
1589 820 1936 878 aemulatione
1959 815 2210 878 deformi,
2311 821 2488 889 possit
2511 819 2693 873 dicere
2723 835 2739 870 ε
2773 814 2842 869 In
2868 818 2948 870 ui.
2975 815 3394 871 testimoniorum
3416 823 3638 866 ωσι-..ι
3657 813 3898 866 meum

613 927 727 982 vias
767 940 957 980 corum
988 921 1143 992 sequi
1168 919 1433 988 gestiunt;
1465 929 1521 970 ut
1549 916 1613 971 ad
1650 915 1868 969 divitias
1895 924 1950 968 et
1977 911 2214 966 honores
2315 928 2450 977 sunt,
2479 913 2626 982 quasi
2656 912 2710 964 in
2737 910 2970 965 omnibus
2990 910 3181 964 diuitiis
3202 908 3385 979 (Post.
3411 921 3620 971 cavus,
3645 905 3898 974 “ﬂQail

600 1020 776 1076 simili
803 1027 926 1076 arte
957 1016 1306 1087 perveniant,
1337 1013 1421 1068 vel
1466 1013 1515 1065 in
1557 1007 1935 1068 contrahendo
1965 1004 2214 1075 coniugio
2315 1005 2460 1060 eiiim
2489 1013 2705 1074 poterat
2749 1004 2941 1060 deesse
2968 1004 3119 1070 viro,
3155 1004 3245 1072 qui
3293 1001 3630 1058 ctelestihus
3667 1000 3902 1055 dilabatur

613 1109 1059 1172 circumscribant
1102 1103 1562 1160 adulescentulas.
1604 1101 1742 1170 Quid
1781 1099 1926 1154 enim
1957 1095 2212 1167 prodest,
2318 1099 2588 1154 oraculis?
2621 1099 2689 1153 Et
2717 1099 2840 1154 ideo
2879 1097 3071 1153 suadet
3103 1099 3213 1150 hoc
3239 1095 3499 1166 psalmo,
3533 1103 3595 1148 ut
3619 1093 3894 1149 thesaurus

612 1222 732 1260 cum
763 1206 892 1274 ipsa:
918 1200 1121 1257 divitiae
1148 1208 1201 1254 et
1227 1198 1405 1254 omnis
1433 1194 1604 1266 gloria
1634 1192 1915 1248 saecularis
1944 1201 2214 1259 tamquam
2317 1193 2468 1248 illum
2505 1193 2662 1248 nobis
2704 1205 3008 1263 qua-ramus
3053 1199 3352 1255 atteram,
3399 1199 3462 1244 et
3509 1187 3898 1243 delectationem

613 1298 798 1353 fenum
831 1296 940 1351 cito
971 1301 1212 1360 arescat,
1245 1301 1300 1346 et
1332 1300 1603 1358 tamquam
1645 1287 1793 1342 olera
1839 1284 2129 1339 herbarum
2163 1281 2216 1334 in
2320 1288 2438 1357 ejus
2463 1287 2820 1357 acquisiuone
2843 1286 3143 1354 capiamus,

611 1395 725 1461 ipsa
753 1390 936 1460 specie
965 1389 1046 1444 sui
1072 1387 1223 1442 ﬂoris
1253 1382 1613 1440 intercidant?
1645 1380 1832 1437 Omnis
1858 1395 1986 1435 caro
2009 1379 2214 1444 fenum,

2394 1381 2480 1435 15.
2517 1380 2696 1451 (Vers.
2731 1378 2815 1452 4.)
2855 1378 3089 1449 Ideoque
3134 1379 3250 1432 ait:
3284 1376 3573 1431 Mactare
3607 1378 3670 1430 in
3699 1375 3893 1430 ama.
3946 1383 3947 1400 ῖ

611 1494 666 1540 ει
691 1485 872 1539 omnis
909 1483 1080 1552 gloria
1126 1479 1362 1536 hominis
1393 1489 1450 1532 ut
1493 1476 1593 1530 llos
1621 1476 1752 1529 leni.
1787 1473 1910 1529 Noli
1951 1489 2080 1544 ergo
2107 1488 2222 1528 ma-
2321 1486 2368 1529 et
2417 1474 2557 1528 dabit
2588 1476 2678 1528 tibi
2726 1474 2994 1545 petitiones
3040 1473 3213 1527 cordis
3261 1473 3359 1526 tui.
3413 1471 3611 1538 Quare
3649 1487 3760 1526 non
3803 1474 3894 1526 άίιει

609 1592 849 1646 gnoperc
880 1574 1137 1629 allectare
1167 1571 1310 1642 quod
1358 1581 1672 1639 perpetuum
1719 1582 1844 1622 esse
1877 1583 1981 1619 non
2017 1565 2217 1634 possit,

611 1670 720 1725 noli
750 1684 872 1723 esse
905 1667 1134 1723 annulus
1161 1677 1214 1720 et
1240 1663 1523 1734 obliquus;
1557 1661 1668 1715 noli
1691 1677 1818 1716 esse
1845 1660 2222 1716 contentiosus

609 1775 666 1818 et
695 1764 1006 1822 decertatur
1049 1764 1106 1816 in
1156 1764 1292 1817 zelo.
1344 1759 1497 1816 Unde
1539 1769 1593 1813 et
1638 1757 1830 1826 Aquila
1877 1756 2014 1812 dixit
2044 1774 2057 1809 :
2090 1754 2223 1809 Noli

2323 1579 2477 1632 tuas;
2509 1579 2535 1605 ι
2559 1567 2653 1622 sed
2683 1567 2867 1622 cordis
2895 1569 2969 1622 tui
3007 1567 3336 1637 petitiones?
3378 1566 3606 1620 Etenim
3653 1567 3892 1636 petitio-v5

2323 1661 2614 1716 exterioris
2639 1659 2874 1716 hominis
2902 1660 3280 1728 iuteriorisque
3300 1671 3642 1713 communes
3667 1673 3772 1711 non
3791 1673 3888 1719 sum.

2325 1769 2428 1808 nec
2448 1769 2637 1807 attines
2670 1752 2966 1821 probantur
2996 1766 3026 1803 a
3062 1751 3314 1813 Christo;
3343 1751 3475 1820 quia
3509 1750 3605 1804 lex

607 1868 904 1916 concertare
937 1857 996 1911 .in
1028 1854 1447 1927 malignantibus.
1481 1853 1842 1924 Symmachus
1873 1869 1888 1904 ι
1924 1849 2052 1904 Noli
2089 1866 2214 1904 con-
2246 1847 2296 1907 B
2324 1848 2520 1900 utentis
2568 1845 2878 1916 frequenter
2924 1852 3203 1915 repugnat.
3252 1843 3390 1912 Qua:
3421 1853 3620 1898 autem
3671 1841 3886 1898 interioris

612 1951 836 2010 tendere.
866 1949 987 2006 Noli
1013 1951 1174 2006 etiam
1207 1965 1328 2004 esse
1359 1949 1598 2002 imitator
1641 1945 1939 2014 iniquitatis
1981 1953 2035 1998 et
2075 1943 2220 1999 frau-

610 2046 725 2111 dis;
755 2045 852 2100 sed
893 2055 1012 2099 esto
1043 2042 1355 2114 apostolicae
1399 2041 1694 2106 doctrinae,
1729 2039 2062 2110 prophetica!
2094 2054 2218 2108 gra-

613 2137 737 2204 tia:,
773 2148 1196 2206 sanctorumque
1225 2135 1438 2189 virtutis
1479 2134 1750 2198 imitatur;
1783 2145 1842 2190 ut
1881 2134 2114 2188 fructum
2140 2131 2221 2186 {e-

608 2246 718 2296 ras,
750 2241 803 2284 ct
826 2246 1060 2285 messem
1087 2228 1351 2286 bonitatis
1373 2227 1660 2290 recondas,
1688 2227 1826 2281 sicut
1859 2224 2061 2295 .loseph
2085 2267 2098 2290 ,
2126 2225 2218 2295 qui

607 2321 951 2376 multitudine
986 2320 1239 2376 frumenti
1274 2319 1467 2373 famem
1496 2318 1766 2374 diuturna:
1795 2317 2095 2374 sterilitatis
2127 2332 2220 2372 ει-

607 2415 770 2469 clusit
802 2435 815 2470 :
851 2426 909 2468 ut
953 2415 1233 2478 llabacuc,
1265 2414 1357 2484 qui
1391 2413 1673 2482 prandium
1705 2412 2043 2466 messoribus
2070 2411 2221 2466 defe-

607 2508 802 2572 rendo,
848 2508 1093 2564 elevatus
1124 2509 1192 2562 ab
1216 2507 1412 2577 angelo
1443 2507 1574 2562 aerii
1603 2507 1832 2562 tramitis
1862 2507 1966 2561 iter
1993 2507 2216 2574 carpsit,

2321 1948 2450 1995 sunt
2480 1939 2747 2003 hominis,
2781 1939 2874 2008 qui
2913 1947 3205 1995 renovatus
3231 1947 3318 1992 est
3345 1937 3566 2006 Spiritu
3588 1977 3606 2004 ,
3659 1936 3778 1990 illas
3799 1951 3883 2004 pui-

2325 2035 2498 2088 tiones
2531 2033 2787 2088 Dorninus
2817 2033 3034 2104 petitori
3065 2032 3232 2088 donat
3263 2032 3488 2087 ell’ectu.
3529 2032 3702 2089 Unde
3735 2043 3787 2086 et
3808 2035 3882 2086 alii

2322 2129 2398 2181 ait
2423 2146 2436 2182 :
2469 2127 2680 2181 Tribuat
2702 2128 2792 2180 tibi
2811 2124 3066 2181 Dominus
3085 2127 3484 2180 secundumlcor
3505 2136 3689 2190 tuum,
3713 2137 3756 2180 et
3773 2143 3878 2178 om

2321 2225 2591 2294 petitiones
2621 2234 2736 2277 tuas
2763 2223 3028 2291 conﬁrmet
3058 2220 3234 2292 (Psal.
3267 2237 3385 2289 xu,
3409 2220 3493 2294 5).
3527 2221 3875 2278 Secundum

2321 2319 2420 2382 ait,
2453 2332 2558 2373 non
2587 2317 2884 2372 secundum
2913 2317 3281 2387 appetendam
3311 2318 3534 2382 carnis;
3567 2326 3634 2373 et
3661 2317 3784 2372 iltas
3805 2323 3866 2387 tu;

2321 2411 2528 2475 tiones,
2559 2410 2764 2480 inquit,
2791 2425 2915 2487 quae
2935 2410 3206 2479 prodeunt
3233 2425 3306 2464 ex
3337 2410 3544 2464 intimo
3587 2409 3782 2468 corde.
3807 2425 3853 2462 ui

2323 2503 2534 2568 ﬁrmet,
2585 2517 2691 2556 non
2733 2516 2856 2572 qua
2883 2517 2953 2556 ex
2983 2502 3166 2564 carnis
3197 2501 3360 2573 hujus
3395 2503 3675 2560 illecebra
3705 2514 3762 2558 et
3793 2517 3851 2556 tu

2321 2596 2560 2668 ptatibus
2587 2595 2917 2666 diriguntur.

2398 2691 2484 2746 11.
2529 2690 2716 2762 (Veri.
2737 2691 2794 2758 5,
2815 2691 2902 2757 6.)
2936 2689 3125 2745 Busta
3167 2691 3238 2743 ad
3267 2687 3568 2743 Dominum
3595 2690 3739 2744 uiam
3765 2701 3871 2743 tua».

2322 2795 2369 2843 ct
2399 2803 2548 2853 spera
2577 2787 2630 2839 in
2659 2803 2806 2853 eum,
2831 2798 2884 2840 et
2925 2787 3036 2856 ipse
3066 2787 3242 2857 faciet.
3272 2784 3346 2839 Et
3373 2787 3568 2839 educet
3603 2787 3741 2839 sicut
3771 2787 3878 2839 iam

2314 2880 2576 2950 justitiam
2606 2889 2769 2944 tuam,
2801 2889 2849 2932 et
2868 2880 3128 2950 judicium
3157 2888 3301 2932 tuum
3331 2880 3470 2934 sicut
3498 2879 3787 2932 meridiem.
3814 2878 3876 2929 llo.

2321 2976 2442 3030 solo
2471 2975 2742 3029 versiculo
2771 2974 2949 3044 qualis
2984 2989 3108 3029 esse
3145 2974 3347 3028 debeas
3368 3016 3383 3039 ,
3429 2974 3762 3030 declaravit.
3795 2975 3877 3036 (iis

608 2610 663 2655 et
689 2599 930 2654 redditus
969 2601 1166 2665 terris,
1202 2600 1342 2654 inter
1371 2614 1547 2654 saevos
1589 2599 1805 2654 leonum
1839 2601 2098 2667 strepitus
2131 2601 2220 2670 pio

615 2693 894 2764 propheta:
923 2693 1081 2747 dulce
1106 2693 1414 2748 convivium
1447 2691 1798 2746 ministravit.

689 2787 774 2840 ω.
806 2785 988 2855 (Vers.
1019 2784 1100 2857 5.)
1125 2785 1294 2841 Recte
1320 2802 1448 2856 ergo
1475 2785 1609 2840 dicit
1627 2784 1900 2854 Propheta
1930 2803 1942 2837 :
1973 2786 2141 2855 Spera
2163 2786 2219 2840 in

609 2877 867 2946 Domino,
900 2888 947 2932 et
991 2882 1074 2948 {ac
1117 2878 1431 2943 bonitatem;
1479 2888 1526 2931 et
1569 2876 1856 2932 inliabitata
1902 2887 2126 2944 terram,
2171 2888 2219 2932 et

613 2972 842 3041 pasceris
871 2973 926 3026 in
957 2971 1148 3025 divitiis
1194 2975 1324 3044 ejus.
1357 2972 1490 3039 Qua:
1530 2983 1614 3028 est
1644 2981 1784 3026 terra
1827 2987 1987 3041 quam
2027 2971 2220 3028 suadet

612 3063 1052 3132 inhabitandam,
1082 3064 1185 3118 nisi
1216 3065 1398 3118 anima
1422 3075 1507 3119 tua
1531 3107 1544 3131 ,
1579 3081 1738 3135 quam
1767 3065 1903 3119 bene
1933 3065 2100 3120 debes
2124 3080 2208 3122 ει·
2321 3071 2464 3124 enim
2499 3071 2704 3124 revelat
2741 3069 2882 3124 viam
2913 3083 3067 3124 suam
3089 3109 3105 3136 ,
3153 3067 3257 3124 nisi
3298 3069 3390 3138 qui
3439 3069 3562 3124 Deo
3608 3069 3876 3124 occultum

609 3158 817 3224 colere,
850 3160 1162 3228 frequenter
1185 3157 1521 3228 Spiritalibus
1545 3162 1757 3214 inarare
1787 3159 2116 3226 vomeribus,
2149 3174 2218 3213 ne
2323 3179 2546 3218 suorum
2575 3163 2784 3218 arbitro
2809 3163 3021 3220 interna
3049 3164 3132 3217 sui
3161 3164 3401 3231 pectoris
3419 3163 3763 3218 conﬁtetur!
3783 3161 3874 3215 Bm

611 3251 771 3320 longo
815 3250 1156 3306 inhorrescat
1185 3251 1330 3305 situ?
1357 3251 1539 3306 Bonus
1583 3251 1726 3306 enim
1758 3252 1993 3322 agricola
2041 3252 2219 3320 quoti-
2239 3238 2289 3306 Ο
2321 3261 2418 3327 ait,
2441 3263 2628 3324 renata,
2657 3261 2760 3314 hoc
2787 3267 2891 3326 est,
2915 3261 3066 3329 aperi
3087 3260 3485 3314 conscientiam
3515 3267 3698 3326 tuam,
3725 3275 3780 3312 ne
3798 3272 3873 3310 ean
3955 3238 3957 3322 i

610 3347 771 3403 diana
819 3347 1135 3417 operatione
1177 3357 1233 3402 et
1285 3346 1532 3417 pervigili
1579 3347 1947 3401 sollicitudine
2001 3358 2222 3404 exercet
2321 3355 2506 3408 saeculi
2544 3353 2696 3406 istius
2724 3361 2912 3422 gravet
2943 3351 3131 3406 umbra
3163 3351 3244 3406 vel
3277 3351 3487 3405 carnis.
3523 3347 3866 3416 Prominenti!

611 3457 800 3511 agrum
831 3455 987 3494 suum
1013 3481 1027 3505 ,
1072 3449 1127 3494 et
1165 3441 1380 3510 propria
1407 3455 1531 3496 rura
1561 3440 1829 3504 custodit;
1865 3456 1930 3496 ne
1971 3439 2223 3496 devastet
2321 3445 2469 3511 enim
2501 3445 2708 3499 semina
2749 3444 2795 3497 si
2828 3443 3025 3498 fuerint
3069 3443 3426 3506 obumbrata,
3461 3449 3773 3501 tenuantur;
3796 3439 3859 3492 id

612 3463 800 3511 agrum
831 3463 987 3494 51111111
1013 3481 1027 3505 ,
1072 3463 1127 3494 ει
1165 3463 1380 3510 propria
1407 3463 1531 3496 rura
1561 3463 1829 3504 υυδιυυιις
1865 3463 1930 3496 ne
1971 3463 2223 3496 υυνείδιθι
2321 3463 2354 3501 e
2377 3463 2469 3499 nm
2501 3463 2708 3499 semltta
2749 3463 2795 3497 5|
2828 3463 3025 3498 luerlnt
3069 3463 3426 3506 ouumurau,
3461 3463 3773 3501 ωηυξίηωτ
3796 3463 3855 3492 ω

612 3552 676 3590 ea
718 3550 850 3603 aper
880 3534 946 3589 de
973 3534 1158 3604 sylva,
1187 3545 1245 3588 et
1274 3533 1478 3587 fructus
1511 3544 1752 3588 maturos
1783 3543 1968 3602 raptor
1999 3535 2214 3604 eripiat.
2321 3463 2536 3606 oiijecta
2594 3536 2972 3606 pinguescunt.
3021 3535 3163 3603 Quid
3215 3535 3284 3590 de
3338 3536 3662 3591 seminibus
3718 3531 3855 3602 ισψαῖ

615 3631 722 3683 Ara
754 3643 884 3698 ergo
914 3637 1114 3683 terram
1141 3637 1309 3694 tuam,
1334 3636 1394 3682 ut
1417 3642 1540 3682 cum
1569 3627 1732 3698 782
1756 3629 1988 3693 venerit,
2019 3629 2108 3697 qui
2137 3644 2222 3683 se-
2325 3629 2473 3700 lpsas
2503 3629 2840 3693 arbusculas,
2870 3629 3160 3699 quominus
3185 3641 3308 3684 sese
3338 3629 3391 3682 in
3417 3629 3603 3682 altum
3631 3629 3869 3696 subjiciat.

620 3725 791 3779 minat
820 3723 1041 3778 verbum
1065 3763 1080 3786 .
1113 3711 1353 3776 animam.
1384 3733 1532 3776 tuam
1560 3722 1796 3778 inveniat
1829 3733 2218 3791 pricparatam;
2331 3723 2520 3780 umbra
2560 3723 2826 3778 silvestris
2854 3724 3182 3787 internecat,
3218 3729 3274 3776 et
3301 3719 3568 3791 prohibet
3603 3720 3798 3777 brachia
3822 3731 3873 3771 tt

619 3833 688 3872 ne
714 3831 874 3886 supra
902 3815 1104 3870 inculta
1133 3813 1315 3868 cordis
1347 3814 1421 3868 tui
1450 3812 1662 3868 decidat
1688 3829 1897 3878 semen,
1931 3822 1987 3869 et
2005 3815 2226 3869 veniant
2323 3830 2478 3871 mosa
2507 3815 2829 3870 dill'undere.
2853 3813 3083 3870 Pulchre
3100 3824 3281 3869 autem
3305 3813 3447 3868 dixit
3473 3831 3489 3868 :
3525 3812 3725 3870 Recta
3745 3811 3871 3865 tide

616 3925 743 3970 aves
772 3907 928 3975 οωιι,
963 3914 1018 3962 ει
1043 3906 1302 3978 diripiant
1335 3907 1475 3975 quod
1507 3905 1670 3962 fuerit
1699 3906 2046 3962 seminatum.
2091 3907 2223 3974 Quae
2325 3909 2520 3962 mitium
2549 3909 2683 3962 viam
2712 3917 2874 3972 tuam,
2908 3908 3031 3977 quia
3062 3917 3254 3962 natura
3287 3906 3579 3962 hominum
3611 3923 3773 3978 prona
3797 3921 3877 3974 pet-

615 4001 690 4058 sit
712 4015 838 4070 ergo
874 4010 1039 4066 terra,
1061 3999 1185 4053 audi
1209 3999 1477 4053 dicentem
1509 4017 1521 4051 :
1553 3997 1690 4052 Ecce
1714 3999 1838 4053 exiit
1867 3999 1955 4066 qui
1985 4000 2220 4064 sentiunt,
2321 4010 2447 4060 cato
2471 4005 2616 4057 velut
2655 4001 2925 4072 quoddam
2954 4003 3121 4058 menti
3152 4013 3355 4057 nostra:
3386 4003 3649 4058 velamen
3685 4002 3876 4060 obduci;

616 4093 872 4146 seminare
905 4107 1086 4164 agrum
1122 4106 1274 4144 suum
1301 4107 1318 4144 :
1351 4099 1396 4143 cl
1427 4089 1551 4143 dum
1589 4090 1834 4154 seminat,
1867 4091 2013 4144 aliud
2040 4091 2226 4144 cecidit
2323 4095 2490 4169 783
2518 4113 2584 4150 ne
2609 4107 2791 4150 nostra
2821 4095 3047 4150 Domino
3069 4105 3293 4166 peccata
3317 4094 3614 4162 fateamur,
3639 4098 3731 4168 qui
3755 4105 3877 4165 potest

616 4205 762 4243 secus
803 4189 936 4242 uiam
959 4229 974 4252 ,
1004 4187 1151 4241 aliud
1182 4204 1342 4258 supra
1376 4197 1576 4257 petram
1595 4227 1610 4252 ,
1639 4182 1782 4240 aliud
1826 4203 1989 4256 supra
2033 4195 2226 4240 terram
2327 4189 2550 4243 vulnera
2581 4197 2762 4243 nostra
2789 4203 2984 4243 sanare
3014 4205 3027 4240 :
3061 4199 3119 4242 ut
3138 4189 3430 4244 erubescat
3451 4192 3582 4260 quis
3603 4187 3880 4260 orepropril

620 4281 894 4334 bonum...
914 4279 1069 4353 (Luc.
1099 4295 1211 4342 vut,
1244 4277 1277 4332 5
1304 4289 1349 4332 et
1372 4278 1530 4350 seq.).
1564 4279 1716 4344 Quod
1744 4289 1915 4332 autem
1939 4296 2098 4346 supra
2125 4289 2226 4334 ter—
2328 4284 2604 4352 postulare
2635 4282 2958 4338 medicinam
2980 4322 2996 4346 ,
3027 4297 3098 4337 ne
3124 4298 3310 4338 coram
3343 4283 3668 4340 horninibus
3693 4297 3779 4338 sua
3802 4294 3881 4352 pre

619 4391 733 4429 ram
761 4375 965 4439 bonum,
990 4374 1027 4426 ii
1060 4381 1179 4424 sunt
1205 4373 1290 4440 qui
1317 4373 1372 4424 in
1392 4372 1546 4426 corde
1575 4371 1704 4424 bona
1726 4370 1990 4426 audientes
2020 4374 2226 4426 verbum
2327 4377 2524 4433 dantur
2565 4378 2878 4447 opprobria.
2914 4377 3120 4432 Premit
3162 4377 3325 4446 igitur
3352 4392 3415 4432 se
3466 4379 3613 4432 intra
3661 4378 3881 4434 hominem

622 4466 862 4530 retinent,
889 4474 934 4518 et
957 4467 1182 4534 fructum
1201 4460 1426 4529 alierum
1448 4477 1539 4531 per
1564 4462 1866 4534 patientiam
1895 4460 2084 4532 (Ibid,
2113 4464 2221 4533 l5).
2326 4472 2692 4538 conscientia,
2740 4487 2862 4526 cum
2897 4472 3069 4526 tuere
3113 4485 3218 4525 ηοη
3249 4471 3459 4540 possit;
3507 4480 3567 4526 ει
3605 4473 3796 4526 unum
3817 4470 3882 4523 dit.

623 4560 884 4616 Mundam
915 4559 985 4613 sit
1012 4573 1141 4630 ergo
1172 4573 1264 4612 cor
1289 4565 1463 4622 tuum,
1493 4555 1690 4610 munda
1723 4557 1794 4610 sit
1821 4557 1998 4611 anima
2034 4569 2144 4624 tua,
2168 4571 2226 4614 ut
2261 4629 2285 4632 ᾳ
2321 4562 2460 4628 fert,
2503 4563 2680 4632 quoad
2708 4565 2905 4618 vulnus
2930 4563 3190 4619 effervent
3211 4605 3224 4628 ,
3255 4573 3314 4617 ut
3352 4565 3466 4632 jam
3497 4579 3610 4619 non
3641 4565 3759 4621 ﬁdei
3779 4565 3881 4619 salu-

625 4652 859 4709 fructum
887 4651 1148 4707 bonitatis
1174 4648 1352 4720 possis
1373 4649 1567 4704 afferre
1588 4691 1603 4714 ,
1633 4649 1739 4706 hoc
1763 4660 1870 4716 est,
1903 4653 2088 4722 gratia:
2115 4655 2225 4722 sni-
2250 4629 2305 4692 θ
2331 4629 2561 4718 britate,
2608 4654 2702 4710 sed
2751 4655 3131 4709 immedicabili
3161 4629 3452 4711 atrocitate
3481 4655 3685 4711 ulceris

625 4746 821 4801 ritalis.
875 4744 1096 4798 Bonitas
1145 4744 1286 4796 enim
1335 4742 1539 4797 fructus
1586 4752 1671 4797 est
1720 4742 1953 4813 Spiritus
2005 4747 2221 4811 sancti;
2329 4755 2435 4801 tttr.
2474 4745 2681 4809 Revela.
2710 4745 2905 4814 inquit,
2939 4746 3007 4800 ad
3034 4746 3880 4812 Dominumoiamtudm;hocest.

627 4840 766 4894 sicut
793 4836 1054 4910 scriptum
1087 4843 1170 4889 est
1198 4853 1208 4886 :
1246 4833 1468 4891 Fructus
1505 4845 1675 4890 autent
1703 4836 1931 4906 Spiritus
1949 4849 2027 4891 est
2056 4837 2226 4894 chari-
2329 4839 2476 4908 aperi
2506 4838 2644 4894 viam
2673 4848 2842 4906 tuam,
2874 4839 2985 4893 noli
3014 4838 3372 4905 abscondere,
3402 4841 3544 4894 sicut
3567 4837 3883 4895 abscondehal

628 4942 727 4998 tas,
759 4933 1023 5005 gaudium,
1049 4946 1174 5001 pax,
1203 4928 1471 5000 patientia,
1499 4931 1805 5002 benignitas,
1827 4931 2048 4996 bonitas,
2071 4933 2221 5001 fides,
2329 4928 2496 4995 Cain,
2543 4932 2631 4999 qui
2679 4931 2848 4986 latere
2896 4932 3183 5001 cupiebat;
3233 4933 3416 4986 omnis
3463 4933 3612 4986 enim
3657 4933 3740 5002 qui
3781 4931 3880 4984 male

627 5025 894 5089 modestia,
927 5021 1241 5078 continentia
1277 5019 1476 5092 (Galut.
1507 5037 1560 5088 v,
1592 5021 1809 5096 ‘22).lli
1837 5035 1964 5078 sunt
1995 5025 2224 5090 fructus,
2329 5024 2473 5093 agit,
2519 5023 2630 5077 odit
2661 5024 2857 5080 lucem.
2889 5023 3188 5084 Revelabat
3227 5023 3393 5078 David
3438 5024 3584 5077 viam
3627 5038 3795 5089 suam,
3817 5021 3879 5090 qui

626 5132 856 5188 quorum
891 5116 1091 5170 divitiis
1145 5116 1439 5185 pascimur,
1477 5123 1532 5168 ct
1559 5116 1806 5184 ubertate
1836 5118 2116 5171 satiamur.
2166 5118 2223 5172 ln
2326 5119 2437 5170 ait:
2474 5117 2605 5171 Dico
2635 5135 2728 5187 ego
2755 5133 2914 5186 opera
2951 5134 3064 5170 mea
3098 5116 3232 5188 Regi
3265 5115 3440 5187 (Paul.
3476 5132 3626 5184 xuv,
3653 5116 3730 5188 2).
3759 5113 3877 5184 Aperi

627 5209 729 5263 hac
757 5219 899 5264 terra
933 5207 1092 5262 vitem
1127 5208 1268 5260 illam
1297 5206 1625 5261 lructiferam
1662 5208 1838 5275 justus
1867 5207 1980 5263 Noe
2007 5209 2223 5282 planla-
2328 5225 2544 5266 sensum
2577 5226 2725 5267 tuum
2749 5251 2766 5277 ,
2814 5223 2869 5266 ut
2909 5211 3043 5266 nihil
3085 5211 3157 5266 sit
3185 5211 3331 5281 quod
3361 5211 3556 5268 timeas
3585 5207 3873 5280 reprehendi-

625 5284 807 5367 vit,let
831 5301 900 5356 de
931 5301 1109 5354 fructu
1139 5300 1253 5370 ejus
1283 5300 1436 5365 bihit,
1470 5311 1630 5371 atque
1660 5302 1848 5354 intimo
1877 5302 2042 5356 corde
2072 5303 2222 5356 solu-
2329 5303 2607 5359 Rcvelavit
2649 5316 2702 5359 et
2732 5304 2962 5368 Paulus,
2996 5303 3086 5372 qui
3132 5303 3479 5373 praesumpsit
3513 5305 3732 5359 dicere:
3766 5299 3874 5354 Nihil

627 5401 713 5448 tus
735 5401 852 5456 est;
881 5392 1095 5462 quando
1126 5407 1247 5446 eum
1292 5392 1546 5445 laudabili
1578 5392 1787 5459 pictatis
1813 5393 2015 5446 amictu
2055 5393 2230 5448 induit
2329 5398 2453 5452 mihi
2475 5401 2709 5453 conscius
2730 5415 2843 5452 sum
2868 5399 2920 5470 (l
2951 5395 3071 5452 Cor.
3102 5411 3182 5464 tv,
3211 5393 3305 5466 4).
3339 5397 3386 5451 ls
3409 5406 3585 5459 actus.
3611 5411 3672 5452 ea
3695 5395 3786 5449 vita
3810 5395 3871 5456 sit,

624 5487 885 5542 virtutum
930 5500 1151 5540 suarum
1189 5486 1458 5555 geminata
1508 5484 1816 5556 posteritas.
1854 5485 1974 5537 Alio
2012 5493 2226 5556 quoque

699 5656 722 5680 ⁸
763 5642 967 5699 Omnes
986 5644 1117 5699 edit.
1147 5659 1268 5698 eum
1295 5658 1425 5698 mss.
1459 5644 1753 5709 nonnullis,
1782 5643 1889 5699 Sed
1912 5643 2080 5698 cordis
2103 5646 2215 5700 tui?

626 5714 1031 5772 Petitiones.....
1062 5731 1351 5770 communes
1383 5725 1519 5769 sunt.
1551 5716 1792 5770 Aliorum
1820 5715 2057 5785 quinque
2080 5732 2210 5772 mss.

627 5787 911 5841 lectionem
940 5801 1004 5838 eo
1055 5786 1423 5854 praatulimus,
1460 5787 1582 5854 quia
1613 5787 1795 5842 sensui
1845 5797 1897 5840 et
1941 5790 2218 5843 contextui

626 5855 1082 5914 accounnodatior
1121 5859 1232 5912 visa
1261 5865 1376 5922 est;
1410 5873 1510 5911 nec
1532 5872 1636 5912 non
1665 5860 1728 5912 ad
1758 5856 2028 5926 Origenis,
2061 5873 2220 5930 quem

2331 5506 2388 5572 ut
2415 5495 2496 5549 via
2530 5505 2614 5548 tua
2639 5509 2822 5549 coram
2849 5493 3006 5548 Patre
3030 5501 3120 5546 tuo
3148 5491 3344 5556 luceat,
3364 5491 3453 5561 qui
3488 5491 3542 5545 in
3570 5488 3719 5546 caelis
3740 5497 3822 5543 est.

2327 5655 2377 5708 in
2411 5656 2651 5724 psalmos
2681 5652 3000 5710 Ambrosius
3038 5652 3326 5724 plurimum
3356 5650 3869 5724 imitaturtiutemtt-

2325 5721 2582 5780 tationem
2617 5725 2787 5794 magis
2829 5724 3057 5780 accedit.
3090 5723 3272 5794 Ipsum
3312 5724 3563 5790 consule,
3616 5722 3756 5780 Hom.
3786 5723 3802 5774 1
3831 5721 3864 5772 ill

2327 5795 2473 5854 hunc
2501 5797 2798 5854 Psaliuum.
