4042 6378
65 335 191 392 975
1192 337 1257 394 ΙΝ
1297 334 1625 397 PSALMUM
1664 333 1884 394 XXXVI
1922 334 2347 394 ENARRATIO.
3315 337 3420 393 974

159 456 265 511 15.
318 457 434 515 Sed
483 459 606 529 quia
651 458 881 514 obnoxia
932 455 1205 528 frugi-litati
1255 456 1434 509 omnis
1483 455 1709 508 humana
1741 456 1793 515 Α
1819 450 2016 520 Israel,
2045 463 2101 509 ct
2129 463 2242 510 toto
2270 454 2406 511 orbe
2436 469 2603 514 unum
2632 454 2795 511 fuerit
2835 467 3031 524 corpus
3069 453 3122 509 in
3160 451 3414 518 Christo;

66 547 365 606 conditio
413 560 524 619 est,
567 560 624 608 et
661 566 766 605 non
813 559 1012 604 nostra:
1045 557 1129 603 est
1165 547 1447 618 potestatis
1478 546 1581 601 iter
1617 559 1717 600 no~
1823 553 1953 602 tunc
1997 549 2096 603 erit
2138 561 2193 603 et
2234 551 2349 619 ipse
2377 549 2688 621 subjectus,
2719 565 2918 605 munus
2953 563 3113 606 suum
3136 547 3249 605 Deo
3275 546 3421 602 Patri

71 649 279 696 strnm
322 659 395 700 ex
429 647 705 700 voluntate
746 644 1008 716 dirigere;
1055 642 1176 697 ideo
1210 640 1300 695 tibi
1343 639 1474 693 dicit
1504 655 1516 691 :
1549 637 1720 708 Spera
1825 635 2086 706 oﬂerens,
2119 649 2174 695 et
2201 644 2352 711 quasi
2387 640 2647 712 Princeps
2687 641 2928 696 omnium
2959 639 3299 696 sacerdotum
3321 678 3338 706 ,
3371 646 3426 694 et

75 732 140 786 in
181 735 444 792 Domino
465 779 478 802 ,
511 745 558 791 et
587 739 695 806 ipse
733 737 918 807 faciet;
951 737 1052 790 hoc
1082 745 1194 799 est,
1242 744 1302 788 ut
1347 733 1556 803 aperiat
1581 731 1720 786 viam
1824 731 2138 786 etelestibus
2165 744 2187 772 ε
2221 748 2417 804 corpus
2443 735 2726 802 altaribus,
2761 745 2818 788 ut
2838 733 2910 789 sit
2937 734 3263 788 sacriﬁcium
3287 731 3422 786 fides

78 834 254 882 tuam
284 872 300 893 ,
345 847 446 886 nec
477 829 635 884 talem
665 837 718 885 te
748 844 868 884 esse
898 828 1205 899 permittat,
1237 836 1296 879 ut
1323 825 1494 895 fugias
1521 824 1721 890 lucem,
1825 823 2089 880 omnium.
2133 824 2359 880 Pietatis
2389 843 2518 895 ergo
2551 839 2635 884 est
2677 829 2775 883 ista
2803 828 3104 898 subjectio,
3137 825 3279 897 quod
3325 825 3429 880 erit

79 918 234 975 dum
273 924 444 978 times
472 922 655 992 prodi,
698 932 751 977 et
779 921 971 992 diligas
1012 918 1300 981 tenebras,
1344 927 1401 972 ut
1429 916 1608 989 possis
1635 926 1722 969 tua
1825 915 2102 987 subjectus
2150 919 2202 973 in
2247 934 2480 990 corpore
2507 923 2768 976 Dominus
2807 922 3002 988 Jesus,
3026 920 3179 990 cujus
3212 935 3310 975 nos
3335 935 3427 973 su-

84 1017 332 1071 occulta
346 1036 406 1072 re
437 1018 656 1088 flagitia,
690 1015 912 1072 dicens:
940 1012 1188 1069 Tenebra:
1217 1013 1451 1086 operiunt
1482 1027 1580 1078 me,
1611 1011 1725 1080 quis
1825 1027 1948 1070 tuus
1976 1026 2174 1083 corpus
2215 1024 2268 1068 et
2300 1014 2563 1070 membra.
2597 1015 2729 1070 Esto
2763 1031 2896 1086 ergo
2943 1016 3102 1070 homo
3145 1013 3425 1084 subjecms

85 1112 199 1164 scit
248 1113 301 1166 si
353 1114 490 1166 videt
527 1113 820 1166 Altissimus
863 1108 1068 1180 (Eccli.
1113 1125 1272 1175 XXIII,
1306 1108 1402 1181 6)?
1445 1107 1725 1177 Quomodo
1825 1104 2076 1174 Christo,
2129 1105 2230 1161 hoc
2273 1115 2385 1172 est,
2439 1109 2685 1164 subditus
2723 1109 3003 1181 sapientia:
3061 1108 3192 1173 Dei,
3239 1107 3428 1162 subdi-

89 1205 255 1258 enim
295 1214 481 1275 potest
507 1205 595 1274 qui
624 1204 950 1259 adulterium
981 1204 1221 1269 molitur,
1245 1218 1352 1257 non
1379 1211 1590 1255 noctem
1613 1200 1726 1255 suis
1825 1209 1916 1256 tus
1961 1200 2155 1267 verbo,
2185 1199 2434 1257 subditus
2475 1201 2698 1271 justitiac
2723 1244 2738 1273 ,
2773 1202 3020 1258 subditus
3051 1201 3268 1267 virtuti;
3301 1201 3424 1270 quia

87 1296 532 1352 accommodant
555 1312 802 1368 quierere
825 1296 1207 1352 tentamentis?
1236 1294 1329 1366 qui
1351 1293 1544 1348 falsum
1575 1291 1722 1362 cogi-
1829 1291 1946 1346 lucc
1975 1292 2154 1346 omnia
2179 1292 2423 1349 Christus
2459 1303 2568 1349 est.
2595 1293 2784 1348 Omnis
2827 1293 2991 1351 homo
3029 1294 3142 1349 Deo
3165 1308 3224 1349 se
3249 1293 3424 1364 subji-

83 1397 177 1449 _tat
211 1397 425 1444 testem
457 1404 571 1443 sua:
601 1389 779 1445 fraudi
807 1389 1100 1453 adhibere,
1131 1388 1220 1458 qni
1246 1384 1615 1456 corruptelam
1635 1383 1726 1454 ju-
1827 1385 1966 1451 ciat;
1996 1400 2102 1440 non
2135 1386 2278 1440 enim
2308 1401 2498 1450 unum,
2531 1385 2626 1441 sed
2655 1401 2845 1441 omnes
2873 1387 3034 1441 docet
3060 1397 3116 1440 ut
3142 1385 3431 1456 subjiciant

83 1481 245 1537 dicis
299 1493 524 1555 ciiptat,
573 1492 632 1538 ut
677 1482 952 1555 opprimat
981 1481 1381 1544 innocentem,
1429 1476 1728 1544 iniquitatis
1829 1495 1927 1535 cor
1969 1496 2156 1546 suum,
2187 1481 2475 1551 subjiciunt
2503 1481 2734 1536 animam
2771 1497 2961 1547 suam,
2989 1480 3283 1552 subjiciam
3311 1495 3432 1536 car-

84 1589 213 1629 non
252 1576 558 1646 explorare
585 1575 896 1632 secretum?
929 1583 954 1611 ⁸
981 1573 1146 1630 Latro
1181 1575 1236 1627 in
1277 1570 1566 1627 solitudine
1601 1570 1727 1624 sub-
1829 1590 1955 1630 nem
1975 1591 2152 1642 suam,
2177 1589 2284 1645 quo
2305 1575 2374 1630 sit
2398 1575 2541 1630 Deus
2562 1576 2820 1630 omniain
2845 1576 3119 1631 omnibus.
3142 1554 3431 1645 Subjectus

84 1665 272 1732 sidet,
315 1670 499 1723 noctis
530 1668 785 1725 tenebras
815 1668 1115 1740 opperitur,
1147 1675 1204 1718 ut
1233 1663 1430 1718 sceleri
1461 1661 1616 1716 cedat
1646 1659 1724 1715 ef—
1829 1682 1962 1738 ergo
1992 1678 2076 1723 est
2105 1668 2195 1738 qui
2239 1667 2428 1738 plenus
2471 1676 2557 1723 est
2603 1671 2790 1741 gratiae
2811 1710 2828 1740 ,
2877 1679 2933 1724 et
2977 1670 3206 1740 suscipit
3243 1669 3429 1741 jugum

89 1757 312 1814 fectus.
343 1759 606 1832 Iniquitas
629 1776 758 1831 ergo
781 1759 1020 1815 tenebrae
1045 1767 1170 1812 sunt
1199 1775 1212 1810 :
1242 1757 1386 1812 Deus
1412 1756 1497 1810 lux
1528 1765 1630 1809 est.
1663 1753 1730 1808 Ει
1831 1757 2064 1826 Christi,
2095 1769 2150 1815 et
2179 1761 2428 1816 mandata
2460 1760 2672 1817 Domini
2716 1774 2939 1818 strenue
2965 1773 3020 1818 et
3057 1761 3438 1818 incunctanter

90 1852 140 1907 si
179 1862 242 1907 ιιι
278 1854 430 1908 velis
461 1862 607 1908 tuam
639 1853 917 1910 occultare
935 1852 1201 1924 justitiam
1225 1891 1239 1915 ,
1272 1850 1417 1905 Deus
1446 1863 1563 1904 eam
1593 1847 1725 1901 edu-
1757 1855 1804 1920 Β
1833 1851 2180 1923 exsequitur;
2215 1833 2334 1908 sibe
2377 1853 2718 1924 subiectione
2758 1863 2935 1910 autem
2955 1897 2971 1920 ,
3017 1855 3107 1926 qui
3135 1869 3196 1910 se
3237 1854 3438 1909 frustra

95 1956 191 2000 cet
236 1945 298 1999 in
356 1946 572 2011 lucem;
625 1961 724 2002 nec
765 1946 969 2016 patitur
1001 1945 1171 1999 latere
1209 1943 1466 2010 judicium
1519 1957 1624 2010 quo
1668 1953 1733 1994 ea
1831 1947 2074 2012 extollit,
2111 1961 2276 2003 sensu
2317 1949 2548 2018 propria}
2573 1948 2760 2004 carnis
2794 1947 3044 2013 inﬂatus,
3079 1949 3321 2006 insolem
3346 1947 3441 2006 de-

92 2055 230 2110 qua:
267 2039 430 2094 bona
465 2049 590 2093 sunt
618 2039 864 2109 elegisti,
893 2053 1016 2108 qua:
1044 2035 1286 2106 improba
1320 2033 1586 2089 refutasti.
1621 2031 1733 2087 Nec
1833 2042 2070 2100 vationis
2115 2053 2170 2097 et
2216 2043 2316 2113 piae
2358 2043 2638 2100 declinans
2679 2043 3082 2098 observantiam
3124 2045 3439 2112 servitutis,

93 2132 286 2187 solum
347 2131 488 2186 ἴςιςίῐ
532 2141 680 2187 tuum
720 2132 901 2186 lucere
924 2129 1222 2199 judicium;
1257 2127 1350 2182 56d
1382 2127 1565 2181 lucere
1596 2127 1736 2179 sicut
1834 2150 1998 2204 quam
2051 2135 2170 2205 ipso
2204 2135 2328 2206 jure
2379 2146 2586 2192 natura
2634 2137 2856 2192 Auctori
2904 2135 3168 2193 debemus
3215 2148 3440 2193 ξειωηο,
3482 2178 3504 2216 ‘

99 2227 446 2283 meridiem.
477 2227 704 2294 Quando
729 2243 786 2281 se
818 2227 898 2280 sol
923 2226 1022 2280 iste
1045 2225 1097 2278 in
1123 2224 1468 2294 splendorem
1493 2231 1637 2277 totus
1659 2221 1736 2276 ef-
1836 2225 2122 2282 Postremo
2149 2228 2241 2295 qui
2267 2229 2385 2284 sine
2417 2239 2638 2299 peccato
2665 2239 2772 2296 est,
2797 2230 3076 2301 subjectus
3097 2242 3180 2285 εει
3201 2228 3442 2298 Christo,

101 2320 323 2386 fundit,
344 2319 603 2375 meridies
625 2330 726 2374 est.
745 2318 996 2375 Meridies
1019 2326 1138 2372 erat
1163 2315 1592 2386 quandoJoseph
1615 2331 1736 2371 cum
1839 2322 2095 2391 quoniam
2122 2322 2440 2390 redemptus
2465 2337 2493 2375 a
2519 2321 2751 2377 Domino
2775 2331 2891 2388 est;
2921 2325 3010 2392 qui
3036 2334 3219 2379 autem
3246 2324 3296 2377 in
3320 2339 3448 2396 pec-

101 2415 395 2470 fratribtts
419 2416 757 2485 epulabatur,
785 2429 890 2468 non
924 2413 1071 2467 ullus
1101 2411 1376 2480 injuriam,
1400 2410 1496 2465 sed
1521 2409 1735 2465 oblitus.
1839 2423 1962 2468 cato
1988 2420 2093 2481 est,
2121 2430 2227 2468 non
2265 2423 2447 2484 potest
2470 2414 2575 2470 dici
2597 2414 2754 2482 liber,
2786 2416 2882 2472 sed
2905 2432 3116 2484 servus,
3144 2432 3303 2488 quem
3325 2432 3448 2488 gra-

99 2576 110 2583 '
187 2510 287 2563 Ui.
336 2508 523 2580 (Vers.
559 2509 639 2576 7.)
688 2507 940 2562 Subditus
981 2517 1087 2561 esto
1136 2505 1392 2568 Domino,
1444 2515 1490 2559 et
1534 2504 1743 2559 obsecra
1842 2508 1928 2561 via
1959 2517 2146 2562 tenent
2173 2508 2383 2562 vincula
2413 2508 2642 2577 peccati.

106 2620 258 2657 eum.
307 2602 429 2656 Non
462 2603 634 2655 solum
665 2611 722 2655 ut
751 2601 1028 2670 subjectus
1059 2601 1133 2655 sis
1169 2603 1307 2661 Deo,
1339 2600 1610 2662 moneris;
1645 2599 1742 2655 sed
1844 2658 1848 2662 ,
1921 2603 2008 2656 17.
2040 2602 2222 2675 (Vcrs.
2255 2603 2333 2672 7.)
2368 2603 2625 2673 Sequitur
2657 2622 2669 2658 :
2699 2603 2787 2660 Ne
2811 2606 3083 2661 cumulatus
3110 2608 3269 2676 {ueris
3305 2625 3448 2674 eum,

110 2697 296 2751 etiam
330 2705 391 2748 ut
419 2696 671 2749 obsecres
699 2693 1012 2759 Dominum,
1042 2709 1147 2764 quo
1171 2695 1345 2764 possis
1374 2701 1477 2748 tum
1508 2693 1743 2747 studium
1846 2697 1932 2766 qui
1973 2711 2216 2767 prospere
2254 2695 2496 2767 dirigitur
2524 2696 2577 2750 in
2610 2697 2692 2752 via
2729 2713 2846 2764 sua,
2879 2698 3077 2768 faciens
3107 2698 3446 2768 iniquitatem.

111 2785 503 2856 subjectionis
551 2785 810 2854 implere,
856 2784 882 2822 δ
919 2789 1061 2840 sient
1099 2794 1153 2839 et
1200 2800 1360 2856 supra
1408 2784 1524 2839 ait:
1560 2784 1746 2837 Reuela
1849 2787 2145 2843 Evidenter
2175 2787 2262 2842 hic
2288 2788 2414 2858 quid
2440 2789 2694 2858 superius
2723 2791 2976 2853 senserit,
3011 2791 3281 2847 intimavit
3307 2810 3320 2846 :
3346 2809 3451 2847 non

111 2880 370 2952 Domino
395 2878 528 2932 viam
557 2886 720 2945 tuam,
751 2887 799 2932 et
827 2894 979 2949 spera
1005 2879 1056 2930 in
1082 2895 1215 2931 cum.
1246 2877 1361 2930 Non
1390 2877 1564 2930 solum
1592 2891 1749 2929 reve—
1850 2879 2170 2934 excitandos
2197 2879 2460 2949 malignos
2507 2881 2854 2938 aemulatione
2896 2881 2965 2938 ad
3011 2883 3410 2956 malignitatem
3437 2927 3453 2955 ,

117 2976 245 3030 lare
279 2974 428 3027 viam
456 2983 600 3027 tuam
633 2981 682 3027 te
703 2973 991 3035 convenit;
1025 2971 1120 3026 sed
1144 2973 1303 3025 etiam
1329 2985 1548 3041 Sperare
1572 2971 1621 3023 in
1643 2969 1748 3022 Do-
1855 2989 2030 3044 neque
2061 2973 2355 3029 imitandos
2379 2973 2638 3030 facientes
2667 2975 3024 3047 iniquitatem.
3049 2975 3165 3035 Non
3188 2981 3334 3035 enim
3355 2979 3458 3034 ini-

117 3070 372 3126 minum.
405 3068 551 3121 Bona
570 3076 748 3122 autem
768 3067 1056 3137 subjectin,
1090 3082 1193 3120 non
1219 3066 1450 3135 abjecta,
1478 3080 1580 3119 non
1605 3063 1747 3129 vilis,
1851 3068 2032 3138 quitas
2051 3108 2066 3133 ,
2099 3065 2192 3120 sed
2226 3083 2500 3138 prospera:
2540 3084 2626 3123 res
2655 3085 2775 3139 quae
2803 3073 3134 3140 proveniunt
3155 3072 3338 3144 iniqua
3367 3090 3461 3144 ge-

123 3163 227 3216 setl
263 3161 512 3233 gloriosa
545 3170 706 3230 atque
753 3159 1028 3224 sublimis;
1064 3157 1154 3212 illc
1187 3159 1329 3212 enim
1365 3158 1476 3211 Deo
1507 3166 1590 3210 est
1625 3156 1750 3211 suh-
1853 3159 2098 3215 rentibus
2131 3173 2230 3213 nos
2274 3174 2419 3229 smpe
2450 3159 2779 3226 sollicitant,
2814 3172 2872 3218 ut
2909 3179 3004 3218 eos
3037 3171 3288 3234 putemus
3333 3166 3459 3221 imi-

126 3256 286 3310 ditus
311 3296 327 3319 ,
371 3253 462 3324 qui
505 3253 633 3307 facit
685 3251 899 3306 Domini
943 3252 1302 3306 voluntatem.
1352 3249 1592 3319 Denique
1635 3249 1753 3319 quis
1782 3248 1828 3314 C
1859 3254 2074 3317 tandos,
2109 3267 2215 3322 quo
2242 3252 2310 3306 ad
2353 3268 2538 3309 eorum
2572 3256 2842 3324 possimus
2864 3259 3150 3326 pervenire
3179 3275 3465 3317 successus

123 3347 369 3419 ignorat
415 3344 558 3416 quod
608 3345 873 3414 sapientia
932 3343 1126 3398 mentis
1171 3343 1539 3415 pra'stantior,
1597 3357 1755 3412 quam
1857 3343 2102 3398 dicentes
2134 3361 2146 3398 :
2181 3341 2316 3397 Ecce
2344 3344 2444 3412 ipsi
2481 3356 2804 3417 peccatores,
2849 3359 2894 3402 et
2939 3348 3256 3408 abundantes
3291 3353 3465 3409 inste-

131 3441 332 3496 carnis
360 3438 629 3508 sapientia
659 3436 760 3492 sit?
789 3437 1064 3508 Sapientia
1092 3447 1270 3491 autem
1299 3436 1494 3490 mentis
1517 3433 1755 3504 subjecta
1857 3436 2002 3502 culo,
2052 3435 2382 3489 obtinuerunt
2420 3437 2646 3492 divitias.
2683 3437 2748 3492 Et
2793 3439 2903 3494 dixi
2931 3457 2950 3495 :
2981 3438 3124 3515 Ergo
3153 3444 3265 3500 sine
3305 3462 3465 3502 causa

137 3548 229 3591 est
266 3535 366 3588 Dei
399 3534 536 3604 legi;
569 3532 833 3603 sapientia
861 3533 1040 3586 carnis
1067 3549 1169 3585 non
1196 3540 1278 3585 est
1303 3529 1535 3586 subdita.
1572 3529 1640 3584 Et
1665 3528 1760 3584 ad-
1848 3528 2138 3596 justiﬁeavi
2187 3545 2275 3583 cor
2328 3547 2528 3597 meum,
2586 3541 2632 3586 et
2682 3533 2781 3586 lavi
2829 3535 2961 3590 inter
3012 3535 3307 3594 innocentes
3356 3557 3440 3594 ma

139 3630 288 3684 didit
319 3628 615 3698 Apostolus
643 3643 657 3680 :
693 3624 805 3681 Nec
831 3626 964 3680 enim
984 3635 1145 3697 potest
1174 3624 1352 3693 (Rom.
1375 3639 1487 3690 vm,
1522 3623 1596 3694 7).
1627 3621 1759 3678 Esto
1858 3640 1956 3678 nus
1985 3640 2156 3688 meas;
2183 3632 2231 3678 et
2265 3625 2342 3696 fui
2368 3624 2662 3696 ﬂagellatus
2707 3637 2812 3682 tota
2858 3629 2941 3685 die
2980 3628 3153 3703 (Psal.
3187 3649 3362 3701 Lxxu,
3398 3634 3465 3691 ‘12

144 3738 284 3792 ergo
319 3720 590 3786 subditus,
627 3721 730 3775 hoc
755 3729 860 3788 est,
894 3719 1173 3790 proximus
1203 3716 1442 3783 Christo,
1475 3729 1530 3771 ut
1560 3716 1757 3788 Legem
1860 3729 1905 3774 et
1936 3717 2093 3790 seq.).
2127 3716 2182 3774 Si
2216 3718 2379 3790 igitur
2402 3717 2706 3791 ﬂagellatus
2735 3733 2820 3780 est
2849 3719 3046 3792 David,
3078 3739 3270 3784 cavere
3301 3728 3467 3786 debe-

143 3815 409 3886 impleas.
443 3816 691 3884 Denique
715 3813 964 3868 Christus
1007 3813 1254 3868 faciendo
1284 3814 1616 3866 voluntatem
1659 3811 1762 3866 Pa-
1863 3827 1982 3865 mus
2005 3827 2076 3866 ne
2103 3821 2156 3865 ct
2192 3826 2290 3867 nos
2317 3812 2687 3883 ﬂagellemur;
2719 3826 2773 3873 et
2800 3816 3013 3874 dicatur
3038 3821 3194 3878 nobis
3219 3825 3345 3893 quia
3383 3824 3466 3879 di~

148 3907 277 3970 tris,
311 3905 512 3976 Legem
541 3906 803 3976 implevit.
839 3905 905 3959 Et
932 3904 1053 3959 ideo
1093 3905 1215 3958 finis
1245 3914 1327 3958 est
1353 3903 1529 3974 chis,
1566 3914 1619 3957 et
1649 3903 1761 3973 ple-
1863 3904 2028 3969 vitim,
2057 3902 2315 3967 honores,
2348 3907 2625 3973 potentiae,
2657 3911 2995 3978 generationi
3027 3911 3150 3968 huic
3178 3915 3468 3972 videantur

148 3999 355 4055 uitudo
387 4008 470 4054 est
496 3999 808 4065 charitatis;
836 3999 958 4070 quia
983 3997 1216 4067 diligens
1245 3997 1481 4062 Patrem,
1511 3997 1760 4054 affectum
1865 4010 1986 4050 esse
2014 3997 2294 4066 disposita,
2330 3999 2482 4068 quasi
2513 4015 2645 4070 vaga
2673 4010 2728 4056 et
2765 4003 2968 4058 incerta
2997 4009 3239 4078 pecunia:
3267 4026 3429 4079 opera
3448 4053 3464 4079 ,

148 4111 382 4151 omnem
440 4095 559 4164 ejus
610 4094 856 4148 adhibuit
905 4093 1188 4146 voluntati.
1243 4090 1396 4146 Unde
1446 4107 1542 4159 pro
1591 4091 1761 4160 gloria
1864 4091 2269 4162 iniquitatiSquc
2298 4093 2640 4162 compendia,
2672 4112 2778 4152 non
2802 4100 2955 4168 quasi
2981 4104 3197 4170 praimia
3229 4104 3333 4159 ulla
3358 4105 3467 4162 vir-

149 4189 456 4260 Apostolus
505 4189 640 4243 dixit
690 4206 702 4241 :
755 4185 883 4242 Cum
932 4197 1103 4240 autem
1165 4186 1390 4256 subjecta
1440 4185 1519 4238 illi
1573 4184 1766 4254 fuerint
1867 4181 2287 4253 tutis;ideoque
2310 4184 2455 4239 velut
2476 4187 2746 4241 somnium
2770 4191 3090 4259 veniant,et
3109 4210 3230 4250 cum
3255 4199 3468 4252 somnio

149 4284 360 4345 omnia,
393 4291 512 4336 tunc
539 4292 583 4336 et
608 4283 717 4352 ipse
739 4281 999 4354 subjectus
1027 4280 1122 4332 erit
1152 4279 1261 4343 illi,
1294 4279 1382 4348 qui
1424 4279 1520 4331 sibi
1549 4277 1766 4351 subjecit

154 4382 372 4444 omnia;
409 4389 465 4432 ut
686 4378 750 4432 sit
801 4375 937 4431 Deus
977 4376 1150 4430 omnia
1195 4377 1246 4428 in
1294 4373 1528 4427 enm-ibus
1555 4372 1614 4446 (1
1641 4371 1762 4426 Cor.

152 4491 249 4539 xv,
283 4473 399 4542 18).
449 4472 515 4527 Et
555 4472 670 4541 ipse
701 4470 767 4524 de
801 4486 862 4524 se
898 4471 974 4523 ait
1007 4487 1018 4523 :
1059 4467 1249 4522 Nonne
1290 4465 1400 4521 Deo
1445 4466 1650 4520 subdita
1693 4475 1766 4520 est

154 4571 338 4623 anima
376 4584 525 4634 mea;
565 4566 628 4620 ab
659 4567 771 4637 ipso
802 4567 938 4619 enim
974 4565 1199 4620 salutare
1235 4579 1404 4617 meum
1436 4560 1609 4632 (Psal.
1643 4577 1760 4627 LXI,

1868 4284 1919 4329 te
1951 4285 2269 4345 resurgente
2299 4275 2574 4331 deﬁciant.
2604 4277 2757 4350 Ipsos
2793 4281 3023 4337 athletas
3049 4299 3173 4339 cum
3207 4287 3468 4358 vicerint,

1866 4376 2076 4422 certqu
2125 4377 2208 4422 est
2248 4370 2533 4436 coronari,
2579 4384 2686 4426 non
2716 4384 3007 4444 antequam
3037 4377 3273 4434 vincant.
3303 4379 3471 4438 Nobis

1870 4460 2008 4514 lucta
2039 4473 2159 4514 cum
2190 4459 2393 4514 sarculo
2421 4470 2523 4515 est.
2554 4460 2723 4518 Vince
2750 4475 2875 4520 ante
2901 4468 3194 4539 smculum,
3228 4482 3285 4526 ut
3316 4489 3472 4529 coro-

1870 4570 1993 4608 nam
2029 4565 2197 4624 petas.
2231 4551 2399 4609 Nemo
2431 4565 2556 4611 ante
2584 4568 2898 4629 coronatur,
2932 4562 3036 4619 nisi
3064 4576 3338 4624 certamen
3369 4571 3471 4625 im—

155 4662 258 4734 2)?
298 4660 542 4731 Denique
583 4635 688 4729 pro
722 4659 923 4729 pietate
952 4666 1097 4724 erat,
1130 4672 1239 4711 non
1287 4672 1382 4725 pro
1417 4653 1764 4721 infirmitate,
1793 4635 1848 4700 D
1875 4649 2122 4719 plcverit.
2163 4647 2263 4716 Qui
2307 4649 2538 4705 stadium
2582 4663 2836 4722 currunt,
2885 4657 3142 4727 numquid
3187 4673 3315 4716 ante
3345 4663 3471 4717 bra-

156 4759 367 4829 Joseph
399 4766 453 4811 et
479 4757 657 4810 Maria:
700 4754 1012 4825 parentibus
1052 4751 1321 4808 subditus.
1355 4747 1535 4805 Gloria
1586 4761 1762 4803 autem

159 4849 366 4906 Christi
395 4850 627 4904 maxima
647 4889 662 4914 ,
697 4855 754 4902 ut
775 4863 833 4901 se
857 4847 1236 4900 universorum
1269 4843 1545 4896 hominum
1580 4852 1766 4911 pecto-

165 4947 318 5001 ribus
351 4941 631 5006 iufundat,
680 4950 734 4995 et
775 4954 964 4994 omnes
991 4948 1208 4992 revocet
1236 4937 1303 4991 ab
1333 4937 1606 5004 impietate
1647 4951 1769 5004 per-

167 5038 310 5094 ﬁdia:
331 5079 345 5104 ,
392 5045 446 5090 et
471 5035 789 5106 gentilitatis
830 5032 1022 5088 affectu
1041 5073 1056 5095 ,
1088 5039 1148 5085 ut
1176 5030 1275 5084 sibi
1310 5029 1467 5084 faciat
1497 5043 1616 5084 esse
1643 5029 1769 5082 sub-

143 5131 363 5203 jectos.
395 5130 528 5186 Cum
561 5136 739 5183 autem
767 5127 870 5183 sibi
895 5120 1189 5196 subiecerit
1215 5123 1419 5186 omnia,
1450 5137 1572 5176 cum
1602 5121 1770 5175 intra-

168 5222 310 5281 verit
341 5221 625 5295 plenitudo
643 5221 908 5292 gentium,
934 5228 987 5274 et
1008 5219 1189 5274 salvus
1213 5215 1386 5272 factus
1411 5213 1571 5270 fuerit
1593 5212 1773 5267 omnis

247 5444 273 5472 ι
314 5433 458 5490 Edit.
491 5434 647 5489 Rom.
679 5433 733 5487 in
765 5448 918 5502 corp.
951 5441 1006 5488 et
1035 5442 1144 5487 vet.
1186 5433 1238 5486 in
1279 5445 1448 5498 marg.
1491 5445 1614 5485 cum
1645 5429 1768 5484 cod.

177 5508 394 5577 scriptis
419 5507 647 5575 aliquot,
676 5504 834 5559 Latro
857 5501 1406 5577 solitudines‘obsidet;
1430 5501 1633 5577 eaadem
1661 5511 1770 5555 vet.

177 5573 310 5634 edit:
344 5579 396 5631 in
421 5573 577 5645 corp.
611 5589 663 5631 et
693 5590 823 5632 mss.
857 5574 1012 5630 Colb.
1043 5590 1104 5629 ac
1134 5574 1276 5629 Vict.
1310 5583 1366 5628 ut
1395 5588 1493 5627 nos
1524 5573 1576 5627 in
1603 5580 1773 5626 textu.

182 5649 392 5703 Rursus
435 5649 566 5703 edit.
617 5659 723 5702 vet.
779 5649 831 5701 in
877 5660 1105 5716 corpore
1153 5661 1216 5700 ac
1259 5647 1419 5700 Rom.
1469 5660 1592 5716 cum
1639 5659 1773 5716 mss.

1872 4744 2020 4798 vium
2050 4743 2353 4813 accipiunt,
2383 4759 2542 4812 quam
2571 4746 2801 4801 stadium
2835 4753 3242 4818 percurrerint?
3272 4756 3470 4824 Quanti

1871 4839 2078 4908 priores
2111 4842 2161 4891 in
2187 4838 2334 4892 exitu
2361 4839 2580 4907 cadunt,
2613 4851 2666 4896 et
2695 4858 2887 4898 cursus
2913 4846 2997 4900 sui
3020 4847 3298 4904 celeritate
3328 4851 3473 4907 frau-

1873 4933 2102 4988 dantur?
2128 4931 2397 5002 Numquid
2442 4944 2494 4988 tu
2543 4935 2686 5002 Deo,
2716 4954 2875 5005 quam
2925 4937 3119 4995 Paulus
3161 4944 3472 5014 acceptior?

1873 5024 1966 5078 Ille
1996 5039 2088 5078 vas
2115 5024 2398 5081 eleCtionis
2419 5068 2433 5091 ,
2468 5026 2558 5082 ille
2604 5029 2845 5099 gentium
2900 5031 3098 5087 Doctor
3123 5035 3287 5112 785
3318 5053 3472 5094 num-

1875 5134 2034 5188 quam
2058 5117 2156 5172 sibi
2183 5117 2234 5172 in
2260 5117 2362 5173 hoc
2381 5120 2582 5175 saeculo
2601 5136 2858 5176 coronam
2884 5139 3048 5179 ausus
3069 5139 3154 5182 est
3173 5132 3473 5199 postulare.

1877 5212 2119 5283 Denique
2165 5211 2291 5267 audi
2332 5212 2604 5269 dicentem
2652 5232 2664 5269 :
2704 5211 2972 5272 Certamen
3011 5217 3202 5276 bonum
3249 5229 3473 5294 certari,

1949 5427 2421 5519 ιι-Μξξιηγξιιενιξι
2474 5432 2959 5519 quinquenCallic.
3014 5441 3089 5496 ita
3142 5446 3474 5519 praeferunt;

1880 5501 1970 5554 alii
1999 5511 2178 5582 autem
2205 5513 2260 5557 et
2285 5502 2420 5558 edit.
2462 5501 2685 5569 omnes,
2718 5504 2870 5563 Sicut
2895 5520 2943 5562 et
2983 5501 3477 5582 supra'nan

1879 5573 2122 5638 revelare,
2151 5584 2257 5628 etc.

1945 5654 1981 5725 ,ς
2023 5643 2222 5725 anes
2259 5645 2389 5699 edit.
2428 5660 2491 5698 ac
2521 5648 2921 5725 mss-aliquot,
2955 5668 3162 5724 compos
3195 5657 3479 5725 altaribus:

1887 5713 1977 5792 a_l_ii
2011 5716 2235 5792 plures,"
2276 5732 2463 5792 corpus
2495 5708 3120 5792 altaribus-Comtuode;
3142 5708 3475 5792 é'ni'ni

1884 5785 2028 5870 aliud
2075 5785 2163 5870 hic
2193 5786 2522 5870 declaratur,
2556 5788 2660 5843 nisi
2688 5788 2969 5850 Christum
3007 5807 3060 5854 et
3100 5785 3481 5866 sacerdotis-El

1885 5853 2079 5914 hostiae
2108 5859 2281 5915 vicem
2311 5853 2643 5916 iuncturum.

181 5718 394 5774 Thnan.
450 5735 513 5773 ac
560 5717 728 5783 Vah,
782 5717 942 5770 noctis
979 5715 1204 5771 tenebris
1253 5718 1500 5783 operitur.
1548 5715 1671 5771 νει.
1723 5715 1776 5768 in

183 5806 354 5873 marg.
382 5807 447 5847 ac
469 5806 599 5846 mss.
623 5788 782 5860 Reg.,
807 5789 960 5844 Co-lb.
986 5798 1043 5844 et
1065 5788 1226 5856 Vict.,
1243 5789 1406 5845 noctis
1428 5787 1660 5844 tenebras
1686 5802 1780 5857 op—

186 5873 400 5934 paritur.
