  <div class='ocr_page' id='page_1' title='image "/cluster/home/n/w/nwhite01/storage/ocr_20150623/14/hvd.32044015471303/493.png"; bbox 0 0 4048 6388; ppageno 0'>
   <div class='ocr_carea' id='block_1_1' title="bbox 567 293 2510 360">
    <p class='ocr_par' dir='ltr' id='par_1_1' title="bbox 567 293 2510 360">
     <span class='ocr_line' id='line_1_1' title="bbox 567 293 2510 360; baseline -0.004 -2"><span class='ocrx_word' id='word_1_1' title='bbox 567 299 674 360; x_wconf 74' lang='lat'><strong>975</strong></span> <span class='ocrx_word' id='word_1_2' title='bbox 1907 293 2154 350; x_wconf 75' lang='lat' dir='ltr'><strong>SANCTI</strong></span> <span class='ocrx_word' id='word_1_3' title='bbox 2191 293 2510 354; x_wconf 69' lang='lat' dir='ltr'><strong>AMBROSII</strong></span> 
     </span>
    </p>
   </div>
   <div class='ocr_carea' id='block_1_2' title="bbox 3775 303 3890 358">
    <p class='ocr_par' dir='ltr' id='par_1_2' title="bbox 3775 303 3890 358">
     <span class='ocr_line' id='line_1_2' title="bbox 3775 303 3890 358; baseline 0 0"><span class='ocrx_word' id='word_1_4' title='bbox 3775 303 3890 358; x_wconf 70' lang='lat'><strong>976</strong></span> 
     </span>
    </p>
   </div>
   <div class='ocr_carea' id='block_1_3' title="bbox 569 407 3894 480">
    <p class='ocr_par' dir='ltr' id='par_1_3' title="bbox 569 407 3894 480">
     <span class='ocr_line' id='line_1_3' title="bbox 569 407 3894 480; baseline -0.001 -6"><span class='ocrx_word' id='word_1_5' title='bbox 569 433 776 474; x_wconf 82' lang='lat' dir='ltr'><strong>cursum</strong></span> <span class='ocrx_word' id='word_1_6' title='bbox 799 411 1166 476; x_wconf 76' lang='lat' dir='ltr'><strong>consummavi,</strong></span> <span class='ocrx_word' id='word_1_7' title='bbox 1191 409 1576 480; x_wconf 76' lang='lat' dir='ltr'><strong>ﬁdemseruaui.</strong></span> <span class='ocrx_word' id='word_1_8' title='bbox 1607 407 1760 476; x_wconf 83' lang='lat' dir='ltr'><strong>Quod</strong></span> <span class='ocrx_word' id='word_1_9' title='bbox 1785 409 2036 480; x_wconf 81' lang='lat' dir='ltr'><strong>reliquum</strong></span> <span class='ocrx_word' id='word_1_10' title='bbox 2057 417 2161 474; x_wconf 81' lang='lat' dir='ltr'><strong>est,</strong></span> <span class='ocrx_word' id='word_1_11' title='bbox 2191 413 2240 470; x_wconf 79' lang='grc' dir='ltr'><strong>Α</strong></span> <span class='ocrx_word' id='word_1_12' title='bbox 2269 425 2366 468; x_wconf 91' lang='lat' dir='ltr'><strong>cus</strong></span> <span class='ocrx_word' id='word_1_13' title='bbox 2393 411 2648 478; x_wconf 81' lang='lat' dir='ltr'><strong>illudere;</strong></span> <span class='ocrx_word' id='word_1_14' title='bbox 2679 423 2734 469; x_wconf 87' lang='lat' dir='ltr'><strong>et</strong></span> <span class='ocrx_word' id='word_1_15' title='bbox 2765 421 2820 469; x_wconf 88' lang='lat' dir='ltr'><strong>tu</strong></span> <span class='ocrx_word' id='word_1_16' title='bbox 2847 413 3024 470; x_wconf 86' lang='lat' dir='ltr'><strong>adhuc</strong></span> <span class='ocrx_word' id='word_1_17' title='bbox 3057 425 3202 472; x_wconf 86' lang='lat' dir='ltr'><strong>tuam</strong></span> <span class='ocrx_word' id='word_1_18' title='bbox 3235 433 3340 474; x_wconf 87' lang='lat' dir='ltr'><strong>non</strong></span> <span class='ocrx_word' id='word_1_19' title='bbox 3367 417 3646 474; x_wconf 83' lang='lat' dir='ltr'><strong>ulcisceris</strong></span> <span class='ocrx_word' id='word_1_20' title='bbox 3679 429 3894 474; x_wconf 85' lang='lat' dir='ltr'><strong>contu—</strong></span> 
     </span>
    </p>
   </div>
   <div class='ocr_carea' id='block_1_4' title="bbox 568 501 2166 582">
    <p class='ocr_par' dir='ltr' id='par_1_4' title="bbox 568 501 2166 582">
     <span class='ocr_line' id='line_1_4' title="bbox 568 501 2166 582; baseline -0.008 -15"><span class='ocrx_word' id='word_1_21' title='bbox 568 513 796 582; x_wconf 85' lang='lat' dir='ltr'><strong>reposita</strong></span> <span class='ocrx_word' id='word_1_22' title='bbox 835 517 908 564; x_wconf 84' lang='lat' dir='ltr'><strong>est</strong></span> <span class='ocrx_word' id='word_1_23' title='bbox 951 507 1075 562; x_wconf 82' lang='lat' dir='ltr'><strong>mihi</strong></span> <span class='ocrx_word' id='word_1_24' title='bbox 1123 521 1316 560; x_wconf 81' lang='lat' dir='ltr'><strong>corona</strong></span> <span class='ocrx_word' id='word_1_25' title='bbox 1347 505 1566 578; x_wconf 72' lang='lat' dir='ltr'><strong>justilitc</strong></span> <span class='ocrx_word' id='word_1_26' title='bbox 1591 545 1606 568; x_wconf 90' lang='lat'><strong>,</strong></span> <span class='ocrx_word' id='word_1_27' title='bbox 1645 519 1798 574; x_wconf 86' lang='lat' dir='ltr'><strong>quam</strong></span> <span class='ocrx_word' id='word_1_28' title='bbox 1835 503 2008 556; x_wconf 84' lang='lat' dir='ltr'><strong>reddet</strong></span> <span class='ocrx_word' id='word_1_29' title='bbox 2039 501 2166 556; x_wconf 75' lang='lat' dir='ltr'><strong>mihi</strong></span> 
     </span>
    </p>
   </div>
   <div class='ocr_carea' id='block_1_5' title="bbox 571 593 2166 670">
    <p class='ocr_par' dir='ltr' id='par_1_5' title="bbox 571 593 2166 670">
     <span class='ocr_line' id='line_1_5' title="bbox 571 593 2166 670; baseline -0.009 -8"><span class='ocrx_word' id='word_1_30' title='bbox 571 605 822 662; x_wconf 76' lang='lat' dir='ltr'><strong>Dominus</strong></span> <span class='ocrx_word' id='word_1_31' title='bbox 865 603 920 657; x_wconf 84' lang='lat' dir='ltr'><strong>in</strong></span> <span class='ocrx_word' id='word_1_32' title='bbox 945 601 1040 656; x_wconf 87' lang='lat' dir='ltr'><strong>illa</strong></span> <span class='ocrx_word' id='word_1_33' title='bbox 1085 599 1168 654; x_wconf 86' lang='lat' dir='ltr'><strong>die</strong></span> <span class='ocrx_word' id='word_1_34' title='bbox 1205 599 1286 670; x_wconf 87' lang='lat' dir='ltr'><strong>(ll</strong></span> <span class='ocrx_word' id='word_1_35' title='bbox 1314 595 1447 652; x_wconf 87' lang='lat' dir='ltr'><strong>Tim.</strong></span> <span class='ocrx_word' id='word_1_36' title='bbox 1479 613 1553 662; x_wconf 87' lang='lat' dir='ltr'><strong>tv,</strong></span> <span class='ocrx_word' id='word_1_37' title='bbox 1583 599 1616 652; x_wconf 89' lang='lat'><strong>7</strong></span> <span class='ocrx_word' id='word_1_38' title='bbox 1649 605 1694 650; x_wconf 88' lang='lat' dir='ltr'><strong>et</strong></span> <span class='ocrx_word' id='word_1_39' title='bbox 1723 595 1800 668; x_wconf 88' lang='lat'><strong>8).</strong></span> <span class='ocrx_word' id='word_1_40' title='bbox 1843 595 2038 650; x_wconf 82' lang='lat' dir='ltr'><strong>Paulus</strong></span> <span class='ocrx_word' id='word_1_41' title='bbox 2073 593 2166 648; x_wconf 89' lang='lat' dir='ltr'><strong>ille</strong></span> 
     </span>
    </p>
   </div>
   <div class='ocr_carea' id='block_1_6' title="bbox 569 691 2165 776">
    <p class='ocr_par' dir='ltr' id='par_1_6' title="bbox 569 691 2165 776">
     <span class='ocr_line' id='line_1_6' title="bbox 569 691 2165 776; baseline -0.013 -14"><span class='ocrx_word' id='word_1_42' title='bbox 569 713 758 776; x_wconf 76' lang='lat' dir='ltr'><strong>raptus</strong></span> <span class='ocrx_word' id='word_1_43' title='bbox 803 703 854 756; x_wconf 89' lang='lat' dir='ltr'><strong>in</strong></span> <span class='ocrx_word' id='word_1_44' title='bbox 901 699 1116 754; x_wconf 87' lang='lat' dir='ltr'><strong>tertium</strong></span> <span class='ocrx_word' id='word_1_45' title='bbox 1163 695 1396 762; x_wconf 77' lang='lat' dir='ltr'><strong>cmlum,</strong></span> <span class='ocrx_word' id='word_1_46' title='bbox 1443 693 1536 764; x_wconf 91' lang='lat' dir='ltr'><strong>qui</strong></span> <span class='ocrx_word' id='word_1_47' title='bbox 1567 691 1775 748; x_wconf 76' lang='lat' dir='ltr'><strong>audivit</strong></span> <span class='ocrx_word' id='word_1_48' title='bbox 1815 705 2012 746; x_wconf 83' lang='lat' dir='ltr'><strong>arcana</strong></span> <span class='ocrx_word' id='word_1_49' title='bbox 2045 705 2165 760; x_wconf 77' lang='lat' dir='ltr'><strong>qua:</strong></span> 
     </span>
    </p>
   </div>
   <div class='ocr_carea' id='block_1_7' title="bbox 569 787 2168 860">
    <p class='ocr_par' dir='ltr' id='par_1_7' title="bbox 569 787 2168 860">
     <span class='ocr_line' id='line_1_7' title="bbox 569 787 2168 860; baseline -0.01 -6"><span class='ocrx_word' id='word_1_50' title='bbox 569 813 676 855; x_wconf 87' lang='lat' dir='ltr'><strong>non</strong></span> <span class='ocrx_word' id='word_1_51' title='bbox 723 797 856 852; x_wconf 90' lang='lat' dir='ltr'><strong>licet</strong></span> <span class='ocrx_word' id='word_1_52' title='bbox 903 792 1108 848; x_wconf 85' lang='lat' dir='ltr'><strong>homini</strong></span> <span class='ocrx_word' id='word_1_53' title='bbox 1159 789 1306 860; x_wconf 88' lang='lat' dir='ltr'><strong>loqui</strong></span> <span class='ocrx_word' id='word_1_54' title='bbox 1353 807 1368 843; x_wconf 89' lang='lat'><strong>:</strong></span> <span class='ocrx_word' id='word_1_55' title='bbox 1421 797 1596 842; x_wconf 89' lang='lat' dir='ltr'><strong>utrum</strong></span> <span class='ocrx_word' id='word_1_56' title='bbox 1647 787 1700 840; x_wconf 91' lang='lat' dir='ltr'><strong>in</strong></span> <span class='ocrx_word' id='word_1_57' title='bbox 1747 799 1974 856; x_wconf 87' lang='lat' dir='ltr'><strong>corpore</strong></span> <span class='ocrx_word' id='word_1_58' title='bbox 2021 789 2168 838; x_wconf 86' lang='lat' dir='ltr'><strong>esset</strong></span> 
     </span>
    </p>
   </div>
   <div class='ocr_carea' id='block_1_8' title="bbox 567 879 2167 960">
    <p class='ocr_par' dir='ltr' id='par_1_8' title="bbox 567 879 2167 960">
     <span class='ocr_line' id='line_1_8' title="bbox 567 879 2167 960; baseline -0.011 -12"><span class='ocrx_word' id='word_1_59' title='bbox 567 899 756 960; x_wconf 90' lang='lat' dir='ltr'><strong>raptus</strong></span> <span class='ocrx_word' id='word_1_60' title='bbox 775 931 790 956; x_wconf 92' lang='lat'><strong>,</strong></span> <span class='ocrx_word' id='word_1_61' title='bbox 817 903 888 944; x_wconf 90' lang='lat' dir='ltr'><strong>an</strong></span> <span class='ocrx_word' id='word_1_62' title='bbox 931 885 1050 941; x_wconf 87' lang='lat' dir='ltr'><strong>sine</strong></span> <span class='ocrx_word' id='word_1_63' title='bbox 1073 897 1306 952; x_wconf 84' lang='lat' dir='ltr'><strong>corpore</strong></span> <span class='ocrx_word' id='word_1_64' title='bbox 1327 923 1344 950; x_wconf 96' lang='lat'><strong>,</strong></span> <span class='ocrx_word' id='word_1_65' title='bbox 1374 881 1581 946; x_wconf 88' lang='lat' dir='ltr'><strong>nescit,</strong></span> <span class='ocrx_word' id='word_1_66' title='bbox 1629 879 1768 934; x_wconf 89' lang='lat' dir='ltr'><strong>sicut</strong></span> <span class='ocrx_word' id='word_1_67' title='bbox 1797 879 1912 948; x_wconf 79' lang='lat' dir='ltr'><strong>ipse</strong></span> <span class='ocrx_word' id='word_1_68' title='bbox 1939 885 2167 932; x_wconf 86' lang='lat' dir='ltr'><strong>testatus</strong></span> 
     </span>
    </p>
   </div>
   <div class='ocr_carea' id='block_1_9' title="bbox 567 973 2168 1058">
    <p class='ocr_par' dir='ltr' id='par_1_9' title="bbox 567 973 2168 1058">
     <span class='ocr_line' id='line_1_9' title="bbox 567 973 2168 1058; baseline -0.01 -15"><span class='ocrx_word' id='word_1_69' title='bbox 567 997 652 1043; x_wconf 90' lang='lat' dir='ltr'><strong>est</strong></span> <span class='ocrx_word' id='word_1_70' title='bbox 679 985 744 1058; x_wconf 91' lang='lat' dir='ltr'><strong>(ll</strong></span> <span class='ocrx_word' id='word_1_71' title='bbox 771 983 894 1040; x_wconf 90' lang='lat' dir='ltr'><strong>Cor.</strong></span> <span class='ocrx_word' id='word_1_72' title='bbox 929 999 1034 1050; x_wconf 93' lang='lat' dir='ltr'><strong>xu,</strong></span> <span class='ocrx_word' id='word_1_73' title='bbox 1065 982 1144 1052; x_wconf 75' lang='grc'><strong>2).</strong></span> <span class='ocrx_word' id='word_1_74' title='bbox 1177 979 1378 1036; x_wconf 89' lang='lat' dir='ltr'><strong>Paulus</strong></span> <span class='ocrx_word' id='word_1_75' title='bbox 1405 993 1536 1050; x_wconf 87' lang='lat' dir='ltr'><strong>ergo</strong></span> <span class='ocrx_word' id='word_1_76' title='bbox 1565 977 1726 1044; x_wconf 90' lang='lat' dir='ltr'><strong>dicit,</strong></span> <span class='ocrx_word' id='word_1_77' title='bbox 1761 976 1814 1032; x_wconf 90' lang='lat' dir='ltr'><strong>in</strong></span> <span class='ocrx_word' id='word_1_78' title='bbox 1843 975 1934 1030; x_wconf 89' lang='lat' dir='ltr'><strong>illa</strong></span> <span class='ocrx_word' id='word_1_79' title='bbox 1963 973 2052 1030; x_wconf 91' lang='lat' dir='ltr'><strong>die</strong></span> <span class='ocrx_word' id='word_1_80' title='bbox 2075 987 2168 1028; x_wconf 90' lang='lat' dir='ltr'><strong>co-</strong></span> 
     </span>
    </p>
   </div>
   <div class='ocr_carea' id='block_1_10' title="bbox 565 1065 2168 1138">
    <p class='ocr_par' dir='ltr' id='par_1_10' title="bbox 565 1065 2168 1138">
     <span class='ocr_line' id='line_1_10' title="bbox 565 1065 2168 1138; baseline -0.01 0"><span class='ocrx_word' id='word_1_81' title='bbox 565 1096 756 1138; x_wconf 86' lang='lat' dir='ltr'><strong>ronam</strong></span> <span class='ocrx_word' id='word_1_82' title='bbox 800 1077 910 1136; x_wconf 85' lang='lat' dir='ltr'><strong>sibi</strong></span> <span class='ocrx_word' id='word_1_83' title='bbox 939 1091 1060 1133; x_wconf 89' lang='lat' dir='ltr'><strong>esse</strong></span> <span class='ocrx_word' id='word_1_84' title='bbox 1089 1073 1448 1138; x_wconf 80' lang='lat' dir='ltr'><strong>reddendam;</strong></span> <span class='ocrx_word' id='word_1_85' title='bbox 1489 1079 1546 1126; x_wconf 89' lang='lat' dir='ltr'><strong>tu</strong></span> <span class='ocrx_word' id='word_1_86' title='bbox 1579 1069 1668 1126; x_wconf 85' lang='lat' dir='ltr'><strong>hic</strong></span> <span class='ocrx_word' id='word_1_87' title='bbox 1695 1069 1794 1126; x_wconf 88' lang='lat' dir='ltr'><strong>tibi</strong></span> <span class='ocrx_word' id='word_1_88' title='bbox 1825 1077 1882 1124; x_wconf 91' lang='lat' dir='ltr'><strong>ut</strong></span> <span class='ocrx_word' id='word_1_89' title='bbox 1911 1065 2168 1124; x_wconf 75' lang='lat' dir='ltr'><strong>reddatur</strong></span> 
     </span>
    </p>
   </div>
   <div class='ocr_carea' id='block_1_11' title="bbox 567 1159 2168 1242">
    <p class='ocr_par' dir='ltr' id='par_1_11' title="bbox 567 1159 2168 1242">
     <span class='ocr_line' id='line_1_11' title="bbox 567 1159 2168 1242; baseline -0.009 -12"><span class='ocrx_word' id='word_1_90' title='bbox 567 1173 812 1232; x_wconf 72' lang='lat' dir='ltr'><strong>insistis?</strong></span> <span class='ocrx_word' id='word_1_91' title='bbox 841 1171 1006 1242; x_wconf 85' lang='lat' dir='ltr'><strong>Imple</strong></span> <span class='ocrx_word' id='word_1_92' title='bbox 1047 1183 1182 1240; x_wconf 81' lang='lat' dir='ltr'><strong>ergo</strong></span> <span class='ocrx_word' id='word_1_93' title='bbox 1223 1165 1534 1224; x_wconf 79' lang='lat' dir='ltr'><strong>certaminis</strong></span> <span class='ocrx_word' id='word_1_94' title='bbox 1565 1163 1640 1218; x_wconf 88' lang='lat' dir='ltr'><strong>tui</strong></span> <span class='ocrx_word' id='word_1_95' title='bbox 1671 1173 1900 1232; x_wconf 83' lang='lat' dir='ltr'><strong>tempus.</strong></span> <span class='ocrx_word' id='word_1_96' title='bbox 1933 1159 2050 1216; x_wconf 91' lang='lat' dir='ltr'><strong>Non</strong></span> <span class='ocrx_word' id='word_1_97' title='bbox 2081 1173 2168 1216; x_wconf 82' lang='lat' dir='ltr'><strong>se-</strong></span> 
     </span>
    </p>
   </div>
   <div class='ocr_carea' id='block_1_12' title="bbox 565 1253 2169 1330">
    <p class='ocr_par' dir='ltr' id='par_1_12' title="bbox 565 1253 2169 1330">
     <span class='ocr_line' id='line_1_12' title="bbox 565 1253 2169 1330; baseline -0.011 -4"><span class='ocrx_word' id='word_1_98' title='bbox 565 1271 672 1327; x_wconf 88' lang='lat' dir='ltr'><strong>mel</strong></span> <span class='ocrx_word' id='word_1_99' title='bbox 701 1267 903 1322; x_wconf 82' lang='lat' dir='ltr'><strong>athleta</strong></span> <span class='ocrx_word' id='word_1_100' title='bbox 935 1265 1188 1330; x_wconf 85' lang='lat' dir='ltr'><strong>luctatur,</strong></span> <span class='ocrx_word' id='word_1_101' title='bbox 1233 1277 1336 1316; x_wconf 91' lang='lat' dir='ltr'><strong>nec</strong></span> <span class='ocrx_word' id='word_1_102' title='bbox 1375 1257 1542 1316; x_wconf 88' lang='lat' dir='ltr'><strong>semel</strong></span> <span class='ocrx_word' id='word_1_103' title='bbox 1573 1255 1846 1328; x_wconf 68' lang='lat' dir='ltr'><strong>praeliatur</strong></span> <span class='ocrx_word' id='word_1_104' title='bbox 1883 1253 2075 1320; x_wconf 85' lang='lat' dir='ltr'><strong>miles,</strong></span> <span class='ocrx_word' id='word_1_105' title='bbox 2109 1259 2169 1308; x_wconf 90' lang='lat' dir='ltr'><strong>ut</strong></span> 
     </span>
    </p>
   </div>
   <div class='ocr_carea' id='block_1_13' title="bbox 565 1349 2166 1434">
    <p class='ocr_par' dir='ltr' id='par_1_13' title="bbox 565 1349 2166 1434">
     <span class='ocr_line' id='line_1_13' title="bbox 565 1349 2166 1434; baseline -0.013 -14"><span class='ocrx_word' id='word_1_106' title='bbox 565 1362 836 1434; x_wconf 82' lang='lat' dir='ltr'><strong>stipendia</strong></span> <span class='ocrx_word' id='word_1_107' title='bbox 875 1375 970 1415; x_wconf 88' lang='lat' dir='ltr'><strong>sua</strong></span> <span class='ocrx_word' id='word_1_108' title='bbox 1019 1357 1188 1429; x_wconf 84' lang='lat' dir='ltr'><strong>possit</strong></span> <span class='ocrx_word' id='word_1_109' title='bbox 1227 1353 1494 1426; x_wconf 86' lang='lat' dir='ltr'><strong>implere;</strong></span> <span class='ocrx_word' id='word_1_110' title='bbox 1535 1359 1590 1408; x_wconf 90' lang='lat' dir='ltr'><strong>et</strong></span> <span class='ocrx_word' id='word_1_111' title='bbox 1631 1349 1728 1406; x_wconf 86' lang='lat' dir='ltr'><strong>tibi</strong></span> <span class='ocrx_word' id='word_1_112' title='bbox 1757 1363 1866 1404; x_wconf 89' lang='lat' dir='ltr'><strong>non</strong></span> <span class='ocrx_word' id='word_1_113' title='bbox 1905 1361 2028 1404; x_wconf 89' lang='lat' dir='ltr'><strong>cum</strong></span> <span class='ocrx_word' id='word_1_114' title='bbox 2057 1359 2166 1400; x_wconf 90' lang='lat' dir='ltr'><strong>una</strong></span> 
     </span>
    </p>
   </div>
   <div class='ocr_carea' id='block_1_14' title="bbox 565 1453 1252 1527">
    <p class='ocr_par' dir='ltr' id='par_1_14' title="bbox 565 1453 1252 1527">
     <span class='ocr_line' id='line_1_14' title="bbox 565 1453 1252 1527; baseline -0.013 -16"><span class='ocrx_word' id='word_1_115' title='bbox 565 1455 821 1527; x_wconf 84' lang='lat' dir='ltr'><strong>passione</strong></span> <span class='ocrx_word' id='word_1_116' title='bbox 851 1453 1126 1508; x_wconf 88' lang='lat' dir='ltr'><strong>luctamen</strong></span> <span class='ocrx_word' id='word_1_117' title='bbox 1149 1459 1252 1504; x_wconf 89' lang='lat' dir='ltr'><strong>est.</strong></span> 
     </span>
    </p>
   </div>
   <div class='ocr_carea' id='block_1_15' title="bbox 633 1533 2166 1626">
    <p class='ocr_par' dir='ltr' id='par_1_15' title="bbox 633 1533 2166 1626">
     <span class='ocr_line' id='line_1_15' title="bbox 633 1533 2166 1626; baseline -0.012 -18"><span class='ocrx_word' id='word_1_118' title='bbox 633 1551 722 1608; x_wconf 81' lang='lat'><strong>18.</strong></span> <span class='ocrx_word' id='word_1_119' title='bbox 769 1549 948 1626; x_wconf 80' lang='lat' dir='ltr'><strong>(Vers.</strong></span> <span class='ocrx_word' id='word_1_120' title='bbox 977 1545 1056 1620; x_wconf 88' lang='lat'><strong>8).</strong></span> <span class='ocrx_word' id='word_1_121' title='bbox 1088 1543 1412 1618; x_wconf 87' lang='lat' dir='ltr'><strong>Superiores</strong></span> <span class='ocrx_word' id='word_1_122' title='bbox 1435 1543 1478 1599; x_wconf 92' lang='lat' dir='ltr'><strong>si</strong></span> <span class='ocrx_word' id='word_1_123' title='bbox 1501 1539 1740 1598; x_wconf 75' lang='lat' dir='ltr'><strong>evaseris</strong></span> <span class='ocrx_word' id='word_1_124' title='bbox 1763 1537 2062 1609; x_wconf 85' lang='lat' dir='ltr'><strong>passiones,</strong></span> <span class='ocrx_word' id='word_1_125' title='bbox 2085 1533 2166 1590; x_wconf 86' lang='lat' dir='ltr'><strong>ira</strong></span> 
     </span>
    </p>
   </div>
   <div class='ocr_carea' id='block_1_16' title="bbox 561 1629 2164 1710">
    <p class='ocr_par' dir='ltr' id='par_1_16' title="bbox 561 1629 2164 1710">
     <span class='ocr_line' id='line_1_16' title="bbox 561 1629 2164 1710; baseline -0.015 -5"><span class='ocrx_word' id='word_1_126' title='bbox 561 1645 838 1710; x_wconf 90' lang='lat' dir='ltr'><strong>succedit;</strong></span> <span class='ocrx_word' id='word_1_127' title='bbox 869 1651 924 1698; x_wconf 91' lang='lat' dir='ltr'><strong>et</strong></span> <span class='ocrx_word' id='word_1_128' title='bbox 951 1641 1074 1698; x_wconf 89' lang='lat' dir='ltr'><strong>ideo</strong></span> <span class='ocrx_word' id='word_1_129' title='bbox 1109 1639 1204 1696; x_wconf 89' lang='lat' dir='ltr'><strong>tibi</strong></span> <span class='ocrx_word' id='word_1_130' title='bbox 1243 1639 1376 1694; x_wconf 89' lang='lat' dir='ltr'><strong>dicit</strong></span> <span class='ocrx_word' id='word_1_131' title='bbox 1405 1637 1684 1708; x_wconf 88' lang='lat' dir='ltr'><strong>Scriptura</strong></span> <span class='ocrx_word' id='word_1_132' title='bbox 1717 1653 1732 1689; x_wconf 93' lang='lat'><strong>:</strong></span> <span class='ocrx_word' id='word_1_133' title='bbox 1765 1631 1956 1688; x_wconf 84' lang='lat' dir='ltr'><strong>Desine</strong></span> <span class='ocrx_word' id='word_1_134' title='bbox 1973 1629 2036 1684; x_wconf 87' lang='lat' dir='ltr'><strong>ab</strong></span> <span class='ocrx_word' id='word_1_135' title='bbox 2059 1629 2164 1694; x_wconf 88' lang='lat' dir='ltr'><strong>ira,</strong></span> 
     </span>
    </p>
   </div>
   <div class='ocr_carea' id='block_1_17' title="bbox 559 1723 2166 1810">
    <p class='ocr_par' dir='ltr' id='par_1_17' title="bbox 559 1723 2166 1810">
     <span class='ocr_line' id='line_1_17' title="bbox 559 1723 2166 1810; baseline -0.012 -11"><span class='ocrx_word' id='word_1_136' title='bbox 559 1755 608 1800; x_wconf 86' lang='lat' dir='ltr'><strong>et</strong></span> <span class='ocrx_word' id='word_1_137' title='bbox 651 1743 884 1810; x_wconf 82' lang='lat' dir='ltr'><strong>relinque</strong></span> <span class='ocrx_word' id='word_1_138' title='bbox 925 1735 1354 1810; x_wconf 83' lang='lat' dir='ltr'><strong>indignationem.</strong></span> <span class='ocrx_word' id='word_1_139' title='bbox 1397 1731 1536 1788; x_wconf 88' lang='lat' dir='ltr'><strong>Sunt</strong></span> <span class='ocrx_word' id='word_1_140' title='bbox 1563 1731 1730 1802; x_wconf 79' lang='lat' dir='ltr'><strong>multa</strong></span> <span class='ocrx_word' id='word_1_141' title='bbox 1757 1727 1886 1784; x_wconf 88' lang='lat' dir='ltr'><strong>vitia</strong></span> <span class='ocrx_word' id='word_1_142' title='bbox 1919 1741 2036 1798; x_wconf 78' lang='lat' dir='ltr'><strong>qua:</strong></span> <span class='ocrx_word' id='word_1_143' title='bbox 2067 1723 2166 1780; x_wconf 88' lang='lat' dir='ltr'><strong>0b-</strong></span> 
     </span>
    </p>
   </div>
   <div class='ocr_carea' id='block_1_18' title="bbox 2269 505 3894 584">
    <p class='ocr_par' dir='ltr' id='par_1_18' title="bbox 2269 505 3894 584">
     <span class='ocr_line' id='line_1_18' title="bbox 2269 505 3894 584; baseline 0.002 -24"><span class='ocrx_word' id='word_1_144' title='bbox 2269 505 2526 560; x_wconf 82' lang='lat' dir='ltr'><strong>meliam?</strong></span> <span class='ocrx_word' id='word_1_145' title='bbox 2553 505 2866 564; x_wconf 86' lang='lat' dir='ltr'><strong>Proscribas</strong></span> <span class='ocrx_word' id='word_1_146' title='bbox 2909 525 3128 566; x_wconf 79' lang='lat' dir='ltr'><strong>necesse</strong></span> <span class='ocrx_word' id='word_1_147' title='bbox 3155 521 3258 576; x_wconf 89' lang='lat' dir='ltr'><strong>est,</strong></span> <span class='ocrx_word' id='word_1_148' title='bbox 3289 512 3470 584; x_wconf 85' lang='lat' dir='ltr'><strong>gladio</strong></span> <span class='ocrx_word' id='word_1_149' title='bbox 3517 523 3744 583; x_wconf 78' lang='lat' dir='ltr'><strong>oportet</strong></span> <span class='ocrx_word' id='word_1_150' title='bbox 3805 513 3894 564; x_wconf 81' lang='lat' dir='ltr'><strong>in-</strong></span> 
     </span>
    </p>
   </div>
   <div class='ocr_carea' id='block_1_19' title="bbox 2267 599 3896 670">
    <p class='ocr_par' dir='ltr' id='par_1_19' title="bbox 2267 599 3896 670">
     <span class='ocr_line' id='line_1_19' title="bbox 2267 599 3896 670; baseline 0.005 -19"><span class='ocrx_word' id='word_1_151' title='bbox 2267 613 2479 670; x_wconf 85' lang='lat' dir='ltr'><strong>surgas,</strong></span> <span class='ocrx_word' id='word_1_152' title='bbox 2508 609 2564 656; x_wconf 87' lang='lat' dir='ltr'><strong>et</strong></span> <span class='ocrx_word' id='word_1_153' title='bbox 2591 599 2832 658; x_wconf 84' lang='lat' dir='ltr'><strong>dolorem</strong></span> <span class='ocrx_word' id='word_1_154' title='bbox 2863 611 3011 658; x_wconf 89' lang='lat' dir='ltr'><strong>tuum</strong></span> <span class='ocrx_word' id='word_1_155' title='bbox 3041 603 3338 660; x_wconf 81' lang='lat' dir='ltr'><strong>adversarii</strong></span> <span class='ocrx_word' id='word_1_156' title='bbox 3369 614 3544 662; x_wconf 85' lang='lat' dir='ltr'><strong>morte</strong></span> <span class='ocrx_word' id='word_1_157' title='bbox 3567 603 3896 660; x_wconf 72' lang='lat' dir='ltr'><strong>solvas.\t&#39;ir</strong></span> 
     </span>
    </p>
   </div>
   <div class='ocr_carea' id='block_1_20' title="bbox 2271 689 3900 772">
    <p class='ocr_par' dir='ltr' id='par_1_20' title="bbox 2271 689 3900 772">
     <span class='ocr_line' id='line_1_20' title="bbox 2271 689 3900 772; baseline 0.006 -28"><span class='ocrx_word' id='word_1_158' title='bbox 2271 689 2368 748; x_wconf 84' lang='lat' dir='ltr'><strong>fuit</strong></span> <span class='ocrx_word' id='word_1_159' title='bbox 2399 693 2488 750; x_wconf 91' lang='lat' dir='ltr'><strong>ille</strong></span> <span class='ocrx_word' id='word_1_160' title='bbox 2539 695 2626 766; x_wconf 87' lang='lat' dir='ltr'><strong>qui</strong></span> <span class='ocrx_word' id='word_1_161' title='bbox 2669 711 2824 752; x_wconf 90' lang='lat' dir='ltr'><strong>suum</strong></span> <span class='ocrx_word' id='word_1_162' title='bbox 2873 697 3068 752; x_wconf 88' lang='lat' dir='ltr'><strong>occidit</strong></span> <span class='ocrx_word' id='word_1_163' title='bbox 3123 697 3426 766; x_wconf 80' lang='lat' dir='ltr'><strong>inimicum,</strong></span> <span class='ocrx_word' id='word_1_164' title='bbox 3457 699 3658 756; x_wconf 87' lang='lat' dir='ltr'><strong>merito</strong></span> <span class='ocrx_word' id='word_1_165' title='bbox 3713 697 3900 772; x_wconf 76' lang='lat'><strong>786</strong></span> 
     </span>
    </p>
   </div>
   <div class='ocr_carea' id='block_1_21' title="bbox 2269 787 3902 862">
    <p class='ocr_par' dir='ltr' id='par_1_21' title="bbox 2269 787 3902 862">
     <span class='ocr_line' id='line_1_21' title="bbox 2269 787 3902 862; baseline 0.002 -22"><span class='ocrx_word' id='word_1_166' title='bbox 2269 787 2628 855; x_wconf 77' lang='lat' dir='ltr'><strong>prmdicatur;</strong></span> <span class='ocrx_word' id='word_1_167' title='bbox 2683 789 2808 860; x_wconf 88' lang='lat' dir='ltr'><strong>quia</strong></span> <span class='ocrx_word' id='word_1_168' title='bbox 2857 790 2928 844; x_wconf 85' lang='lat' dir='ltr'><strong>ita</strong></span> <span class='ocrx_word' id='word_1_169' title='bbox 2969 805 3030 846; x_wconf 84' lang='lat' dir='ltr'><strong>se</strong></span> <span class='ocrx_word' id='word_1_170' title='bbox 3059 791 3376 860; x_wconf 78' lang='lat' dir='ltr'><strong>vindicavit,</strong></span> <span class='ocrx_word' id='word_1_171' title='bbox 3413 801 3438 828; x_wconf 74' lang='grc' dir='ltr'><strong>τι</strong></span> <span class='ocrx_word' id='word_1_172' title='bbox 3467 801 3526 847; x_wconf 81' lang='grc' dir='ltr'><strong>ιιι</strong></span> <span class='ocrx_word' id='word_1_173' title='bbox 3555 793 3700 846; x_wconf 89' lang='lat' dir='ltr'><strong>alius</strong></span> <span class='ocrx_word' id='word_1_174' title='bbox 3731 793 3902 862; x_wconf 77' lang='lat' dir='ltr'><strong>igno-</strong></span> 
     </span>
    </p>
   </div>
   <div class='ocr_carea' id='block_1_22' title="bbox 2269 881 3896 958">
    <p class='ocr_par' dir='ltr' id='par_1_22' title="bbox 2269 881 3896 958">
     <span class='ocr_line' id='line_1_22' title="bbox 2269 881 3896 958; baseline 0.001 -24"><span class='ocrx_word' id='word_1_175' title='bbox 2269 895 2396 936; x_wconf 86' lang='lat' dir='ltr'><strong>rans</strong></span> <span class='ocrx_word' id='word_1_176' title='bbox 2423 881 2652 950; x_wconf 83' lang='lat' dir='ltr'><strong>audiret,</strong></span> <span class='ocrx_word' id='word_1_177' title='bbox 2679 883 2838 956; x_wconf 89' lang='lat' dir='ltr'><strong>eique</strong></span> <span class='ocrx_word' id='word_1_178' title='bbox 2881 885 3124 958; x_wconf 77' lang='lat' dir='ltr'><strong>irrogare</strong></span> <span class='ocrx_word' id='word_1_179' title='bbox 3175 901 3282 940; x_wconf 89' lang='lat' dir='ltr'><strong>non</strong></span> <span class='ocrx_word' id='word_1_180' title='bbox 3330 885 3554 940; x_wconf 81' lang='lat' dir='ltr'><strong>auderet</strong></span> <span class='ocrx_word' id='word_1_181' title='bbox 3591 883 3896 954; x_wconf 83' lang='lat' dir='ltr'><strong>injuriam.</strong></span> 
     </span>
    </p>
   </div>
   <div class='ocr_carea' id='block_1_23' title="bbox 2267 971 3898 1048">
    <p class='ocr_par' dir='ltr' id='par_1_23' title="bbox 2267 971 3898 1048">
     <span class='ocr_line' id='line_1_23' title="bbox 2267 971 3898 1048; baseline 0.002 -20"><span class='ocrx_word' id='word_1_182' title='bbox 2267 971 2364 1028; x_wconf 89' lang='lat' dir='ltr'><strong>His</strong></span> <span class='ocrx_word' id='word_1_183' title='bbox 2389 975 2622 1030; x_wconf 87' lang='lat' dir='ltr'><strong>stimulis</strong></span> <span class='ocrx_word' id='word_1_184' title='bbox 2655 977 2772 1048; x_wconf 91' lang='lat' dir='ltr'><strong>plus</strong></span> <span class='ocrx_word' id='word_1_185' title='bbox 2791 975 3130 1046; x_wconf 77' lang='lat' dir='ltr'><strong>accenditur,</strong></span> <span class='ocrx_word' id='word_1_186' title='bbox 3153 979 3274 1048; x_wconf 86' lang='lat' dir='ltr'><strong>plus</strong></span> <span class='ocrx_word' id='word_1_187' title='bbox 3295 987 3586 1044; x_wconf 82' lang='lat' dir='ltr'><strong>movetur;</strong></span> <span class='ocrx_word' id='word_1_188' title='bbox 3623 987 3686 1032; x_wconf 87' lang='lat' dir='ltr'><strong>ut</strong></span> <span class='ocrx_word' id='word_1_189' title='bbox 3725 993 3898 1034; x_wconf 85' lang='lat' dir='ltr'><strong>com-</strong></span> 
     </span>
    </p>
   </div>
   <div class='ocr_carea' id='block_1_24' title="bbox 2269 1069 3898 1144">
    <p class='ocr_par' dir='ltr' id='par_1_24' title="bbox 2269 1069 3898 1144">
     <span class='ocr_line' id='line_1_24' title="bbox 2269 1069 3898 1144; baseline 0.001 -20"><span class='ocrx_word' id='word_1_190' title='bbox 2269 1069 2480 1138; x_wconf 83' lang='lat' dir='ltr'><strong>pleatur</strong></span> <span class='ocrx_word' id='word_1_191' title='bbox 2509 1071 2652 1140; x_wconf 92' lang='lat' dir='ltr'><strong>quod</strong></span> <span class='ocrx_word' id='word_1_192' title='bbox 2675 1071 2934 1140; x_wconf 88' lang='lat' dir='ltr'><strong>scriptum</strong></span> <span class='ocrx_word' id='word_1_193' title='bbox 2963 1083 3082 1128; x_wconf 90' lang='lat' dir='ltr'><strong>est:</strong></span> <span class='ocrx_word' id='word_1_194' title='bbox 3109 1071 3202 1127; x_wconf 81' lang='lat' dir='ltr'><strong>Ira</strong></span> <span class='ocrx_word' id='word_1_195' title='bbox 3217 1073 3386 1144; x_wconf 82' lang='lat' dir='ltr'><strong>perdit</strong></span> <span class='ocrx_word' id='word_1_196' title='bbox 3405 1073 3558 1128; x_wconf 86' lang='lat' dir='ltr'><strong>etiam</strong></span> <span class='ocrx_word' id='word_1_197' title='bbox 3587 1071 3898 1140; x_wconf 80' lang='lat' dir='ltr'><strong>sapientes.</strong></span> 
     </span>
    </p>
   </div>
   <div class='ocr_carea' id='block_1_25' title="bbox 2343 1163 3904 1236">
    <p class='ocr_par' dir='ltr' id='par_1_25' title="bbox 2343 1163 3904 1236">
     <span class='ocr_line' id='line_1_25' title="bbox 2343 1163 3904 1236; baseline -0.001 -18"><span class='ocrx_word' id='word_1_198' title='bbox 2343 1163 2430 1218; x_wconf 79' lang='grc'><strong>19.</strong></span> <span class='ocrx_word' id='word_1_199' title='bbox 2475 1163 2654 1236; x_wconf 83' lang='lat' dir='ltr'><strong>(Vers.</strong></span> <span class='ocrx_word' id='word_1_200' title='bbox 2685 1163 2768 1232; x_wconf 89' lang='lat'><strong>9.)</strong></span> <span class='ocrx_word' id='word_1_201' title='bbox 2795 1163 2940 1236; x_wconf 84' lang='lat' dir='ltr'><strong>Ergo</strong></span> <span class='ocrx_word' id='word_1_202' title='bbox 2973 1175 3026 1220; x_wconf 91' lang='lat' dir='ltr'><strong>tu</strong></span> <span class='ocrx_word' id='word_1_203' title='bbox 3057 1181 3124 1221; x_wconf 88' lang='lat' dir='ltr'><strong>ne</strong></span> <span class='ocrx_word' id='word_1_204' title='bbox 3149 1165 3339 1220; x_wconf 83' lang='lat' dir='ltr'><strong>audias</strong></span> <span class='ocrx_word' id='word_1_205' title='bbox 3375 1179 3536 1230; x_wconf 89' lang='lat' dir='ltr'><strong>eum;</strong></span> <span class='ocrx_word' id='word_1_206' title='bbox 3571 1179 3640 1218; x_wconf 85' lang='lat' dir='ltr'><strong>ne</strong></span> <span class='ocrx_word' id='word_1_207' title='bbox 3669 1165 3904 1218; x_wconf 70' lang='lat' dir='ltr'><strong>annale-</strong></span> 
     </span>
    </p>
   </div>
   <div class='ocr_carea' id='block_1_26' title="bbox 2267 1255 3904 1330">
    <p class='ocr_par' dir='ltr' id='par_1_26' title="bbox 2267 1255 3904 1330">
     <span class='ocr_line' id='line_1_26' title="bbox 2267 1255 3904 1330; baseline -0.001 -20"><span class='ocrx_word' id='word_1_208' title='bbox 2267 1255 2339 1310; x_wconf 86' lang='lat' dir='ltr'><strong>ris</strong></span> <span class='ocrx_word' id='word_1_209' title='bbox 2365 1265 2422 1309; x_wconf 84' lang='lat' dir='ltr'><strong>ut</strong></span> <span class='ocrx_word' id='word_1_210' title='bbox 2449 1257 2678 1327; x_wconf 80' lang='lat' dir='ltr'><strong>nequiter</strong></span> <span class='ocrx_word' id='word_1_211' title='bbox 2703 1257 2888 1328; x_wconf 77' lang='lat' dir='ltr'><strong>facias.</strong></span> <span class='ocrx_word' id='word_1_212' title='bbox 2917 1257 3176 1324; x_wconf 76' lang='lat' dir='ltr'><strong>Quoniam</strong></span> <span class='ocrx_word' id='word_1_213' title='bbox 3207 1257 3294 1326; x_wconf 84' lang='lat' dir='ltr'><strong>qui</strong></span> <span class='ocrx_word' id='word_1_214' title='bbox 3322 1257 3554 1328; x_wconf 80' lang='lat' dir='ltr'><strong>nequiter</strong></span> <span class='ocrx_word' id='word_1_215' title='bbox 3575 1265 3770 1330; x_wconf 84' lang='lat' dir='ltr'><strong>agunt,</strong></span> <span class='ocrx_word' id='word_1_216' title='bbox 3809 1271 3904 1308; x_wconf 75' lang='lat' dir='ltr'><strong>ea:-</strong></span> 
     </span>
    </p>
   </div>
   <div class='ocr_carea' id='block_1_27' title="bbox 2269 1349 3906 1422">
    <p class='ocr_par' dir='ltr' id='par_1_27' title="bbox 2269 1349 3906 1422">
     <span class='ocr_line' id='line_1_27' title="bbox 2269 1349 3906 1422; baseline 0.002 -20"><span class='ocrx_word' id='word_1_217' title='bbox 2269 1349 2698 1406; x_wconf 85' lang='lat' dir='ltr'><strong>terminabuntur.</strong></span> <span class='ocrx_word' id='word_1_218' title='bbox 2733 1350 3182 1406; x_wconf 81' lang='lat' dir='ltr'><strong>Exterminautur</strong></span> <span class='ocrx_word' id='word_1_219' title='bbox 3227 1351 3320 1422; x_wconf 92' lang='lat' dir='ltr'><strong>qui</strong></span> <span class='ocrx_word' id='word_1_220' title='bbox 3365 1351 3578 1407; x_wconf 86' lang='lat' dir='ltr'><strong>radices</strong></span> <span class='ocrx_word' id='word_1_221' title='bbox 3627 1365 3748 1406; x_wconf 88' lang='lat' dir='ltr'><strong>non</strong></span> <span class='ocrx_word' id='word_1_222' title='bbox 3801 1349 3906 1406; x_wconf 56' lang='lat' dir='ltr'><strong>hac</strong></span> 
     </span>
    </p>
   </div>
   <div class='ocr_carea' id='block_1_28' title="bbox 2267 1441 3904 1509">
    <p class='ocr_par' dir='ltr' id='par_1_28' title="bbox 2267 1441 3904 1509">
     <span class='ocr_line' id='line_1_28' title="bbox 2267 1441 3904 1509; baseline 0 -11"><span class='ocrx_word' id='word_1_223' title='bbox 2267 1441 2418 1509; x_wconf 84' lang='lat' dir='ltr'><strong>bent,</strong></span> <span class='ocrx_word' id='word_1_224' title='bbox 2449 1445 2590 1498; x_wconf 89' lang='lat' dir='ltr'><strong>sicut</strong></span> <span class='ocrx_word' id='word_1_225' title='bbox 2627 1441 2775 1500; x_wconf 84' lang='lat' dir='ltr'><strong>olera</strong></span> <span class='ocrx_word' id='word_1_226' title='bbox 2806 1445 2896 1500; x_wconf 91' lang='lat' dir='ltr'><strong>vel</strong></span> <span class='ocrx_word' id='word_1_227' title='bbox 2925 1443 3136 1502; x_wconf 87' lang='lat' dir='ltr'><strong>fenum.</strong></span> <span class='ocrx_word' id='word_1_228' title='bbox 3165 1443 3331 1502; x_wconf 83' lang='lat' dir='ltr'><strong>Olera</strong></span> <span class='ocrx_word' id='word_1_229' title='bbox 3367 1445 3616 1500; x_wconf 87' lang='lat' dir='ltr'><strong>inﬁrmus</strong></span> <span class='ocrx_word' id='word_1_230' title='bbox 3651 1443 3904 1500; x_wconf 82' lang='lat' dir='ltr'><strong>mandu-</strong></span> 
     </span>
    </p>
   </div>
   <div class='ocr_carea' id='block_1_29' title="bbox 2267 1539 3894 1612">
    <p class='ocr_par' dir='ltr' id='par_1_29' title="bbox 2267 1539 3894 1612">
     <span class='ocr_line' id='line_1_29' title="bbox 2267 1539 3894 1612; baseline 0.001 -20"><span class='ocrx_word' id='word_1_231' title='bbox 2267 1546 2394 1592; x_wconf 89' lang='lat' dir='ltr'><strong>cet:</strong></span> <span class='ocrx_word' id='word_1_232' title='bbox 2447 1545 2502 1594; x_wconf 89' lang='lat' dir='ltr'><strong>tu</strong></span> <span class='ocrx_word' id='word_1_233' title='bbox 2553 1547 2734 1594; x_wconf 87' lang='lat' dir='ltr'><strong>autem</strong></span> <span class='ocrx_word' id='word_1_234' title='bbox 2767 1539 2934 1596; x_wconf 87' lang='lat' dir='ltr'><strong>vitem</strong></span> <span class='ocrx_word' id='word_1_235' title='bbox 2981 1541 3162 1597; x_wconf 87' lang='lat' dir='ltr'><strong>insere</strong></span> <span class='ocrx_word' id='word_1_236' title='bbox 3205 1540 3258 1596; x_wconf 89' lang='lat' dir='ltr'><strong>in</strong></span> <span class='ocrx_word' id='word_1_237' title='bbox 3305 1557 3438 1612; x_wconf 84' lang='lat' dir='ltr'><strong>agro</strong></span> <span class='ocrx_word' id='word_1_238' title='bbox 3483 1549 3600 1608; x_wconf 90' lang='lat' dir='ltr'><strong>tuo,</strong></span> <span class='ocrx_word' id='word_1_239' title='bbox 3669 1540 3894 1595; x_wconf 83' lang='lat' dir='ltr'><strong>vineam</strong></span> 
     </span>
    </p>
   </div>
   <div class='ocr_carea' id='block_1_30' title="bbox 2265 1633 3896 1706">
    <p class='ocr_par' dir='ltr' id='par_1_30' title="bbox 2265 1633 3896 1706">
     <span class='ocr_line' id='line_1_30' title="bbox 2265 1633 3896 1706; baseline 0 -18"><span class='ocrx_word' id='word_1_240' title='bbox 2265 1633 2508 1690; x_wconf 83' lang='lat' dir='ltr'><strong>institue.</strong></span> <span class='ocrx_word' id='word_1_241' title='bbox 2549 1633 2620 1690; x_wconf 88' lang='lat' dir='ltr'><strong>Et</strong></span> <span class='ocrx_word' id='word_1_242' title='bbox 2653 1633 2700 1690; x_wconf 88' lang='lat' dir='ltr'><strong>si</strong></span> <span class='ocrx_word' id='word_1_243' title='bbox 2749 1635 2963 1692; x_wconf 87' lang='lat' dir='ltr'><strong>venerit</strong></span> <span class='ocrx_word' id='word_1_244' title='bbox 3011 1635 3220 1704; x_wconf 83' lang='lat' dir='ltr'><strong>Achab,</strong></span> <span class='ocrx_word' id='word_1_245' title='bbox 3269 1635 3362 1706; x_wconf 86' lang='lat' dir='ltr'><strong>qui</strong></span> <span class='ocrx_word' id='word_1_246' title='bbox 3411 1635 3508 1692; x_wconf 89' lang='lat' dir='ltr'><strong>tibi</strong></span> <span class='ocrx_word' id='word_1_247' title='bbox 3557 1635 3758 1690; x_wconf 83' lang='lat' dir='ltr'><strong>dicat:</strong></span> <span class='ocrx_word' id='word_1_248' title='bbox 3811 1633 3896 1688; x_wconf 80' lang='lat' dir='ltr'><strong>Da</strong></span> 
     </span>
    </p>
   </div>
   <div class='ocr_carea' id='block_1_31' title="bbox 2269 1727 3890 1802">
    <p class='ocr_par' dir='ltr' id='par_1_31' title="bbox 2269 1727 3890 1802">
     <span class='ocr_line' id='line_1_31' title="bbox 2269 1727 3890 1802; baseline 0.001 -22"><span class='ocrx_word' id='word_1_249' title='bbox 2269 1727 2396 1782; x_wconf 82' lang='lat' dir='ltr'><strong>mihi</strong></span> <span class='ocrx_word' id='word_1_250' title='bbox 2423 1727 2622 1782; x_wconf 81' lang='lat' dir='ltr'><strong>vineam</strong></span> <span class='ocrx_word' id='word_1_251' title='bbox 2650 1737 2815 1794; x_wconf 86' lang='lat' dir='ltr'><strong>tuam,</strong></span> <span class='ocrx_word' id='word_1_252' title='bbox 2843 1739 2900 1782; x_wconf 86' lang='lat' dir='ltr'><strong>ut</strong></span> <span class='ocrx_word' id='word_1_253' title='bbox 2927 1727 3070 1784; x_wconf 84' lang='lat' dir='ltr'><strong>olera</strong></span> <span class='ocrx_word' id='word_1_254' title='bbox 3097 1729 3220 1784; x_wconf 79' lang='lat' dir='ltr'><strong>mihi</strong></span> <span class='ocrx_word' id='word_1_255' title='bbox 3251 1745 3418 1786; x_wconf 84' lang='lat' dir='ltr'><strong>seram</strong></span> <span class='ocrx_word' id='word_1_256' title='bbox 3451 1727 3544 1800; x_wconf 85' lang='lat' dir='ltr'><strong>(Ill</strong></span> <span class='ocrx_word' id='word_1_257' title='bbox 3585 1728 3730 1802; x_wconf 81' lang='lat' dir='ltr'><strong>Reg.</strong></span> <span class='ocrx_word' id='word_1_258' title='bbox 3767 1743 3890 1794; x_wconf 78' lang='lat' dir='ltr'><strong>nr,</strong></span> 
     </span>
    </p>
   </div>
   <div class='ocr_carea' id='block_1_32' title="bbox 557 1809 3886 1910">
    <p class='ocr_par' dir='ltr' id='par_1_32' title="bbox 557 1809 3886 1910">
     <span class='ocr_line' id='line_1_32' title="bbox 557 1809 3886 1910; baseline -0.006 -15"><span class='ocrx_word' id='word_1_259' title='bbox 557 1847 754 1910; x_wconf 87' lang='lat' dir='ltr'><strong>repunt</strong></span> <span class='ocrx_word' id='word_1_260' title='bbox 781 1809 1183 1904; x_wconf 86' lang='lat' dir='ltr'><strong>insipientibus.</strong></span> <span class='ocrx_word' id='word_1_261' title='bbox 1207 1829 1292 1884; x_wconf 88' lang='lat' dir='ltr'><strong>lra</strong></span> <span class='ocrx_word' id='word_1_262' title='bbox 1331 1825 1508 1900; x_wconf 86' lang='lat' dir='ltr'><strong>gravis</strong></span> <span class='ocrx_word' id='word_1_263' title='bbox 1539 1825 1718 1896; x_wconf 84' lang='lat' dir='ltr'><strong>passio</strong></span> <span class='ocrx_word' id='word_1_264' title='bbox 1749 1833 1832 1879; x_wconf 88' lang='lat' dir='ltr'><strong>est</strong></span> <span class='ocrx_word' id='word_1_265' title='bbox 1865 1839 1878 1876; x_wconf 85' lang='lat'><strong>:</strong></span> <span class='ocrx_word' id='word_1_266' title='bbox 1923 1821 2162 1892; x_wconf 90' lang='lat' dir='ltr'><strong>plerum-</strong></span> <span class='ocrx_word' id='word_1_267' title='bbox 2189 1809 2238 1872; x_wconf 90' lang='lat' dir='ltr'><strong>B</strong></span> <span class='ocrx_word' id='word_1_268' title='bbox 2267 1819 2344 1894; x_wconf 70' lang='lat'><strong>2);</strong></span> <span class='ocrx_word' id='word_1_269' title='bbox 2392 1821 2500 1876; x_wconf 91' lang='lat' dir='ltr'><strong>noli</strong></span> <span class='ocrx_word' id='word_1_270' title='bbox 2533 1821 2582 1876; x_wconf 89' lang='lat' dir='ltr'><strong>ei</strong></span> <span class='ocrx_word' id='word_1_271' title='bbox 2612 1823 2980 1892; x_wconf 86' lang='lat' dir='ltr'><strong>acquiescere,</strong></span> <span class='ocrx_word' id='word_1_272' title='bbox 3015 1837 3082 1878; x_wconf 91' lang='lat' dir='ltr'><strong>ne</strong></span> <span class='ocrx_word' id='word_1_273' title='bbox 3111 1837 3178 1878; x_wconf 83' lang='lat' dir='ltr'><strong>ex</strong></span> <span class='ocrx_word' id='word_1_274' title='bbox 3209 1837 3478 1878; x_wconf 85' lang='lat' dir='ltr'><strong>consensu</strong></span> <span class='ocrx_word' id='word_1_275' title='bbox 3527 1831 3628 1878; x_wconf 90' lang='lat' dir='ltr'><strong>tuo</strong></span> <span class='ocrx_word' id='word_1_276' title='bbox 3679 1819 3886 1876; x_wconf 80' lang='lat' dir='ltr'><strong>caduca</strong></span> 
     </span>
    </p>
   </div>
   <div class='ocr_carea' id='block_1_33' title="bbox 553 1915 2156 2002">
    <p class='ocr_par' dir='ltr' id='par_1_33' title="bbox 553 1915 2156 2002">
     <span class='ocr_line' id='line_1_33' title="bbox 553 1915 2156 2002; baseline -0.012 -13"><span class='ocrx_word' id='word_1_277' title='bbox 553 1949 664 2002; x_wconf 90' lang='lat' dir='ltr'><strong>que</strong></span> <span class='ocrx_word' id='word_1_278' title='bbox 697 1927 946 1987; x_wconf 88' lang='lat' dir='ltr'><strong>accendit</strong></span> <span class='ocrx_word' id='word_1_279' title='bbox 971 1925 1230 1992; x_wconf 88' lang='lat' dir='ltr'><strong>invitum;</strong></span> <span class='ocrx_word' id='word_1_280' title='bbox 1263 1931 1320 1981; x_wconf 89' lang='lat' dir='ltr'><strong>et</strong></span> <span class='ocrx_word' id='word_1_281' title='bbox 1341 1921 1616 1978; x_wconf 85' lang='lat' dir='ltr'><strong>volentem</strong></span> <span class='ocrx_word' id='word_1_282' title='bbox 1645 1917 1832 1974; x_wconf 90' lang='lat' dir='ltr'><strong>mitius</strong></span> <span class='ocrx_word' id='word_1_283' title='bbox 1861 1915 2156 1982; x_wconf 86' lang='lat' dir='ltr'><strong>vindicare,</strong></span> 
     </span>
    </p>
   </div>
   <div class='ocr_carea' id='block_1_34' title="bbox 553 2009 2158 2092">
    <p class='ocr_par' dir='ltr' id='par_1_34' title="bbox 553 2009 2158 2092">
     <span class='ocr_line' id='line_1_34' title="bbox 553 2009 2158 2092; baseline -0.013 -10"><span class='ocrx_word' id='word_1_284' title='bbox 553 2027 609 2084; x_wconf 89' lang='lat' dir='ltr'><strong>in</strong></span> <span class='ocrx_word' id='word_1_285' title='bbox 641 2025 878 2081; x_wconf 85' lang='lat' dir='ltr'><strong>furorem</strong></span> <span class='ocrx_word' id='word_1_286' title='bbox 929 2019 1094 2092; x_wconf 84' lang='lat' dir='ltr'><strong>rapit,</strong></span> <span class='ocrx_word' id='word_1_287' title='bbox 1123 2027 1182 2074; x_wconf 89' lang='lat' dir='ltr'><strong>ut</strong></span> <span class='ocrx_word' id='word_1_288' title='bbox 1237 2017 1470 2088; x_wconf 87' lang='lat' dir='ltr'><strong>perimat</strong></span> <span class='ocrx_word' id='word_1_289' title='bbox 1501 2029 1660 2086; x_wconf 84' lang='lat' dir='ltr'><strong>quem</strong></span> <span class='ocrx_word' id='word_1_290' title='bbox 1693 2009 1968 2082; x_wconf 86' lang='lat' dir='ltr'><strong>putaverit</strong></span> <span class='ocrx_word' id='word_1_291' title='bbox 2003 2023 2158 2065; x_wconf 89' lang='lat' dir='ltr'><strong>coer-</strong></span> 
     </span>
    </p>
   </div>
   <div class='ocr_carea' id='block_1_35' title="bbox 551 2103 2158 2184">
    <p class='ocr_par' dir='ltr' id='par_1_35' title="bbox 551 2103 2158 2184">
     <span class='ocr_line' id='line_1_35' title="bbox 551 2103 2158 2184; baseline -0.014 -4"><span class='ocrx_word' id='word_1_292' title='bbox 551 2121 802 2180; x_wconf 88' lang='lat' dir='ltr'><strong>cendum.</strong></span> <span class='ocrx_word' id='word_1_293' title='bbox 825 2119 1166 2182; x_wconf 74' lang='lat' dir='ltr'><strong>Commotus,</strong></span> <span class='ocrx_word' id='word_1_294' title='bbox 1187 2111 1369 2184; x_wconf 83' lang='lat' dir='ltr'><strong>gladio</strong></span> <span class='ocrx_word' id='word_1_295' title='bbox 1393 2125 1542 2181; x_wconf 68' lang='lat' dir='ltr'><strong>saepe</strong></span> <span class='ocrx_word' id='word_1_296' title='bbox 1567 2107 1976 2166; x_wconf 75' lang='lat' dir='ltr'><strong>transverberat</strong></span> <span class='ocrx_word' id='word_1_297' title='bbox 1999 2103 2158 2158; x_wconf 88' lang='lat' dir='ltr'><strong>iuno-</strong></span> 
     </span>
    </p>
   </div>
   <div class='ocr_carea' id='block_1_36' title="bbox 552 2193 2156 2272">
    <p class='ocr_par' dir='ltr' id='par_1_36' title="bbox 552 2193 2156 2272">
     <span class='ocr_line' id='line_1_36' title="bbox 552 2193 2156 2272; baseline -0.014 0"><span class='ocrx_word' id='word_1_298' title='bbox 552 2223 788 2272; x_wconf 88' lang='lat' dir='ltr'><strong>ceutem.</strong></span> <span class='ocrx_word' id='word_1_299' title='bbox 809 2210 1030 2268; x_wconf 84' lang='lat' dir='ltr'><strong>Amicos</strong></span> <span class='ocrx_word' id='word_1_300' title='bbox 1059 2217 1114 2264; x_wconf 89' lang='lat' dir='ltr'><strong>et</strong></span> <span class='ocrx_word' id='word_1_301' title='bbox 1141 2205 1338 2262; x_wconf 78' lang='lat' dir='ltr'><strong>fratres</strong></span> <span class='ocrx_word' id='word_1_302' title='bbox 1367 2219 1464 2272; x_wconf 86' lang='lat' dir='ltr'><strong>per</strong></span> <span class='ocrx_word' id='word_1_303' title='bbox 1489 2201 1910 2272; x_wconf 83' lang='lat' dir='ltr'><strong>indignationem</strong></span> <span class='ocrx_word' id='word_1_304' title='bbox 1937 2193 2156 2266; x_wconf 88' lang='lat' dir='ltr'><strong>plurimi</strong></span> 
     </span>
    </p>
   </div>
   <div class='ocr_carea' id='block_1_37' title="bbox 549 2289 2154 2382">
    <p class='ocr_par' dir='ltr' id='par_1_37' title="bbox 549 2289 2154 2382">
     <span class='ocr_line' id='line_1_37' title="bbox 549 2289 2154 2382; baseline -0.017 -16"><span class='ocrx_word' id='word_1_305' title='bbox 549 2313 920 2382; x_wconf 86' lang='lat' dir='ltr'><strong>peremerunt.</strong></span> <span class='ocrx_word' id='word_1_306' title='bbox 947 2301 1078 2358; x_wconf 91' lang='lat' dir='ltr'><strong>ldeo</strong></span> <span class='ocrx_word' id='word_1_307' title='bbox 1099 2298 1328 2370; x_wconf 86' lang='lat' dir='ltr'><strong>Sapiens</strong></span> <span class='ocrx_word' id='word_1_308' title='bbox 1357 2297 1494 2353; x_wconf 87' lang='lat' dir='ltr'><strong>dicit</strong></span> <span class='ocrx_word' id='word_1_309' title='bbox 1518 2313 1532 2350; x_wconf 90' lang='lat'><strong>:</strong></span> <span class='ocrx_word' id='word_1_310' title='bbox 1555 2293 1650 2349; x_wconf 86' lang='lat' dir='ltr'><strong>Ira</strong></span> <span class='ocrx_word' id='word_1_311' title='bbox 1675 2291 1844 2364; x_wconf 83' lang='lat' dir='ltr'><strong>perdit</strong></span> <span class='ocrx_word' id='word_1_312' title='bbox 1873 2289 2028 2344; x_wconf 87' lang='lat' dir='ltr'><strong>etiam</strong></span> <span class='ocrx_word' id='word_1_313' title='bbox 2067 2303 2154 2346; x_wconf 76' lang='lat' dir='ltr'><strong>sa-</strong></span> 
     </span>
    </p>
   </div>
   <div class='ocr_carea' id='block_1_38' title="bbox 548 2383 2154 2477">
    <p class='ocr_par' dir='ltr' id='par_1_38' title="bbox 548 2383 2154 2477">
     <span class='ocr_line' id='line_1_38' title="bbox 548 2383 2154 2477; baseline -0.015 -18"><span class='ocrx_word' id='word_1_314' title='bbox 548 2405 741 2477; x_wconf 83' lang='lat' dir='ltr'><strong>pientes</strong></span> <span class='ocrx_word' id='word_1_315' title='bbox 768 2397 950 2470; x_wconf 77' lang='lat' dir='ltr'><strong>(Prov.</strong></span> <span class='ocrx_word' id='word_1_316' title='bbox 981 2411 1072 2464; x_wconf 82' lang='lat' dir='ltr'><strong>xv,</strong></span> <span class='ocrx_word' id='word_1_317' title='bbox 1097 2391 1506 2462; x_wconf 81' lang='lat' dir='ltr'><strong>l).Salomouis</strong></span> <span class='ocrx_word' id='word_1_318' title='bbox 1535 2387 1737 2444; x_wconf 89' lang='lat' dir='ltr'><strong>dictum</strong></span> <span class='ocrx_word' id='word_1_319' title='bbox 1767 2393 1872 2452; x_wconf 90' lang='lat' dir='ltr'><strong>est,</strong></span> <span class='ocrx_word' id='word_1_320' title='bbox 1891 2383 2014 2455; x_wconf 88' lang='lat' dir='ltr'><strong>quia</strong></span> <span class='ocrx_word' id='word_1_321' title='bbox 2045 2395 2154 2436; x_wconf 89' lang='lat' dir='ltr'><strong>non</strong></span> 
     </span>
    </p>
   </div>
   <div class='ocr_carea' id='block_1_39' title="bbox 545 2477 2154 2566">
    <p class='ocr_par' dir='ltr' id='par_1_39' title="bbox 545 2477 2154 2566">
     <span class='ocr_line' id='line_1_39' title="bbox 545 2477 2154 2566; baseline -0.014 -11"><span class='ocrx_word' id='word_1_322' title='bbox 545 2499 725 2554; x_wconf 90' lang='lat' dir='ltr'><strong>solum</strong></span> <span class='ocrx_word' id='word_1_323' title='bbox 755 2505 1128 2566; x_wconf 86' lang='lat' dir='ltr'><strong>quoscumque</strong></span> <span class='ocrx_word' id='word_1_324' title='bbox 1170 2487 1240 2542; x_wconf 89' lang='lat' dir='ltr'><strong>de</strong></span> <span class='ocrx_word' id='word_1_325' title='bbox 1291 2483 1474 2540; x_wconf 90' lang='lat' dir='ltr'><strong>medio</strong></span> <span class='ocrx_word' id='word_1_326' title='bbox 1527 2483 1798 2546; x_wconf 86' lang='lat' dir='ltr'><strong>homines,</strong></span> <span class='ocrx_word' id='word_1_327' title='bbox 1848 2477 1944 2534; x_wconf 90' lang='lat' dir='ltr'><strong>sed</strong></span> <span class='ocrx_word' id='word_1_328' title='bbox 1991 2477 2154 2532; x_wconf 87' lang='lat' dir='ltr'><strong>etiam</strong></span> 
     </span>
    </p>
   </div>
   <div class='ocr_carea' id='block_1_40' title="bbox 543 2573 2156 2663">
    <p class='ocr_par' dir='ltr' id='par_1_40' title="bbox 543 2573 2156 2663">
     <span class='ocr_line' id='line_1_40' title="bbox 543 2573 2156 2663; baseline -0.015 -13"><span class='ocrx_word' id='word_1_329' title='bbox 543 2593 694 2663; x_wconf 83' lang='lat' dir='ltr'><strong>ipsos</strong></span> <span class='ocrx_word' id='word_1_330' title='bbox 725 2587 920 2660; x_wconf 85' lang='lat' dir='ltr'><strong>perdat</strong></span> <span class='ocrx_word' id='word_1_331' title='bbox 953 2585 1032 2638; x_wconf 89' lang='lat' dir='ltr'><strong>ira</strong></span> <span class='ocrx_word' id='word_1_332' title='bbox 1063 2579 1360 2650; x_wconf 88' lang='lat' dir='ltr'><strong>sapientes.</strong></span> <span class='ocrx_word' id='word_1_333' title='bbox 1395 2577 1462 2634; x_wconf 85' lang='lat' dir='ltr'><strong>Et</strong></span> <span class='ocrx_word' id='word_1_334' title='bbox 1495 2575 1661 2630; x_wconf 87' lang='lat' dir='ltr'><strong>David</strong></span> <span class='ocrx_word' id='word_1_335' title='bbox 1691 2573 1992 2645; x_wconf 88' lang='lat' dir='ltr'><strong>sapientem</strong></span> <span class='ocrx_word' id='word_1_336' title='bbox 2037 2583 2156 2626; x_wconf 80' lang='lat' dir='ltr'><strong>mo-</strong></span> 
     </span>
    </p>
   </div>
   <div class='ocr_carea' id='block_1_41' title="bbox 547 2665 2151 2743">
    <p class='ocr_par' dir='ltr' id='par_1_41' title="bbox 547 2665 2151 2743">
     <span class='ocr_line' id='line_1_41' title="bbox 547 2665 2151 2743; baseline -0.016 0"><span class='ocrx_word' id='word_1_337' title='bbox 547 2693 642 2743; x_wconf 82' lang='lat' dir='ltr'><strong>uel</strong></span> <span class='ocrx_word' id='word_1_338' title='bbox 661 2683 848 2740; x_wconf 88' lang='lat' dir='ltr'><strong>dicens</strong></span> <span class='ocrx_word' id='word_1_339' title='bbox 877 2695 895 2734; x_wconf 86' lang='lat'><strong>:</strong></span> <span class='ocrx_word' id='word_1_340' title='bbox 927 2677 1120 2734; x_wconf 83' lang='lat' dir='ltr'><strong>Desine</strong></span> <span class='ocrx_word' id='word_1_341' title='bbox 1157 2673 1220 2729; x_wconf 85' lang='lat' dir='ltr'><strong>ab</strong></span> <span class='ocrx_word' id='word_1_342' title='bbox 1249 2673 1362 2740; x_wconf 86' lang='lat' dir='ltr'><strong>ira;</strong></span> <span class='ocrx_word' id='word_1_343' title='bbox 1407 2686 1478 2727; x_wconf 88' lang='lat' dir='ltr'><strong>ne</strong></span> <span class='ocrx_word' id='word_1_344' title='bbox 1505 2685 1628 2726; x_wconf 90' lang='lat' dir='ltr'><strong>cum</strong></span> <span class='ocrx_word' id='word_1_345' title='bbox 1667 2665 1980 2722; x_wconf 87' lang='lat' dir='ltr'><strong>accenderis</strong></span> <span class='ocrx_word' id='word_1_346' title='bbox 2007 2679 2151 2730; x_wconf 86' lang='lat' dir='ltr'><strong>eam,</strong></span> 
     </span>
    </p>
   </div>
   <div class='ocr_carea' id='block_1_42' title="bbox 544 2763 2148 2842">
    <p class='ocr_par' dir='ltr' id='par_1_42' title="bbox 544 2763 2148 2842">
     <span class='ocr_line' id='line_1_42' title="bbox 544 2763 2148 2842; baseline -0.016 -5"><span class='ocrx_word' id='word_1_347' title='bbox 544 2781 641 2838; x_wconf 90' lang='lat' dir='ltr'><strong>illa</strong></span> <span class='ocrx_word' id='word_1_348' title='bbox 671 2795 778 2834; x_wconf 88' lang='lat' dir='ltr'><strong>non</strong></span> <span class='ocrx_word' id='word_1_349' title='bbox 811 2775 1022 2832; x_wconf 88' lang='lat' dir='ltr'><strong>desinat</strong></span> <span class='ocrx_word' id='word_1_350' title='bbox 1047 2771 1362 2842; x_wconf 85' lang='lat' dir='ltr'><strong>priusquam</strong></span> <span class='ocrx_word' id='word_1_351' title='bbox 1391 2777 1440 2822; x_wconf 91' lang='lat' dir='ltr'><strong>te</strong></span> <span class='ocrx_word' id='word_1_352' title='bbox 1465 2765 1583 2838; x_wconf 87' lang='lat' dir='ltr'><strong>ejus</strong></span> <span class='ocrx_word' id='word_1_353' title='bbox 1605 2763 1822 2818; x_wconf 85' lang='lat' dir='ltr'><strong>flamma</strong></span> <span class='ocrx_word' id='word_1_354' title='bbox 1843 2767 2148 2816; x_wconf 85' lang='lat' dir='ltr'><strong>consumat.</strong></span> 
     </span>
    </p>
   </div>
   <div class='ocr_carea' id='block_1_43' title="bbox 545 2857 2152 2944">
    <p class='ocr_par' dir='ltr' id='par_1_43' title="bbox 545 2857 2152 2944">
     <span class='ocr_line' id='line_1_43' title="bbox 545 2857 2152 2944; baseline -0.015 -14"><span class='ocrx_word' id='word_1_355' title='bbox 545 2875 816 2944; x_wconf 76' lang='lat' dir='ltr'><strong>Relinque,</strong></span> <span class='ocrx_word' id='word_1_356' title='bbox 866 2867 1060 2940; x_wconf 88' lang='lat' dir='ltr'><strong>inquit,</strong></span> <span class='ocrx_word' id='word_1_357' title='bbox 1091 2861 1534 2934; x_wconf 82' lang='lat' dir='ltr'><strong>indignationem;</strong></span> <span class='ocrx_word' id='word_1_358' title='bbox 1585 2857 1691 2913; x_wconf 85' lang='lat' dir='ltr'><strong>hoc</strong></span> <span class='ocrx_word' id='word_1_359' title='bbox 1741 2863 1844 2920; x_wconf 89' lang='lat' dir='ltr'><strong>est,</strong></span> <span class='ocrx_word' id='word_1_360' title='bbox 1879 2861 2152 2908; x_wconf 86' lang='lat' dir='ltr'><strong>naturate</strong></span> 
     </span>
    </p>
   </div>
   <div class='ocr_carea' id='block_1_44' title="bbox 545 2943 2152 3042">
    <p class='ocr_par' dir='ltr' id='par_1_44' title="bbox 545 2943 2152 3042">
     <span class='ocr_line' id='line_1_44' title="bbox 545 2943 2152 3042; baseline -0.019 -15"><span class='ocrx_word' id='word_1_361' title='bbox 545 2970 707 3042; x_wconf 86' lang='lat' dir='ltr'><strong>rapit,</strong></span> <span class='ocrx_word' id='word_1_362' title='bbox 735 2974 918 3022; x_wconf 86' lang='lat' dir='ltr'><strong>movet</strong></span> <span class='ocrx_word' id='word_1_363' title='bbox 947 2961 1192 3024; x_wconf 80' lang='lat' dir='ltr'><strong>affectus,</strong></span> <span class='ocrx_word' id='word_1_364' title='bbox 1226 2957 1386 3026; x_wconf 90' lang='lat' dir='ltr'><strong>culpa</strong></span> <span class='ocrx_word' id='word_1_365' title='bbox 1413 2964 1468 3010; x_wconf 90' lang='lat' dir='ltr'><strong>te</strong></span> <span class='ocrx_word' id='word_1_366' title='bbox 1487 2951 1715 3022; x_wconf 87' lang='lat' dir='ltr'><strong>alicujus</strong></span> <span class='ocrx_word' id='word_1_367' title='bbox 1737 2949 1940 3004; x_wconf 79' lang='lat' dir='ltr'><strong>excitat</strong></span> <span class='ocrx_word' id='word_1_368' title='bbox 1961 2946 2044 3002; x_wconf 85' lang='lat' dir='ltr'><strong>vel</strong></span> <span class='ocrx_word' id='word_1_369' title='bbox 2066 2943 2152 2998; x_wconf 83' lang='lat' dir='ltr'><strong>of-</strong></span> 
     </span>
    </p>
   </div>
   <div class='ocr_carea' id='block_1_45' title="bbox 541 3047 2150 3128">
    <p class='ocr_par' dir='ltr' id='par_1_45' title="bbox 541 3047 2150 3128">
     <span class='ocr_line' id='line_1_45' title="bbox 541 3047 2150 3128; baseline -0.018 -6"><span class='ocrx_word' id='word_1_370' title='bbox 541 3063 719 3128; x_wconf 84' lang='lat' dir='ltr'><strong>fensa,</strong></span> <span class='ocrx_word' id='word_1_371' title='bbox 749 3069 807 3116; x_wconf 90' lang='lat' dir='ltr'><strong>ut</strong></span> <span class='ocrx_word' id='word_1_372' title='bbox 833 3053 1162 3128; x_wconf 84' lang='lat' dir='ltr'><strong>indigneris;</strong></span> <span class='ocrx_word' id='word_1_373' title='bbox 1195 3049 1288 3106; x_wconf 87' lang='lat' dir='ltr'><strong>sed</strong></span> <span class='ocrx_word' id='word_1_374' title='bbox 1325 3063 1434 3104; x_wconf 88' lang='lat' dir='ltr'><strong>non</strong></span> <span class='ocrx_word' id='word_1_375' title='bbox 1467 3059 1638 3118; x_wconf 89' lang='lat' dir='ltr'><strong>usque</strong></span> <span class='ocrx_word' id='word_1_376' title='bbox 1673 3057 1906 3114; x_wconf 85' lang='lat' dir='ltr'><strong>quaque,</strong></span> <span class='ocrx_word' id='word_1_377' title='bbox 1933 3047 1992 3096; x_wconf 86' lang='lat' dir='ltr'><strong>ut</strong></span> <span class='ocrx_word' id='word_1_378' title='bbox 2034 3053 2150 3094; x_wconf 59' lang='lat' dir='ltr'><strong>mo»-</strong></span> 
     </span>
    </p>
   </div>
   <div class='ocr_carea' id='block_1_46' title="bbox 541 3133 2150 3218">
    <p class='ocr_par' dir='ltr' id='par_1_46' title="bbox 541 3133 2150 3218">
     <span class='ocr_line' id='line_1_46' title="bbox 541 3133 2150 3218; baseline -0.017 -2"><span class='ocrx_word' id='word_1_379' title='bbox 541 3159 670 3216; x_wconf 90' lang='lat' dir='ltr'><strong>dum</strong></span> <span class='ocrx_word' id='word_1_380' title='bbox 703 3155 916 3212; x_wconf 89' lang='lat' dir='ltr'><strong>nescias</strong></span> <span class='ocrx_word' id='word_1_381' title='bbox 943 3169 956 3206; x_wconf 90' lang='lat'><strong>:</strong></span> <span class='ocrx_word' id='word_1_382' title='bbox 991 3149 1237 3218; x_wconf 87' lang='lat' dir='ltr'><strong>relinque</strong></span> <span class='ocrx_word' id='word_1_383' title='bbox 1265 3159 1410 3213; x_wconf 76' lang='lat' dir='ltr'><strong>earn,</strong></span> <span class='ocrx_word' id='word_1_384' title='bbox 1439 3141 1602 3197; x_wconf 87' lang='lat' dir='ltr'><strong>ﬁnem</strong></span> <span class='ocrx_word' id='word_1_385' title='bbox 1643 3140 1882 3208; x_wconf 88' lang='lat' dir='ltr'><strong>impone,</strong></span> <span class='ocrx_word' id='word_1_386' title='bbox 1913 3151 1981 3190; x_wconf 89' lang='lat' dir='ltr'><strong>ne</strong></span> <span class='ocrx_word' id='word_1_387' title='bbox 2009 3143 2064 3191; x_wconf 90' lang='lat' dir='ltr'><strong>te</strong></span> <span class='ocrx_word' id='word_1_388' title='bbox 2093 3133 2150 3190; x_wconf 88' lang='lat' dir='ltr'><strong>in</strong></span> 
     </span>
    </p>
   </div>
   <div class='ocr_carea' id='block_1_47' title="bbox 541 3231 2153 3334">
    <p class='ocr_par' dir='ltr' id='par_1_47' title="bbox 541 3231 2153 3334">
     <span class='ocr_line' id='line_1_47' title="bbox 541 3231 2153 3334; baseline -0.019 -18"><span class='ocrx_word' id='word_1_389' title='bbox 541 3265 828 3334; x_wconf 89' lang='lat' dir='ltr'><strong>peccatum</strong></span> <span class='ocrx_word' id='word_1_390' title='bbox 873 3251 1072 3308; x_wconf 83' lang='lat' dir='ltr'><strong>trahat.</strong></span> <span class='ocrx_word' id='word_1_391' title='bbox 1103 3249 1220 3306; x_wconf 84' lang='lat' dir='ltr'><strong>Hoc</strong></span> <span class='ocrx_word' id='word_1_392' title='bbox 1245 3255 1350 3312; x_wconf 87' lang='lat' dir='ltr'><strong>est,</strong></span> <span class='ocrx_word' id='word_1_393' title='bbox 1383 3241 1528 3316; x_wconf 91' lang='lat' dir='ltr'><strong>quod</strong></span> <span class='ocrx_word' id='word_1_394' title='bbox 1559 3257 1720 3334; x_wconf 81' lang='lat' dir='ltr'><strong>supra</strong></span> <span class='ocrx_word' id='word_1_395' title='bbox 1751 3237 1924 3334; x_wconf 78' lang='lat' dir='ltr'><strong>dixit:</strong></span> <span class='ocrx_word' id='word_1_396' title='bbox 1955 3231 2153 3334; x_wconf 65' lang='lat' dir='ltr'><strong>irasci-</strong></span> 
     </span>
    </p>
   </div>
   <div class='ocr_carea' id='block_1_48' title="bbox 543 3327 2153 3420">
    <p class='ocr_par' dir='ltr' id='par_1_48' title="bbox 543 3327 2153 3420">
     <span class='ocr_line' id='line_1_48' title="bbox 543 3327 2153 3420; baseline -0.018 -12"><span class='ocrx_word' id='word_1_397' title='bbox 543 3327 691 3420; x_wconf 67' lang='lat' dir='ltr'><strong>inini,</strong></span> <span class='ocrx_word' id='word_1_398' title='bbox 723 3357 774 3406; x_wconf 88' lang='lat' dir='ltr'><strong>et</strong></span> <span class='ocrx_word' id='word_1_399' title='bbox 800 3347 958 3403; x_wconf 85' lang='lat' dir='ltr'><strong>nolite</strong></span> <span class='ocrx_word' id='word_1_400' title='bbox 985 3359 1196 3416; x_wconf 82' lang='lat' dir='ltr'><strong>peccare</strong></span> <span class='ocrx_word' id='word_1_401' title='bbox 1219 3337 1394 3412; x_wconf 84' lang='lat' dir='ltr'><strong>(Psal.</strong></span> <span class='ocrx_word' id='word_1_402' title='bbox 1419 3353 1492 3404; x_wconf 84' lang='lat' dir='ltr'><strong>tv,</strong></span> <span class='ocrx_word' id='word_1_403' title='bbox 1519 3333 1598 3408; x_wconf 82' lang='lat'><strong>5).</strong></span> <span class='ocrx_word' id='word_1_404' title='bbox 1633 3333 1750 3389; x_wconf 90' lang='lat' dir='ltr'><strong>Non</strong></span> <span class='ocrx_word' id='word_1_405' title='bbox 1778 3329 1926 3386; x_wconf 84' lang='lat' dir='ltr'><strong>enim</strong></span> <span class='ocrx_word' id='word_1_406' title='bbox 1967 3327 2153 3384; x_wconf 85' lang='lat' dir='ltr'><strong>horta-</strong></span> 
     </span>
    </p>
   </div>
   <div class='ocr_carea' id='block_1_49' title="bbox 545 3421 2154 3502">
    <p class='ocr_par' dir='ltr' id='par_1_49' title="bbox 545 3421 2154 3502">
     <span class='ocr_line' id='line_1_49' title="bbox 545 3421 2154 3502; baseline -0.018 0"><span class='ocrx_word' id='word_1_407' title='bbox 545 3457 632 3502; x_wconf 90' lang='lat' dir='ltr'><strong>tur</strong></span> <span class='ocrx_word' id='word_1_408' title='bbox 661 3453 720 3500; x_wconf 88' lang='lat' dir='ltr'><strong>ut</strong></span> <span class='ocrx_word' id='word_1_409' title='bbox 741 3439 1020 3502; x_wconf 85' lang='lat' dir='ltr'><strong>irascaris,</strong></span> <span class='ocrx_word' id='word_1_410' title='bbox 1044 3435 1142 3492; x_wconf 87' lang='lat' dir='ltr'><strong>sed</strong></span> <span class='ocrx_word' id='word_1_411' title='bbox 1165 3433 1232 3488; x_wconf 88' lang='lat' dir='ltr'><strong>ad</strong></span> <span class='ocrx_word' id='word_1_412' title='bbox 1263 3441 1478 3500; x_wconf 87' lang='lat' dir='ltr'><strong>tempus</strong></span> <span class='ocrx_word' id='word_1_413' title='bbox 1505 3427 1650 3484; x_wconf 90' lang='lat' dir='ltr'><strong>cedit</strong></span> <span class='ocrx_word' id='word_1_414' title='bbox 1675 3425 1927 3488; x_wconf 83' lang='lat' dir='ltr'><strong>aﬂ&#39;ectui;</strong></span> <span class='ocrx_word' id='word_1_415' title='bbox 1955 3421 2050 3478; x_wconf 85' lang='lat' dir='ltr'><strong>dat</strong></span> <span class='ocrx_word' id='word_1_416' title='bbox 2075 3431 2154 3474; x_wconf 79' lang='lat' dir='ltr'><strong>ta-</strong></span> 
     </span>
    </p>
   </div>
   <div class='ocr_carea' id='block_1_50' title="bbox 541 3515 2146 3594">
    <p class='ocr_par' dir='ltr' id='par_1_50' title="bbox 541 3515 2146 3594">
     <span class='ocr_line' id='line_1_50' title="bbox 541 3515 2146 3594; baseline -0.016 0"><span class='ocrx_word' id='word_1_417' title='bbox 541 3554 668 3594; x_wconf 86' lang='lat' dir='ltr'><strong>men</strong></span> <span class='ocrx_word' id='word_1_418' title='bbox 721 3533 1200 3592; x_wconf 87' lang='lat' dir='ltr'><strong>medicamentum,</strong></span> <span class='ocrx_word' id='word_1_419' title='bbox 1257 3540 1326 3579; x_wconf 88' lang='lat' dir='ltr'><strong>ne</strong></span> <span class='ocrx_word' id='word_1_420' title='bbox 1353 3521 1552 3580; x_wconf 87' lang='lat' dir='ltr'><strong>diutius</strong></span> <span class='ocrx_word' id='word_1_421' title='bbox 1599 3521 1682 3574; x_wconf 91' lang='lat' dir='ltr'><strong>vis</strong></span> <span class='ocrx_word' id='word_1_422' title='bbox 1713 3515 1910 3574; x_wconf 85' lang='lat' dir='ltr'><strong>ulceris</strong></span> <span class='ocrx_word' id='word_1_423' title='bbox 1943 3523 2146 3584; x_wconf 85' lang='lat' dir='ltr'><strong>serpat.</strong></span> 
     </span>
    </p>
   </div>
   <div class='ocr_carea' id='block_1_51' title="bbox 539 3605 2150 3696">
    <p class='ocr_par' dir='ltr' id='par_1_51' title="bbox 539 3605 2150 3696">
     <span class='ocr_line' id='line_1_51' title="bbox 539 3605 2150 3696; baseline -0.016 -11"><span class='ocrx_word' id='word_1_424' title='bbox 539 3626 862 3692; x_wconf 82' lang='lat' dir='ltr'><strong>Irascintini,</strong></span> <span class='ocrx_word' id='word_1_425' title='bbox 886 3621 1030 3696; x_wconf 89' lang='lat' dir='ltr'><strong>quod</strong></span> <span class='ocrx_word' id='word_1_426' title='bbox 1057 3619 1156 3686; x_wconf 88' lang='lat' dir='ltr'><strong>ait,</strong></span> <span class='ocrx_word' id='word_1_427' title='bbox 1177 3626 1282 3672; x_wconf 71' lang='lat' dir='ltr'><strong>tua:</strong></span> <span class='ocrx_word' id='word_1_428' title='bbox 1313 3623 1396 3670; x_wconf 90' lang='lat' dir='ltr'><strong>est</strong></span> <span class='ocrx_word' id='word_1_429' title='bbox 1427 3611 1718 3686; x_wconf 88' lang='lat' dir='ltr'><strong>passionis.</strong></span> <span class='ocrx_word' id='word_1_430' title='bbox 1742 3609 1981 3664; x_wconf 84' lang='lat' dir='ltr'><strong>Medicus</strong></span> <span class='ocrx_word' id='word_1_431' title='bbox 2003 3605 2150 3662; x_wconf 89' lang='lat' dir='ltr'><strong>enim</strong></span> 
     </span>
    </p>
   </div>
   <div class='ocr_carea' id='block_1_52' title="bbox 547 3699 2152 3780">
    <p class='ocr_par' dir='ltr' id='par_1_52' title="bbox 547 3699 2152 3780">
     <span class='ocr_line' id='line_1_52' title="bbox 547 3699 2152 3780; baseline -0.016 0"><span class='ocrx_word' id='word_1_432' title='bbox 547 3739 654 3780; x_wconf 87' lang='lat' dir='ltr'><strong>non</strong></span> <span class='ocrx_word' id='word_1_433' title='bbox 703 3719 884 3778; x_wconf 83' lang='lat' dir='ltr'><strong>statim</strong></span> <span class='ocrx_word' id='word_1_434' title='bbox 929 3713 1148 3772; x_wconf 86' lang='lat' dir='ltr'><strong>adhibet</strong></span> <span class='ocrx_word' id='word_1_435' title='bbox 1179 3709 1575 3766; x_wconf 83' lang='lat' dir='ltr'><strong>medicamenta</strong></span> <span class='ocrx_word' id='word_1_436' title='bbox 1611 3703 1896 3776; x_wconf 79' lang='lat' dir='ltr'><strong>languori;</strong></span> <span class='ocrx_word' id='word_1_437' title='bbox 1925 3701 1970 3756; x_wconf 89' lang='lat' dir='ltr'><strong>si</strong></span> <span class='ocrx_word' id='word_1_438' title='bbox 1998 3699 2152 3754; x_wconf 90' lang='lat' dir='ltr'><strong>dolor</strong></span> 
     </span>
    </p>
   </div>
   <div class='ocr_carea' id='block_1_53' title="bbox 543 3793 2148 3882">
    <p class='ocr_par' dir='ltr' id='par_1_53' title="bbox 543 3793 2148 3882">
     <span class='ocr_line' id='line_1_53' title="bbox 543 3793 2148 3882; baseline -0.016 -10"><span class='ocrx_word' id='word_1_439' title='bbox 543 3817 740 3882; x_wconf 87' lang='lat' dir='ltr'><strong>fervet,</strong></span> <span class='ocrx_word' id='word_1_440' title='bbox 771 3811 1012 3868; x_wconf 88' lang='lat' dir='ltr'><strong>fomenta</strong></span> <span class='ocrx_word' id='word_1_441' title='bbox 1033 3803 1280 3872; x_wconf 78' lang='lat' dir='ltr'><strong>adhibet,</strong></span> <span class='ocrx_word' id='word_1_442' title='bbox 1311 3811 1372 3858; x_wconf 91' lang='lat' dir='ltr'><strong>ut</strong></span> <span class='ocrx_word' id='word_1_443' title='bbox 1401 3801 1648 3856; x_wconf 88' lang='lat' dir='ltr'><strong>mitescat</strong></span> <span class='ocrx_word' id='word_1_444' title='bbox 1684 3797 1874 3862; x_wconf 87' lang='lat' dir='ltr'><strong>dolor;</strong></span> <span class='ocrx_word' id='word_1_445' title='bbox 1905 3795 1950 3849; x_wconf 91' lang='lat' dir='ltr'><strong>si</strong></span> <span class='ocrx_word' id='word_1_446' title='bbox 1979 3793 2148 3850; x_wconf 84' lang='lat' dir='ltr'><strong>febris</strong></span> 
     </span>
    </p>
   </div>
   <div class='ocr_carea' id='block_1_54' title="bbox 545 3891 2152 3972">
    <p class='ocr_par' dir='ltr' id='par_1_54' title="bbox 545 3891 2152 3972">
     <span class='ocr_line' id='line_1_54' title="bbox 545 3891 2152 3972; baseline -0.017 -4"><span class='ocrx_word' id='word_1_447' title='bbox 545 3915 838 3972; x_wconf 65' lang='lat' dir='ltr'><strong>exaestuat,</strong></span> <span class='ocrx_word' id='word_1_448' title='bbox 871 3899 1100 3960; x_wconf 88' lang='lat' dir='ltr'><strong>remedii</strong></span> <span class='ocrx_word' id='word_1_449' title='bbox 1139 3905 1352 3968; x_wconf 88' lang='lat' dir='ltr'><strong>tempus</strong></span> <span class='ocrx_word' id='word_1_450' title='bbox 1391 3901 1700 3964; x_wconf 79' lang='lat' dir='ltr'><strong>exSpectat,</strong></span> <span class='ocrx_word' id='word_1_451' title='bbox 1745 3891 1922 3962; x_wconf 88' lang='lat' dir='ltr'><strong>ipsqu</strong></span> <span class='ocrx_word' id='word_1_452' title='bbox 1965 3897 2152 3958; x_wconf 88' lang='lat' dir='ltr'><strong>potum</strong></span> 
     </span>
    </p>
   </div>
   <div class='ocr_carea' id='block_1_55' title="bbox 544 3979 2151 4065">
    <p class='ocr_par' dir='ltr' id='par_1_55' title="bbox 544 3979 2151 4065">
     <span class='ocr_line' id='line_1_55' title="bbox 544 3979 2151 4065; baseline -0.014 -5"><span class='ocrx_word' id='word_1_453' title='bbox 544 3999 852 4060; x_wconf 87' lang='lat' dir='ltr'><strong>sitientibus</strong></span> <span class='ocrx_word' id='word_1_454' title='bbox 887 4007 1088 4065; x_wconf 87' lang='lat' dir='ltr'><strong>negare</strong></span> <span class='ocrx_word' id='word_1_455' title='bbox 1117 3987 1422 4047; x_wconf 84' lang='lat' dir='ltr'><strong>consuevit.</strong></span> <span class='ocrx_word' id='word_1_456' title='bbox 1445 3985 1564 4042; x_wconf 91' lang='lat' dir='ltr'><strong>Non</strong></span> <span class='ocrx_word' id='word_1_457' title='bbox 1592 3985 1758 4041; x_wconf 90' lang='lat' dir='ltr'><strong>dicit:</strong></span> <span class='ocrx_word' id='word_1_458' title='bbox 1783 3983 1906 4040; x_wconf 87' lang='lat' dir='ltr'><strong>Noli</strong></span> <span class='ocrx_word' id='word_1_459' title='bbox 1930 3979 2151 4048; x_wconf 85' lang='lat' dir='ltr'><strong>febrire,</strong></span> 
     </span>
    </p>
   </div>
   <div class='ocr_carea' id='block_1_56' title="bbox 545 4075 2155 4164">
    <p class='ocr_par' dir='ltr' id='par_1_56' title="bbox 545 4075 2155 4164">
     <span class='ocr_line' id='line_1_56' title="bbox 545 4075 2155 4164; baseline -0.016 -10"><span class='ocrx_word' id='word_1_460' title='bbox 545 4113 668 4155; x_wconf 90' lang='lat' dir='ltr'><strong>cum</strong></span> <span class='ocrx_word' id='word_1_461' title='bbox 691 4107 860 4164; x_wconf 86' lang='lat' dir='ltr'><strong>vapor</strong></span> <span class='ocrx_word' id='word_1_462' title='bbox 897 4091 1070 4146; x_wconf 80' lang='lat' dir='ltr'><strong>fervet</strong></span> <span class='ocrx_word' id='word_1_463' title='bbox 1095 4083 1318 4158; x_wconf 77' lang='lat' dir='ltr'><strong>:egroﬁ;</strong></span> <span class='ocrx_word' id='word_1_464' title='bbox 1351 4079 1448 4138; x_wconf 89' lang='lat' dir='ltr'><strong>sed</strong></span> <span class='ocrx_word' id='word_1_465' title='bbox 1484 4080 1618 4136; x_wconf 87' lang='lat' dir='ltr'><strong>dicit</strong></span> <span class='ocrx_word' id='word_1_466' title='bbox 1645 4097 1658 4132; x_wconf 86' lang='lat'><strong>:</strong></span> <span class='ocrx_word' id='word_1_467' title='bbox 1685 4077 1982 4150; x_wconf 78' lang='lat' dir='ltr'><strong>Exspecta,</strong></span> <span class='ocrx_word' id='word_1_468' title='bbox 2011 4075 2155 4132; x_wconf 85' lang='lat' dir='ltr'><strong>desi-</strong></span> 
     </span>
    </p>
   </div>
   <div class='ocr_carea' id='block_1_57' title="bbox 543 4169 2152 4252">
    <p class='ocr_par' dir='ltr' id='par_1_57' title="bbox 543 4169 2152 4252">
     <span class='ocr_line' id='line_1_57' title="bbox 543 4169 2152 4252; baseline -0.014 -6"><span class='ocrx_word' id='word_1_469' title='bbox 543 4199 637 4246; x_wconf 85' lang='lat' dir='ltr'><strong>nat</strong></span> <span class='ocrx_word' id='word_1_470' title='bbox 677 4185 866 4250; x_wconf 87' lang='lat' dir='ltr'><strong>febris,</strong></span> <span class='ocrx_word' id='word_1_471' title='bbox 899 4181 1178 4252; x_wconf 79' lang='lat' dir='ltr'><strong>digeratur</strong></span> <span class='ocrx_word' id='word_1_472' title='bbox 1199 4173 1514 4234; x_wconf 89' lang='lat' dir='ltr'><strong>commotio.</strong></span> <span class='ocrx_word' id='word_1_473' title='bbox 1539 4173 1630 4230; x_wconf 88' lang='lat' dir='ltr'><strong>Sic</strong></span> <span class='ocrx_word' id='word_1_474' title='bbox 1659 4181 1717 4228; x_wconf 89' lang='lat' dir='ltr'><strong>et</strong></span> <span class='ocrx_word' id='word_1_475' title='bbox 1739 4169 2012 4242; x_wconf 88' lang='lat' dir='ltr'><strong>Pr0pbeta</strong></span> <span class='ocrx_word' id='word_1_476' title='bbox 2045 4183 2152 4226; x_wconf 85' lang='lat' dir='ltr'><strong>non</strong></span> 
     </span>
    </p>
   </div>
   <div class='ocr_carea' id='block_1_58' title="bbox 543 4264 2153 4355">
    <p class='ocr_par' dir='ltr' id='par_1_58' title="bbox 543 4264 2153 4355">
     <span class='ocr_line' id='line_1_58' title="bbox 543 4264 2153 4355; baseline -0.014 -17"><span class='ocrx_word' id='word_1_477' title='bbox 543 4281 720 4355; x_wconf 89' lang='lat' dir='ltr'><strong>potuit</strong></span> <span class='ocrx_word' id='word_1_478' title='bbox 741 4277 926 4334; x_wconf 91' lang='lat' dir='ltr'><strong>dicere</strong></span> <span class='ocrx_word' id='word_1_479' title='bbox 949 4271 1180 4338; x_wconf 85' lang='lat' dir='ltr'><strong>homini,</strong></span> <span class='ocrx_word' id='word_1_480' title='bbox 1207 4270 1362 4340; x_wconf 91' lang='lat' dir='ltr'><strong>cujus</strong></span> <span class='ocrx_word' id='word_1_481' title='bbox 1387 4281 1517 4324; x_wconf 86' lang='lat' dir='ltr'><strong>caro</strong></span> <span class='ocrx_word' id='word_1_482' title='bbox 1547 4275 1605 4322; x_wconf 89' lang='lat' dir='ltr'><strong>ut</strong></span> <span class='ocrx_word' id='word_1_483' title='bbox 1630 4265 1796 4320; x_wconf 89' lang='lat' dir='ltr'><strong>variis</strong></span> <span class='ocrx_word' id='word_1_484' title='bbox 1815 4264 2153 4355; x_wconf 83' lang='lat' dir='ltr'><strong>morborum,</strong></span> 
     </span>
    </p>
   </div>
   <div class='ocr_carea' id='block_1_59' title="bbox 543 4353 2156 4434">
    <p class='ocr_par' dir='ltr' id='par_1_59' title="bbox 543 4353 2156 4434">
     <span class='ocr_line' id='line_1_59' title="bbox 543 4353 2156 4434; baseline -0.014 -3"><span class='ocrx_word' id='word_1_485' title='bbox 543 4353 618 4432; x_wconf 84' lang='lat' dir='ltr'><strong>ita</strong></span> <span class='ocrx_word' id='word_1_486' title='bbox 663 4367 1092 4428; x_wconf 86' lang='lat' dir='ltr'><strong>commotionum</strong></span> <span class='ocrx_word' id='word_1_487' title='bbox 1137 4359 1482 4434; x_wconf 84' lang='lat' dir='ltr'><strong>passiouibus</strong></span> <span class='ocrx_word' id='word_1_488' title='bbox 1541 4357 1855 4414; x_wconf 88' lang='lat' dir='ltr'><strong>excitatur:</strong></span> <span class='ocrx_word' id='word_1_489' title='bbox 1889 4353 2008 4410; x_wconf 88' lang='lat' dir='ltr'><strong>Non</strong></span> <span class='ocrx_word' id='word_1_490' title='bbox 2047 4353 2156 4410; x_wconf 85' lang='lat' dir='ltr'><strong>ira-</strong></span> 
     </span>
    </p>
   </div>
   <div class='ocr_carea' id='block_1_60' title="bbox 545 4449 2158 4530">
    <p class='ocr_par' dir='ltr' id='par_1_60' title="bbox 545 4449 2158 4530">
     <span class='ocr_line' id='line_1_60' title="bbox 545 4449 2158 4530; baseline -0.014 -4"><span class='ocrx_word' id='word_1_491' title='bbox 545 4481 734 4530; x_wconf 86' lang='lat' dir='ltr'><strong>scere;</strong></span> <span class='ocrx_word' id='word_1_492' title='bbox 761 4461 858 4520; x_wconf 87' lang='lat' dir='ltr'><strong>sed</strong></span> <span class='ocrx_word' id='word_1_493' title='bbox 881 4459 1041 4516; x_wconf 89' lang='lat' dir='ltr'><strong>dicit:</strong></span> <span class='ocrx_word' id='word_1_494' title='bbox 1057 4455 1250 4512; x_wconf 86' lang='lat' dir='ltr'><strong>Desine</strong></span> <span class='ocrx_word' id='word_1_495' title='bbox 1277 4453 1340 4508; x_wconf 87' lang='lat' dir='ltr'><strong>ab</strong></span> <span class='ocrx_word' id='word_1_496' title='bbox 1367 4453 1472 4518; x_wconf 87' lang='lat' dir='ltr'><strong>ira,</strong></span> <span class='ocrx_word' id='word_1_497' title='bbox 1491 4459 1540 4506; x_wconf 86' lang='lat' dir='ltr'><strong>et</strong></span> <span class='ocrx_word' id='word_1_498' title='bbox 1567 4451 1974 4524; x_wconf 84' lang='lat' dir='ltr'><strong>indignationem</strong></span> <span class='ocrx_word' id='word_1_499' title='bbox 1997 4449 2158 4504; x_wconf 88' lang='lat' dir='ltr'><strong>relin-</strong></span> 
     </span>
    </p>
   </div>
   <div class='ocr_carea' id='block_1_61' title="bbox 545 4543 2154 4632">
    <p class='ocr_par' dir='ltr' id='par_1_61' title="bbox 545 4543 2154 4632">
     <span class='ocr_line' id='line_1_61' title="bbox 545 4543 2154 4632; baseline -0.012 -16"><span class='ocrx_word' id='word_1_500' title='bbox 545 4577 664 4632; x_wconf 86' lang='lat' dir='ltr'><strong>que,</strong></span> <span class='ocrx_word' id='word_1_501' title='bbox 691 4571 760 4614; x_wconf 90' lang='lat' dir='ltr'><strong>ne</strong></span> <span class='ocrx_word' id='word_1_502' title='bbox 785 4566 1010 4628; x_wconf 86' lang='lat' dir='ltr'><strong>pecces;</strong></span> <span class='ocrx_word' id='word_1_503' title='bbox 1039 4549 1120 4606; x_wconf 88' lang='lat' dir='ltr'><strong>ira</strong></span> <span class='ocrx_word' id='word_1_504' title='bbox 1151 4547 1294 4604; x_wconf 88' lang='lat' dir='ltr'><strong>enim</strong></span> <span class='ocrx_word' id='word_1_505' title='bbox 1327 4545 1506 4617; x_wconf 80' lang='lat' dir='ltr'><strong>gravis</strong></span> <span class='ocrx_word' id='word_1_506' title='bbox 1532 4555 1616 4600; x_wconf 90' lang='lat' dir='ltr'><strong>est</strong></span> <span class='ocrx_word' id='word_1_507' title='bbox 1639 4543 1896 4614; x_wconf 83' lang='lat' dir='ltr'><strong>magistra</strong></span> <span class='ocrx_word' id='word_1_508' title='bbox 1923 4543 2154 4614; x_wconf 87' lang='lat' dir='ltr'><strong>peccati.</strong></span> 
     </span>
    </p>
   </div>
   <div class='ocr_carea' id='block_1_62' title="bbox 551 4639 2158 4724">
    <p class='ocr_par' dir='ltr' id='par_1_62' title="bbox 551 4639 2158 4724">
     <span class='ocr_line' id='line_1_62' title="bbox 551 4639 2158 4724; baseline -0.015 -8"><span class='ocrx_word' id='word_1_509' title='bbox 551 4655 702 4716; x_wconf 78' lang='lat' dir='ltr'><strong>Alius</strong></span> <span class='ocrx_word' id='word_1_510' title='bbox 751 4663 967 4724; x_wconf 82' lang='lat' dir='ltr'><strong>quoque</strong></span> <span class='ocrx_word' id='word_1_511' title='bbox 1011 4643 1256 4700; x_wconf 88' lang='lat' dir='ltr'><strong>medicus</strong></span> <span class='ocrx_word' id='word_1_512' title='bbox 1287 4639 1462 4696; x_wconf 88' lang='lat' dir='ltr'><strong>dicit:</strong></span> <span class='ocrx_word' id='word_1_513' title='bbox 1495 4639 1592 4696; x_wconf 84' lang='lat' dir='ltr'><strong>Sol</strong></span> <span class='ocrx_word' id='word_1_514' title='bbox 1641 4655 1745 4693; x_wconf 89' lang='lat' dir='ltr'><strong>non</strong></span> <span class='ocrx_word' id='word_1_515' title='bbox 1773 4639 1974 4694; x_wconf 83' lang='lat' dir='ltr'><strong>occidat</strong></span> <span class='ocrx_word' id='word_1_516' title='bbox 2005 4655 2158 4710; x_wconf 79' lang='lat' dir='ltr'><strong>super</strong></span> 
     </span>
    </p>
   </div>
   <div class='ocr_carea' id='block_1_63' title="bbox 543 4731 2158 4808">
    <p class='ocr_par' dir='ltr' id='par_1_63' title="bbox 543 4731 2158 4808">
     <span class='ocr_line' id='line_1_63' title="bbox 543 4731 2158 4808; baseline -0.012 -2"><span class='ocrx_word' id='word_1_517' title='bbox 543 4743 875 4806; x_wconf 77' lang='lat' dir='ltr'><strong>iracundiam</strong></span> <span class='ocrx_word' id='word_1_518' title='bbox 901 4747 1120 4796; x_wconf 82' lang='lat' dir='ltr'><strong>uestram</strong></span> <span class='ocrx_word' id='word_1_519' title='bbox 1149 4733 1373 4808; x_wconf 81' lang='lat' dir='ltr'><strong>(Ephes.</strong></span> <span class='ocrx_word' id='word_1_520' title='bbox 1401 4749 1476 4800; x_wconf 74' lang='grc' dir='ltr'><strong>ιν,</strong></span> <span class='ocrx_word' id='word_1_521' title='bbox 1517 4731 1635 4804; x_wconf 69' lang='lat'><strong>9.6);</strong></span> <span class='ocrx_word' id='word_1_522' title='bbox 1669 4750 1740 4790; x_wconf 88' lang='lat' dir='ltr'><strong>ne</strong></span> <span class='ocrx_word' id='word_1_523' title='bbox 1778 4733 1906 4790; x_wconf 88' lang='lat' dir='ltr'><strong>dum</strong></span> <span class='ocrx_word' id='word_1_524' title='bbox 1927 4733 2020 4788; x_wconf 89' lang='lat' dir='ltr'><strong>diu</strong></span> <span class='ocrx_word' id='word_1_525' title='bbox 2049 4733 2158 4790; x_wconf 87' lang='lat' dir='ltr'><strong>dif-</strong></span> 
     </span>
    </p>
   </div>
   <div class='ocr_carea' id='block_1_64' title="bbox 551 4827 2162 4910">
    <p class='ocr_par' dir='ltr' id='par_1_64' title="bbox 551 4827 2162 4910">
     <span class='ocr_line' id='line_1_64' title="bbox 551 4827 2162 4910; baseline -0.018 -9"><span class='ocrx_word' id='word_1_526' title='bbox 551 4845 680 4910; x_wconf 85' lang='lat' dir='ltr'><strong>fers,</strong></span> <span class='ocrx_word' id='word_1_527' title='bbox 704 4839 886 4896; x_wconf 86' lang='lat' dir='ltr'><strong>veniat</strong></span> <span class='ocrx_word' id='word_1_528' title='bbox 909 4835 1000 4890; x_wconf 90' lang='lat' dir='ltr'><strong>ille</strong></span> <span class='ocrx_word' id='word_1_529' title='bbox 1047 4831 1136 4904; x_wconf 89' lang='lat' dir='ltr'><strong>qui</strong></span> <span class='ocrx_word' id='word_1_530' title='bbox 1169 4827 1486 4886; x_wconf 85' lang='lat' dir='ltr'><strong>calefactum</strong></span> <span class='ocrx_word' id='word_1_531' title='bbox 1515 4828 1758 4900; x_wconf 87' lang='lat' dir='ltr'><strong>corporis</strong></span> <span class='ocrx_word' id='word_1_532' title='bbox 1797 4843 1988 4884; x_wconf 81' lang='lat' dir='ltr'><strong>somno</strong></span> <span class='ocrx_word' id='word_1_533' title='bbox 2013 4829 2162 4884; x_wconf 62' lang='lat' dir='ltr'><strong>exc}-</strong></span> 
     </span>
    </p>
   </div>
   <div class='ocr_carea' id='block_1_65' title="bbox 549 4921 2162 4996">
    <p class='ocr_par' dir='ltr' id='par_1_65' title="bbox 549 4921 2162 4996">
     <span class='ocr_line' id='line_1_65' title="bbox 549 4921 2162 4996; baseline -0.011 0"><span class='ocrx_word' id='word_1_534' title='bbox 549 4949 666 4996; x_wconf 76' lang='lat' dir='ltr'><strong>tare</strong></span> <span class='ocrx_word' id='word_1_535' title='bbox 719 4928 1024 4993; x_wconf 89' lang='lat' dir='ltr'><strong>consuevit,</strong></span> <span class='ocrx_word' id='word_1_536' title='bbox 1051 4935 1104 4982; x_wconf 91' lang='lat' dir='ltr'><strong>et</strong></span> <span class='ocrx_word' id='word_1_537' title='bbox 1147 4923 1390 4979; x_wconf 86' lang='lat' dir='ltr'><strong>stimulet</strong></span> <span class='ocrx_word' id='word_1_538' title='bbox 1417 4931 1486 4989; x_wconf 91' lang='lat' dir='ltr'><strong>te,</strong></span> <span class='ocrx_word' id='word_1_539' title='bbox 1517 4921 1718 4978; x_wconf 85' lang='lat' dir='ltr'><strong>inserat</strong></span> <span class='ocrx_word' id='word_1_540' title='bbox 1749 4921 1842 4978; x_wconf 89' lang='lat' dir='ltr'><strong>tibi</strong></span> <span class='ocrx_word' id='word_1_541' title='bbox 1879 4925 2162 4996; x_wconf 83' lang='lat' dir='ltr'><strong>cogitatio-</strong></span> 
     </span>
    </p>
   </div>
   <div class='ocr_carea' id='block_1_66' title="bbox 555 5017 2157 5100">
    <p class='ocr_par' dir='ltr' id='par_1_66' title="bbox 555 5017 2157 5100">
     <span class='ocr_line' id='line_1_66' title="bbox 555 5017 2157 5100; baseline -0.011 -10"><span class='ocrx_word' id='word_1_542' title='bbox 555 5049 674 5100; x_wconf 87' lang='lat' dir='ltr'><strong>nes,</strong></span> <span class='ocrx_word' id='word_1_543' title='bbox 704 5037 762 5084; x_wconf 90' lang='lat' dir='ltr'><strong>et</strong></span> <span class='ocrx_word' id='word_1_544' title='bbox 803 5027 856 5080; x_wconf 88' lang='lat' dir='ltr'><strong>in</strong></span> <span class='ocrx_word' id='word_1_545' title='bbox 899 5027 1110 5079; x_wconf 89' lang='lat' dir='ltr'><strong>secreta</strong></span> <span class='ocrx_word' id='word_1_546' title='bbox 1141 5035 1200 5076; x_wconf 91' lang='lat' dir='ltr'><strong>se</strong></span> <span class='ocrx_word' id='word_1_547' title='bbox 1226 5021 1302 5074; x_wconf 88' lang='lat' dir='ltr'><strong>tui</strong></span> <span class='ocrx_word' id='word_1_548' title='bbox 1332 5019 1566 5090; x_wconf 82' lang='lat' dir='ltr'><strong>pectoris</strong></span> <span class='ocrx_word' id='word_1_549' title='bbox 1615 5017 1904 5100; x_wconf 46' lang='lat' dir='ltr'><strong>immer“</strong></span> <span class='ocrx_word' id='word_1_550' title='bbox 1933 5017 2157 5076; x_wconf 87' lang='lat' dir='ltr'><strong>dicens:</strong></span> 
     </span>
    </p>
   </div>
   <div class='ocr_carea' id='block_1_67' title="bbox 553 5013 2157 5298">
    <p class='ocr_par' dir='ltr' id='par_1_67' title="bbox 553 5017 2157 5298">
     <span class='ocr_line' id='line_1_67' title="bbox 555 5017 2157 5100; baseline -0.011 -10"><span class='ocrx_word' id='word_1_551' title='bbox 555 5049 674 5100; x_wconf 87' lang='lat' dir='ltr'><strong>nes,</strong></span> <span class='ocrx_word' id='word_1_552' title='bbox 704 5037 762 5084; x_wconf 90' lang='lat' dir='ltr'><strong>et</strong></span> <span class='ocrx_word' id='word_1_553' title='bbox 803 5027 856 5080; x_wconf 88' lang='lat' dir='ltr'><strong>in</strong></span> <span class='ocrx_word' id='word_1_554' title='bbox 899 5027 1110 5079; x_wconf 89' lang='lat' dir='ltr'><strong>secreta</strong></span> <span class='ocrx_word' id='word_1_555' title='bbox 1141 5035 1200 5076; x_wconf 91' lang='lat' dir='ltr'><strong>se</strong></span> <span class='ocrx_word' id='word_1_556' title='bbox 1226 5021 1302 5074; x_wconf 88' lang='lat' dir='ltr'><strong>tui</strong></span> <span class='ocrx_word' id='word_1_557' title='bbox 1332 5019 1566 5090; x_wconf 82' lang='lat' dir='ltr'><strong>pectoris</strong></span> <span class='ocrx_word' id='word_1_558' title='bbox 1615 5017 1806 5074; x_wconf 88' lang='lat' dir='ltr'><strong>immer</strong></span> <span class='ocrx_word' id='word_1_559' title='bbox 1881 5027 1900 5074; x_wconf 89' lang='lat' dir='ltr'><strong>t</strong></span> <span class='ocrx_word' id='word_1_560' title='bbox 1933 5017 2157 5076; x_wconf 87' lang='lat' dir='ltr'><strong>dicens:</strong></span> 
     </span>
     <span class='ocr_line' id='line_1_68' title="bbox 553 5115 2157 5190; baseline -0.017 -6"><span class='ocrx_word' id='word_1_561' title='bbox 553 5127 780 5186; x_wconf 74' lang='lat' dir='ltr'><strong>Vindica</strong></span> <span class='ocrx_word' id='word_1_562' title='bbox 807 5117 1062 5190; x_wconf 86' lang='lat' dir='ltr'><strong>injuriam</strong></span> <span class='ocrx_word' id='word_1_563' title='bbox 1093 5127 1264 5184; x_wconf 87' lang='lat' dir='ltr'><strong>tuam,</strong></span> <span class='ocrx_word' id='word_1_564' title='bbox 1293 5115 1466 5170; x_wconf 87' lang='lat' dir='ltr'><strong>virum</strong></span> <span class='ocrx_word' id='word_1_565' title='bbox 1495 5123 1546 5170; x_wconf 90' lang='lat' dir='ltr'><strong>te</strong></span> <span class='ocrx_word' id='word_1_566' title='bbox 1575 5129 1698 5170; x_wconf 89' lang='lat' dir='ltr'><strong>esse</strong></span> <span class='ocrx_word' id='word_1_567' title='bbox 1731 5131 1868 5186; x_wconf 79' lang='lat' dir='ltr'><strong>cogn</strong></span> <span class='ocrx_word' id='word_1_568' title='bbox 1971 5131 2002 5172; x_wconf 70' lang='grc' dir='ltr'>ο</span> <span class='ocrx_word' id='word_1_569' title='bbox 2031 5133 2044 5170; x_wconf 74' lang='grc' dir='ltr'><strong><em>ε</em></strong></span> <span class='ocrx_word' id='word_1_570' title='bbox 2077 5115 2157 5170; x_wconf 74' lang='grc' dir='ltr'><strong>[ε-</strong></span> 
     </span>
     <span class='ocr_line' id='line_1_69' title="bbox 556 5207 2154 5298; baseline -0.008 -19"><span class='ocrx_word' id='word_1_571' title='bbox 556 5222 750 5279; x_wconf 72' lang='lat' dir='ltr'><strong>minent</strong></span> <span class='ocrx_word' id='word_1_572' title='bbox 793 5213 1122 5276; x_wconf 89' lang='lat' dir='ltr'><strong>infirmitatis</strong></span> <span class='ocrx_word' id='word_1_573' title='bbox 1153 5219 1258 5280; x_wconf 89' lang='lat' dir='ltr'><strong>est,</strong></span> <span class='ocrx_word' id='word_1_574' title='bbox 1283 5225 1412 5298; x_wconf 58' lang='lat' dir='ltr'><strong>nom</strong></span> <span class='ocrx_word' id='word_1_575' title='bbox 1429 5223 1624 5279; x_wconf 90' lang='lat' dir='ltr'><strong>capere</strong></span> <span class='ocrx_word' id='word_1_576' title='bbox 1669 5207 1940 5264; x_wconf 88' lang='lat' dir='ltr'><strong>vindictau</strong></span> <span class='ocrx_word' id='word_1_577' title='bbox 1995 5287 1998 5290; x_wconf 8' lang='grc' dir='ltr'><strong><em>ἢ</em></strong></span> <span class='ocrx_word' id='word_1_578' title='bbox 2057 5225 2154 5280; x_wconf 84' lang='lat' dir='ltr'><strong>rgo</strong></span> 
     </span>
    </p>
   </div>
   <div class='ocr_carea' id='block_1_68' title="bbox 556 5207 2154 5292">
    <p class='ocr_par' dir='ltr' id='par_1_68' title="bbox 556 5207 2154 5292">
     <span class='ocr_line' id='line_1_70' title="bbox 556 5207 2154 5292; baseline -0.008 -13"><span class='ocrx_word' id='word_1_579' title='bbox 556 5222 750 5279; x_wconf 72' lang='lat' dir='ltr'><strong>minete</strong></span> <span class='ocrx_word' id='word_1_580' title='bbox 793 5213 1122 5276; x_wconf 88' lang='lat' dir='ltr'><strong>infirmitatis</strong></span> <span class='ocrx_word' id='word_1_581' title='bbox 1153 5219 1258 5280; x_wconf 89' lang='lat' dir='ltr'><strong>est,</strong></span> <span class='ocrx_word' id='word_1_582' title='bbox 1283 5225 1412 5292; x_wconf 42' lang='lat' dir='ltr'><strong>non;</strong></span> <span class='ocrx_word' id='word_1_583' title='bbox 1429 5223 1624 5279; x_wconf 88' lang='lat' dir='ltr'><strong>capere</strong></span> <span class='ocrx_word' id='word_1_584' title='bbox 1669 5207 2154 5292; x_wconf 51' lang='lat' dir='ltr'><strong>vintlictau‘lsﬁrgo</strong></span> 
     </span>
    </p>
   </div>
   <div class='ocr_carea' id='block_1_69' title="bbox 2179 4595 2234 4656">
    <p class='ocr_par' dir='ltr' id='par_1_69' title="bbox 2179 4595 2234 4656">
     <span class='ocr_line' id='line_1_71' title="bbox 2179 4595 2234 4656; baseline 0 0"><span class='ocrx_word' id='word_1_585' title='bbox 2179 4595 2234 4656; x_wconf 91' lang='lat' dir='ltr'><strong>D</strong></span> 
     </span>
    </p>
   </div>
   <div class='ocr_carea' id='block_1_70' title="bbox 2265 1915 3878 1986">
    <p class='ocr_par' dir='ltr' id='par_1_70' title="bbox 2265 1915 3878 1986">
     <span class='ocr_line' id='line_1_72' title="bbox 2265 1915 3878 1986; baseline -0.001 -14"><span class='ocrx_word' id='word_1_586' title='bbox 2265 1927 2430 1986; x_wconf 79' lang='lat' dir='ltr'><strong>serat,</strong></span> <span class='ocrx_word' id='word_1_587' title='bbox 2479 1917 2762 1974; x_wconf 87' lang='lat' dir='ltr'><strong>abscindat</strong></span> <span class='ocrx_word' id='word_1_588' title='bbox 2801 1929 3024 1973; x_wconf 76' lang='lat' dir='ltr'><strong>mterua.</strong></span> <span class='ocrx_word' id='word_1_589' title='bbox 3057 1915 3182 1972; x_wconf 90' lang='lat' dir='ltr'><strong>[deo</strong></span> <span class='ocrx_word' id='word_1_590' title='bbox 3211 1915 3458 1974; x_wconf 83' lang='lat' dir='ltr'><strong>Nabuthe</strong></span> <span class='ocrx_word' id='word_1_591' title='bbox 3485 1915 3634 1972; x_wconf 86' lang='lat' dir='ltr'><strong>inter</strong></span> <span class='ocrx_word' id='word_1_592' title='bbox 3661 1927 3878 1972; x_wconf 81' lang='lat' dir='ltr'><strong>sanctos</strong></span> 
     </span>
    </p>
   </div>
   <div class='ocr_carea' id='block_1_71' title="bbox 2265 2009 3882 2082">
    <p class='ocr_par' dir='ltr' id='par_1_71' title="bbox 2265 2009 3882 2082">
     <span class='ocr_line' id='line_1_73' title="bbox 2265 2009 3882 2082; baseline 0.002 -18"><span class='ocrx_word' id='word_1_593' title='bbox 2265 2009 2518 2074; x_wconf 83' lang='lat' dir='ltr'><strong>habetur,</strong></span> <span class='ocrx_word' id='word_1_594' title='bbox 2571 2011 2696 2082; x_wconf 85' lang='lat' dir='ltr'><strong>quia</strong></span> <span class='ocrx_word' id='word_1_595' title='bbox 2755 2011 3016 2082; x_wconf 80' lang='lat' dir='ltr'><strong>majorum</strong></span> <span class='ocrx_word' id='word_1_596' title='bbox 3067 2025 3288 2066; x_wconf 89' lang='lat' dir='ltr'><strong>suorum</strong></span> <span class='ocrx_word' id='word_1_597' title='bbox 3339 2011 3758 2072; x_wconf 72' lang='lat' dir='ltr'><strong>hmreditatem,</strong></span> <span class='ocrx_word' id='word_1_598' title='bbox 3809 2023 3882 2068; x_wconf 84' lang='lat' dir='ltr'><strong>ne</strong></span> 
     </span>
    </p>
   </div>
   <div class='ocr_carea' id='block_1_72' title="bbox 2263 2103 3888 2178">
    <p class='ocr_par' dir='ltr' id='par_1_72' title="bbox 2263 2103 3888 2178">
     <span class='ocr_line' id='line_1_74' title="bbox 2263 2103 3888 2178; baseline 0.001 -19"><span class='ocrx_word' id='word_1_599' title='bbox 2263 2103 2379 2175; x_wconf 82' lang='lat' dir='ltr'><strong>regi</strong></span> <span class='ocrx_word' id='word_1_600' title='bbox 2408 2105 2625 2174; x_wconf 88' lang='lat' dir='ltr'><strong>quidem</strong></span> <span class='ocrx_word' id='word_1_601' title='bbox 2651 2107 2860 2178; x_wconf 79' lang='lat' dir='ltr'><strong>putavit</strong></span> <span class='ocrx_word' id='word_1_602' title='bbox 2885 2121 3008 2163; x_wconf 87' lang='lat' dir='ltr'><strong>esse</strong></span> <span class='ocrx_word' id='word_1_603' title='bbox 3047 2105 3378 2170; x_wconf 80' lang='lat' dir='ltr'><strong>cedendum;</strong></span> <span class='ocrx_word' id='word_1_604' title='bbox 3417 2113 3474 2161; x_wconf 88' lang='lat' dir='ltr'><strong>et.</strong></span> <span class='ocrx_word' id='word_1_605' title='bbox 3501 2105 3746 2174; x_wconf 81' lang='lat' dir='ltr'><strong>lapidari</strong></span> <span class='ocrx_word' id='word_1_606' title='bbox 3773 2119 3888 2160; x_wconf 74' lang='lat' dir='ltr'><strong>ma-</strong></span> 
     </span>
    </p>
   </div>
   <div class='ocr_carea' id='block_1_73' title="bbox 2261 2197 3886 2268">
    <p class='ocr_par' dir='ltr' id='par_1_73' title="bbox 2261 2197 3886 2268">
     <span class='ocr_line' id='line_1_75' title="bbox 2261 2197 3886 2268; baseline 0 -16"><span class='ocrx_word' id='word_1_607' title='bbox 2261 2197 2382 2264; x_wconf 87' lang='lat' dir='ltr'><strong>luit,</strong></span> <span class='ocrx_word' id='word_1_608' title='bbox 2405 2207 2466 2254; x_wconf 90' lang='lat' dir='ltr'><strong>ut</strong></span> <span class='ocrx_word' id='word_1_609' title='bbox 2495 2199 2707 2254; x_wconf 87' lang='lat' dir='ltr'><strong>vineam</strong></span> <span class='ocrx_word' id='word_1_610' title='bbox 2755 2213 2904 2254; x_wconf 88' lang='lat' dir='ltr'><strong>suam</strong></span> <span class='ocrx_word' id='word_1_611' title='bbox 2941 2215 3047 2254; x_wconf 87' lang='lat' dir='ltr'><strong>non</strong></span> <span class='ocrx_word' id='word_1_612' title='bbox 3075 2197 3232 2254; x_wconf 78' lang='lat' dir='ltr'><strong>duret</strong></span> <span class='ocrx_word' id='word_1_613' title='bbox 3259 2199 3310 2254; x_wconf 87' lang='lat' dir='ltr'><strong>in</strong></span> <span class='ocrx_word' id='word_1_614' title='bbox 3333 2197 3734 2268; x_wconf 84' lang='lat' dir='ltr'><strong>direptionem.</strong></span> <span class='ocrx_word' id='word_1_615' title='bbox 3767 2197 3886 2253; x_wconf 64' lang='lat' dir='ltr'><strong>lla:-</strong></span> 
     </span>
    </p>
   </div>
   <div class='ocr_carea' id='block_1_74' title="bbox 2261 2289 3882 2362">
    <p class='ocr_par' dir='ltr' id='par_1_74' title="bbox 2261 2289 3882 2362">
     <span class='ocr_line' id='line_1_76' title="bbox 2261 2289 3882 2362; baseline 0 -16"><span class='ocrx_word' id='word_1_616' title='bbox 2261 2291 2466 2346; x_wconf 86' lang='lat' dir='ltr'><strong>reditas</strong></span> <span class='ocrx_word' id='word_1_617' title='bbox 2515 2290 2803 2362; x_wconf 85' lang='lat' dir='ltr'><strong>majorum,</strong></span> <span class='ocrx_word' id='word_1_618' title='bbox 2845 2291 2979 2348; x_wconf 89' lang='lat' dir='ltr'><strong>ﬁdes</strong></span> <span class='ocrx_word' id='word_1_619' title='bbox 3007 2307 3132 2346; x_wconf 84' lang='lat' dir='ltr'><strong>vera</strong></span> <span class='ocrx_word' id='word_1_620' title='bbox 3173 2299 3277 2344; x_wconf 85' lang='lat' dir='ltr'><strong>est.</strong></span> <span class='ocrx_word' id='word_1_621' title='bbox 3317 2289 3658 2346; x_wconf 79' lang='lat' dir='ltr'><strong>Exstiterunt</strong></span> <span class='ocrx_word' id='word_1_622' title='bbox 3691 2289 3882 2346; x_wconf 75' lang='lat' dir='ltr'><strong>Ariani</strong></span> 
     </span>
    </p>
   </div>
   <div class='ocr_carea' id='block_1_75' title="bbox 2261 2385 3880 2458">
    <p class='ocr_par' dir='ltr' id='par_1_75' title="bbox 2261 2385 3880 2458">
     <span class='ocr_line' id='line_1_77' title="bbox 2261 2385 3880 2458; baseline 0 -18"><span class='ocrx_word' id='word_1_623' title='bbox 2261 2385 2430 2456; x_wconf 79' lang='lat' dir='ltr'><strong>regali</strong></span> <span class='ocrx_word' id='word_1_624' title='bbox 2457 2387 2671 2442; x_wconf 85' lang='lat' dir='ltr'><strong>subnixi</strong></span> <span class='ocrx_word' id='word_1_625' title='bbox 2719 2387 2976 2458; x_wconf 88' lang='lat' dir='ltr'><strong>potentia,</strong></span> <span class='ocrx_word' id='word_1_626' title='bbox 3008 2389 3100 2456; x_wconf 86' lang='lat' dir='ltr'><strong>qui</strong></span> <span class='ocrx_word' id='word_1_627' title='bbox 3139 2387 3400 2458; x_wconf 87' lang='lat' dir='ltr'><strong>templum</strong></span> <span class='ocrx_word' id='word_1_628' title='bbox 3447 2387 3670 2442; x_wconf 86' lang='lat' dir='ltr'><strong>Domini</strong></span> <span class='ocrx_word' id='word_1_629' title='bbox 3731 2397 3880 2458; x_wconf 82' lang='lat' dir='ltr'><strong>puta-</strong></span> 
     </span>
    </p>
   </div>
   <div class='ocr_carea' id='block_1_76' title="bbox 2261 2481 3882 2554">
    <p class='ocr_par' dir='ltr' id='par_1_76' title="bbox 2261 2481 3882 2554">
     <span class='ocr_line' id='line_1_78' title="bbox 2261 2481 3882 2554; baseline 0.001 -18"><span class='ocrx_word' id='word_1_630' title='bbox 2261 2491 2382 2536; x_wconf 86' lang='lat' dir='ltr'><strong>rent</strong></span> <span class='ocrx_word' id='word_1_631' title='bbox 2404 2481 2506 2536; x_wconf 87' lang='lat' dir='ltr'><strong>sibi</strong></span> <span class='ocrx_word' id='word_1_632' title='bbox 2529 2497 2650 2538; x_wconf 85' lang='lat' dir='ltr'><strong>esse</strong></span> <span class='ocrx_word' id='word_1_633' title='bbox 2679 2481 3020 2550; x_wconf 85' lang='lat' dir='ltr'><strong>tradendum,</strong></span> <span class='ocrx_word' id='word_1_634' title='bbox 3057 2481 3318 2554; x_wconf 84' lang='lat' dir='ltr'><strong>supplicia</strong></span> <span class='ocrx_word' id='word_1_635' title='bbox 3365 2481 3558 2540; x_wconf 86' lang='lat' dir='ltr'><strong>acerba</strong></span> <span class='ocrx_word' id='word_1_636' title='bbox 3617 2482 3882 2540; x_wconf 78' lang='lat' dir='ltr'><strong>minitan-</strong></span> 
     </span>
    </p>
   </div>
   <div class='ocr_carea' id='block_1_77' title="bbox 2261 2573 3864 2648">
    <p class='ocr_par' dir='ltr' id='par_1_77' title="bbox 2261 2573 3864 2648">
     <span class='ocr_line' id='line_1_79' title="bbox 2261 2573 3864 2648; baseline 0.002 -20"><span class='ocrx_word' id='word_1_637' title='bbox 2261 2581 2378 2642; x_wconf 88' lang='lat' dir='ltr'><strong>tes;</strong></span> <span class='ocrx_word' id='word_1_638' title='bbox 2415 2573 2509 2630; x_wconf 90' lang='lat' dir='ltr'><strong>sed</strong></span> <span class='ocrx_word' id='word_1_639' title='bbox 2537 2575 2700 2642; x_wconf 91' lang='lat' dir='ltr'><strong>absit,</strong></span> <span class='ocrx_word' id='word_1_640' title='bbox 2727 2585 2786 2630; x_wconf 89' lang='lat' dir='ltr'><strong>ut</strong></span> <span class='ocrx_word' id='word_1_641' title='bbox 2833 2575 2976 2648; x_wconf 85' lang='lat' dir='ltr'><strong>apud</strong></span> <span class='ocrx_word' id='word_1_642' title='bbox 3005 2584 3244 2631; x_wconf 87' lang='lat' dir='ltr'><strong>mentem</strong></span> <span class='ocrx_word' id='word_1_643' title='bbox 3279 2575 3510 2632; x_wconf 87' lang='lat' dir='ltr'><strong>Domino</strong></span> <span class='ocrx_word' id='word_1_644' title='bbox 3535 2577 3864 2634; x_wconf 63' lang='lat' dir='ltr'><strong>set-vietum</strong></span> 
     </span>
    </p>
   </div>
   <div class='ocr_carea' id='block_1_78' title="bbox 2261 2669 3872 2744">
    <p class='ocr_par' dir='ltr' id='par_1_78' title="bbox 2261 2669 3872 2744">
     <span class='ocr_line' id='line_1_80' title="bbox 2261 2669 3872 2744; baseline 0.002 -20"><span class='ocrx_word' id='word_1_645' title='bbox 2261 2670 2710 2740; x_wconf 74' lang='lat' dir='ltr'><strong>prmponderaret</strong></span> <span class='ocrx_word' id='word_1_646' title='bbox 2737 2671 2906 2742; x_wconf 80' lang='lat' dir='ltr'><strong>magis</strong></span> <span class='ocrx_word' id='word_1_647' title='bbox 2953 2685 3130 2742; x_wconf 66' lang='lat' dir='ltr'><strong>poena:</strong></span> <span class='ocrx_word' id='word_1_648' title='bbox 3187 2671 3442 2740; x_wconf 87' lang='lat' dir='ltr'><strong>formido,</strong></span> <span class='ocrx_word' id='word_1_649' title='bbox 3473 2687 3642 2744; x_wconf 84' lang='lat' dir='ltr'><strong>quam</strong></span> <span class='ocrx_word' id='word_1_650' title='bbox 3701 2669 3872 2728; x_wconf 75' lang='lat' dir='ltr'><strong>form:</strong></span> 
     </span>
    </p>
   </div>
   <div class='ocr_carea' id='block_1_79' title="bbox 2261 2761 3872 2836">
    <p class='ocr_par' dir='ltr' id='par_1_79' title="bbox 2261 2761 3872 2836">
     <span class='ocr_line' id='line_1_81' title="bbox 2261 2761 3872 2836; baseline 0.002 -19"><span class='ocrx_word' id='word_1_651' title='bbox 2261 2763 2496 2834; x_wconf 90' lang='lat' dir='ltr'><strong>pietatis.</strong></span> <span class='ocrx_word' id='word_1_652' title='bbox 2525 2761 2644 2820; x_wconf 87' lang='lat' dir='ltr'><strong>Non</strong></span> <span class='ocrx_word' id='word_1_653' title='bbox 2695 2764 2976 2834; x_wconf 72' lang='lat' dir='ltr'><strong>prmvaluit</strong></span> <span class='ocrx_word' id='word_1_654' title='bbox 3023 2761 3268 2836; x_wconf 86' lang='lat' dir='ltr'><strong>perﬁdia,</strong></span> <span class='ocrx_word' id='word_1_655' title='bbox 3295 2765 3422 2836; x_wconf 88' lang='lat' dir='ltr'><strong>quia</strong></span> <span class='ocrx_word' id='word_1_656' title='bbox 3467 2765 3610 2822; x_wconf 89' lang='lat' dir='ltr'><strong>fides</strong></span> <span class='ocrx_word' id='word_1_657' title='bbox 3643 2767 3872 2822; x_wconf 85' lang='lat' dir='ltr'><strong>restitit.</strong></span> 
     </span>
    </p>
   </div>
   <div class='ocr_carea' id='block_1_80' title="bbox 2259 2855 3878 2930">
    <p class='ocr_par' dir='ltr' id='par_1_80' title="bbox 2259 2855 3878 2930">
     <span class='ocr_line' id='line_1_82' title="bbox 2259 2855 3878 2930; baseline 0.004 -18"><span class='ocrx_word' id='word_1_658' title='bbox 2259 2855 2356 2914; x_wconf 78' lang='lat' dir='ltr'><strong>Est</strong></span> <span class='ocrx_word' id='word_1_659' title='bbox 2385 2857 2546 2912; x_wconf 88' lang='lat' dir='ltr'><strong>etiam</strong></span> <span class='ocrx_word' id='word_1_660' title='bbox 2577 2855 2824 2930; x_wconf 68' lang='lat' dir='ltr'><strong>quaidam</strong></span> <span class='ocrx_word' id='word_1_661' title='bbox 2857 2857 3014 2913; x_wconf 88' lang='lat' dir='ltr'><strong>vinea</strong></span> <span class='ocrx_word' id='word_1_662' title='bbox 3073 2857 3125 2912; x_wconf 89' lang='lat' dir='ltr'><strong>iu</strong></span> <span class='ocrx_word' id='word_1_663' title='bbox 3156 2857 3466 2929; x_wconf 87' lang='lat' dir='ltr'><strong>pectoribus</strong></span> <span class='ocrx_word' id='word_1_664' title='bbox 3501 2857 3782 2922; x_wconf 82' lang='lat' dir='ltr'><strong>ﬁdelium.</strong></span> <span class='ocrx_word' id='word_1_665' title='bbox 3813 2859 3878 2918; x_wconf 79' lang='lat' dir='ltr'><strong>de</strong></span> 
     </span>
    </p>
   </div>
   <div class='ocr_carea' id='block_1_81' title="bbox 2259 2949 3878 3024">
    <p class='ocr_par' dir='ltr' id='par_1_81' title="bbox 2259 2949 3878 3024">
     <span class='ocr_line' id='line_1_83' title="bbox 2259 2949 3878 3024; baseline 0.004 -20"><span class='ocrx_word' id='word_1_666' title='bbox 2259 2967 2363 3022; x_wconf 89' lang='lat' dir='ltr'><strong>qua</strong></span> <span class='ocrx_word' id='word_1_667' title='bbox 2393 2951 2525 3007; x_wconf 85' lang='lat' dir='ltr'><strong>dicit</strong></span> <span class='ocrx_word' id='word_1_668' title='bbox 2573 2951 2802 3008; x_wconf 85' lang='lat' dir='ltr'><strong>Esaias:</strong></span> <span class='ocrx_word' id='word_1_669' title='bbox 2841 2949 3002 3007; x_wconf 83' lang='lat' dir='ltr'><strong>Vinea</strong></span> <span class='ocrx_word' id='word_1_670' title='bbox 3047 2955 3188 3024; x_wconf 81' lang='lat' dir='ltr'><strong>facta</strong></span> <span class='ocrx_word' id='word_1_671' title='bbox 3235 2963 3312 3008; x_wconf 81' lang='lat' dir='ltr'><strong>est</strong></span> <span class='ocrx_word' id='word_1_672' title='bbox 3357 2951 3548 3008; x_wconf 78' lang='lat' dir='ltr'><strong>dilecto</strong></span> <span class='ocrx_word' id='word_1_673' title='bbox 3603 2953 3662 3008; x_wconf 87' lang='lat' dir='ltr'><strong>in</strong></span> <span class='ocrx_word' id='word_1_674' title='bbox 3713 2971 3878 3010; x_wconf 76' lang='lat' dir='ltr'><strong>cornu</strong></span> 
     </span>
    </p>
   </div>
   <div class='ocr_carea' id='block_1_82' title="bbox 2257 3043 3876 3120">
    <p class='ocr_par' dir='ltr' id='par_1_82' title="bbox 2257 3043 3876 3120">
     <span class='ocr_line' id='line_1_84' title="bbox 2257 3043 3876 3120; baseline 0.004 -20"><span class='ocrx_word' id='word_1_675' title='bbox 2257 3045 2402 3100; x_wconf 85' lang='lat' dir='ltr'><strong>uberi</strong></span> <span class='ocrx_word' id='word_1_676' title='bbox 2427 3043 2598 3120; x_wconf 83' lang='lat' dir='ltr'><strong>(Esai.</strong></span> <span class='ocrx_word' id='word_1_677' title='bbox 2631 3061 2684 3114; x_wconf 74' lang='grc' dir='ltr'><strong>ν,</strong></span> <span class='ocrx_word' id='word_1_678' title='bbox 2719 3047 2794 3118; x_wconf 80' lang='grc'><strong>1).</strong></span> <span class='ocrx_word' id='word_1_679' title='bbox 2831 3047 2980 3104; x_wconf 83' lang='lat' dir='ltr'><strong>Hanc</strong></span> <span class='ocrx_word' id='word_1_680' title='bbox 3027 3049 3238 3104; x_wconf 86' lang='lat' dir='ltr'><strong>vineam</strong></span> <span class='ocrx_word' id='word_1_681' title='bbox 3293 3047 3560 3104; x_wconf 89' lang='lat' dir='ltr'><strong>Dominus</strong></span> <span class='ocrx_word' id='word_1_682' title='bbox 3607 3049 3876 3120; x_wconf 83' lang='lat' dir='ltr'><strong>plantavit</strong></span> 
     </span>
    </p>
   </div>
   <div class='ocr_carea' id='block_1_83' title="bbox 2259 3139 3868 3214">
    <p class='ocr_par' dir='ltr' id='par_1_83' title="bbox 2259 3139 3868 3214">
     <span class='ocr_line' id='line_1_85' title="bbox 2259 3139 3868 3214; baseline 0.004 -20"><span class='ocrx_word' id='word_1_683' title='bbox 2259 3139 2310 3194; x_wconf 86' lang='lat' dir='ltr'><strong>in</strong></span> <span class='ocrx_word' id='word_1_684' title='bbox 2333 3140 2586 3196; x_wconf 86' lang='lat' dir='ltr'><strong>cordibus</strong></span> <span class='ocrx_word' id='word_1_685' title='bbox 2617 3141 2848 3206; x_wconf 87' lang='lat' dir='ltr'><strong>nostris;</strong></span> <span class='ocrx_word' id='word_1_686' title='bbox 2879 3149 2934 3197; x_wconf 90' lang='lat' dir='ltr'><strong>et</strong></span> <span class='ocrx_word' id='word_1_687' title='bbox 2957 3142 3078 3198; x_wconf 88' lang='lat' dir='ltr'><strong>ideo</strong></span> <span class='ocrx_word' id='word_1_688' title='bbox 3099 3141 3324 3214; x_wconf 81' lang='lat' dir='ltr'><strong>legimus</strong></span> <span class='ocrx_word' id='word_1_689' title='bbox 3345 3141 3618 3200; x_wconf 87' lang='lat' dir='ltr'><strong>dicentem</strong></span> <span class='ocrx_word' id='word_1_690' title='bbox 3653 3143 3868 3200; x_wconf 85' lang='lat' dir='ltr'><strong>Deum:</strong></span> 
     </span>
    </p>
   </div>
   <div class='ocr_carea' id='block_1_84' title="bbox 2259 3233 3864 3310">
    <p class='ocr_par' dir='ltr' id='par_1_84' title="bbox 2259 3233 3864 3310">
     <span class='ocr_line' id='line_1_86' title="bbox 2259 3233 3864 3310; baseline 0.002 -20"><span class='ocrx_word' id='word_1_691' title='bbox 2259 3233 2373 3308; x_wconf 83' lang='lat' dir='ltr'><strong>Ego</strong></span> <span class='ocrx_word' id='word_1_692' title='bbox 2401 3245 2448 3290; x_wconf 88' lang='lat' dir='ltr'><strong>te</strong></span> <span class='ocrx_word' id='word_1_693' title='bbox 2469 3235 2696 3304; x_wconf 84' lang='lat' dir='ltr'><strong>plantavi</strong></span> <span class='ocrx_word' id='word_1_694' title='bbox 2721 3237 2870 3290; x_wconf 80' lang='lat' dir='ltr'><strong>vitem</strong></span> <span class='ocrx_word' id='word_1_695' title='bbox 2891 3237 3236 3308; x_wconf 79' lang='lat' dir='ltr'><strong>fructiferam,</strong></span> <span class='ocrx_word' id='word_1_696' title='bbox 3267 3247 3426 3292; x_wconf 86' lang='lat' dir='ltr'><strong>totam</strong></span> <span class='ocrx_word' id='word_1_697' title='bbox 3447 3255 3624 3294; x_wconf 81' lang='lat' dir='ltr'><strong>ueram</strong></span> <span class='ocrx_word' id='word_1_698' title='bbox 3649 3239 3864 3310; x_wconf 65' lang='lat' dir='ltr'><strong>(larem.</strong></span> 
     </span>
    </p>
   </div>
   <div class='ocr_carea' id='block_1_85' title="bbox 2257 3329 3864 3404">
    <p class='ocr_par' dir='ltr' id='par_1_85' title="bbox 2257 3329 3864 3404">
     <span class='ocr_line' id='line_1_87' title="bbox 2257 3329 3864 3404; baseline 0.004 -20"><span class='ocrx_word' id='word_1_699' title='bbox 2257 3331 2446 3402; x_wconf 70' lang='lat'><strong>11,21).</strong></span> <span class='ocrx_word' id='word_1_700' title='bbox 2465 3329 2636 3386; x_wconf 80' lang='lat' dir='ltr'><strong>Nerua</strong></span> <span class='ocrx_word' id='word_1_701' title='bbox 2653 3345 2784 3402; x_wconf 88' lang='lat' dir='ltr'><strong>ergo</strong></span> <span class='ocrx_word' id='word_1_702' title='bbox 2807 3329 2874 3386; x_wconf 91' lang='lat' dir='ltr'><strong>de</strong></span> <span class='ocrx_word' id='word_1_703' title='bbox 2897 3345 3028 3404; x_wconf 87' lang='lat' dir='ltr'><strong>agro</strong></span> <span class='ocrx_word' id='word_1_704' title='bbox 3053 3331 3248 3388; x_wconf 76' lang='lat' dir='ltr'><strong>anima:</strong></span> <span class='ocrx_word' id='word_1_705' title='bbox 3271 3339 3476 3388; x_wconf 62' lang='lat' dir='ltr'><strong>nostra:</strong></span> <span class='ocrx_word' id='word_1_706' title='bbox 3495 3335 3636 3390; x_wconf 72' lang='lat' dir='ltr'><strong>lianc</strong></span> <span class='ocrx_word' id='word_1_707' title='bbox 3655 3333 3864 3390; x_wconf 79' lang='lat' dir='ltr'><strong>auferat</strong></span> 
     </span>
    </p>
   </div>
   <div class='ocr_carea' id='block_1_86' title="bbox 2257 3423 3854 3499">
    <p class='ocr_par' dir='ltr' id='par_1_86' title="bbox 2257 3423 3854 3499">
     <span class='ocr_line' id='line_1_88' title="bbox 2257 3423 3854 3499; baseline -0.002 -17"><span class='ocrx_word' id='word_1_708' title='bbox 2257 3427 2420 3482; x_wconf 84' lang='lat' dir='ltr'><strong>vitem</strong></span> <span class='ocrx_word' id='word_1_709' title='bbox 2439 3441 2454 3491; x_wconf 92' lang='lat'><strong>;</strong></span> <span class='ocrx_word' id='word_1_710' title='bbox 2475 3425 2600 3496; x_wconf 88' lang='lat' dir='ltr'><strong>quia</strong></span> <span class='ocrx_word' id='word_1_711' title='bbox 2627 3423 2914 3482; x_wconf 86' lang='lat' dir='ltr'><strong>benedicta</strong></span> <span class='ocrx_word' id='word_1_712' title='bbox 2940 3435 3100 3481; x_wconf 85' lang='lat' dir='ltr'><strong>estea</strong></span> <span class='ocrx_word' id='word_1_713' title='bbox 3119 3425 3266 3482; x_wconf 87' lang='lat' dir='ltr'><strong>vitis.</strong></span> <span class='ocrx_word' id='word_1_714' title='bbox 3287 3423 3530 3499; x_wconf 85' lang='lat' dir='ltr'><strong>Ideoque</strong></span> <span class='ocrx_word' id='word_1_715' title='bbox 3557 3427 3748 3482; x_wconf 87' lang='lat' dir='ltr'><strong>dictum</strong></span> <span class='ocrx_word' id='word_1_716' title='bbox 3769 3435 3854 3480; x_wconf 84' lang='lat' dir='ltr'><strong>est</strong></span> 
     </span>
    </p>
   </div>
   <div class='ocr_carea' id='block_1_87' title="bbox 2249 3517 3852 3600">
    <p class='ocr_par' dir='ltr' id='par_1_87' title="bbox 2249 3517 3852 3600">
     <span class='ocr_line' id='line_1_89' title="bbox 2249 3517 3852 3600; baseline -0.001 -26"><span class='ocrx_word' id='word_1_717' title='bbox 2249 3519 2330 3600; x_wconf 40' lang='lat' dir='ltr'><strong>.de</strong></span> <span class='ocrx_word' id='word_1_718' title='bbox 2355 3517 2556 3576; x_wconf 82' lang='lat' dir='ltr'><strong>sanctis</strong></span> <span class='ocrx_word' id='word_1_719' title='bbox 2587 3537 2600 3572; x_wconf 89' lang='lat'><strong>:</strong></span> <span class='ocrx_word' id='word_1_720' title='bbox 2634 3517 2676 3572; x_wconf 86' lang='grc' dir='ltr'><em>Α</em></span> <span class='ocrx_word' id='word_1_721' title='bbox 2703 3519 2874 3590; x_wconf 77' lang='lat' dir='ltr'><strong>{ructu</strong></span> <span class='ocrx_word' id='word_1_722' title='bbox 2907 3517 3172 3589; x_wconf 74' lang='lat' dir='ltr'><strong>frumenti,</strong></span> <span class='ocrx_word' id='word_1_723' title='bbox 3197 3521 3322 3586; x_wconf 85' lang='lat' dir='ltr'><strong>vini,</strong></span> <span class='ocrx_word' id='word_1_724' title='bbox 3355 3529 3402 3574; x_wconf 86' lang='lat' dir='ltr'><strong>et</strong></span> <span class='ocrx_word' id='word_1_725' title='bbox 3449 3521 3566 3588; x_wconf 84' lang='lat' dir='ltr'><strong>olei,</strong></span> <span class='ocrx_word' id='word_1_726' title='bbox 3595 3517 3852 3588; x_wconf 78' lang='lat' dir='ltr'><strong>multipli-</strong></span> 
     </span>
    </p>
   </div>
   <div class='ocr_carea' id='block_1_88' title="bbox 2260 3611 3862 3688">
    <p class='ocr_par' dir='ltr' id='par_1_88' title="bbox 2260 3611 3862 3688">
     <span class='ocr_line' id='line_1_90' title="bbox 2260 3611 3862 3688; baseline 0.001 -22"><span class='ocrx_word' id='word_1_727' title='bbox 2260 3613 2362 3668; x_wconf 90' lang='lat' dir='ltr'><strong>cati</strong></span> <span class='ocrx_word' id='word_1_728' title='bbox 2383 3622 2500 3668; x_wconf 79' lang='lat' dir='ltr'><strong>sunt</strong></span> <span class='ocrx_word' id='word_1_729' title='bbox 2527 3611 2701 3680; x_wconf 88' lang='lat' dir='ltr'><strong>(Psal.</strong></span> <span class='ocrx_word' id='word_1_730' title='bbox 2735 3629 2812 3680; x_wconf 85' lang='lat' dir='ltr'><strong>tv,</strong></span> <span class='ocrx_word' id='word_1_731' title='bbox 2839 3613 2922 3684; x_wconf 91' lang='lat'><strong>8).</strong></span> <span class='ocrx_word' id='word_1_732' title='bbox 2967 3613 3174 3670; x_wconf 89' lang='lat' dir='ltr'><strong>Bonum</strong></span> <span class='ocrx_word' id='word_1_733' title='bbox 3203 3623 3286 3670; x_wconf 91' lang='lat' dir='ltr'><strong>est</strong></span> <span class='ocrx_word' id='word_1_734' title='bbox 3315 3629 3448 3688; x_wconf 83' lang='lat' dir='ltr'><strong>ergo</strong></span> <span class='ocrx_word' id='word_1_735' title='bbox 3481 3613 3676 3671; x_wconf 83' lang='lat' dir='ltr'><strong>habere</strong></span> <span class='ocrx_word' id='word_1_736' title='bbox 3717 3615 3862 3670; x_wconf 82' lang='lat' dir='ltr'><strong>intra</strong></span> 
     </span>
    </p>
   </div>
   <div class='ocr_carea' id='block_1_89' title="bbox 2259 3705 3858 3773">
    <p class='ocr_par' dir='ltr' id='par_1_89' title="bbox 2259 3705 3858 3773">
     <span class='ocr_line' id='line_1_91' title="bbox 2259 3705 3858 3773; baseline 0.001 -13"><span class='ocrx_word' id='word_1_737' title='bbox 2259 3717 2311 3762; x_wconf 90' lang='lat' dir='ltr'><strong>te</strong></span> <span class='ocrx_word' id='word_1_738' title='bbox 2343 3705 2632 3762; x_wconf 86' lang='lat' dir='ltr'><strong>toreularia</strong></span> <span class='ocrx_word' id='word_1_739' title='bbox 2657 3707 2784 3764; x_wconf 89' lang='lat' dir='ltr'><strong>vino</strong></span> <span class='ocrx_word' id='word_1_740' title='bbox 2815 3705 3212 3773; x_wconf 87' lang='lat' dir='ltr'><strong>redundantia;</strong></span> <span class='ocrx_word' id='word_1_741' title='bbox 3237 3715 3296 3764; x_wconf 88' lang='lat' dir='ltr'><strong>ut</strong></span> <span class='ocrx_word' id='word_1_742' title='bbox 3315 3707 3448 3764; x_wconf 88' lang='lat' dir='ltr'><strong>fluat</strong></span> <span class='ocrx_word' id='word_1_743' title='bbox 3477 3709 3578 3764; x_wconf 89' lang='lat' dir='ltr'><strong>tibi</strong></span> <span class='ocrx_word' id='word_1_744' title='bbox 3599 3707 3790 3764; x_wconf 86' lang='lat' dir='ltr'><strong>vinum</strong></span> <span class='ocrx_word' id='word_1_745' title='bbox 3813 3709 3858 3764; x_wconf 82' lang='lat' dir='ltr'><strong>iu</strong></span> 
     </span>
    </p>
   </div>
   <div class='ocr_carea' id='block_1_90' title="bbox 2256 3797 3858 3870">
    <p class='ocr_par' dir='ltr' id='par_1_90' title="bbox 2256 3797 3858 3870">
     <span class='ocr_line' id='line_1_92' title="bbox 2256 3797 3858 3870; baseline 0.004 -18"><span class='ocrx_word' id='word_1_746' title='bbox 2256 3815 2353 3854; x_wconf 88' lang='lat' dir='ltr'><strong>vas</strong></span> <span class='ocrx_word' id='word_1_747' title='bbox 2385 3809 2534 3854; x_wconf 89' lang='lat' dir='ltr'><strong>tuum</strong></span> <span class='ocrx_word' id='word_1_748' title='bbox 2562 3797 2630 3854; x_wconf 91' lang='lat' dir='ltr'><strong>de</strong></span> <span class='ocrx_word' id='word_1_749' title='bbox 2657 3799 2812 3856; x_wconf 89' lang='lat' dir='ltr'><strong>vinea</strong></span> <span class='ocrx_word' id='word_1_750' title='bbox 2843 3799 3072 3868; x_wconf 82' lang='lat' dir='ltr'><strong>Soreclt,</strong></span> <span class='ocrx_word' id='word_1_751' title='bbox 3127 3801 3378 3870; x_wconf 87' lang='lat' dir='ltr'><strong>poculum</strong></span> <span class='ocrx_word' id='word_1_752' title='bbox 3427 3801 3560 3856; x_wconf 83' lang='lat' dir='ltr'><strong>illud</strong></span> <span class='ocrx_word' id='word_1_753' title='bbox 3593 3801 3858 3858; x_wconf 73' lang='lat' dir='ltr'><strong>inebrians</strong></span> 
     </span>
    </p>
   </div>
   <div class='ocr_carea' id='block_1_91' title="bbox 2257 3893 3864 3970">
    <p class='ocr_par' dir='ltr' id='par_1_91' title="bbox 2257 3893 3864 3970">
     <span class='ocr_line' id='line_1_93' title="bbox 2257 3893 3864 3970; baseline 0.006 -24"><span class='ocrx_word' id='word_1_754' title='bbox 2257 3907 2418 3964; x_wconf 89' lang='lat' dir='ltr'><strong>quam</strong></span> <span class='ocrx_word' id='word_1_755' title='bbox 2447 3895 2796 3966; x_wconf 85' lang='lat' dir='ltr'><strong>praeclarum!</strong></span> <span class='ocrx_word' id='word_1_756' title='bbox 2855 3893 3062 3952; x_wconf 81' lang='lat' dir='ltr'><strong>Soreclt</strong></span> <span class='ocrx_word' id='word_1_757' title='bbox 3089 3895 3234 3950; x_wconf 89' lang='lat' dir='ltr'><strong>enim</strong></span> <span class='ocrx_word' id='word_1_758' title='bbox 3264 3895 3420 3952; x_wconf 87' lang='lat' dir='ltr'><strong>vinea</strong></span> <span class='ocrx_word' id='word_1_759' title='bbox 3445 3895 3474 3936; x_wconf 76' lang='grc' dir='ltr'><strong>ιι</strong></span> <span class='ocrx_word' id='word_1_760' title='bbox 3497 3899 3630 3954; x_wconf 87' lang='lat' dir='ltr'><strong>novi</strong></span> <span class='ocrx_word' id='word_1_761' title='bbox 3677 3899 3864 3970; x_wconf 79' lang='lat' dir='ltr'><strong>princi-</strong></span> 
     </span>
    </p>
   </div>
   <div class='ocr_carea' id='block_1_92' title="bbox 2258 3987 3854 4060">
    <p class='ocr_par' dir='ltr' id='par_1_92' title="bbox 2258 3987 3854 4060">
     <span class='ocr_line' id='line_1_94' title="bbox 2258 3987 3854 4060; baseline 0.001 -18"><span class='ocrx_word' id='word_1_762' title='bbox 2258 3987 2332 4058; x_wconf 89' lang='lat' dir='ltr'><strong>pii</strong></span> <span class='ocrx_word' id='word_1_763' title='bbox 2360 3997 2462 4054; x_wconf 87' lang='lat' dir='ltr'><strong>est,</strong></span> <span class='ocrx_word' id='word_1_764' title='bbox 2505 3999 2561 4044; x_wconf 92' lang='lat' dir='ltr'><strong>et</strong></span> <span class='ocrx_word' id='word_1_765' title='bbox 2610 4005 2767 4044; x_wconf 65' lang='lat' dir='ltr'><strong>novre</strong></span> <span class='ocrx_word' id='word_1_766' title='bbox 2809 3989 3102 4060; x_wconf 74' lang='lat' dir='ltr'><strong>mquitatis.</strong></span> <span class='ocrx_word' id='word_1_767' title='bbox 3135 3987 3290 4048; x_wconf 89' lang='lat' dir='ltr'><strong>Unde</strong></span> <span class='ocrx_word' id='word_1_768' title='bbox 3319 3999 3376 4048; x_wconf 89' lang='lat' dir='ltr'><strong>et</strong></span> <span class='ocrx_word' id='word_1_769' title='bbox 3419 3989 3630 4048; x_wconf 85' lang='lat' dir='ltr'><strong>dicitur</strong></span> <span class='ocrx_word' id='word_1_770' title='bbox 3677 3993 3854 4049; x_wconf 85' lang='lat' dir='ltr'><strong>nobis:</strong></span> 
     </span>
    </p>
   </div>
   <div class='ocr_carea' id='block_1_93' title="bbox 2259 4077 3856 4158">
    <p class='ocr_par' dir='ltr' id='par_1_93' title="bbox 2259 4077 3856 4158">
     <span class='ocr_line' id='line_1_95' title="bbox 2259 4077 3856 4158; baseline 0.001 -22"><span class='ocrx_word' id='word_1_771' title='bbox 2259 4077 2475 4137; x_wconf 87' lang='lat' dir='ltr'><strong>Cantate</strong></span> <span class='ocrx_word' id='word_1_772' title='bbox 2525 4081 2750 4136; x_wconf 89' lang='lat' dir='ltr'><strong>Domino</strong></span> <span class='ocrx_word' id='word_1_773' title='bbox 2779 4093 2944 4138; x_wconf 78' lang='lat' dir='ltr'><strong>vestro</strong></span> <span class='ocrx_word' id='word_1_774' title='bbox 2993 4083 3252 4138; x_wconf 82' lang='lat' dir='ltr'><strong>canticum</strong></span> <span class='ocrx_word' id='word_1_775' title='bbox 3295 4101 3517 4154; x_wconf 81' lang='lat' dir='ltr'><strong>nouum,</strong></span> <span class='ocrx_word' id='word_1_776' title='bbox 3553 4085 3856 4158; x_wconf 78' lang='lat' dir='ltr'><strong>principium</strong></span> 
     </span>
    </p>
   </div>
   <div class='ocr_carea' id='block_1_94' title="bbox 2259 4175 3858 4250">
    <p class='ocr_par' dir='ltr' id='par_1_94' title="bbox 2259 4175 3858 4250">
     <span class='ocr_line' id='line_1_96' title="bbox 2259 4175 3858 4250; baseline 0.002 -22"><span class='ocrx_word' id='word_1_777' title='bbox 2259 4175 2400 4244; x_wconf 64' lang='lat' dir='ltr'><strong>eius,</strong></span> <span class='ocrx_word' id='word_1_778' title='bbox 2431 4175 2762 4248; x_wconf 80' lang='lat' dir='ltr'><strong>magniﬁcate</strong></span> <span class='ocrx_word' id='word_1_779' title='bbox 2787 4191 2970 4231; x_wconf 87' lang='lat' dir='ltr'><strong>nomen</strong></span> <span class='ocrx_word' id='word_1_780' title='bbox 2997 4179 3113 4250; x_wconf 84' lang='lat' dir='ltr'><strong>ejus</strong></span> <span class='ocrx_word' id='word_1_781' title='bbox 3161 4177 3226 4232; x_wconf 83' lang='lat' dir='ltr'><strong>ab</strong></span> <span class='ocrx_word' id='word_1_782' title='bbox 3257 4187 3484 4234; x_wconf 70' lang='lat' dir='ltr'><strong>extremo</strong></span> <span class='ocrx_word' id='word_1_783' title='bbox 3511 4189 3672 4236; x_wconf 71' lang='lat' dir='ltr'><strong>terra:</strong></span> <span class='ocrx_word' id='word_1_784' title='bbox 3703 4177 3858 4250; x_wconf 68' lang='lat' dir='ltr'><strong>(Emi.</strong></span> 
     </span>
    </p>
   </div>
   <div class='ocr_carea' id='block_1_95' title="bbox 2261 4265 3868 4346">
    <p class='ocr_par' dir='ltr' id='par_1_95' title="bbox 2261 4265 3868 4346">
     <span class='ocr_line' id='line_1_97' title="bbox 2261 4265 3868 4346; baseline 0.004 -24"><span class='ocrx_word' id='word_1_785' title='bbox 2261 4283 2394 4332; x_wconf 77' lang='lat' dir='ltr'><strong>xui,</strong></span> <span class='ocrx_word' id='word_1_786' title='bbox 2447 4265 2560 4340; x_wconf 77' lang='grc'><strong>10).</strong></span> <span class='ocrx_word' id='word_1_787' title='bbox 2593 4267 2719 4324; x_wconf 73' lang='grc' dir='ltr'><strong>Ηωο</strong></span> <span class='ocrx_word' id='word_1_788' title='bbox 2747 4283 2877 4342; x_wconf 83' lang='lat' dir='ltr'><strong>ergo</strong></span> <span class='ocrx_word' id='word_1_789' title='bbox 2906 4269 3064 4326; x_wconf 88' lang='lat' dir='ltr'><strong>vinea</strong></span> <span class='ocrx_word' id='word_1_790' title='bbox 3095 4284 3228 4326; x_wconf 89' lang='lat' dir='ltr'><strong>uvas</strong></span> <span class='ocrx_word' id='word_1_791' title='bbox 3255 4269 3436 4338; x_wconf 88' lang='lat' dir='ltr'><strong>faciat,</strong></span> <span class='ocrx_word' id='word_1_792' title='bbox 3473 4287 3590 4328; x_wconf 88' lang='lat' dir='ltr'><strong>non</strong></span> <span class='ocrx_word' id='word_1_793' title='bbox 3619 4273 3868 4346; x_wconf 80' lang='lat' dir='ltr'><strong>iniquita-</strong></span> 
     </span>
    </p>
   </div>
   <div class='ocr_carea' id='block_1_96' title="bbox 2262 4361 3870 4442">
    <p class='ocr_par' dir='ltr' id='par_1_96' title="bbox 2262 4361 3870 4442">
     <span class='ocr_line' id='line_1_98' title="bbox 2262 4361 3870 4442; baseline 0.005 -26"><span class='ocrx_word' id='word_1_794' title='bbox 2262 4371 2392 4416; x_wconf 90' lang='lat' dir='ltr'><strong>tem.</strong></span> <span class='ocrx_word' id='word_1_795' title='bbox 2413 4361 2540 4417; x_wconf 91' lang='lat' dir='ltr'><strong>ldeo</strong></span> <span class='ocrx_word' id='word_1_796' title='bbox 2567 4363 2754 4420; x_wconf 90' lang='lat' dir='ltr'><strong>relicta</strong></span> <span class='ocrx_word' id='word_1_797' title='bbox 2780 4375 2865 4421; x_wconf 89' lang='lat' dir='ltr'><strong>est</strong></span> <span class='ocrx_word' id='word_1_798' title='bbox 2897 4363 3054 4421; x_wconf 85' lang='lat' dir='ltr'><strong>vinea</strong></span> <span class='ocrx_word' id='word_1_799' title='bbox 3081 4363 3392 4422; x_wconf 71' lang='lat' dir='ltr'><strong>Judmorum</strong></span> <span class='ocrx_word' id='word_1_800' title='bbox 3417 4387 3430 4434; x_wconf 91' lang='lat'><strong>;</strong></span> <span class='ocrx_word' id='word_1_801' title='bbox 3457 4367 3870 4442; x_wconf 57' lang='lat' dir='ltr'><strong>quiag‘iniquita-</strong></span> 
     </span>
    </p>
   </div>
   <div class='ocr_carea' id='block_1_97' title="bbox 2259 4455 3874 4536">
    <p class='ocr_par' dir='ltr' id='par_1_97' title="bbox 2259 4455 3874 4536">
     <span class='ocr_line' id='line_1_99' title="bbox 2259 4455 3874 4536; baseline 0.007 -26"><span class='ocrx_word' id='word_1_802' title='bbox 2259 4463 2369 4511; x_wconf 87' lang='lat' dir='ltr'><strong>tem</strong></span> <span class='ocrx_word' id='word_1_803' title='bbox 2403 4455 2550 4525; x_wconf 87' lang='lat' dir='ltr'><strong>fecit,</strong></span> <span class='ocrx_word' id='word_1_804' title='bbox 2579 4467 2638 4513; x_wconf 91' lang='lat' dir='ltr'><strong>ut</strong></span> <span class='ocrx_word' id='word_1_805' title='bbox 2664 4459 2922 4531; x_wconf 90' lang='lat' dir='ltr'><strong>scriptum</strong></span> <span class='ocrx_word' id='word_1_806' title='bbox 2963 4469 3046 4520; x_wconf 85' lang='lat' dir='ltr'><strong>est</strong></span> <span class='ocrx_word' id='word_1_807' title='bbox 3075 4459 3248 4530; x_wconf 79' lang='lat' dir='ltr'><strong>(Esai.</strong></span> <span class='ocrx_word' id='word_1_808' title='bbox 3283 4477 3336 4528; x_wconf 77' lang='grc' dir='ltr'>ν,</span> <span class='ocrx_word' id='word_1_809' title='bbox 3365 4461 3446 4534; x_wconf 86' lang='grc'><strong>7),</strong></span> <span class='ocrx_word' id='word_1_810' title='bbox 3497 4471 3554 4520; x_wconf 87' lang='lat' dir='ltr'><strong>et</strong></span> <span class='ocrx_word' id='word_1_811' title='bbox 3585 4479 3698 4522; x_wconf 89' lang='lat' dir='ltr'><strong>non</strong></span> <span class='ocrx_word' id='word_1_812' title='bbox 3731 4465 3874 4536; x_wconf 87' lang='lat' dir='ltr'><strong>judi-</strong></span> 
     </span>
    </p>
   </div>
   <div class='ocr_carea' id='block_1_98' title="bbox 2261 4551 3874 4634">
    <p class='ocr_par' dir='ltr' id='par_1_98' title="bbox 2261 4551 3874 4634">
     <span class='ocr_line' id='line_1_100' title="bbox 2261 4551 3874 4634; baseline 0.007 -28"><span class='ocrx_word' id='word_1_813' title='bbox 2261 4551 2424 4606; x_wconf 89' lang='lat' dir='ltr'><strong>cium.</strong></span> <span class='ocrx_word' id='word_1_814' title='bbox 2449 4551 2560 4610; x_wconf 86' lang='lat' dir='ltr'><strong>Nos</strong></span> <span class='ocrx_word' id='word_1_815' title='bbox 2589 4569 2717 4624; x_wconf 87' lang='lat' dir='ltr'><strong>ergo</strong></span> <span class='ocrx_word' id='word_1_816' title='bbox 2747 4553 2977 4612; x_wconf 88' lang='lat' dir='ltr'><strong>fructum</strong></span> <span class='ocrx_word' id='word_1_817' title='bbox 3015 4555 3254 4616; x_wconf 86' lang='lat' dir='ltr'><strong>feramus</strong></span> <span class='ocrx_word' id='word_1_818' title='bbox 3279 4557 3334 4614; x_wconf 90' lang='lat' dir='ltr'><strong>in</strong></span> <span class='ocrx_word' id='word_1_819' title='bbox 3368 4555 3617 4628; x_wconf 82' lang='lat' dir='ltr'><strong>Christo,</strong></span> <span class='ocrx_word' id='word_1_820' title='bbox 3649 4567 3714 4622; x_wconf 70' lang='grc' dir='ltr'><strong>ιι</strong></span> <span class='ocrx_word' id='word_1_821' title='bbox 3749 4575 3874 4634; x_wconf 82' lang='lat' dir='ltr'><strong>per-</strong></span> 
     </span>
    </p>
   </div>
   <div class='ocr_carea' id='block_1_99' title="bbox 2263 4647 3520 4718">
    <p class='ocr_par' dir='ltr' id='par_1_99' title="bbox 2263 4647 3520 4718">
     <span class='ocr_line' id='line_1_101' title="bbox 2263 4647 3520 4718; baseline 0.011 -17"><span class='ocrx_word' id='word_1_822' title='bbox 2263 4647 2410 4718; x_wconf 89' lang='lat' dir='ltr'><strong>petui</strong></span> <span class='ocrx_word' id='word_1_823' title='bbox 2437 4663 2560 4703; x_wconf 90' lang='lat' dir='ltr'><strong>esse</strong></span> <span class='ocrx_word' id='word_1_824' title='bbox 2581 4665 2909 4708; x_wconf 88' lang='lat' dir='ltr'><strong>mercamur.</strong></span> <span class='ocrx_word' id='word_1_825' title='bbox 3517 4705 3520 4708; x_wconf 96' lang='lat'><strong>.</strong></span> 
     </span>
    </p>
   </div>
   <div class='ocr_carea' id='block_1_100' title="bbox 2333 4743 3874 4822">
    <p class='ocr_par' dir='ltr' id='par_1_100' title="bbox 2333 4743 3874 4822">
     <span class='ocr_line' id='line_1_102' title="bbox 2333 4743 3874 4822; baseline 0.008 -25"><span class='ocrx_word' id='word_1_826' title='bbox 2333 4743 2424 4798; x_wconf 76' lang='lat' dir='ltr'><strong>2t).</strong></span> <span class='ocrx_word' id='word_1_827' title='bbox 2467 4743 2790 4802; x_wconf 83' lang='lat' dir='ltr'><strong>Sustinentes</strong></span> <span class='ocrx_word' id='word_1_828' title='bbox 2814 4749 2948 4802; x_wconf 87' lang='lat' dir='ltr'><strong>enim</strong></span> <span class='ocrx_word' id='word_1_829' title='bbox 2973 4745 3256 4806; x_wconf 87' lang='lat' dir='ltr'><strong>Dominum</strong></span> <span class='ocrx_word' id='word_1_830' title='bbox 3275 4749 3614 4822; x_wconf 81' lang='lat' dir='ltr'><strong>possidebunt</strong></span> <span class='ocrx_word' id='word_1_831' title='bbox 3635 4761 3828 4808; x_wconf 81' lang='lat' dir='ltr'><strong>terram</strong></span> <span class='ocrx_word' id='word_1_832' title='bbox 3847 4767 3874 4810; x_wconf 89' lang='lat'><strong><em>:</em></strong></span> 
     </span>
    </p>
   </div>
   <div class='ocr_carea' id='block_1_101' title="bbox 2263 4837 3866 4918">
    <p class='ocr_par' dir='ltr' id='par_1_101' title="bbox 2263 4837 3866 4918">
     <span class='ocr_line' id='line_1_103' title="bbox 2263 4837 3866 4918; baseline 0.005 -24"><span class='ocrx_word' id='word_1_833' title='bbox 2263 4837 2414 4894; x_wconf 89' lang='lat' dir='ltr'><strong>illam</strong></span> <span class='ocrx_word' id='word_1_834' title='bbox 2461 4841 2646 4912; x_wconf 88' lang='lat' dir='ltr'><strong>utique</strong></span> <span class='ocrx_word' id='word_1_835' title='bbox 2689 4842 2984 4898; x_wconf 88' lang='lat' dir='ltr'><strong>viventium</strong></span> <span class='ocrx_word' id='word_1_836' title='bbox 3043 4853 3266 4902; x_wconf 84' lang='lat' dir='ltr'><strong>terram.</strong></span> <span class='ocrx_word' id='word_1_837' title='bbox 3299 4845 3392 4902; x_wconf 90' lang='lat' dir='ltr'><strong>Est</strong></span> <span class='ocrx_word' id='word_1_838' title='bbox 3431 4847 3682 4918; x_wconf 72' lang='lat' dir='ltr'><strong>quaedam</strong></span> <span class='ocrx_word' id='word_1_839' title='bbox 3727 4859 3866 4904; x_wconf 82' lang='lat' dir='ltr'><strong>terra</strong></span> 
     </span>
    </p>
   </div>
   <div class='ocr_carea' id='block_1_102' title="bbox 2263 4933 3864 5012">
    <p class='ocr_par' dir='ltr' id='par_1_102' title="bbox 2263 4933 3864 5012">
     <span class='ocr_line' id='line_1_104' title="bbox 2263 4933 3864 5012; baseline 0.004 -23"><span class='ocrx_word' id='word_1_840' title='bbox 2263 4933 2502 4992; x_wconf 78' lang='lat' dir='ltr'><strong>caelestis</strong></span> <span class='ocrx_word' id='word_1_841' title='bbox 2523 4977 2537 5002; x_wconf 93' lang='lat'><strong>,</strong></span> <span class='ocrx_word' id='word_1_842' title='bbox 2566 4951 2684 5006; x_wconf 75' lang='lat' dir='ltr'><strong>qua:</strong></span> <span class='ocrx_word' id='word_1_843' title='bbox 2709 4939 2938 4994; x_wconf 85' lang='lat' dir='ltr'><strong>fructum</strong></span> <span class='ocrx_word' id='word_1_844' title='bbox 2967 4939 3280 4996; x_wconf 73' lang='lat' dir='ltr'><strong>cteleSIibus</strong></span> <span class='ocrx_word' id='word_1_845' title='bbox 3311 4939 3472 5006; x_wconf 81' lang='lat' dir='ltr'><strong>ferat,</strong></span> <span class='ocrx_word' id='word_1_846' title='bbox 3504 4941 3574 4996; x_wconf 87' lang='lat' dir='ltr'><strong>de</strong></span> <span class='ocrx_word' id='word_1_847' title='bbox 3613 4957 3719 5012; x_wconf 89' lang='lat' dir='ltr'><strong>qua</strong></span> <span class='ocrx_word' id='word_1_848' title='bbox 3751 4941 3864 4996; x_wconf 86' lang='lat' dir='ltr'><strong>ait:</strong></span> 
     </span>
    </p>
   </div>
   <div class='ocr_carea' id='block_1_103' title="bbox 2265 5025 3866 5106">
    <p class='ocr_par' dir='ltr' id='par_1_103' title="bbox 2265 5025 3866 5106">
     <span class='ocr_line' id='line_1_105' title="bbox 2265 5025 3866 5106; baseline 0.002 -22"><span class='ocrx_word' id='word_1_849' title='bbox 2265 5025 2430 5084; x_wconf 81' lang='lat' dir='ltr'><strong>Credo</strong></span> <span class='ocrx_word' id='word_1_850' title='bbox 2479 5029 2653 5084; x_wconf 83' lang='lat' dir='ltr'><strong>uidere</strong></span> <span class='ocrx_word' id='word_1_851' title='bbox 2705 5031 2838 5086; x_wconf 81' lang='lat' dir='ltr'><strong>bona</strong></span> <span class='ocrx_word' id='word_1_852' title='bbox 2865 5031 3074 5106; x_wconf 86' lang='lat' dir='ltr'><strong>Domini</strong></span> <span class='ocrx_word' id='word_1_853' title='bbox 3107 5033 3160 5087; x_wconf 88' lang='lat' dir='ltr'><strong>in</strong></span> <span class='ocrx_word' id='word_1_854' title='bbox 3212 5041 3348 5086; x_wconf 87' lang='lat' dir='ltr'><strong>terra</strong></span> <span class='ocrx_word' id='word_1_855' title='bbox 3389 5033 3664 5088; x_wconf 79' lang='lat' dir='ltr'><strong>viventium</strong></span> <span class='ocrx_word' id='word_1_856' title='bbox 3691 5031 3866 5106; x_wconf 68' lang='grc' dir='ltr'><strong>(Ρωι.</strong></span> 
     </span>
    </p>
   </div>
   <div class='ocr_carea' id='block_1_104' title="bbox 2263 5121 3868 5195">
    <p class='ocr_par' dir='ltr' id='par_1_104' title="bbox 2263 5121 3868 5195">
     <span class='ocr_line' id='line_1_106' title="bbox 2263 5121 3868 5195; baseline 0.003 -20"><span class='ocrx_word' id='word_1_857' title='bbox 2263 5137 2413 5188; x_wconf 75' lang='lat' dir='ltr'><strong>xxvi,</strong></span> <span class='ocrx_word' id='word_1_858' title='bbox 2447 5121 2558 5195; x_wconf 76' lang='grc'><strong>15).</strong></span> <span class='ocrx_word' id='word_1_859' title='bbox 2589 5121 2712 5178; x_wconf 70' lang='lat' dir='ltr'><strong>llaec</strong></span> <span class='ocrx_word' id='word_1_860' title='bbox 2745 5135 2886 5180; x_wconf 87' lang='lat' dir='ltr'><strong>terra</strong></span> <span class='ocrx_word' id='word_1_861' title='bbox 2933 5125 3106 5182; x_wconf 87' lang='lat' dir='ltr'><strong>multo</strong></span> <span class='ocrx_word' id='word_1_862' title='bbox 3136 5125 3414 5182; x_wconf 87' lang='lat' dir='ltr'><strong>hominum</strong></span> <span class='ocrx_word' id='word_1_863' title='bbox 3458 5125 3660 5182; x_wconf 88' lang='lat' dir='ltr'><strong>sudore</strong></span> <span class='ocrx_word' id='word_1_864' title='bbox 3691 5123 3868 5181; x_wconf 85' lang='lat' dir='ltr'><strong>ventri</strong></span> 
     </span>
    </p>
   </div>
   <div class='ocr_carea' id='block_1_105' title="bbox 2265 5217 3868 5282">
    <p class='ocr_par' dir='ltr' id='par_1_105' title="bbox 2265 5217 3868 5282">
     <span class='ocr_line' id='line_1_107' title="bbox 2265 5217 3868 5282; baseline 0.005 -14"><span class='ocrx_word' id='word_1_865' title='bbox 2265 5217 2535 5272; x_wconf 86' lang='lat' dir='ltr'><strong>ministrat</strong></span> <span class='ocrx_word' id='word_1_866' title='bbox 2563 5217 2851 5282; x_wconf 87' lang='lat' dir='ltr'><strong>alimenta;</strong></span> <span class='ocrx_word' id='word_1_867' title='bbox 2881 5219 2970 5274; x_wconf 82' lang='lat' dir='ltr'><strong>illa</strong></span> <span class='ocrx_word' id='word_1_868' title='bbox 3013 5229 3158 5276; x_wconf 89' lang='lat' dir='ltr'><strong>terra</strong></span> <span class='ocrx_word' id='word_1_869' title='bbox 3183 5221 3322 5277; x_wconf 88' lang='lat' dir='ltr'><strong>bona</strong></span> <span class='ocrx_word' id='word_1_870' title='bbox 3355 5219 3566 5276; x_wconf 88' lang='lat' dir='ltr'><strong>Domini</strong></span> <span class='ocrx_word' id='word_1_871' title='bbox 3606 5221 3728 5276; x_wconf 89' lang='lat' dir='ltr'><strong>siue</strong></span> <span class='ocrx_word' id='word_1_872' title='bbox 3759 5219 3868 5276; x_wconf 86' lang='lat' dir='ltr'><strong>ullo</strong></span> 
     </span>
    </p>
   </div>
   <div class='ocr_carea' id='block_1_106' title="bbox 549 5283 3864 5546">
    <p class='ocr_par' dir='ltr' id='par_1_106' title="bbox 549 5283 3864 5546">
     <span class='ocr_line' id='line_1_108' title="bbox 549 5283 3864 5546; baseline -0.002 -168"><span class='ocrx_word' id='word_1_873' title='bbox 549 5329 904 5378; x_wconf 88' lang='lat' dir='ltr'><strong>contemnere</strong></span> <span class='ocrx_word' id='word_1_874' title='bbox 933 5321 988 5370; x_wconf 90' lang='lat' dir='ltr'><strong>te</strong></span> <span class='ocrx_word' id='word_1_875' title='bbox 1015 5309 1204 5368; x_wconf 90' lang='lat' dir='ltr'><strong>debuit</strong></span> <span class='ocrx_word' id='word_1_876' title='bbox 1251 5283 1464 5398; x_wconf 68' lang='lat' dir='ltr'><strong>servits,</strong></span> <span class='ocrx_word' id='word_1_877' title='bbox 1497 5303 1664 5360; x_wconf 80' lang='lat' dir='ltr'><strong>frater</strong></span> <span class='ocrx_word' id='word_1_878' title='bbox 1709 5303 1982 5378; x_wconf 87' lang='lat' dir='ltr'><strong>decipere,</strong></span> <span class='ocrx_word' id='word_1_879' title='bbox 2023 5283 2450 5546; x_wconf 33' lang='lat' dir='ltr'><strong>dﬁabore</strong></span> <span class='ocrx_word' id='word_1_880' title='bbox 2473 5313 2782 5382; x_wconf 84' lang='lat' dir='ltr'><strong>fructiﬁcat,</strong></span> <span class='ocrx_word' id='word_1_881' title='bbox 2809 5315 2863 5372; x_wconf 90' lang='lat' dir='ltr'><strong>in</strong></span> <span class='ocrx_word' id='word_1_882' title='bbox 2885 5315 3274 5388; x_wconf 87' lang='lat' dir='ltr'><strong>quajustorum</strong></span> <span class='ocrx_word' id='word_1_883' title='bbox 3295 5317 3550 5374; x_wconf 86' lang='lat' dir='ltr'><strong>diuturna</strong></span> <span class='ocrx_word' id='word_1_884' title='bbox 3573 5316 3864 5390; x_wconf 89' lang='lat' dir='ltr'><strong>possessio,</strong></span> 
     </span>
     <span class='ocr_line' id='line_1_109' title="bbox 627 5475 3862 5546; baseline 0.001 -4"><span class='ocrx_word' id='word_1_885' title='bbox 627 5513 654 5542; x_wconf 72' lang='grc' dir='ltr'>ιι</span> <span class='ocrx_word' id='word_1_886' title='bbox 691 5499 782 5546; x_wconf 68' lang='lat' dir='ltr'><strong>Sic.</strong></span> <span class='ocrx_word' id='word_1_887' title='bbox 813 5511 944 5546; x_wconf 81' lang='lat' dir='ltr'><strong>mss.</strong></span> <span class='ocrx_word' id='word_1_888' title='bbox 977 5491 1100 5546; x_wconf 80' lang='lat' dir='ltr'><strong>Vat.</strong></span> <span class='ocrx_word' id='word_1_889' title='bbox 1131 5501 1188 5546; x_wconf 91' lang='lat' dir='ltr'><strong>et</strong></span> <span class='ocrx_word' id='word_1_890' title='bbox 1213 5489 1404 5546; x_wconf 79' lang='lat' dir='ltr'><strong>Gallic.</strong></span> <span class='ocrx_word' id='word_1_891' title='bbox 1439 5487 1554 5544; x_wconf 87' lang='lat' dir='ltr'><strong>fere</strong></span> <span class='ocrx_word' id='word_1_892' title='bbox 1593 5501 1816 5546; x_wconf 87' lang='lat' dir='ltr'><strong>omnes;</strong></span> <span class='ocrx_word' id='word_1_893' title='bbox 1855 5487 2022 5546; x_wconf 82' lang='lat' dir='ltr'><strong>alicui</strong></span> <span class='ocrx_word' id='word_1_894' title='bbox 2071 5497 2150 5544; x_wconf 74' lang='lat' dir='ltr'><strong>la—</strong></span> <span class='ocrx_word' id='word_1_895' title='bbox 2177 5475 2186 5484; x_wconf 49' lang='grc'><strong>’</strong></span> <span class='ocrx_word' id='word_1_896' title='bbox 2223 5515 2262 5546; x_wconf 95' lang='grc'><strong>·.</strong></span> <span class='ocrx_word' id='word_1_897' title='bbox 2301 5493 2408 5546; x_wconf 87' lang='lat' dir='ltr'><strong>Olb.</strong></span> <span class='ocrx_word' id='word_1_898' title='bbox 2443 5509 2566 5546; x_wconf 86' lang='lat' dir='ltr'><strong>cum</strong></span> <span class='ocrx_word' id='word_1_899' title='bbox 2599 5495 2786 5546; x_wconf 81' lang='lat' dir='ltr'><strong>iisdem</strong></span> <span class='ocrx_word' id='word_1_900' title='bbox 2811 5495 3068 5546; x_wconf 82' lang='lat' dir='ltr'><strong>edit.-_...</strong></span> <span class='ocrx_word' id='word_1_901' title='bbox 3099 5499 3356 5546; x_wconf 79' lang='lat' dir='ltr'><strong>canticum</strong></span> <span class='ocrx_word' id='word_1_902' title='bbox 3383 5515 3594 5546; x_wconf 78' lang='lat' dir='ltr'><strong>nouum-</strong></span> <span class='ocrx_word' id='word_1_903' title='bbox 3617 5495 3862 5546; x_wconf 66' lang='lat' dir='ltr'><strong>maanifio</strong></span> 
     </span>
    </p>
   </div>
   <div class='ocr_carea' id='block_1_107' title="bbox 627 5475 2186 5559">
    <p class='ocr_par' dir='ltr' id='par_1_107' title="bbox 627 5475 2186 5559">
     <span class='ocr_line' id='line_1_110' title="bbox 627 5475 2186 5559; baseline -0.01 -2"><span class='ocrx_word' id='word_1_904' title='bbox 627 5513 654 5542; x_wconf 72' lang='grc' dir='ltr'>ιι</span> <span class='ocrx_word' id='word_1_905' title='bbox 691 5499 782 5559; x_wconf 87' lang='lat' dir='ltr'><strong>Sic</strong></span> <span class='ocrx_word' id='word_1_906' title='bbox 813 5511 944 5554; x_wconf 88' lang='lat' dir='ltr'><strong>mss.</strong></span> <span class='ocrx_word' id='word_1_907' title='bbox 977 5491 1100 5548; x_wconf 81' lang='lat' dir='ltr'><strong>Vat.</strong></span> <span class='ocrx_word' id='word_1_908' title='bbox 1131 5501 1188 5548; x_wconf 88' lang='lat' dir='ltr'><strong>et</strong></span> <span class='ocrx_word' id='word_1_909' title='bbox 1213 5489 1404 5546; x_wconf 88' lang='lat' dir='ltr'><strong>Gallic.</strong></span> <span class='ocrx_word' id='word_1_910' title='bbox 1439 5487 1554 5544; x_wconf 88' lang='lat' dir='ltr'><strong>fere</strong></span> <span class='ocrx_word' id='word_1_911' title='bbox 1593 5501 1816 5552; x_wconf 87' lang='lat' dir='ltr'><strong>omnes;</strong></span> <span class='ocrx_word' id='word_1_912' title='bbox 1855 5487 2022 5558; x_wconf 86' lang='lat' dir='ltr'><strong>aliqui</strong></span> <span class='ocrx_word' id='word_1_913' title='bbox 2071 5475 2186 5544; x_wconf 46' lang='lat' dir='ltr'><strong>ta—&#39;</strong></span> 
     </span>
    </p>
   </div>
   <div class='ocr_carea' id='block_1_108' title="bbox 553 5559 2150 5644">
    <p class='ocr_par' dir='ltr' id='par_1_108' title="bbox 553 5559 2150 5644">
     <span class='ocr_line' id='line_1_111' title="bbox 553 5559 2150 5644; baseline -0.011 -11"><span class='ocrx_word' id='word_1_914' title='bbox 553 5591 701 5640; x_wconf 85' lang='lat' dir='ltr'><strong>men,</strong></span> <span class='ocrx_word' id='word_1_915' title='bbox 725 5581 884 5644; x_wconf 85' lang='lat' dir='ltr'><strong>atque</strong></span> <span class='ocrx_word' id='word_1_916' title='bbox 909 5565 1068 5634; x_wconf 85' lang='lat' dir='ltr'><strong>edit.,</strong></span> <span class='ocrx_word' id='word_1_917' title='bbox 1097 5571 1154 5619; x_wconf 86' lang='lat' dir='ltr'><strong>ut</strong></span> <span class='ocrx_word' id='word_1_918' title='bbox 1181 5563 1318 5618; x_wconf 87' lang='lat' dir='ltr'><strong>alius</strong></span> <span class='ocrx_word' id='word_1_919' title='bbox 1366 5561 1599 5632; x_wconf 85' lang='lat' dir='ltr'><strong>irrogare</strong></span> <span class='ocrx_word' id='word_1_920' title='bbox 1623 5561 1670 5614; x_wconf 87' lang='lat' dir='ltr'><strong>ei</strong></span> <span class='ocrx_word' id='word_1_921' title='bbox 1699 5575 1800 5614; x_wconf 88' lang='lat' dir='ltr'><strong>non</strong></span> <span class='ocrx_word' id='word_1_922' title='bbox 1829 5559 2038 5616; x_wconf 86' lang='lat' dir='ltr'><strong>auderet</strong></span> <span class='ocrx_word' id='word_1_923' title='bbox 2065 5559 2150 5616; x_wconf 87' lang='lat' dir='ltr'><strong>in-</strong></span> 
     </span>
    </p>
   </div>
   <div class='ocr_carea' id='block_1_109' title="bbox 545 5663 2152 5786">
    <p class='ocr_par' dir='ltr' id='par_1_109' title="bbox 545 5663 2152 5786">
     <span class='ocr_line' id='line_1_112' title="bbox 545 5663 2152 5786; baseline -0.007 -14"><span class='ocrx_word' id='word_1_924' title='bbox 545 5663 814 5772; x_wconf 37' lang='lat' dir='ltr'><strong>’&quot;itaiiés.</strong></span> <span class='ocrx_word' id='word_1_925' title='bbox 851 5711 1045 5786; x_wconf 86' lang='lat' dir='ltr'><strong>partim</strong></span> <span class='ocrx_word' id='word_1_926' title='bbox 1095 5723 1216 5766; x_wconf 88' lang='lat' dir='ltr'><strong>cum</strong></span> <span class='ocrx_word' id='word_1_927' title='bbox 1249 5705 1404 5786; x_wconf 64' lang='lat' dir='ltr'><strong>edit.,</strong></span> <span class='ocrx_word' id='word_1_928' title='bbox 1438 5705 1558 5760; x_wconf 85' lang='lat' dir='ltr'><strong>novi</strong></span> <span class='ocrx_word' id='word_1_929' title='bbox 1609 5703 1856 5786; x_wconf 72' lang='lat' dir='ltr'><strong>principii</strong></span> <span class='ocrx_word' id='word_1_930' title='bbox 1901 5719 2030 5786; x_wconf 77' lang='lat' dir='ltr'><strong>noua</strong></span> <span class='ocrx_word' id='word_1_931' title='bbox 2071 5715 2152 5786; x_wconf 73' lang='lat' dir='ltr'><strong>est</strong></span> 
     </span>
    </p>
   </div>
   <div class='ocr_carea' id='block_1_110' title="bbox 551 5777 2154 5862">
    <p class='ocr_par' dir='ltr' id='par_1_110' title="bbox 551 5777 2154 5862">
     <span class='ocr_line' id='line_1_113' title="bbox 551 5777 2154 5862; baseline -0.007 -17"><span class='ocrx_word' id='word_1_932' title='bbox 551 5777 1044 5862; x_wconf 63' lang='lat' dir='ltr'><strong>aequitas;_partitn</strong></span> <span class='ocrx_word' id='word_1_933' title='bbox 1103 5793 1158 5862; x_wconf 81' lang='lat' dir='ltr'><strong>ut</strong></span> <span class='ocrx_word' id='word_1_934' title='bbox 1209 5793 1307 5862; x_wconf 75' lang='lat' dir='ltr'><strong>nos</strong></span> <span class='ocrx_word' id='word_1_935' title='bbox 1359 5780 1412 5833; x_wconf 92' lang='lat' dir='ltr'><strong>in</strong></span> <span class='ocrx_word' id='word_1_936' title='bbox 1457 5787 1639 5862; x_wconf 52' lang='lat' dir='ltr'><strong>textu&#39;,</strong></span> <span class='ocrx_word' id='word_1_937' title='bbox 1685 5777 1788 5830; x_wconf 88' lang='lat' dir='ltr'><strong>nisi</strong></span> <span class='ocrx_word' id='word_1_938' title='bbox 1809 5777 1953 5848; x_wconf 87' lang='lat' dir='ltr'><strong>quod</strong></span> <span class='ocrx_word' id='word_1_939' title='bbox 1985 5777 2154 5862; x_wconf 72' lang='lat' dir='ltr'><strong>_solus</strong></span> 
     </span>
    </p>
   </div>
   <div class='ocr_carea' id='block_1_111' title="bbox 554 5847 2150 5926">
    <p class='ocr_par' dir='ltr' id='par_1_111' title="bbox 554 5847 2150 5926">
     <span class='ocr_line' id='line_1_114' title="bbox 554 5847 2150 5926; baseline -0.008 -7"><span class='ocrx_word' id='word_1_940' title='bbox 554 5847 793 5920; x_wconf 46' lang='lat' dir='ltr'><strong>&#39;l‘l&#39;tuanf</strong></span> <span class='ocrx_word' id='word_1_941' title='bbox 819 5847 1446 5926; x_wconf 71' lang='lat' dir='ltr'><strong>habetconjuuctionem</strong></span> <span class='ocrx_word' id='word_1_942' title='bbox 1491 5859 1558 5906; x_wconf 86' lang='lat' dir='ltr'><strong>et.</strong></span> <span class='ocrx_word' id='word_1_943' title='bbox 1603 5847 1958 5908; x_wconf 83' lang='lat' dir='ltr'><strong>ltertuuinss.</strong></span> <span class='ocrx_word' id='word_1_944' title='bbox 1985 5847 2150 5918; x_wconf 59' lang='lat' dir='ltr'><strong>Vict,</strong></span> 
     </span>
    </p>
   </div>
   <div class='ocr_carea' id='block_1_112' title="bbox 2223 5493 3862 5570">
    <p class='ocr_par' dir='ltr' id='par_1_112' title="bbox 2223 5493 3862 5570">
     <span class='ocr_line' id='line_1_115' title="bbox 2223 5493 3862 5570; baseline 0.002 -22"><span class='ocrx_word' id='word_1_945' title='bbox 2223 5493 2408 5570; x_wconf 47' lang='lat' dir='ltr'><strong>‘olb.</strong></span> <span class='ocrx_word' id='word_1_946' title='bbox 2443 5509 2566 5550; x_wconf 88' lang='lat' dir='ltr'><strong>cum</strong></span> <span class='ocrx_word' id='word_1_947' title='bbox 2599 5495 3068 5570; x_wconf 60' lang='lat' dir='ltr'><strong>iisdentedit......</strong></span> <span class='ocrx_word' id='word_1_948' title='bbox 3099 5499 3356 5554; x_wconf 86' lang='lat' dir='ltr'><strong>canticum</strong></span> <span class='ocrx_word' id='word_1_949' title='bbox 3383 5515 3594 5564; x_wconf 82' lang='lat' dir='ltr'><strong>nouum,</strong></span> <span class='ocrx_word' id='word_1_950' title='bbox 3617 5495 3862 5570; x_wconf 73' lang='lat' dir='ltr'><strong>magniﬁ-</strong></span> 
     </span>
    </p>
   </div>
   <div class='ocr_carea' id='block_1_113' title="bbox 2247 5561 3864 5642">
    <p class='ocr_par' dir='ltr' id='par_1_113' title="bbox 2247 5561 3864 5642">
     <span class='ocr_line' id='line_1_116' title="bbox 2247 5561 3864 5642; baseline 0.002 -24"><span class='ocrx_word' id='word_1_951' title='bbox 2247 5561 2366 5642; x_wconf 75' lang='lat' dir='ltr'><strong>&#39;i&#39;ate</strong></span> <span class='ocrx_word' id='word_1_952' title='bbox 2391 5583 2596 5632; x_wconf 87' lang='lat' dir='ltr'><strong>nomen,</strong></span> <span class='ocrx_word' id='word_1_953' title='bbox 2625 5567 2891 5642; x_wconf 14' lang='grc' dir='ltr'><strong>διαίνων</strong></span> <span class='ocrx_word' id='word_1_954' title='bbox 2913 5581 3092 5626; x_wconf 90' lang='lat' dir='ltr'><strong>autem</strong></span> <span class='ocrx_word' id='word_1_955' title='bbox 3117 5587 3180 5626; x_wconf 83' lang='lat' dir='ltr'><strong>ac</strong></span> <span class='ocrx_word' id='word_1_956' title='bbox 3201 5571 3386 5642; x_wconf 89' lang='lat' dir='ltr'><strong>plures</strong></span> <span class='ocrx_word' id='word_1_957' title='bbox 3412 5561 3864 5627; x_wconf 11' lang='lat' dir='ltr'><strong>Gallici.....&#39;can-</strong></span> 
     </span>
    </p>
   </div>
   <div class='ocr_carea' id='block_1_114' title="bbox 2255 5639 3866 5714">
    <p class='ocr_par' dir='ltr' id='par_1_114' title="bbox 2255 5639 3866 5714">
     <span class='ocr_line' id='line_1_117' title="bbox 2255 5639 3866 5714; baseline 0.001 -22"><span class='ocrx_word' id='word_1_958' title='bbox 2255 5639 2410 5714; x_wconf 72' lang='lat' dir='ltr'><strong>ticum</strong></span> <span class='ocrx_word' id='word_1_959' title='bbox 2439 5655 2645 5706; x_wconf 81' lang='lat' dir='ltr'><strong>novum,</strong></span> <span class='ocrx_word' id='word_1_960' title='bbox 2671 5641 2982 5714; x_wconf 84' lang='lat' dir='ltr'><strong>principium</strong></span> <span class='ocrx_word' id='word_1_961' title='bbox 2999 5639 3480 5714; x_wconf 49' lang='lat' dir='ltr'><strong>ejusLmagniﬁcate</strong></span> <span class='ocrx_word' id='word_1_962' title='bbox 3503 5659 3707 5706; x_wconf 81' lang='lat' dir='ltr'><strong>nomen,</strong></span> <span class='ocrx_word' id='word_1_963' title='bbox 3729 5649 3866 5708; x_wconf 85' lang='lat' dir='ltr'><strong>etc.,</strong></span> 
     </span>
    </p>
   </div>
   <div class='ocr_carea' id='block_1_115' title="bbox 2257 5709 3870 5788">
    <p class='ocr_par' dir='ltr' id='par_1_115' title="bbox 2257 5709 3870 5788">
     <span class='ocr_line' id='line_1_118' title="bbox 2257 5709 3870 5788; baseline 0.004 -24"><span class='ocrx_word' id='word_1_964' title='bbox 2257 5709 2310 5764; x_wconf 89' lang='lat' dir='ltr'><strong>in</strong></span> <span class='ocrx_word' id='word_1_965' title='bbox 2337 5725 2442 5780; x_wconf 89' lang='lat' dir='ltr'><strong>quo</strong></span> <span class='ocrx_word' id='word_1_966' title='bbox 2470 5713 2822 5788; x_wconf 72' lang='lat' dir='ltr'><strong>consentiunt</strong></span> <span class='ocrx_word' id='word_1_967' title='bbox 2842 5709 2978 5788; x_wconf 70' lang='lat' dir='ltr'><strong>cum</strong></span> <span class='ocrx_word' id='word_1_968' title='bbox 3017 5709 3200 5778; x_wconf 78' lang='lat' dir='ltr'><strong>LXX,</strong></span> <span class='ocrx_word' id='word_1_969' title='bbox 3233 5709 3336 5770; x_wconf 76' lang='lat' dir='ltr'><strong>ubi</strong></span> <span class='ocrx_word' id='word_1_970' title='bbox 3369 5717 3512 5788; x_wconf 79' lang='lat' dir='ltr'><strong>legas</strong></span> <span class='ocrx_word' id='word_1_971' title='bbox 3547 5733 3560 5768; x_wconf 92' lang='lat'><strong>:</strong></span> <span class='ocrx_word' id='word_1_972' title='bbox 3589 5715 3870 5788; x_wconf 68' lang='grc' dir='ltr'><strong>,ὑμνήσπτε</strong></span> 
     </span>
    </p>
   </div>
   <div class='ocr_carea' id='block_1_116' title="bbox 2257 5781 3776 5864">
    <p class='ocr_par' dir='ltr' id='par_1_116' title="bbox 2257 5781 3776 5864">
     <span class='ocr_line' id='line_1_119' title="bbox 2257 5781 3776 5864; baseline 0.003 -26"><span class='ocrx_word' id='word_1_973' title='bbox 2257 5789 2328 5858; x_wconf 79' lang='grc' dir='ltr'><strong>τῷ</strong></span> <span class='ocrx_word' id='word_1_974' title='bbox 2355 5787 2522 5858; x_wconf 72' lang='grc' dir='ltr'><strong>Κυρίῳ</strong></span> <span class='ocrx_word' id='word_1_975' title='bbox 2549 5781 2707 5860; x_wconf 78' lang='grc' dir='ltr'><strong>ὕμνον</strong></span> <span class='ocrx_word' id='word_1_976' title='bbox 2727 5787 2916 5856; x_wconf 75' lang='grc' dir='ltr'><strong>καινὸν,</strong></span> <span class='ocrx_word' id='word_1_977' title='bbox 2943 5789 2974 5846; x_wconf 79' lang='grc' dir='ltr'><em>ἦ</em></span> <span class='ocrx_word' id='word_1_978' title='bbox 2997 5789 3142 5864; x_wconf 76' lang='grc' dir='ltr'>ἀρχὴ</span> <span class='ocrx_word' id='word_1_979' title='bbox 3167 5791 3342 5854; x_wconf 76' lang='grc' dir='ltr'><strong>αὐτοῦ,</strong></span> <span class='ocrx_word' id='word_1_980' title='bbox 3377 5781 3648 5856; x_wconf 54' lang='lat' dir='ltr'><strong>deiicere;</strong></span> <span class='ocrx_word' id='word_1_981' title='bbox 3671 5795 3776 5846; x_wconf 86' lang='lat' dir='ltr'><strong>etc.</strong></span> 
     </span>
    </p>
   </div>
  </div>
