4042 6378
86 325 232 383 977

1199 315 1291 384 ,ΙΝ
1330 311 1660 371 PSALMUM
1697 310 1923 369 XXXVI
1961 307 2385 368 ENARRATIO.
3348 302 3452 360 978

90 456 164 500 et
204 447 337 517 pia:
362 443 561 501 mentis
593 439 879 496 Increditas
902 446 1003 494 est.
1036 436 1105 490 Et
1132 435 1266 490 bene
1289 433 1390 486 ait:
1425 429 1748 486 Sustinentes
1775 431 1828 491 Α
1853 443 1970 496 vm,
1989 428 2103 500 51);
2131 437 2188 482 ut
2213 437 2500 498 porcorum
2523 435 2740 494 gregem
2763 435 2926 492 quem
2950 429 3250 492 repererat,
3271 429 3453 477 stran—

93 553 325 596 nutem
353 540 632 595 Dominum
679 535 980 590 Ita’rcditate
1009 527 1339 602 possidebunt
1371 535 1579 580 terram.
1627 522 1756 577 Huic

97 646 215 691 est
272 637 430 693 enim
488 645 628 688 terra
656 645 776 701 quae
821 644 927 684 non
983 625 1254 698 prmterit;
1290 636 1409 676 nam
1453 610 1646 675 cdelum
1699 624 1756 672 et

97 739 296 787 terra
336 728 717 801 przeteribunt,
748 723 909 778 verba
947 731 1124 776 autem
1157 716 1363 773 Domini
1396 729 1506 768 non
1533 719 1755 784 praeter-

103 825 334 880 ibunt.
381 823 449 878 Et
497 820 619 876 ideo
659 833 758 873 nec
805 815 892 872 illa
947 810 1292 881 intelligibilis
1354 818 1499 862 terra
1559 805 1756 873 poterit

105 918 438 989 prieterire
464 911 721 982 paradisi,
742 910 793 964 in
818 923 922 978 qua
939 915 1065 962 sunt
1085 906 1170 974 qui
1191 901 1404 957 Domini
1435 899 1595 953 verba
1623 913 1752 951 con-

106 1021 398 1067 servant.
423 1008 480 1064 ln
505 1006 605 1060 hac
627 1013 769 1058 terra
785 999 1077 1055 collocatus
1108 1007 1191 1052 est
1215 995 1408 1060 Adam,
1429 1003 1487 1046 ut
1518 991 1750 1045 fructum

111 1115 381 1160 auertite
419 1109 636 1171 caperet
680 1095 833 1159 vitae;
864 1093 958 1148 sed
1003 1093 1126 1163 quia
1156 1090 1321 1144 verba
1355 1087 1562 1142 Domini
1587 1095 1611 1121 δ
1634 1100 1750 1139 ser-

117 1216 281 1254 vare
313 1213 416 1252 non
440 1193 627 1256 voluit,
659 1190 783 1245 ideo
806 1190 861 1242 in
889 1187 1233 1259 possessione
1264 1199 1422 1253 quam
1445 1188 1749 1248 acceperat,

114 1293 541 1365 787manere
588 1302 696 1343 non
729 1286 950 1341 meruit.
981 1284 1082 1351 Qui
1112 1293 1290 1336 autem
1336 1279 1497 1335 verba
1538 1275 1751 1332 Domini

112 1383 412 1448 custodit,
459 1380 796 1436 confidenter
850 1375 981 1431 dicit
1029 1393 1042 1428 :
1104 1372 1424 1442 Exspectant:
1467 1367 1754 1436 exspectavi

112 1477 457 1542 Dominum,
494 1483 543 1529 et
570 1471 795 1545 respexit
822 1485 903 1524 me
924 1467 1095 1539 (Psal.
1127 1480 1315 1531 χχχιιι,
1346 1465 1427 1534 2).
1460 1461 1631 1518 Adam
1661 1474 1757 1513 au-

111 1580 250 1625 tem
303 1569 567 1640 quoniam
601 1582 706 1621 non
747 1564 1082 1633 exspectavit
1130 1559 1416 1614 Dominum
1462 1551 1759 1628 (quomodo

115 1666 295 1720 enim
323 1661 662 1734 exspectavit
686 1660 774 1732 qui
798 1658 997 1728 refugit
1020 1665 1076 1712 et
1096 1653 1295 1710 offerre
1315 1667 1373 1707 se
1399 1647 1616 1721 timuit),
1637 1647 1760 1704 ideo

115 1775 242 1816 nec
276 1758 549 1814 Dominus
590 1769 714 1811 eum
759 1753 944 1808 videre
973 1750 1222 1820 dignatus
1261 1754 1382 1810 est;
1429 1745 1571 1800 oculi
1617 1742 1760 1799 enim

1855 520 2089 590 gularet.
2121 520 2438 575 Peccatores
2477 517 2657 586 itaque
2699 515 2959 588 abyssum
2998 521 3208 586 petunt,
3241 513 3337 571 ubi
3361 529 3454 570 ca-

1856 614 1966 684 ligo
1995 614 2362 670 tenebrarum.

1925 705 2017 762 2'2.
2063 707 2253 780 (Vers.
2300 707 2426 777 11.)
2458 707 2719 762 Mansueti
2765 715 2935 761 autem
2981 705 3315 776 possidebunt
3355 713 3459 759 ter-

1853 817 1985 864 ram,
2011 808 2060 854 et
2085 800 2472 856 delectabantur
2494 802 2547 854 in
2576 800 2912 855 multitudine
2935 800 3098 870 pacis.
3129 800 3318 855 Merito
3344 807 3460 854 ter-

1855 907 1969 948 ram
2002 892 2279 961 possident
2310 894 2360 946 in
2391 894 2586 964 quibus
2631 895 2771 948 Deus
2799 893 2916 963 ipse
2957 894 3288 964 requiescit;
3322 893 3464 946 sicut

1855 986 2037 1042 divino
2067 1001 2162 1056 per
2190 985 2404 1040 Esaiam
2449 987 2735 1041 resultavit
2779 987 3004 1042 oraculo
3031 987 3217 1042 dicens
3246 1003 3261 1042 :
3290 987 3462 1058 Super

1855 1096 2003 1151 quem
2048 1078 2384 1146 requiescam,
2411 1078 2512 1131 nisi
2552 1095 2707 1149 super
2749 1077 2996 1132 humilem
3041 1088 3088 1133 et
3130 1079 3383 1147 quietum,
3417 1086 3466 1130 et

1855 1183 2150 1227 trementem
2194 1172 2344 1225 verba
2378 1187 2492 1224 mea
2519 1170 2691 1242 (Esai.
2721 1187 2868 1239 LXVI,
2899 1171 2983 1243 2)?
3030 1173 3130 1238 Qui
3160 1181 3286 1227 sunt
3313 1186 3466 1226 man-

1858 1268 2018 1330 sueti,
2045 1266 2144 1320 nisi
2175 1279 2310 1334 quos
2333 1264 2514 1318 nullus
2539 1264 2791 1319 stimulus
2818 1263 3174 1320 dissensionis
3201 1265 3462 1334 exagitat.

1860 1377 1966 1417 non
1996 1363 2070 1416 ira
2103 1360 2406 1430 perturbat,
2437 1375 2544 1413 non
2576 1359 2780 1414 saevitia
2810 1367 3118 1428 exasperat,
3150 1373 3258 1414 non
3288 1358 3468 1412 rabies

1860 1453 2195 1509 crudelitatis
2221 1451 2560 1508 inﬂammat?
2590 1451 2655 1505 Et
2687 1450 2807 1506 ideo
2850 1452 2973 1520 quia
3019 1466 3126 1507 non
3168 1453 3315 1517 vina,
3359 1466 3466 1505 non

1862 1549 2072 1618 epulas,
2101 1562 2207 1602 non
2235 1547 2472 1612 divitias,
2503 1545 2597 1601 sed
2628 1561 2814 1616 pacem
2843 1546 3052 1600 Domini
3077 1545 3391 1600 dilexerunt
3411 1545 3466 1598 in

1864 1655 2095 1710 corpore
2122 1638 2433 1705 constituti;
2465 1653 2563 1707 pro
2589 1639 2680 1692 illa
2708 1637 3071 1695 delectatione
3099 1637 3467 1706 corporalium

1866 1733 2226 1803 voluptatum,
2275 1747 2381 1802 qua
2423 1747 2484 1786 se
2535 1739 2795 1802 putarunt
2835 1745 2958 1786 esse
3005 1729 3369 1793 fraudandus,
3415 1735 3474 1781 ut

119 1854 374 1910 Domini
435 1866 598 1921 super
641 1849 839 1919 justos.
890 1846 1044 1900 Hunc
1072 1853 1250 1897 autem
1303 1854 1545 1909 eousque
1574 1836 1759 1892 videre
1787 1831 1836 1890 B
1864 1830 2090 1900 gratiam
2141 1827 2577 1898 adipiscerentur
2627 1833 2926 1890 :eternam,
2973 1824 3366 1879 delectabantur
3416 1823 3470 1877 in

118 1945 377 2004 nolebat
397 1986 411 2010 ,
448 1953 503 1997 ut
528 1949 797 2012 quazrcret
823 1938 1012 1992 dicens
1038 1954 1050 1989 :
1082 1935 1272 2000 Adam,
1301 1933 1388 1986 ubi
1415 1949 1466 1986 es
1493 1929 1646 2000 (Gen.
1677 1943 1754 1990 ιιι.

121 2042 232 2112 9)?
258 2037 376 2108 Qui
399 2037 683 2108 quaeritur,
708 2047 805 2103 pro
828 2031 1052 2085 absente
1079 2027 1326 2082 habetur.
1352 2023 1515 2079 Fides
1535 2032 1618 2077 est
1637 2036 1758 2091 qua:

123 2147 239 2191 nos
305 2137 665 2203 reprtcsentat
720 2127 874 2192 Deo,
931 2122 1153 2194 perfidia
1209 2135 1330 2190 quae
1385 2116 1513 2172 facit
1566 2115 1760 2183 impios

123 2224 428 2282 exsulare.
453 2221 642 2278 Nullus
669 2219 849 2288 itaque
875 2216 1071 2272 absens
1123 2221 1208 2269 est
1239 2213 1372 2274 Deo,
1413 2209 1517 2265 nisi
1559 2207 1651 2278 qui
1699 2222 1760 2262 se

123 2318 441 2374 absentem
487 2314 697 2368 fecerit.
729 2309 799 2363 Et
843 2307 965 2362 ideo
993 2305 1125 2360 dicit
1154 2322 1166 2357 :
1200 2301 1325 2357 Fiat
1361 2301 1450 2356 tibi
1476 2298 1760 2355 secundum

126 2414 307 2482 ﬁdem
340 2420 482 2464 tuam
508 2406 729 2480 (Matth.
752 2420 826 2468 Ix,
851 2399 965 2474 '29);
993 2401 1082 2470 qui
1105 2399 1247 2454 enim
1275 2398 1505 2467 ignorat,
1539 2394 1759 2463 ignora-

119 2507 318 2562 bitur.
347 2505 484 2572 Ergo
508 2499 677 2556 Adam
709 2497 862 2568 quasi
888 2493 1333 2566 peccatorlocum
1357 2503 1512 2542 suum
1541 2499 1760 2542 servare

123 2615 255 2656 non
294 2598 496 2666 potuit.
528 2594 604 2649 De
647 2590 902 2662 paradiso
950 2587 1176 2657 ejectus,
1205 2583 1234 2622 ιι
1269 2585 1321 2636 in
1348 2581 1629 2638 castellum
1677 2587 1760 2632 est

133 2692 457 2760 relegatus,
498 2693 560 2739 ut
602 2693 786 2752 ageret
837 2678 1230 2750 penitentiam.
1278 2673 1502 2742 Accepit
1548 2671 1762 2725 dilatio-

137 2799 310 2850 nem,
347 2796 415 2834 ne
467 2778 726 2835 continuo
783 2773 999 2843 penitus
1037 2769 1314 2833 interiret;
1347 2777 1404 2820 ut
1431 2766 1576 2818 salva
1606 2764 1765 2817 fieret

130 2879 269 2934 Eva
307 2891 405 2946 per
431 2871 838 2946 generationem
887 2866 1146 2930 ﬁliorum,
1179 2861 1337 2917 fidem
1385 2861 1557 2915 sancti
1603 2856 1760 2921 Abel,

151 2971 560 3042 prophetarum
585 2963 838 3035 gratiam,
865 2959 1122 3016 Ecclesia:
1151 2957 1546 3027 posteritatem.

226 3067 330 3120 9.1.
373 3061 552 3137 (Ἶρι-ς.
585 3059 703 3129 10.)
736 3056 843 3114 Sed
873 3055 997 3124 quia
1028 3069 1124 3122 per
1149 3053 1264 3108 lucc
1293 3049 1481 3106 redimi
1509 3046 1762 3112 noluerit,

141 3169 202 3214 et
237 3160 295 3213 in
340 3165 560 3226 peccato
588 3147 1046 3220 perseverandum
1076 3145 1244 3206 ducit,
1274 3144 1342 3198 de
1368 3157 1433 3197 eo
1462 3141 1589 3196 dicit
1634 3139 1768 3194 Pro-

1865 1921 2192 1976 multitudine
2219 1923 2384 1989 pacis,
2402 1935 2563 1990 quam
2587 1918 2849 1974 Dominus
2877 1926 3066 1972 noster
3086 1916 3247 1972 Jesus
3273 1917 3325 1970 in
3352 1913 3468 1970 die-

1863 2015 1965 2069 bus
1983 2015 2096 2068 suis
2117 2014 2304 2084 generi
2327 2013 2550 2068 donavit
2573 2012 2811 2067 humano
2833 2029 2846 2078 ;
2881 2012 3016 2066 sicut
3041 2009 3327 2081 prophetia
3348 2024 3470 2079 qua:

1863 2122 1973 2164 non
2025 2110 2248 2162 mentita
2299 2117 2427 2171 est,
2492 2107 2659 2178 788
2708 2103 3123 2176 comprehcndit
3176 2116 3474 2160 asserens:

1870 2203 2082 2256 Orietur
2105 2204 2161 2256 in
2208 2201 2384 2255 diebus
2412 2204 2525 2274 ejus
2554 2202 2772 2268 iustitia,
2802 2211 2849 2254 et
2884 2199 3161 2253 multitudo
3189 2199 3350 2270 pacis,
3384 2197 3480 2252 do-

1865 2313 1957 2350 nec
1983 2294 2269 2350 extollatur
2291 2293 2414 2347 luna
2437 2293 2607 2365 (Psal.
2641 2307 2784 2354 LXXI.
2811 2293 2890 2362 7).
2918 2292 3050 2360 Quae
3072 2293 3236 2363 igitur
3258 2299 3342 2345 est
3371 2305 3472 2361 pax

1865 2408 1967 2462 qua
1997 2402 2205 2446 cunctae
2233 2389 2494 2444 Ecclesim
2535 2388 2928 2455 multiplicatus
2957 2396 3041 2442 est
3078 2386 3341 2456 populus;
3371 2383 3473 2438 nisi

1866 2489 1955 2542 illa
1986 2487 2056 2542 de
2081 2503 2182 2557 qua
2213 2485 2474 2539 Dominus
2498 2482 2634 2537 dixit
2659 2501 2672 2537 :
2709 2480 2897 2535 Pacem
2923 2496 3091 2536 meam
3129 2480 3362 2548 relinquo
3383 2493 3473 2531 uo-

1867 2583 1964 2645 bis,
1993 2595 2171 2653 pacem
2216 2594 2383 2632 meam
2430 2581 2497 2630 do
2522 2577 2662 2630 vobis
2690 2573 2870 2644 (Joan.
2898 2588 3013 2641 χιιι,
3039 2572 3162 2644 27)?
3193 2569 3352 2626 Dedit
3384 2582 3477 2640 pa—

1865 2689 2014 2739 cem,
2047 2674 2136 2742 qui
2169 2672 2476 2724 auimorum
2508 2669 2648 2723 bella
2677 2666 2912 2722 sedavit.

1935 2765 2027 2819 ‘25.
2071 2765 2250 2835 (Vers.
2281 2763 2368 2828 12,
2404 2763 2518 2832 15.)
2564 2761 2859 2832 Sequitur:
2889 2773 2911 2798 (τ
2950 2758 3250 2815 Observabit
3291 2771 3475 2828 pecca«

1867 2869 1947 2914 tor
1965 2861 2184 2931 justum,
2206 2867 2253 2911 et
2279 2861 2462 2927 fremet
2489 2871 2643 2927 super
2665 2872 2783 2909 eum
2805 2854 3041 2908 dentibus
3067 2854 3192 2907 suis.
3221 2850 3478 2904 Dominus

1868 2964 2036 3007 autem
2079 2951 2308 3005 irridebit
2351 2967 2499 3017 eum;
2545 2951 2789 3021 quoniam
2834 2948 3086 3020 prospicit
3134 2947 3270 3017 quod
3313 2945 3479 2998 ueniat

1870 3046 1980 3101 dies
2005 3046 2136 3117 ejus.
2167 3043 2497 3113 ludignantis
2525 3041 2743 3112 quidem
2769 3049 2823 3095 et
2843 3036 3251 3094 edervescentis
3277 3037 3328 3090 in
3368 3036 3476 3091 ira-

1871 3138 2123 3192 cundiam
2146 3135 2480 3190 consuetudo
2505 3144 2608 3198 est,
2633 3133 2888 3188 dentibus
2917 3131 3149 3187 fremere
3174 3147 3188 3184 :
3209 3127 3235 3165 ά
3265 3127 3362 3184 sed
3382 3128 3478 3182 ba-

144 3255 319 3322 pbeta
342 3219 369 3301 ἐ
399 3246 468 3300 Et
505 3219 676 3298 adhuc
724 3240 992 3312 pusillum,
1043 3248 1089 3292 et
1137 3254 1240 3292 non
1288 3237 1384 3290 erit
1432 3243 1690 3305 peccator;
1718 3242 1764 3286 et
1791 3219 1836 3281 C
1873 3231 1963 3286 bet
1991 3231 2153 3285 etiam
2184 3243 2279 3283 cor
2299 3227 2518 3296 maligni
2547 3225 2741 3281 dentes
2764 3240 2914 3289 suos,
2935 3224 3025 3295 qui
3055 3238 3160 3277 non
3191 3235 3476 3285 resonare,

145 3358 358 3414 quwres
399 3340 569 3394 locum
617 3337 749 3406 ejus,
798 3343 849 3388 et
878 3349 980 3386 non
1029 3331 1269 3384 invenies.
1303 3327 1583 3396 Quomodo
1624 3323 1768 3380 enim

143 3452 280 3490 esse
315 3432 520 3502 poterit
551 3432 600 3484 in
637 3428 895 3490 futurum,
917 3439 1040 3480 cum
1069 3422 1274 3493 peccati
1303 3421 1454 3474 locus
1480 3419 1768 3473 diuturnus

151 3543 281 3584 esse
324 3539 432 3580 non
459 3519 666 3593 possit?
697 3519 822 3573 Haec
849 3526 935 3572 est
961 3516 1106 3570 enim
1135 3526 1274 3568 terra
1305 3527 1426 3582 qum
1465 3510 1677 3580 aperuit
1706 3524 1768 3563 os

151 3634 346 3684 suum,
401 3626 455 3672 ut
501 3615 820 3683 sanguinem
849 3606 1503 3678 susciperetinnocentis.
1535 3603 1602 3658 Et
1647 3602 1770 3658 ideo

155 3720 213 3773 in
250 3717 355 3770 bac
400 3724 543 3766 terra
594 3711 746 3764 locus
784 3715 868 3762 est
909 3699 1545 3774 peccatormn.Pra3terit
1587 3707 1766 3762 terra,

156 3804 440 3878 quomodo
476 3794 774 3870 peccatoris
805 3799 958 3852 locus
1001 3794 1199 3864 poterit
1240 3791 1503 3847 inveniri?
1530 3789 1642 3859 Ego
1681 3804 1770 3843 ar-

163 3901 342 3954 bitror
371 3893 514 3965 quod
538 3893 658 3947 ideo
686 3893 1081 3946 firmamentum
1107 3889 1249 3940 inter
1279 3899 1469 3953 aquam
1498 3892 1551 3937 et
1576 3897 1768 3950 aquam

163 3990 330 4061 (Gen.
362 4003 400 4053 ι,
427 3986 484 4058 6)
510 3987 649 4040 Deus
681 3995 803 4038 esse
832 3979 1170 4052 pratceperit,
1197 3989 1302 4031 uta
1333 3976 1620 4029 virtutibus
1650 3988 1774 4041 pec-

164 4096 288 4138 cata
321 4081 696 4144 discerneret;
727 4086 780 4129 et
803 4075 1052 4142 superior
1077 4086 1212 4139 aqua
1241 4084 1357 4137 qua)
1387 4067 1567 4123 laudat
1593 4065 1775 4120 Domi-

167 4192 324 4239 num,
368 4177 547 4243 quieta
595 4179 840 4224 maneret
865 4167 1084 4229 erroris,
1122 4164 1344 4218 inferior
1367 4171 1588 4232 peccato
1631 4167 1776 4213 esset

169 4271 435 4327 obnoxia.
473 4268 711 4335 Denique
753 4263 846 4318 illa
889 4265 1052 4315 Deum
1098 4258 1266 4321 videt,
1295 4259 1408 4312 bzrc
1455 4272 1558 4309 non
1589 4253 1773 4334 videt:

170 4384 292 4436 qua:
319 4377 481 4432 super
511 4361 682 4415 malos
711 4370 814 4420 est,
843 4355 1020 4417 videt;
1053 4367 1172 4420 qua:
1202 4352 1252 4403 in
1296 4350 1510 4420 abysso,
1543 4362 1646 4402 non
1694 4345 1772 4398 vi-

171 4464 286 4513 det.
322 4458 474 4512 Unde
498 4457 657 4510 etiam
687 4453 886 4505 dictum
916 4459 996 4504 est
1023 4466 1032 4500 :
1069 4446 1322 4500 Viderunt
1353 4454 1398 4498 te
1422 4461 1588 4515 aqum,
1612 4440 1775 4505 Deus,

174 4553 408 4607 ridcrunt
449 4559 495 4602 te.
541 4563 710 4615 atrum,
740 4553 785 4600 et
813 4545 1092 4596 timuerunt
1119 4557 1136 4594 .'
1182 4539 1394 4592 turbata:
1439 4547 1555 4589 sunt
1584 4535 1776 4606 abyssi,

176 4646 453 4701 multitudo
503 4646 700 4696 sonitus
745 4654 993 4710 aquarum
1023 4635 1196 4707 (Psal.
1231 4647 1413 4696 LXXVI,
1450 4632 1564 4700 17).
1591 4630 1781 4685 Merito

180 4741 464 4794 turbantur
486 4737 662 4806 abyssi
696 4748 858 4802 super
880 4745 1016 4799 quas
1047 4729 1286 4784 tenebrae
1321 4737 1445 4780 sunt
1481 4721 1777 4788 deformes,

181 4845 235 4887 et
264 4834 384 4886 ideo
433 4843 620 4896 pacem
651 4826 850 4880 habere
878 4838 982 4877 non
1012 4832 1259 4889 possunt.
1287 4817 1440 4874 Unde
1463 4818 1673 4886 rogavit
1703 4817 1782 4870 le-
1830 4841 1832 4844 τ

184 4928 272 4993 gio
310 4921 703 4978 daemoniorum
756 4927 814 4970 ut
859 4916 910 4968 in
962 4915 1217 4984 abyssum
1261 4912 1586 4972 mitteretur,
1635 4920 1686 4964 et
1726 4924 1786 4964 se

184 5034 304 5073 cum
353 5028 546 5082 magno
578 5010 812 5065 tumultu
842 5004 1202 5077 praacipitavit
1250 5004 1302 5056 in
1343 5002 1537 5056 ﬂuctus
1566 5001 1783 5073 (Matth.

262 5158 286 5184 ει
326 5146 446 5200 Vet.
499 5141 628 5194 edit.
664 5141 714 5193 in
758 5154 928 5204 marg.
980 5143 1036 5190 et
1085 5149 1215 5186 mss.
1267 5142 1472 5204 septem
1503 5129 1783 5198 Gallicani,

188 5235 384 5275 serva-re
414 5232 514 5270 non
543 5213 728 5282 potuit.
758 5202 1030 5282 Verumsi
1085 5207 1366 5282 lectionem
1393 5202 1548 5282 .hanc
1591 5204 1786 5282 proba-

194 5274 353 5354 veris,
386 5274 569 5353 acvipe
600 5301 703 5336 non
748 5282 935 5351 potuit,
968 5281 1075 5332 lato
1104 5276 1298 5354 modo;
1332 5275 1406 5328 uti
1442 5276 1681 5354 solemus
1707 5274 1787 5328 di-

194 5379 314 5418 cere
339 5346 568 5428 aliquem
598 5355 646 5408 id
674 5346 776 5408 ιιοιι
799 5355 1069 5428 potuisse.
1102 5349 1244 5418 quod
1271 5361 1483 5428 revera
1517 5360 1620 5427 non
1651 5346 1792 5427 fece-

197 5417 281 5497 rit,
315 5417 704 5497 sivc'alioqttilt
724 5417 990 5478 habuerit.
1019 5417 1144 5497 sive
1174 5435 1282 5497 non
1336 5417 1605 5497 liabueril,
1649 5418 1792 5484 ejus.

199 5489 314 5559 dein
364 5504 439 5557 rei
499 5495 780 5559 faciendae,
813 5505 869 5547 ut
919 5509 1039 5547 cum
1089 5489 1434 5558 Pliilosophis
1487 5491 1786 5556 loquamur,

202 5574 624 5646 possibilitatem.

273 5648 295 5684 ι’
338 5647 412 5699 Ita
436 5643 566 5697 edit.
599 5651 652 5694 et
680 5653 772 5692 sex
803 5651 932 5690 mss.
959 5635 1049 5705 qui
1081 5644 1257 5687 tamen
1285 5633 1492 5700 legunt,
1522 5631 1788 5705 religatus,

203 5734 318 5787 quae
346 5730 446 5770 vox
479 5713 596 5787 fere
620 5725 835 5779 semper
857 5702 1127 5787 invenitur
1158 5706 1209 5758 in
1240 5719 1370 5786 mss.
1394 5719 1489 5772 pro
1511 5702 1790 5787 relegatus.

206 5775 272 5844 Ᾱι
301 5788 458 5851 Vict.,
484 5785 639 5838 Colb.
665 5795 720 5836 et
743 5775 852 5835 vet.
884 5778 1014 5831 edit.
1042 5779 1092 5830 in
1125 5775 1366 5844 margine
1397 5775 1707 5842 praeferunt,
1738 5775 1794 5828 in

208 5875 402 5914 carcere
432 5865 501 5908 est
534 5856 798 5924 religatus.

1873 3323 1967 3378 sed
2000 3323 2244 3377 lacerare
2283 3327 2704 3374 consueverunt.
2756 3317 2989 3384 Insidiae,
3020 3323 3352 3381 commenta,
3385 3328 3478 3369 ne-

1872 3414 2076 3485 quiti:e,
2107 3401 2300 3468 dentes
2347 3420 2473 3466 sunt
2515 3409 2834 3480 peccatoris.
2861 3407 3153 3462 lnsidiatur
3193 3421 3324 3476 ergo
3357 3420 3480 3475 pec-

1873 3516 2027 3564 cator
2053 3508 2219 3578 justo,
2257 3507 2385 3576 quia
2426 3505 2667 3567 invidet;
2695 3500 2828 3573 justi
2876 3501 3019 3556 enim
3050 3501 3159 3555 vita
3202 3499 3479 3568 redarguit

1873 3613 2236 3676 peccatorem,
2277 3611 2300 3638 ο
2333 3616 2492 3672 quem
2542 3601 2703 3654 tacita
2735 3599 2940 3668 majore
2985 3597 3309 3651 auctoritate
3349 3607 3481 3648 con-—

1874 3699 2113 3760 demnat,
2145 3710 2304 3766 quam
2349 3695 2394 3747 si
2437 3693 2582 3747 clara
2630 3707 2766 3746 voce
2816 3691 3146 3761 loqueretur.
3171 3687 3275 3744 Sed
3300 3687 3480 3757 justus

1877 3793 2068 3846 timere
2100 3803 2206 3843 non
2249 3787 2409 3842 debet
2439 3786 2713 3841 fremitum
2745 3785 3067 3853 peccatoris,
3101 3781 3226 3850 quia
3277 3781 3480 3850 impro-

1876 3885 2017 3939 bitas
2049 3896 2154 3936 non
2187 3890 2364 3950 poteSt
2409 3895 2532 3934 esse
2582 3887 2865 3948 perpetua.
2893 3875 3106 3931 Insidiae
3155 3873 3486 3940 temporales

1876 3983 2039 4038 sunt;
2093 3973 2427 4027 munimenta
2456 3979 2634 4024 autem
2665 3969 2879 4022 virtutis
2909 3976 3137 4021 :eterna.
3169 3963 3313 4018 Mors
3360 3976 3486 4032 pec-

1879 4068 2081 4124 catoris
2107 4081 2324 4121 omnem
2347 4066 2464 4136 ejus
2495 4064 2790 4133 potentiam
2822 4062 3175 4130 fraudemque
3211 4057 3483 4112 dissolvit.

1952 4164 2045 4216 24.
2083 4159 2272 4230 (Vers.
2300 4157 2417 4228 M.)
2441 4159 2564 4212 Plus
2589 4155 2812 4227 adjicit:
2838 4154 2993 4221 Ecce,
3027 4153 3219 4221 inquit.
3253 4149 3483 4222 gladium

1881 4256 2276 4326 evaginaverunt
2307 4261 2620 4320 peccatores,
2652 4251 2990 4304 extenderunt
3019 4263 3195 4302 arcum
3225 4262 3400 4312 suum,
3430 4254 3486 4298 ut

1885 4350 2137 4422 dejiciant
2163 4363 2441 4419 pauperem
2477 4357 2524 4400 et
2571 4347 2800 4413 inanem.
2831 4344 2963 4412 Quis
2995 4351 3081 4398 est
3109 4341 3320 4414 gladius
3361 4353 3488 4410 pec-

1885 4448 2106 4511 catoris,
2157 4444 2256 4500 nisi
2296 4443 2602 4499 contrarius
2643 4439 2822 4511 gladio
2871 4438 3105 4510 Spiritus
3144 4433 3487 4492 sancti?Do-

1888 4539 2000 4596 cuit
2053 4540 2193 4592 bunc
2229 4537 2510 4607 Scriptura
2542 4549 2628 4590 me
2653 4533 2924 4603 gladium;
2969 4531 3153 4586 docuit
3193 4527 3486 4599 Apostolus

1889 4634 2075 4689 dicens
2104 4676 2120 4699 ,
2175 4633 2297 4702 quia
2347 4632 2606 4686 habemus
2647 4629 2860 4684 loricam
2899 4628 3137 4698 justitiaa,
3193 4635 3242 4679 et
3284 4632 3486 4678 scutum

1888 4729 2030 4800 ﬁdei,
2065 4739 2111 4782 et
2151 4729 2348 4801 galeam
2381 4729 2584 4792 salutis,
2617 4734 2663 4779 et
2690 4724 2923 4796 gladium
2952 4723 3203 4794 Spiritus,
3234 4717 3370 4790 quod
3410 4727 3491 4771 est

1888 4824 2096 4877 verbum
2125 4821 2222 4875 Dei
2249 4820 2466 4894 (Ep/tes.
2498 4837 2572 4886 vt,
2609 4820 2676 4874 M
2707 4829 2751 4873 et
2773 4817 2926 4889 seq.).
2962 4817 3106 4887 Ergo
3136 4814 3358 4870 verbum
3391 4811 3490 4867 Dei

1888 4917 2100 4987 gladius
2131 4916 2361 4983 Spiritus
2394 4915 2564 4970 sancti
2620 4923 2723 4969 est.
2758 4913 2800 4967 E
2831 4910 3107 4964 contrario
3137 4908 3320 4976 utique
3375 4904 3492 4976 gla-

1891 5010 2011 5063 dius
2065 5009 2291 5079 spiritus
2341 5007 2677 5079 nequissimi,
2721 5004 2945 5059 verbum
2988 5009 3074 5056 est
3123 4999 3346 5054 malum.
3379 4998 3493 5053 Hoc

1969 5146 1991 5173 ο
2035 5135 2194 5190 Rom.
2224 5133 2378 5195 edit.,
2406 5131 2749 5187 Insidiabitur
2778 5136 3016 5198 peccator
3033 5127 3204 5198 ju_sto,
3231 5131 3336 5177 etc.
3368 5121 3488 5198 Yet.

1850 5233 1853 5235 -
1892 5216 2072 5261 autem
2102 5218 2154 5260 et
2200 5221 2328 5260 mss.
2359 5221 2569 5269 omnes,
2597 5195 2915 5261 Obseruabit,
2947 5208 3051 5250 etc.
3085 5195 3290 5269 Faient
3326 5195 3486 5269 etiam

1894 5278 2059 5340 LXX,
2082 5294 2308 5347 quorum
2335 5277 2494 5332 verba
2516 5264 2642 5329 sunt
2668 5273 2755 5326 illa
2782 5286 2795 5324 :
2829 5271 3248 5344 Παρατηρήσεται
3270 5264 3296 5320 ὁ
3317 5264 3491 5340 ἁμαρ-

1892 5353 2050 5412 τωλὸς
2076 5353 2162 5406 τὸν
2189 5349 2398 5405 δίκαιον.

1970 5443 1994 5481 ί¹
2039 5445 2177 5500 Edit.
2211 5457 2319 5497 vet.
2371 5456 2490 5495 cum
2543 5435 2665 5492 cod.
2695 5435 2838 5491 Vict.
2872 5443 2923 5489 et
2959 5431 3141 5496 Colb.,
3177 5429 3281 5482 Sed
3311 5427 3497 5482 habent

1897 5519 2049 5570 etiam
2091 5517 2304 5586 maligni
2355 5515 2528 5566 dentes
2555 5525 2696 5574 suos,
2747 5506 2950 5577 quibus,
3001 5512 3107 5558 etc.
3165 5501 3323 5556 Rom.
3369 5516 3494 5556 cum

1898 5591 2042 5654 aliis,
2075 5597 2132 5642 ut
2163 5606 2258 5642 nos
2289 5600 2470 5654 supra.

1975 5703 1998 5728 θ
2040 5691 2162 5745 Vat.
2219 5699 2273 5745 et
2293 5694 2525 5756 quatuor
2565 5681 2774 5747 Gallio,
2811 5680 2973 5745 Quem
3005 5677 3157 5733 tacito
3204 5675 3368 5745 magis
3409 5690 3495 5728 ore

1901 5765 2224 5817 condemnat.
