4042 6378
79 317 212 374 981
255 311 258 316 ’
1216 313 1280 370 IN
1319 307 1646 369 ρεΑιΜῠΜ
1686 307 1749 367 Χῖ

1860 311 1903 367 Η
1947 307 2366 367 ENA-RRATIO.
3345 304 3451 363 98!

87 437 294 503 serit,
314 437 603 494 et‘laboris
625 435 781 506 hujus
807 435 978 505 patiar
997 431 1399 488 detrimentum!
1417 429 1486 484 Et
1504 429 1548 483 si
1571 428 1752 482 salvos
1779 432 1830 490 Α
1855 427 2114 481 modicum
2125 431 2291 502 justo,
2317 441 2469 499 super
2498 425 2704 480 diuitias
2732 434 3055 494 peccatorum
3072 423 3282 478 multas.
3316 421 3452 476 Hinc

75 525 290 584 faciet
329 529 606 584 Dominus
652 539 842 583 servos
865 535 1012 589 suos,
1044 525 1176 579 salvi
1216 523 1418 576 erimus
1440 534 1537 589 per
1563 519 1745 584 fidem,
1849 517 2106 573 Salomon
2153 518 2417 572 derivavit
2459 515 2617 582 illud;
2641 515 2784 586 quod
2829 515 2986 587 quasi
3013 531 3174 570 saltm
3212 516 3327 584 ipse
3355 529 3460 583 pou

77 618 185 673 sic
227 630 448 678 tamen
475 621 609 675 salvi
639 619 798 690 quasi
816 633 910 688 per
939 617 1210 688 ignem;et
1239 613 1281 668 si
1312 627 1420 667 non
1446 611 1749 674 exurimur,
1777 627 1784 650 ι
1852 610 1959 663 suit
1988 628 2000 663 :
2050 608 2134 662 Ea;
2157 609 2483 678 muttitoquio
2503 625 2606 663 non
2632 607 2846 678 effugies
2886 618 3150 680 peccatum
3177 605 3362 678 (Prov.
3395 622 3450 674 ι,

82 718 323 766 tamen
392 727 631 768 uremur.
665 709 948 779 Quomodo
978 717 1155 763 tamen
1209 705 1298 758 alii
1356 709 1672 757 remaneant
1696 701 1750 755 in
1855 703 1968 772 l9).
2001 703 2289 758 Dialectica
2331 718 2463 773 ergo
2509 702 2715 757 divitiis
2763 702 3054 756 verborum
3093 701 3231 767 ﬂuit,
3279 703 3462 770 pietas

88 804 282 873 igne,
315 807 420 862 alii
451 813 847 876 pertranseant,
879 803 982 857 alio
1011 803 1132 856 loco
1157 814 1256 854 nos
1281 797 1439 852 docet
1468 795 1751 865 Scriptura
1852 795 2102 848 timorem
2123 795 2218 849 Dei
2248 806 2448 850 servat.
2481 794 2606 851 Ideo
2628 794 2716 850 hic
2743 810 2940 864 parcus
2971 797 3022 848 in
3067 795 3270 858 verbis,
3298 793 3453 848 dives

88 895 355 951 divina.
395 898 598 967 Nempe
627 897 680 950 in
734 910 880 949 mare
921 893 1162 947 Rubrum
1194 890 1477 944 demersus
1521 886 1752 956 populus
1853 888 1905 942 in
1929 889 2140 956 spiritu,
2171 889 2346 958 magis
2376 889 2489 942 vult
2519 888 2736 953 timere,
2765 903 2926 958 quam
2955 903 3088 944 vana
3143 887 3262 942 veri
3292 889 3464 942 verba.

92 998 200 1044 est
239 989 648 1062 Egyptiorum
703 987 896 1059 (Exod.
937 1000 1044 1049 xrv,
1104 982 1177 1036 22
1224 992 1274 1036 et
1322 978 1476 1052 seq.),
1507 979 1753 1034 transivit
1848 982 2087 1051 jactare;
2124 981 2284 1035 timor
2313 981 2457 1036 enim
2485 981 2774 1050 disciplima
2798 981 3078 1053 sapientiae
3119 989 3203 1035 est
3231 999 3244 1033 :
3273 980 3457 1050 loqua-

93 1091 330 1136 autem
396 1081 616 1151 pepulus
668 1079 1016 1133 llebrasorum
1065 1075 1326 1147 ;Moyses
1380 1073 1749 1143 pertransivit,
1853 1077 1990 1130 citas
2019 1075 2343 1130 innocentiae
2395 1073 2718 1144 virtutisque
2762 1074 3126 1145 naufragium,
3154 1084 3317 1143 atque
3366 1074 3456 1128 in-

94 1176 522 1245 praecipitatus
567 1182 647 1227 cst
709 1171 963 1225 Pharao:
1023 1170 1275 1240 quoniam
1323 1169 1576 1239 graviora
1627 1181 1748 1221 eum
1797 1244 1800 1245 ν
1853 1170 2130 1225 centivum
2162 1168 2529 1238 prolapsionis
2559 1177 2616 1222 et
2643 1168 2839 1237 culpae.

98 1277 374 1334 peccata
407 1273 732 1320 merserunt.
766 1263 844 1318 Eo
887 1263 1049 1319 modo
1079 1262 1559 1334 praseipitabuntur
1584 1261 1752 1315 sacri-
1792 1261 1804 1336 j
1923 1265 2011 1320 29.
2041 1264 2348 1336 (Vers.l7.)
2375 1262 2634 1327 Quoniam
2655 1263 2887 1327 brachia,
2917 1262 3112 1332 inquit,
3134 1269 3458 1330 peccatorum

95 1357 224 1426 legi
255 1358 324 1410 in
353 1357 530 1411 lacum
555 1355 693 1426 ignis
718 1355 982 1423 ardentis,
1008 1357 1100 1426 qui
1127 1356 1356 1423 superba
1378 1355 1429 1409 in
1450 1353 1615 1408 Deum
1639 1353 1752 1422 jac-
1790 1352 1797 1380 '
1853 1366 2194 1411 conterentur.
2230 1356 2301 1411 Ut
2322 1365 2477 1410 actos
2505 1369 2695 1410 eorum
2725 1354 2872 1424 justo
2901 1353 3352 1424 impedimentum
3379 1352 3458 1408 af-

99 1457 158 1500 ta
172 1462 335 1502 vere
359 1449 628 1502 convicia.
663 1447 962 1517 Sequemur
983 1463 1113 1519 ergo
1141 1448 1229 1504 hic
1255 1448 1413 1518 positi
1443 1446 1758 1502 columnam.
1855 1449 1998 1506 ferre
2029 1465 2136 1504 non
2169 1449 2418 1519 possint;
2456 1464 2526 1503 ne
2575 1447 2980 1518 derelinquatur
3026 1449 3177 1516 virga
3207 1457 3460 1516 peccato-

93 1540 294 1609 ignis.
349 1554 476 1608 quae
525 1555 624 1597 nos
653 1542 705 1594 in
738 1540 840 1597 hoc
868 1556 1100 1611 corpore
1131 1542 1337 1611 positos
1380 1540 1669 1603 illuminet.
1695 1548 1753 1595 et
1854 1561 1973 1600 rum
1997 1561 2165 1614 super
2195 1554 2400 1600 sortem
2424 1545 2717 1614 justorum.
2738 1540 2807 1597 Et
2837 1542 3034 1596 Paulus
3063 1541 3139 1594 ait
3171 1559 3183 1592 :
3217 1539 3470 1594 Conmut-

93 1633 267 1686 viam
308 1643 630 1697 monstret;
659 1643 716 1688 ut
760 1632 813 1688 in
866 1633 1102 1688 futurum
1134 1634 1291 1688 nobis
1341 1634 1537 1688 nebula
1590 1632 1753 1686 refrio
1855 1639 1996 1694 Deus
2025 1648 2261 1693 satanam
2289 1637 2380 1690 sub
2430 1636 2643 1705 pedibus
2672 1635 2851 1689 vestris
2891 1633 3072 1700 (Rom.
3104 1647 3220 1699 xvi,
3252 1631 3369 1703 30).
3400 1632 3457 1686 Si

90 1737 281 1798 geret
339 1731 522 1786 noctis
557 1748 570 1782 :
601 1744 707 1798 quo
734 1743 877 1782 saeva
901 1728 1146 1783 incendia
1187 1729 1428 1784 relevare
1454 1729 1746 1799 possimus.
1856 1736 2000 1788 enim
2030 1733 2309 1788 brachium
2332 1733 2452 1800 ejus
2473 1731 2765 1784 contritum
2800 1727 2984 1792 fuerit,
3013 1735 3165 1781 totus
3187 1727 3304 1796 ipse
3329 1741 3460 1779 con-

180 1821 295 1877 27·
334 1823 484 1879 Vide
506 1832 689 1879 Μιιθω
711 1824 992 1891 Scribi“?a
1018 1823 1144 1892 (ιυίά
1173 1823 1320 1877 dicat
1352 1841 1363 1876 ε
1389 1826 1591 1877 Arcum
1621 1838 1744 1891 pec-
1777 1832 1824 1892 B
1855 1840 2098 1892 teretur;
2133 1839 2189 1882 ut
2219 1827 2608 1882 conculcentur
2661 1826 2778 1894 ejus
2808 1834 3138 1888 commenta,
3180 1820 3322 1876 sicut
3374 1834 3460 1873 ve-

91 1925 392 1970 catorum
421 1913 702 1971 'Dominus
736 1913 1061 1984 confringet.
1094 1917 1292 1969 Arcum
1351 1923 1530 1969 autem
1590 1930 1745 1968 suum
1859 1939 1996 1978 uena
2025 1922 2320 1992 serpentis,

98 2009 318 2079 posuit
350 2010 404 2062 in
440 2009 608 2074 nube,
639 2017 664 2046 ιι
686 2024 794 2078 quo
824 2007 1024 2060 diluvia
1054 2015 1352 2072 cessarent,
1387 2005 1747 2076 tranquillitas
1925 2017 2014 2072 δυ,
2043 2016 2325 2087 Conﬁrmat
2373 2024 2543 2070 autem
2578 2019 2751 2088 iam,
2803 2011 3080 2076 Dominus)
3108 2008 3335 2066 brachio
3361 2007 3459 2061 ad-

99 2102 554 2159 refunderetur.
585 2101 742 2158 Unde
771 2101 1123 2166 credendum,
1153 2103 1278 2171 quia
1309 2100 1652 2155 adversarius
1694 2109 1749 2153 et

1860 2110 2078 2168 versarii
2125 2110 2414 2164 dissoluto.
2470 2111 2535 2162 Et
2561 2107 2683 2163 ideo
2705 2109 2886 2178 justus
2923 2106 3056 2160 dicit
3099 2122 3112 2157 :
3147 2102 3215 2156 Et
3267 2101 3460 2172 con/ir-

106 2199 412 2266 malignns
471 2213 668 2252 arcum
707 2196 958 2252 extendit
981 2213 1161 2260 suum,
1198 2206 1256 2250 ut
1305 2197 1502 2267 quietis
1552 2197 1749 2251 animis
1853 2207 2004 2258 musti.
2031 2221 2188 2274 super
2236 2220 2316 2257 me
2340 2217 2549 2257 manum
2581 2212 2719 2256 tuam
2753 2200 2873 2272 (Ps...
2921 2209 3126 2262 lxxv",
3155 2197 3331 2266 5)..Et
3356 2195 3461 2248 Job

104 2302 359 2346 moveat
390 2299 744 2361 tempestates
765 2333 779 2354 ,
809 2291 1010 2346 excitet
1052 2290 1231 2343 ﬂatus.
1264 2289 1494 2343 Oremus
1519 2304 1650 2358 ergo
1693 2299 1750 2342 ut
1851 2300 1926 2353 ειίι
1959 2317 1971 2351 ε
2004 2298 2196 2352 Manus
2225 2296 2435 2352 Domini
2488 2297 2648 2368 tangi;
2703 2311 2783 2348 me
2831 2292 2976 2364 μοι),
3024 2305 3143 2356 χιχ,
3168 2285 3286 2360 et);
3313 2290 3460 2344 Misi;

102 2401 321 2441 3mm“
378 2384 728 2456 ηιλίίςηίιεηὶε
755 2383 1018 2438 ἀίδδοινὲῐ
1043 2383 1301 2436 Dominus
1348 2383 1492 2436 Dens
1521 2391 1743 2446 "05w";
1851 2408 1980 2463 ergo
2012 2393 2271 2446 Dominus
2294 2403 2509 2444 manum
2535 2403 2686 2442 suam
2713 2389 2763 2441 in
2793 2399 3020 2442 scrvum-
3045 2397 3234 2448 suum;
3267 2392 3323 2436 et
3345 2395 3458 2434 ma-

101 2480 274 2534 adsit
309 2479 543 2548 pauperi
575 2493 672 2532 suo
703 2488 758 2533 et
787 2476 955 2546 inopi,
983 2479 1076 2546 qui
1118 2485 1342 2545 propter
1368 2474 1465 2530 Dei
1497 2477 1744 2529 timorem

1860 2503 1980 2542 num
2013 2485 2312 2556 peccatoris
2343 2499 2501 2554 quam
2533 2483 2584 2536 in
2623 2495 2746 2536 eum
2771 2487 3006 2548 accepta
3027 2477 3249 2532 miseret
3300 2483 3460 2544 pote-

106 2575 293 2626 duxit
349 2589 456 2625 non
490 2571 821 2628 aﬁ‘ectandas
858 2585 980 2625 eSse
1006 2570 1243 2633 divitias,
1275 2585 1381 2622 non
1433 2569 1747 2638 occupanda

1860 2589 2012 2643 state,
2041 2578 2432 2646 brachinmque
2465 2573 2739 2631 contrivit.
2777 2574 2853 2628 Ita
2897 2570 3150 2626 diabolus
3195 2582 3296 2623 suo
3342 2581 3461 2621 ser-

108 2668 418 2719 minorum
449 2664 667 2732 praedia,
711 2680 816 2718 non
845 2662 1036 2718 viduas
1097 2662 1300 2717 relictis
1349 2661 1611 2732 majorum
1637 2663 1749 2718 itte-

1860 2689 2014 2727 monc
2041 2674 2300 2741 deceptus
2343 2681 2446 2736 est,
2479 2669 2569 2740 qui
2598 2669 2735 2723 dixit
2762 2686 2774 2720 :
2812 2661 2960 2720 Hitte
2997 2679 3205 2717 manum
3235 2671 3374 2714 tuam
3407 2661 3458 2712 in

115 2758 472 2814 τεάίῑίηῖδυδ
495 2757 790 2812 θκυθηάδθ·
1853 2777 1988 2830 eum,
2017 2775 2066 2819 et
2093 2766 2355 2819 videamus
2381 2765 2424 2818 si
2451 2765 2504 2816 in
2531 2765 2715 2833 faciem
2745 2772 2793 2814 te
2819 2775 2922 2813 non
2950 2747 3220 2811 benedicti!
3236 2754 3379 2824 (Job.
3396 2765 3455 2818 tt',

196 2853 300 2906 9.8.
342 2852 525 2924 (Vers.
556 2851 678 2921 l6.)
703 2850 893 2906 Melius
921 2861 994 2904 est
1016 2867 1200 2919 parum
1235 2854 1404 2923 justo,
1436 2865 1593 2919 super
1618 2851 1749 2904 divi-

1860 2859 1932 2929 5).
1965 2857 2082 2914 Non
2131 2858 2278 2912 enim
2328 2871 2489 2910 ausus
2515 2866 2600 2909 est
2629 2855 2832 2919 dicere,
2870 2850 3158 2906 maledica!
3188 2865 3201 2913 ;
3233 2846 3326 2900 sed
3357 2847 3458 2900 hoc

117 2946 227 2998 ιίηε
253 2954 593 3015 Ρεεεαίονωη
637 2945 845 2996 "malm
875 2942 990 2996 Νοο
1020 2958 1150 3012 ergo
1172 2943 1372 2996 (Πνίίίαέ
1401 2952 1744 3008 πουδθηῑιινι
1855 2951 2260 3020 intelligendum
2289 2948 2523 3018 reliquit.
2561 2948 2700 3002 Misit
2732 2947 2874 2999 Deus
2927 2949 3148 2997 manum
3195 2951 3373 3004 suam,
3402 2947 3466 2994 et

116 3038 230 3093 sed
285 3037 500 3092 ἀίνίίίίθ
547 3044 931 3106 peccatorum;
987 3037 1087 3089 υἱεῖ
1136 3037 1270 3090 ("ne
1326 3035 1449 3106 (ιιιίε
1496 3043 1750 3105 Ρθοοθιοτ
1853 3046 2201 3101 conﬁrmatus
2232 3044 2458 3098 estJob.
2488 3043 2671 3112 Cmpit
2721 3037 3063 3102 benedicere;
3093 3037 3183 3106 qui
3233 3033 3456 3088 maledi-

120 3130 316 3186 dixit:
351 3128 680 3184 Omnia'ltazc
726 3130 855 3182 mihi
905 3129 1096 3182 tradita
1145 3140 1284 3194 aint,
1317 3139 1363 3182 et
1412 3129 1658 3192 curuato,
1683 3128 1749 3181 do

1860 3156 1978 3196 cere
2005 3138 2330 3194 credebatur
2358 3154 2372 3201 ;
2397 3145 2552 3189 sanat
2583 3135 2743 3188 enim
2762 3133 2959 3202 justos,
2991 3135 3129 3184 cum
3152 3125 3319 3196 tangit
3345 3133 3458 3179 mu-

118 3225 223 3277 itta
243 3223 410 3296 (Luc.
441 3237 516 3288 iv,
542 3222 620 3293 6).
654 3221 860 3277 Deinde
885 3222 1360 3292 quoniamzdivitixe
1382 3222 1553 3293 magis
1578 3221 1748 3277 facem

1860 3247 1958 3288 nus
2000 3231 2203 3294 divina,
2265 3245 2369 3282 non
2397 3227 2668 3282 vulnerat.
2715 3225 2856 3280 Misit
2899 3237 3120 3278 manum
3171 3233 3348 3281 suam,
3401 3225 3466 3271 ett

123 3315 464 3386 cupiditatis
495 3313 840 3370 inﬂammant
860 3332 889 3379 ;.
908 3325 964 3370 et
989 3317 1358 3385 unusquisque
1382 3317 1510 3369 dum
1540 3316 1744 3384 majora

124 3409 444 3473 desiderat,
466 3421 573 3462 non
600 3408 837 3464 declinat
861 3408 1175 3463 diverticula
1206 3421 1571 3478 peccatorum.
1590 3411 1742 3468 Unde

125 3513 188 3558 et
208 3502 470 3559 Salvator
497 3500 634 3557 dixit
666 3519 680 3553 :
713 3500 894 3556 Facite
931 3502 1072 3556 vobis
1111 3505 1301 3558 amicos
1349 3504 1416 3557 de
1454 3519 1746 3560 mammona

126 3597 435 3667 iniquitatis
465 3596 618 3667 (Luc.
652 3611 760 3661 xvr,
793 3597 872 3667 9).
905 3597 1205 3667 Iniquitatis
1247 3599 1390 3654 enim
1423 3614 1618 3654 census
1639 3611 1740 3664 est,

128 3695 232 3764 qui
265 3693 324 3750 in
353 3691 554 3750 diaboli
595 3702 990 3762 potestate'est,
1020 3701 1076 3748 ut
1101 3695 1195 3749 cui-
1219 3695 1306 3748 ille
1339 3695 1588 3761 voluerit,
1612 3711 1744 3751 con-

132 3788 376 3842 feratur.
431 3785 614 3841 Potest
653 3795 709 3840 et
736 3785 864 3841 illud
918 3787 1142 3855 intelligi
1175 3804 1188 3838 :
1220 3787 1408 3844 Metius
1447 3795 1530 3843 est‘
1561 3805 1744 3859 parum

127 3881 306 3947 justo,
363 3890 518 3943 super
560 3874 762 3930 divitias
814 3885 1139 3945 peccatorum
1191 3879 1418 3943 multas;
1449 3878 1478 3918 ι’
1508 3881 1632 3950 quia
1663 3891 1747 3936 est

137 3971 236 4040 qui
265 3978 352 4026 est
370 3969 520 4023 dives
538 3969 592 4025 in
603 3969 805 4032 verbis,
825 3977 886 4023 ut
908 3980 1035 4026 sunt
1054 3971 1355 4041 philosophi
1383 3973 1536 4027 istius
1559 3975 1743 4028 mundi

137 4061 214 4116 de
241 4059 548 4130 sacrilegiis
571 4060 929 4129 disputantes,
945 4061 1013 4116 de
1040 4071 1186 4117 motu
1216 4063 1475 4130 siderum,
1492 4065 1562 4121 de
1590 4067 1746 4120 stella

138 4153 299 4208 Iovis
331 4166 396 4206 ac
421 4151 661 4217 Saturni,
687 4153 754 4208 de
779 4154 1218 4223 generationibus
1251 4158 1548 4221 hominum,
1577 4158 1644 4213 de
1671 4159 1746 4212 si-

140 4247 516 4301 mulacrorum
543 4247 711 4310 cultu,
741 4245 809 4301 de
838 4247 1152 4316 geometria,
1185 4247 1255 4301 de
1284 4248 1582 4305 dialectica.
1620 4251 1745 4305 Phi—

144 4339 368 4412 losophi
397 4355 532 4412 ergo
570 4343 630 4396 in.
675 4357 930 4396 sermone
958 4341 1164 4397 divites
1203 4352 1347 4408 sunt,
1380 4344 1504 4400 ildei
1533 4347 1740 4417 inepes,

143 4436 402 4490 veritatis
454 4445 720 4490 exsortes.
767 4435 835 4489 Et
881 4444 1006 4490 sunt
1036 4435 1276 4506 plerique
1322 4438 1597 4506 simplices
1641 4438 1745 4492 Do-

148 4531 282 4585 mini
314 4528 646 4593 saccrdotes,
677 4530 730 4584 in
752 4545 1004 4585 sermone
1033 4545 1317 4599 pauperes,
1341 4532 1664 4588 abstinentia
1692 4546 1744 4589 et

145 4627 349 4680 virtute
393 4624 671 4679 sublimes.
707 4619 871 4696 191'
901 4623 975 4678 Illi
1033 4625 1214 4678 multis
1269 4627 1560 4692 loquuntur
1588 4627 1748 4698 perii-

149 4721 318 4779 diam.
354 4718 442 4772 isti
470 4722 662 4788 paucis
688 4719 845 4775 tidem
893 4728 1170 4784 asserunt;
1205 4721 1296 4774 illi
1338 4736 1466 4776 suos
1489 4725 1745 4780 amittunt

149 4812 395 4882 quotidie
423 4813 755 4877 sacerdotes,
783 4811 868 4865 hic
898 4828 1099 4881 pauper
1125 4815 1351 4881 pupulos
1378 4817 1609 4885 acquirit
1637 4817 1742 4871 Ec-

153 4909 355 4973 clesiae,
387 4919 720 4978 numeroque
745 4907 1103 4961 credentium.
1138 4908 1243 4973 Qui
1265 4924 1396 4978 ergo
1439 4911 1536 4964 bos
1563 4911 1748 4968 audie-

154 4996 244 5068 rit,
277 5010 332 5056 et
372 5000 568 5056 viderit
614 5013 838 5070 cperum
885 4998 1219 5070 qualitatem,
1253 4999 1384 5055 dicit
1418 5020 1428 5052 :
1463 5001 1749 5056 Melius'cst

231 5202 410 5264 a'Mss.
443 5207 669 5275 aliquot,
719 5205 925 5274 quando
982 5203 1176 5256 diluvia
1213 5211 1490 5268 cesserant,
1525 5211 1578 5254 ut
1609 5213 1749 5255 tran-

161 5284 385 5355 quillitas
414 5280 788 5348 refunderetur.

231 5355 258 5393 ι)
290 5353 434 5408 Edit.
468 5343 681 5410 omnes,
709 5362 769 5398 ac
789 5348 940 5413 pauci
963 5347 1253 5415 mss.,quia
1273 5355 1342 5398 est
1371 5345 1574 5415 quidem
1597 5343 1750 5415 (mss.

161 5424 397 5496 quidam)
427 5423 564 5496 dives
618 5421 671 5471 in
720 5417 904 5496 verbis.
935 5417 1060 5496 Mss:
1118 5420 1378 5496 quinque,
1425 5417 1640 5496 quia-est
1671 5416 1758 5496 qui

166 5487 256 5561 est,
290 5487 394 5549 etc.
433 5494 498 5546 Et
528 5492 771 5558 sequenti
805 5502 984 5542 versu.
1022 5489 1178 5541 Rom.
1221 5489 1376 5551 etlit.,
1405 5488 1615 5540 subtilia
1653 5487 1759 5539 dis-

168 5576 432 5636 putantes;
475 5563 570 5617 sed
623 5571 998 5636 prmlerquatn
1041 5561 1405 5636 quodAcuncti
1442 5567 1762 5636 mss._a_tque

169 5630 298 5694 edit.
329 5647 436 5690 vet.
495 5636 698 5703 legunt,
730 5634 796 5685 de
845 5631 1126 5698 sacrilegiis
1181 5630 1520 5699 disputantes,
1552 5630 1765 5703 videtur

176 5729 276 5764 non
309 5707 454 5762 aliud
509 5701 591 5759 his
621 5704 802 5758 verbis
859 5703 1174 5772 signiﬁcari,
1202 5718 1359 5771 quam
1416 5703 1520 5756 illis
1571 5701 1769 5770 quibus

177 5781 436 5850 Origenes
465 5775 703 5850 gentiles
725 5773 953 5850 inducit,
979 5773 1203 5850 diversas
1232 5785 1411 5829 contra
1456 5791 1507 5826 se
1556 5773 1767 5826 invicem

203 5871 248 5908 ut
259 5845 487 5922 pietates'
499 5845 780 5900 dialectica:
809 5845 940 5900 artis
954 5845 1184 5898 uersutiis
1200 5857 1504 5901 ostruentcs.

1849 3326 2048 3397 leprosi
2076 3322 2284 3377 macula
2308 3322 2486 3374 omnis
2513 3319 2801 3384 abscessit;
2828 3316 3005 3385 tetigit
3033 3327 3303 3369 caecorum
3327 3321 3458 3366 ocu-

1845 3423 1949 3486 los,
2000 3428 2056 3474 et
2105 3421 2351 3473 cmcitate
2381 3414 2609 3485 depulsa
2658 3413 2840 3466 lumen
2893 3409 3106 3464 refulsit
3145 3405 3450 3460 oculorum.

1845 3515 1975 3569 Pete
2001 3526 2131 3581 ergo
2160 3523 2375 3579 semper
2402 3514 2460 3562 ut
2501 3503 2864 3565 conﬁrmeris,
2910 3500 3176 3569 quoniam
3195 3506 3250 3552 et
3281 3496 3453 3564 tutqui

1844 3618 1976 3668 Stas,
2013 3603 2135 3657 vide
2177 3619 2244 3656 ne
2285 3600 2468 3656 cadas.
2503 3598 2612 3654 Nos
2655 3604 2807 3652 stare
2834 3595 3120 3657 debemus,
3153 3599 3211 3645 ut
3254 3589 3456 3645 contir-

1845 3711 2058 3752 memur
2083 3711 2110 3747 a
2139 3693 2388 3748 Domino.
2413 3692 2704 3746 Lubricutn
2746 3697 2830 3743 est
2876 3685 3158 3746 smculum,
3184 3684 3293 3737 cito
3321 3681 3456 3737 labit-

1849 3807 1990 3845 mur.
2021 3790 2148 3845 Ideo
2171 3802 2424 3858 rogemus
2444 3797 2499 3840 ut
2529 3800 2628 3840 nos
2650 3785 2914 3838 Dominus
2935 3781 3178 3836 stabilire
3219 3787 3279 3832 et'
3322 3791 3455 3832 con-

1847 3886 2063 3939 ﬁrmare
2099 3883 2370 3951 dignetur.

1921 3977 2008 4031 51.
2045 3975 2226 4042 (Vers.
2280 3975 2369 4038 18,
2416 3973 2529 4043 19.)
2560 3971 2678 4027 Noti
2724 3981 2912 4042 putare
2959 3970 3084 4039 quia
3114 3969 3265 4022 viam;
3306 3975 3452 4018 tuam

1853 4068 2058 4121 nesciat
2083 4067 2364 4120 Dominus.
2393 4066 2648 4135 Sijustus
2691 4078 2773 4129 es,
2818 4062 2987 4116 novit’.
3035 4060 3209 4115 Crede
3253 4056 3456 4112 dicenti

1852 4159 2135 4226 Propheta).
2168 4177 2181 4210 :
2216 4156 2376 4211 Novit
2416 4155 2671 4210 Dominus
2699 4167 2722 4194 ε
2755 4157 2864 4209 vias
2889 4155 3332 4208 immaculatorum
3360 4159 3464 4214 :‘er'

1851 4251 2124 4306 hereditas
2145 4266 2320 4305 eorum
2347 4251 2680 4304 immaculata
2701 4250 2814 4304 erit.
2849 4246 2972 4301 Non
2993 4245 3372 4316 confundantur
3397 4243 3453 4296 in

1851 4357 2080 4416 tempore
2104 4344 2260 4398 malo.
2302 4343 2404 4410 Qui
2430 4341 2578 4396 novit
2609 4341 2897 4396 Dominum
2937 4339 3107 4395 scitur
3136 4355 3176 4390 a~
3195 4338 3447 4392 homines

1851 4437 2011 4492 Novit
2051 4438 2245 4507 justus,
2297 4436 2472 4490 nescit
2515 4433 2787 4502 injustas;
2829 4431 2949 4486 ideo
3000 4431 3216 4500 injustis
3256 4429 3401 4484 dicet
3436 4441 3459 4480 τ’

1853 4531 2111 4587 Discedite
2135 4549 2168 4584 α
2183 4548 2281 4594 me,
2313 4547 2486 4585 omnes
2503 4531 2589 4600 qui
2608 4527 2894 4597 operamini
2917 4527 3266 4596 iniquitatem:
3283 4524 3470 4578 nescio;

1854 4645 1939 4682 vos
1970 4626 2184 4697 (Matth.
2212 4642 2306 4689 vn,
2351 4625 2446 4695 25)
2471 4641 2486 4689 ;
2521 4625 2620 4677 hoc
2649 4631 2754 4688 est,
2780 4623 2902 4690 quia
2935 4623 3066 4674 estis
3088 4619 3292 4687 indigni
3321 4632 3449 4686 cog-

1853 4725 2059 4776 ultione
2093 4722 2297 4774 divina.
2328 4719 2520 4774 Nescio
2550 4733 2678 4782 vos;
2706 4716 2830 4786 quia
2862 4721 2950 4769 me
2993 4716 3091 4784 ipsi
3116 4714 3327 4767 nescire
3357 4727 3452 4763 vo-

1850 4817 2048 4870 luistis.
2081 4812 2255 4883 Opera
2306 4821 2485 4865 vestra
2533 4825 2619 4865 me
2649 4809 2924 4872 nesciunt,
2976 4808 3113 4860 iacta
3159 4813 3334 4858 vestra
3365 4815 3451 4856 me

1852 4907 2134 4970 nesciunt;
2168 4905 2266 4958 etsi
2321 4904 2547 4968 dicatis,
2605 4903 2728 4972 quia
2780 4915 2868 4955 me
2920 4898 3088 4963 scitis,
3122 4896 3453 4964 redarguunt

1854 5015 1948 5054 vos
1977 5009 2192 5066 peccata
2221 5005 2420 5052 vestra.
2451 4996 2630 5051 Omne
2676 5002 2954 5065 peccatum
2983 5006 3010 5043 a
3043 4989 3184 5044 malo
3213 4996 3296 5042 est
3321 5005 3332 5039 :
3358 4987 3447 5058 qui

1935 5202 1958 5229 °
1989 5201 2080 5256 Sic
2129 5199 2308 5253 versio
2355 5198 2516 5251 Arab.
2550 5206 2604 5250 et
2634 5191 2776 5248 LXX
2810 5192 3006 5257 interp.
3033 5202 3154 5242 cum
3177 5184 3471 5242 Psalteriis’

1862 5273 2065 5341 aliquot
2090 5271 2280 5325 Gallic.
2310 5269 2509 5324 Textus
2540 5276 2716 5341 autem
2745 5263 2933 5341 H_ebr.,
2966 5261 3226 5341 Parapltr.
3258 5258 3450 5341 Chal-tl.

1860 5354 1914 5398 et
1942 5331 2119 5416 versit)
2142 5345 2263 5412 Syr.
2306 5359 2425 5396 cum
2455 5338 2754 5416 Vttlg._Lat.
2787 5337 2992 5416 legunt,
3023 5331 3457 5416 dies-immacula-

1864 5424 2053 5468 torum:
2080 5403 2422 5484 Quapropter
2450 5403 2592 5484 quod
2617 5403 2932 5484 Ambrosius
2972 5403 3104 5484 infra
3138 5409 3368 5484 testatur
3388 5417 3456 5484 se

1863 5503 1923 5541 se
1952 5489 2002 5541 in
2035 5473 2226 5542 (ἶιῖιεςὸ
2254 5473 2547 5551 eiictnplari
2579 5474 2982 5551 haneultimam
3037 5474 3320 5525 lectionem
3347 5473 3464 5551 ρὺο-

1866 5573 2138 5621 serx'asse,
2163 5575 2284 5611 eum
2338 5543 2740 5622 ad'Sytnmacbi
2794 5545 3098 5622 versionem
3129 5543 3453 5622 respexisse

1866 5613 2278 5683 crediderimus.
2306 5627 2454 5693 Quod
2475 5613 2609 5675 'vcro
2639 5619 2770 5671 edit.
2802 5618 3099 5693 _l{0_m..pro,
3123 5613 3454 5693 immaculata

1874 5703 1990 5762 erit,
2016 5683 2348 5762 correxerat:
2378 5699 2430 5748 in
2478 5703 2720 5746 calamum
2742 5689 2856 5749 erit,
2884 5688 2934 5762 in
2958 5685 3064 5762 hoc
3088 5683 3306 5762 quidem
3337 5699 3455 5737 om-

1879 5754 2213 5826 uesvcodices
2256 5754 2440 5821 sacros
2486 5765 2892 5833 patrocinantes
2923 5758 3105 5833 habet,
3139 5754 3232 5808 sed
3262 5769 3292 5806 e
3315 5768 3450 5808 con-

1880 5846 2045 5897 trario
2074 5854 2263 5897 omnes
2290 5827 2632 5894 Ambrfedit.
2664 5847 2726 5888 ac
2749 5844 2879 5887 mss.
2910 5827 3287 5883 reclmsntes.
