4048 6388
502 274 608 332 985

1853 261 2098 320 SANCTI
2129 257 2452 320 AMBROSII

3709 249 3838 308 οδι

499 399 684 446 autem
731 403 838 444 non
877 397 1086 460 peccat,
1117 387 1172 442 in
1203 401 1292 442 me
1315 395 1520 454 manet,
1551 385 1656 440 hoc
1695 381 1914 452 scripsit
1937 379 2102 436 Joan-
2127 377 2182 442 Α
2206 375 2302 434 sed
2357 375 2740 446 occupationes
2810 373 3254 446 occupationibus
3299 387 3412 430 non
3473 371 3836 428 inseramus.

503 501 604 542 nes
643 487 688 558 (Ι
727 483 882 540 Joan.
903 499 986 552 tn,
1011 483 1092 554 6).
1121 481 1260 550 Quid
1289 481 1360 536 de
1377 479 1612 536 Domino
1631 477 1830 544 dicam,
1851 474 1976 546 quia
2003 473 2098 528 de-

505 579 758 650 dignatur
779 578 1002 648 impium
1025 575 1200 630 scire?
1221 575 1422 630 Paulus
1447 571 1788 640 dedignatur,
1811 569 1902 638 qui
1926 565 2094 620 dixit:

509 673 572 728 Si
599 675 710 740 quis
737 673 792 726 in
811 671 952 726 nobis
983 671 1234 740 propheta
1281 677 1376 732 est,
1419 677 1506 722 aut
1535 665 1804 738 spiritalis,
1831 668 2100 732 cognoscat

503 783 618 832 qaut:
635 767 800 822 scribo
829 765 972 820 vobis
989 781 1008 820 :
1029 767 1118 836 qui
1141 775 1312 818 autem
1333 759 1891 834 ignorat,ignorabitur
1911 757 1954 826 (l
1977 755 2096 812 Cor.

501 875 614 926 xw,
645 861 712 916 57
733 869 782 914 et
807 859 918 928 58).
949 859 1110 930 792
1143 857 1212 912 Et
1241 857 1367 911 alibi
1413 855 1674 924 scriptum
1705 863 1790 908 est
1817 865 1834 906 :
1858 849 2102 920 Cognovit

501 953 758 1008 Dominus
789 953 876 1024 qui
923 963 1042 1006 sunt
1091 955 1204 1024 ejus
1233 950 1300 1024 (Il
1335 949 1466 1004 Tim.
1495 965 1552 1012 tt,
1603 945 1718 1018 19).
1749 945 1928 1000 Simus
1973 957 2102 1012 ergo

501 1047 742 1112 Domini,
769 1055 830 1100 ut
871 1055 1164 1116 cognoscat
1205 1057 1307 1098 nos
1339 1043 1622 1104 Dominus,
1649 1049 1706 1094 et
1757 1036 1998 1094 discedat
2035 1035 2104 1090 ab

499 1141 788 1208 iniquitate
815 1139 994 1192 omnis
1015 1139 1106 1206 qui
1131 1136 1378 1190 nominat
1407 1149 1602 1188 nomen
1627 1131 1865 1188 Domini.

575 1232 664 1286 52.
693 1231 914 1288 Graecus
945 1231 1148 1286 habet:
1175 1227 1334 1282 Nouit
1359 1227 1616 1280 Dominus
1655 1225 1764 1278 dies
1799 1221 2106 1276 immacula-

503 1335 690 1380 torum.
721 1323 858 1380 Sunt
885 1323 1032 1378 enim
1073 1321 1192 1376 dies
1239 1319 1406 1380 Elim,
1431 1329 1558 1374 sunt
1603 1317 1722 1372 dies
1753 1315 2108 1370 Nabuchodo-

501 1433 706 1482 nosor;
765 1417 886 1472 ideo
943 1416 1298 1484 Evangelium
1349 1413 1556 1468 habet:
1589 1409 1656 1466 In
1695 1412 1874 1464 diebus
1931 1407 2102 1474 Elite,

499 1511 708 1580 quando
735 1509 972 1564 clausum
1017 1517 1092 1562 est
1145 1507 1328 1562 coelum
1377 1505 1528 1576 (Luc.
1577 1521 1646 1569 tv,
1681 1503 1798 1574 25).
1829 1503 1948 1558 Nox
1989 1509 2108 1556 erat

501 1602 748 1672 perﬁdis,
777 1602 874 1658 sed
905 1603 1036 1658 Elite
1061 1603 1244 1656 lumen
1277 1609 1422 1664 erat;
1447 1599 1688 1652 clausum
1731 1607 1850 1652 erat
1889 1595 2108 1666 perﬁdis

449 1769 460 1776 ί
499 1695 724 1760 ctelum,
765 1695 860 1748 sed
895 1695 1026 1750 Elia:
1067 1693 1324 1764 patebat;
1375 1691 1546 1746 fames
1597 1699 1714 1746 erat
1745 1691 1982 1760 perﬁdis,
2015 1689 2108 1744 sed

2273 469 2362 526 35.
2399 468 2556 524 Nouit
2589 467 2849 524 Dominus
2897 469 3004 522 dies
3053 465 3528 530 immaculatorum,
3553 462 3690 534 quia
3721 461 3844 516 im-

2205 565 2486 620 maculata:
2511 563 2836 620 innocentia:
2879 561 3050 634 gratia
3097 561 3216 632 ejus
3243 569 3298 616 et
3325 559 3618 630 plenitudo
3649 557 3844 612 mise-

2203 667 2384 724 retur,
2439 673 2546 712 non
2599 657 2888 712 miseretur
2937 657 3262 712 errantibus.
3321 655 3412 710 lsti
3461 669 3572 710 non
3611 651 3848 706 habent

2203 749 2370 816 diem,
2403 751 2528 820 quia
2553 751 2728 806 lucem
2757 749 2986 822 fugiunt,
3017 749 3084 804 de
3103 749 3302 820 quibus
3345 745 3578 818 pulchre
3613 744 3846 798 dictum

2205 854 2290 900 est
2317 863 2332 898 :
2361 843 2484 898 Dies
2515 861 2692 900 eorum
2733 846 2864 900 sicut
2891 845 3076 900 umbra
3119 853 3422 912 prmtereuut
3453 843 3472 910 (
3483 843 3582 898 Ps.
3633 855 3848 904 exuti,

2207 937 2288 1008 4).
2317 935 2566 1008 Coguitio
2597 953 2728 1008 ergo
2753 937 2870 1002 Dei,
2897 937 3226 1008 dignationis
3267 945 3370 1000 est,
3421 949 3532 990 non
3561 933 3850 988 visionis.

2207 1031 2362 1086 Oculi
2387 1033 2508 1100 ejus
2529 1033 2620 1088 lux
2665 1041 2792 1086 sunt
2819 1049 2832 1086 :
2857 1047 2994 1102 quos
3023 1031 3242 1102 aspicit,
3271 1029 3540 1086 illuminat
3571 1045 3588 1092 ;
3619 1039 3684 1083 et
3709 1027 3854 1082 ideo

2209 1123 2352 1180 oculi
2379 1125 2519 1196 ejus,
2547 1125 2664 1180 dies
2685 1127 2952 1195 iustorum
2979 1137 3124 1180 sunt.
3483 1179 3502 1198 ρ

2283 1221 2374 1278 54.
2399 1221 2554 1278 Unde
2579 1231 2628 1276 et
2647 1223 2925 1278 hmreditas
2951 1240 3128 1278 eorum
3157 1226 3212 1278 in
3237 1233 3486 1279 internum
3517 1223 3618 1278 erit
3647 1240 3676 1290 ;
3705 1223 3856 1292 quia

2211 1325 2414 1370 attenta
2439 1317 2602 1382 bona,
2635 1331 2742 1370 non
2772 1317 3096 1387 temporalis
3127 1317 3461 1374 hmreditatis
3489 1315 3856 1388 compendia

2213 1409 2376 1482 793
2401 1411 2756 1480 qumsieruut.
2791 1411 2860 1466 Et
2887 1427 2994 1466 non
3045 1409 3320 1466 habebunt
3343 1409 3412 1466 de
3439 1427 3548 1480 quo
3593 1411 3860 1466 erubes-

2213 1511 2360 1571 cant,
2381 1505 2434 1558 in
2461 1515 2686 1576 tempore
2715 1507 2873 1570 malo,
2909 1505 2964 1562 id
3007 1515 3114 1570 est,
3140 1505 3328 1576 judicii
3355 1507 3600 1562 cmlestis
3633 1523 3652 1559 :
3709 1515 3768 1558 et
3793 1507 3854 1558 in

2216 1599 2394 1652 diebus
2417 1601 2566 1672 [amis
2593 1601 2965 1660 saturabuntur
2987 1617 3008 1666 ,°
3037 1601 3162 1670 quia
3189 1617 3294 1654 non
3311 1603 3366 1654 in
3391 1601 3500 1656 solo
3543 1617 3690 1670 parte
3723 1599 3856 1652 uiuit

2217 1693 2390 1756 homo,
2421 1695 2512 1748 sed
2541 1695 2596 1748 in
2621 1697 2760 1750 omni
2787 1695 2938 1750 verba
2961 1693 3060 1750 Dei
3093 1695 3310 1764 (Matth.
3339 1711 3414 1760 tv,
3451 1695 3532 1766 ii).
3561 1693 3678 1750 Sed
3709 1695 3852 1765 quis

501 1787 640 1844 Elite
655 1789 874 1844 ubertas
895 1803 1104 1858 meque
1125 1789 1272 1842 enim
1297 1785 1504 1840 esurire
1527 1793 1760 1855 poterat,
1777 1783 1862 1838 cui
1885 1783 2062 1838 cibum
2083 1791 2109 1818 ει

2231 1787 2426 1842 temo?
2453 1787 2578 1840 Scio
2601 1787 2862 1842 hominem
2899 1789 2952 1842 iu
2977 1787 3182 1844 Christo
3225 1797 3344 1844 ante
3367 1804 3536 1842 annos
3577 1799 3846 1858 quatuor—

503 1881 752 1938 cmlestia
799 1881 1212 1944 ministrabant;
1243 1893 1344 1934 nec
1370 1877 1666 1942 esuriebat,
1697 1875 1788 1946 qui
1827 1875 1962 1928 alios
1995 1873 2112 1943 ipse

503 1973 780 2044 pascebat.
818 1973 959 2042 Ergo
987 1973 1090 2026 sibi
1113 1973 1230 2028 dies
1255 1979 1340 2026 est
1377 1969 1554 2040 justus
1601 1971 1654 2022 in
1681 1967 1959 2032 tenebris;
1989 1965 2110 2036 quia

503 2077 562 2124 et
591 2070 684 2124 lux
713 2069 762 2122 in
795 2067 1036 2122 tenebris
1065 2067 1228 2122 lucet.
1283 2065 1352 2118 Et
1395 2063 1596 2134 Joseph
1625 2063 1678 2118 in
1709 2061 1946 2134 Egypto
1973 2073 2110 2126 erat,

503 2173 560 2218 et
607 2163 822 2218 lucebat
849 2163 898 2218 ei
951 2161 1244 2226 meridies;
1273 2159 1416 2216 sicut
1441 2157 1580 2214 infra
1629 2157 1802 2214 dixit:
1841 2155 2114 2212 Peccatori

505 2265 676 2310 autem
707 2256 840 2312 dixit
862 2255 1000 2310 Deus
1027 2271 1046 2310 :
1071 2271 1232 2324 quare
1255 2263 1310 2308 tu
1333 2269 1546 2308 enarras
1563 2251 1796 2326 justitias
1823 2267 1960 2304 meas
1993 2249 2110 2324 (Ps.

505 2363 654 2412 nix,
687 2347 822 2420 16)?
849 2347 1066 2402 iustitia
1103 2347 1282 2402 lumen
1309 2355 1414 2412 est,
1453 2345 1578 2415 quia
1629 2357 1792 2414 supra
1817 2341 1983 2398 babes
2009 2357 2022 2394 :
2049 2339 2116 2394 Et

505 2443 684 2496 educet
711 2443 842 2494 sicut
869 2441 1046 2494 lumen
1065 2439 1330 2512 justitiam
1355 2447 1500 2492 tuam
1531 2435 1644 2508 (Ps.
1683 2451 1866 2500 ιιιιιινι,
1895 2433 1974 2504 6).
2005 2433 2114 2488 Ha-

507 2534 606 2590 bes
653 2549 784 2602 ergo
829 2535 972 2602 quod
1003 2531 1060 2586 in
1089 2541 1142 2586 te
1195 2533 1400 2592 luceat,
1455 2531 1500 2584 si
1529 2529 1794 2598 justitiam
1847 2523 2114 2596 sequaris.

511 2625 778 2694 Splendet
821 2623 916 2677 tibi
947 2621 1086 2689 dies,
1125 2623 1272 2678 lucet
1299 2621 1398 2678 tibi
1423 2635 1528 2676 nox
1553 2635 1568 2686 ;
1593 2619 1719 2690 quia
1751 2617 1896 2672 ﬁdeli
1921 2627 1976 2672 et
2003 2633 2116 2672 uox

509 2721 652 2772 sicut
705 2715 824 2772 dies
874 2715 1290 2770 illuminabitur.
1321 2715 1446 2770 Dies
1477 2713 1640 2784 igitur
1661 2713 1790 2782 justi
1823 2712 1978 2766 novit
2015 2711 2122 2766 Do-

513 2813 720 2876 minus,
747 2809 874 2882 quia
905 2811 1022 2879 ipse
1043 2810 1304 2864 illuminat
1325 2825 1526 2864 omnem
1555 2808 1814 2862 hominem
1837 2807 2120 2862 venientem

511 2906 566 2958 in
593 2907 732 2960 hunc
761 2903 1012 2958 mundum
1057 2901 1236 2976 (Joan.
1259 2919 1300 2968 ι,
1323 2901 1404 2974 9),
1433 2903 1535 2958 hoc
1597 2909 1702 2968 est,
1755 2901 1902 2956 illum
1927 2900 2020 2972 qui
2049 2901 2120 2956 ad

513 2997 804 3068 imaginem
855 3007 912 3054 et
940 2997 1354 3054 similitudinem
1413 2997 1510 3054 Dei
1539 2997 1706 3062 vivit;
1754 2997 1904 3052 illum
1937 2995 2028 3068 qui
2059 3011 2120 3064 se

515 3089 792 3146 hominem
821 3105 944 3146 esse
967 3091 1270 3160 cognoscit,
1299 3098 1360 3144 ut
1403 3089 1912 3160 refugiatequorum
1947 3087 2122 3144 libidi-

517 3197 642 3237 nem
689 3181 1122 3248 adhinnientem,
1149 3183 1384 3238 ferarum
1429 3181 1658 3246 rabiem,
1717 3179 2118 3250 lepusculorum
2149 3179 2195 3242 C

513 3279 884 3344 formidinem,
944 3277 1186 3348 vulpium
1237 3275 1504 3344 fraudem,
1533 3277 1772 3346 rapinam
1823 3277 2118 3346 luporum;

517 3371 668 3428 illum
693 3373 968 3428 hominem
999 3373 1092 3442 qui
1117 3371 1197 3425 sic
1223 3372 1354 3440 agit,
1401 3371 1558 3440 quasi
1597 3370 1653 3424 in
1685 3371 1830 3426 hunc
1861 3370 2120 3426 mundum

518 3463 894 3534 supervenerit
925 3480 940 3528 ;
967 3464 1060 3534 qui
1089 3477 1196 3518 non
1241 3477 1306 3516 ex
1333 3462 1616 3532 sanguine,
1643 3477 1818 3532 neque
1847 3476 1912 3516 es
1935 3461 2122 3516 volun-

519 3567 632 3612 tate
659 3557 862 3620 carnis,
893 3557 988 3612 sed
1017 3571 1086 3610 ex
1121 3557 1232 3610 Deo
1259 3565 1416 3610 natus
1469 3557 1558 3609 sit.
1589 3555 1796 3610 Venisti
1835 3571 1988 3626 ergo,
2013 3557 2122 3610 noli

519 3663 828 3716 remanere,
877 3647 988 3702 noli
1037 3645 1320 3704 adhatrere
1379 3649 1630 3702 terrenis.
1659 3647 1726 3704 Ut
1773 3648 1914 3704 scias
1941 3657 2122 3704 autem

521 3741 644 3812 quia
665 3739 782 3796 dies
813 3741 940 3794 boui
961 3749 1108 3808 sunt,
1137 3741 1260 3796 audi
1283 3741 1556 3796 dicentem
1587 3759 1598 3794 :
1629 3741 1958 3796 Abraham...
1991 3743 2124 3796 diem

523 3851 694 3888 nteant
723 3833 870 3898 vidit,
901 3843 948 3888 et
977 3835 1180 3904 gavisus
1201 3845 1276 3888 est
1304 3831 1486 3906 (Jonn.
1511 3849 1626 3900 vm,
1657 3833 1772 3906 56).
1805 3835 2010 3890 Bonum
2035 3833 2130 3890 Ita-

527 3931 620 3986 bet
649 3929 814 3992 diem,
837 3931 932 4000 qui
965 3931 1060 3986 Dei
1083 3929 1284 3986 Filium
1317 3929 1516 3986 bonum
1545 3929 1716 3986 Deum
1739 3931 1908 3996 novit,
1937 3941 1990 3986 et
2017 3931 2128 3986 Do-

527 4025 732 4078 minum
762 4023 1072 4080 conﬁtetur.
1119 4024 1188 4080 Et
1225 4039 1416 4080 rursus
1467 4025 1584 4094 ipse
1625 4039 1724 4078 nos
1757 4023 2012 4080 admonet
2035 4040 2128 4080 ca-

527 4131 656 4172 vere
681 4117 902 4184 debere,
931 4118 1054 4188 quia
1081 4117 1194 4172 dies
1227 4117 1354 4172 mali
1399 4127 1520 4172 sunt
1545 4115 1764 4190 (Ephes.
1797 4133 1850 4182 v,
1880 4117 1994 4188 ib).
2027 4117 2130 4184 Qui

529 4210 660 4264 mali
685 4219 812 4266 sunt
835 4209 988 4266 dies?
1009 4211 1066 4264 In
1091 4210 1288 4280 quibus
1317 4211 1506 4280 utique
1533 4211 1730 4264 malum
1757 4211 2130 4278 cognoscitur,

528 4301 674 4372 quod
720 4311 858 4358 esta
909 4303 1204 4358 malo.Aut
1241 4301 1384 4358 forte
1431 4305 1548 4358 dies
1597 4303 1784 4360 saeculi
1811 4303 1938 4358 mali
1963 4311 2130 4368 sunt;

529 4397 654 4466 quia
703 4395 1038 4450 smottltlmin
1093 4396 1328 4466 maligno
1377 4398 1612 4466 positum
1639 4405 1744 4452 est.
1775 4397 1882 4452 Sed
1905 4397 2134 4468 legimus

531 4491 694 4547 etiam
723 4499 848 4560 post
869 4489 1126 4544 steculum
1165 4489 1308 4546 diem
1341 4489 1579 4544 malum:
1617 4487 1678 4542 In
1715 4489 1798 4542 die
1833 4489 2138 4558 malaglibe—

2217 1881 2380 1934 decim
2407 1880 2536 1950 (sive
2555 1881 2612 1932 in
2629 1897 2848 1950 corpore
2875 1882 3066 1946 nescio,
3101 1881 3206 1934 sive
3223 1891 3368 1936 extra
3397 1897 3614 1952 corpus,
3633 1881 3832 1944 nescio.

2217 1971 2359 2024 Deus
2385 1971 2504 2042 scit)
2547 1982 2752 2040 raptum
2781 1973 3038 2042 ejusmodi
3089 1989 3248 2042 usque
3285 1973 3354 2026 ad
3381 1973 3594 2026 tertium
3643 1975 3828 2026 minus

2217 2061 2284 2136 (ll
2313 2062 2432 2116 Cor.
2467 2079 2560 2132 xit,
2587 2064 2668 2134 2).
2695 2063 2788 2118 Ille
2831 2081 2962 2136 ergo
3017 2063 3182 2120 homo
3211 2067 3300 2136 qui
3347 2065 3402 2120 in
3440 2063 3672 2120 Christo
3723 2075 3836 2130 est,

2218 2158 2392 2228 quise
2421 2159 2474 2213 in
2489 2173 2654 2214 carne
2673 2173 2926 2216 essenon
2959 2163 3128 2224 novit,
3171 2161 3261 2232 qui
3307 2177 3412 2216 non
3439 2159 3494 2214 in
3519 2176 3694 2216 carne
3723 2175 3844 2214 am-

2219 2249 2390 2314 bulat,
2419 2251 2514 2306 sed
2547 2251 2600 2306 iu
2643 2253 2876 2324 spiritu;
2909 2253 3002 2308 ille
3027 2254 3120 2324 qui
3167 2255 3376 2322 rapitur
3403 2267 3514 2308 non
3549 2253 3746 2308 solum
3775 2255 3846 2308 ad

2221 2345 2440 2414 caelum,
2471 2345 2566 2402 sed
2603 2349 2768 2402 etiam
2808 2347 2876 2402 ad
2905 2347 3124 2403 tertium
3149 2349 3374 2414 caelum,
3401 2349 3620 2418 rapitur
3639 2347 3712 2402 ad
3745 2365 3844 2418 pa-

2223 2442 2482 2508 radisum,
2511 2451 2566 2498 et
2591 2441 2742 2496 audit
2767 2457 2964 2498 arcana
3001 2443 3162 2498 verba
3189 2457 3312 2512 qua:
3333 2457 3442 2498 non
3473 2443 3606 2497 licet
3625 2441 3844 2496 homini

2221 2535 2406 2606 loqui;
2431 2533 2524 2605 qui
2545 2549 2650 2590 non
2671 2535 2724 2588 in
2751 2535 3040 2590 virtutibus
3061 2535 3196 2602 suis,
3216 2533 3310 2590 sed
3343 2535 3394 2588 in
3417 2535 3844 2590 inﬁrmitatibus

2221 2631 2484 2704 gloriatur
2517 2647 2531 2684 :
2563 2629 2680 2700 ipse
2701 2643 2808 2684 non
2837 2629 2894 2684 in
2937 2629 3058 2685 solo
3087 2643 3246 2700 pane,
3273 2625 3368 2684 sed
3397 2627 3450 2682 in
3481 2629 3638 2682 omni
3669 2627 3836 2682 verba

2223 2723 2318 2776 Dei
2351 2721 2503 2776 vivit.
2539 2720 2772 2776 Verbum
2831 2721 2974 2774 enim
3021 2719 3117 2776 Dei
3159 2721 3268 2774 vita
3297 2727 3402 2786 est,
3443 2719 3576 2790 quia
3613 2717 3844 2773 Verbum

2225 2831 2346 2868 caro
2395 2813 2592 2884 factum
2639 2823 2732 2868 est.
2791 2813 2946 2870 Unde
2969 2815 3230 2882 praeclare
3257 2812 3396 2868 dixit
3441 2813 3840 2884 Evangelista:

2229 2909 2380 2976 Quod
2407 2911 2600 2980 factum
2627 2919 2700 2964 est
2722 2909 2778 2962 in
2799 2909 2936 2978 ipso,
2963 2911 3070 2962 uita
3093 2919 3170 2962 est
3195 2907 3376 2980 (Joan.
3411 2925 3451 2974 I,
3475 2907 3596 2976 M).

2297 3005 2448 3072 55.30
2483 3001 2834 3058 Alexandrini
2867 3001 3084 3072 quidem
3103 2999 3414 3072 etIEgyptii
3447 3001 3640 3072 legunt
3663 3019 3680 3054 :
3713 3001 3844 3056 Om.

2227 3098 2314 3150 nia
2345 3113 2432 3166 per
2453 3097 2626 3169 ipsum
2649 3097 2788 3166 facta
2817 3105 2938 3150 sunt
2963 3137 2979 3160 ,
3009 3105 3058 3150 et
3089 3096 3200 3150 sine
3233 3096 3348 3164 ipso
3377 3099 3578 3166 factum
3601 3107 3680 3151 est
3707 3097 3842 3150 nihil

2225 3191 2363 3264 quod
2393 3197 2588 3262 factum
2617 3201 2688 3245 est
2721 3189 2918 3264 (Ibid.,
2941 3191 2974 3246 5
2997 3190 3014 3260 )
3041 3207 3055 3256 ;
3087 3201 3140 3244 et
3169 3191 3490 3260 interposita
3519 3189 3838 3247 distinctio-

2229 3301 2296 3340 ne
2327 3285 2656 3356 snhjiciunt:
2703 3283 2772 3338 In
2799 3285 2914 3352 ipso
2929 3285 3032 3338 vita
3057 3293 3132 3338 est
3164 3281 3342 3356 (Ibid.
3371 3323 3388 3346 ,
3417 3283 3450 3338 5
3475 3283 3518 3356 ).
3565 3283 3726 3339 Salva
3767 3285 3838 3338 sit

2227 3379 2478 3434 ﬁdelibus
2507 3378 2596 3432 illa
2623 3378 2934 3432 distinctio:
2961 3389 3062 3446 ego
3089 3391 3198 3430 non
3221 3391 3412 3430 vereor
3439 3375 3652 3447 legere:
3681 3377 3832 3442 Quod

2227 3473 2422 3542 factum
2443 3479 2516 3524 est
2543 3471 2598 3522 in
2619 3471 2754 3538 ipso,
2783 3470 2884 3522 vita
2913 3479 3022 3533 est;
3053 3479 3106 3522 et
3137 3467 3270 3522 nihil
3299 3467 3468 3522 habet
3487 3469 3628 3539 quod
3647 3475 3818 3522 teneat

2227 3563 2483 3630 Arianus,
2515 3563 2640 3634 quia
2673 3577 2778 3618 non
2801 3563 2945 3616 illius
2983 3577 3190 3616 venena
3221 3562 3549 3626 considero,
3577 3559 3666 3616 sed
3703 3561 3822 3615 lec-

2229 3657 2392 3710 tionis
2439 3671 2612 3712 sacra:
2654 3653 3102 3710 consuetudinem
3129 3669 3488 3726 recognosco.
3538 3653 3652 3710 Non
3677 3651 3836 3708 enim

2229 3747 2368 3802 dixit
2403 3763 2416 3800 :
2468 3747 2694 3802 Factum
2735 3757 2820 3802 est
2857 3745 3106 3802 Verbum
3137 3757 3266 3802 ante
3293 3761 3456 3800 oniue
3485 3745 3836 3816 principium.

2231 3839 2346 3894 Non
2375 3839 2552 3894 dixit:
2583 3837 2808 3894 Factum
2837 3846 2924 3894 est
2957 3837 3188 3893 Verbum
3215 3853 3232 3903 ;
3263 3837 3358 3893 sed
3393 3837 3438 3892 si
3465 3839 3616 3906 quod
3643 3837 3840 3894 dixerit

2231 3933 2420 3988 audire
2457 3931 2775 3988 desideras:
2811 3931 3072 3998 Verbum,
3099 3931 3304 4002 inquit,
3337 3941 3444 3986 erat
3471 3933 3620 4002 apud
3651 3929 3836 3986 Deum.

2233 4026 2362 4082 Erat
2391 4027 2535 4096 apud
2565 4025 2734 4080 Deum
2753 4065 2768 4090 ,
2815 4023 2958 4094 quod
3003 4039 3124 4078 cum
3163 4025 3282 4094 ipso
3311 4025 3644 4094 operabatur
3665 4067 3684 4094 ,
3721 4040 3832 4080 cum

2235 4121 2354 4188 ipso
2379 4117 2777 4174 dominabatur.
2821 4115 2940 4172 Non
2967 4114 3144 4170 dixit:
3191 4115 3414 4172 Factum
3453 4127 3542 4172 est
3571 4117 3828 4176 Verbum:

2235 4211 2330 4266 sed
2359 4211 2531 4266 dixit:
2565 4209 2704 4264 Deus
2742 4219 2850 4264 erat
2883 4209 3148 4264 Verbum:
3191 4211 3332 4266 Dens
3361 4219 3544 4266 autem
3585 4227 3698 4268 non
3739 4213 3840 4268 fac-

2235 4315 2378 4370 tura,
2411 4304 2504 4360 sed
2529 4305 2702 4360 factor
2723 4313 2808 4362 est
2837 4315 2890 4360 et
2911 4315 3148 4360 creator.
3179 4307 3344 4376 Aperi
3375 4321 3558 4374 aures,
3585 4319 3648 4363 et
3675 4309 3800 4364 audi
3827 4327 3840 4362 :

2241 4399 2431 4452 Omnia
2471 4415 2560 4468 per
2585 4399 2760 4468 ipsum
2793 4401 2930 4470 facta
2965 4407 3124 4464 sunt,
3165 4407 3212 4450 et
3254 4399 3364 4452 sine
3387 4399 3500 4470 ipso
3531 4405 3732 4472 factum
3773 4411 3844 4454 est

2239 4491 2388 4542 nihil.
2423 4489 2594 4544 Discis
2623 4503 2744 4544 esse
2771 4487 2990 4554 Filium,
3025 4491 3074 4544 in
3103 4503 3211 4559 quo
3259 4489 3554 4546 divinitatis
3595 4501 3682 4548 est
3721 4491 3844 4562 ple-

531 4583 668 4638 rabit
693 4597 810 4636 eum
839 4579 1094 4636 Dominus
1128 4579 1244 4648 (Ps.
1279 4597 1366 4646 XL,
1397 4583 1479 4652 ‘2),
1511 4581 1613 4634 hoc
1639 4589 1726 4636 est
1751 4623 1766 4646 ,
1793 4581 1844 4634 in
1875 4581 1966 4636 die
1989 4581 2132 4652 judi-
2157 4571 2210 4632 D
2237 4581 2469 4636 nitndo?
2495 4581 2662 4650 Aperi
2691 4595 2850 4636 aures
2879 4581 3058 4637 adhuc
3083 4583 3358 4651 paululum
3383 4625 3396 4648 ,
3431 4591 3486 4638 et
3513 4583 3640 4640 andi
3659 4583 3850 4640 dicen-

529 4677 624 4742 cii,
681 4675 822 4732 mala
871 4675 1088 4746 quidem
1117 4683 1340 4746 propter
1381 4675 1672 4730 multorum
1703 4673 1986 4744 supplicia.
2027 4673 2130 4730 Ne-

531 4783 690 4824 cesse
717 4777 802 4824 est
831 4769 976 4824 enim
1001 4777 1062 4822 ut
1097 4773 1451 4837 torqueantur
1478 4765 1682 4837 injusti,
1735 4767 2134 4836 compatiuntur

527 4863 706 4932 justi;
751 4863 880 4932 quia
924 4871 980 4918 et
1027 4862 1220 4932 Angeli
1259 4863 1536 4932 gaudent,
1587 4877 1710 4916 cum
1767 4871 2022 4932 peccator
2048 4861 2130 4918 ba

533 4965 712 5012 morte
731 4965 980 5012 servatur
1025 4969 1182 5010 unus.
1216 4953 1630 5026 Compatiuntur
1671 4957 1832 5024 igitur
1863 4971 1984 5010 cum
2041 4973 2136 5026 pu-

535 5051 682 5106 nitur
713 5067 728 5117 ;
755 5051 856 5106 etsi
903 5049 1032 5104 alibi
1083 5049 1374 5119 legerimus
1407 5067 1420 5102 :
1460 5047 1738 5102 Lmtabitur
1774 5052 1976 5120 justus,
2019 5067 2134 5102 cum

531 5143 716 5198 uiderit
745 5143 1020 5196 uindictam
1071 5141 1345 5214 impiorum
1389 5139 1510 5212 (Ps.
1545 5157 1674 5200 LVII.
1719 5141 1834 5208 11),
1865 5141 2006 5212 quod
2037 5157 2136 5196 suo

533 5239 660 5294 loco
681 5237 1058 5302 reservo;ctsi
1105 5233 1422 5306 frequenter
1470 5235 1707 5292 audieris
1757 5251 1854 5292 cur
1883 5237 2136 5300 laetetur;

611 5391 638 5418 τι
665 5379 924 5446 (Ιωιεειὶα,
955 5377 1004 5432 id
1051 5387 1154 5440 est,
1183 5377 1406 5450 angelus
1427 5385 1484 5432 et
1525 5377 1707 5444 corvi,
1763 5385 1820 5432 ut
1871 5377 2039 5434 habes
2097 5375 2142 5431 ll

537 5451 674 5524 Reg.
703 5469 836 5520 xvn,
871 5457 924 5518 b‘,
957 5463 1012 5506 et
1031 5467 1144 5516 XIX,
1169 5451 1222 5505 5.

609 5593 638 5630 δ
671 5593 770 5649 Ms.
799 5593 960 5664 Reg..
989 5612 1022 5648 α
1041 5603 1202 5648 morte
1227 5605 1477 5664 seruatur.
1507 5591 1691 5646 Justus
1720 5589 2034 5664 compatitur
2058 5589 2140 5642 in-

533 5667 682 5737 juste
709 5665 872 5734 igitur
887 5661 1014 5720 cum
1039 5667 1268 5734 punitur.
1297 5663 1394 5720 Ubi
1415 5681 1530 5737 vox_
1543 5667 1702 5734 igitur
1723 5661 1938 5737 videtur
1963 5675 2138 5716 trans-

545 5733 747 5809 positai
763 5747 818 5791 et
834 5737 1018 5792 inaute
1040 5733 1348 5809 compatitur
1371 5733 1716 5809 retrahenda.
1735 5733 1836 5788 Alii
1863 5741 2132 5809 quatuor:

541 5807 588 5863 Λ
613 5819 770 5862 morte
795 5819 1046 5876 servatur,
1069 5805 1166 5862 cui
1197 5809 1602 5876 compatiuntur.
1633 5805 1802 5874 Igitur
1825 5821 1942 5860 cum
1979 5805 2136 5876 puniat

2239 4685 2346 4728 tem
2373 4691 2386 4728 :
2423 4673 2573 4738 Quod
2595 4673 2796 4744 factum
2823 4685 2898 4728 est
2925 4677 2976 4728 in
3015 4675 3266 4744 ipso,uitn
3287 4687 3380 4730 est.
3405 4677 3462 4732 ln
3483 4677 3620 4748 ipso,
3645 4677 3846 4748 inquit,

2235 4767 2434 4822 factum
2465 4775 2549 4821 est
2575 4785 2588 4820 :
2613 4781 2722 4822 non
2751 4767 2846 4822 Dei
2875 4765 3112 4822 Verbum
3155 4767 3354 4824 factum
3383 4781 3486 4826 εει.
3537 4769 3646 4826 Aut
3667 4771 3714 4824 si
3739 4771 3850 4826 hoc

2239 4871 2422 4918 movet
2447 4869 2502 4916 te
2531 4861 2598 4916 ad
2627 4861 2948 4916 calumniam
2967 4905 2984 4924 ,
3025 4861 3150 4930 quia
3176 4863 3318 4920 dixit
3355 4883 3370 4920 :
3412 4865 3464 4920 in
3493 4865 3610 4936 ipso
3645 4866 3848 4922 factum

2237 4961 2357 5016 est;
2387 4953 2646 5024 numquid
2673 4961 2730 5008 et
2755 4955 2863 5008 Deo
2890 4953 3038 5008 Patri
3065 4955 3440 5022 calumniaris,
3473 4957 3598 5028 quia
3623 4957 3720 5012 Dei
3755 4957 3848 5014 Fi-

2243 5049 2348 5102 lius
2369 5047 2542 5104 dixit:
2571 5045 2673 5114 Qui
2697 5055 2868 5100 autem
2899 5047 3024 5114 facit
3049 5049 3312 5102 ueritatem
3339 5091 3354 5114 ,
3379 5050 3513 5106 venit
3535 5049 3606 5103 ad
3631 5051 3802 5104 lucem
3821 5069 3846 5118 ;

2244 5151 2300 5196 ut
2327 5141 2718 5212 manifesteutur
2759 5155 2918 5212 Opera
2941 5143 3054 5214 ejus
3077 5182 3094 5208 ,
3141 5139 3264 5210 quia
3307 5143 3362 5194 in
3409 5139 3518 5196 Deo
3553 5151 3670 5196 sunt
3707 5147 3848 5214 facta

2247 5233 2432 5302 (Jaan.
2460 5249 2538 5298 ιιι,
2567 5233 2630 5286 21
2641 5232 2700 5306 )?
2729 5233 2836 5286 Aut
2861 5233 2984 5302 quia
3013 5233 3178 5288 David
3203 5234 3338 5290 dixit
3365 5253 3380 5290 :
3413 5233 3707 5304 Conﬁtebor
3729 5235 3846 5298 tibi,

2251 5385 2335 5428 tur
2367 5371 2939 5446 peccatoricompatitur
2957 5375 3157 5446 justus,
3215 5375 3308 5426 etsi
3337 5371 3480 5440 alibi,
3517 5385 3624 5430 etc.
3647 5371 3848 5432 Cmteri

2249 5457 2306 5502 et
2325 5457 2534 5502 cunctae
2563 5445 2694 5500 edit.
2729 5445 2860 5498 utin
2887 5445 3060 5498 teittu.

2323 5530 2344 5556 τ
2389 5517 2562 5574 Graeci
2593 5531 2784 5590 omnes
2807 5558 2835 5590 ,ν
2857 5520 3056 5590 nedum
3085 5515 3440 5590 Alexandrini
3465 5559 3478 5580 ,
3503 5527 3582 5580 ,_et
3607 5519 3850 5590 Egyptii

2243 5589 2387 5644 hunc
2417 5591 2590 5644 Inculti
2619 5589 2804 5656 legunt
2827 5589 2878 5642 in
2913 5587 3052 5642 hunc
3083 5589 3332 5642 modum:
3383 5591 3554 5644 nam
3595 5590 3658 5646 δὲ’
3684 5587 3848 5646 inii-oi

2243 5665 2452 5736 ὲτγένεῖο.
2481 5663 2564 5714 καὶ
2579 5663 2746 5736 χωρὶς
2777 5661 2934 5716 αὐτοῦ
2957 5661 3150 5732 ἐγένετο
3175 5657 3287 5736 unde
3307 5657 3364 5736 iv
3385 5657 3412 5715 ὃ
3431 5664 3652 5736 γέγονεν.
3669 5663 3848 5718 Aliam

2243 5733 2370 5804 vero
2401 5733 2890 5804 inter-punctionem
2917 5735 3174 5786 exhibent
3201 5733 3392 5788 Latina
3419 5733 3848 5804 esetnplaria,et

2243 5803 2420 5860 Latini
2451 5803 2638 5858 Patres
2669 5801 2830 5872 vulgo
2856 5814 3178 5872 sequuntur.
