4042 6378
91 297 239 353 985

1220 297 1283 353 IN
1325 296 1656 356 PSALMUM
1695 298 1919 358 XXXVI
1961 301 2380 361 ENARRATIO.

3352 304 3457 363 986

90 412 407 485 Domine,
430 418 669 486 quoniam
696 417 950 474 exaudisti
974 432 1084 483 me,
1109 425 1156 471 et
1180 419 1345 487 factus
1367 431 1418 469 es
1442 414 1572 468 mihi
1590 415 1643 468 in
1670 433 1753 469 ιη-
1778 419 1831 478 Λ
1860 420 2029 474 omnia
2057 437 2148 492 per
2173 422 2343 490 ipsum
2371 432 2420 478 et
2446 422 2501 477 in
2528 423 2642 494 ipso
2669 432 2840 480 creata
2863 432 3003 493 sunt,
3033 434 3081 480 et
3101 422 3212 498 ipse
3237 432 3314 479 est
3343 433 3463 480 ante

88 509 301 567 tutem
339 512 511 588 (Psat.
536 529 705 585 cxvu,
726 513 820 585 21)
846 529 862 580 ;
910 512 1012 567 hoc
1050 520 1171 579 est,
1202 524 1504 566 conversus
1531 525 1590 564 es
1620 507 1751 563 mihi

91 601 166 657 in
207 607 506 671 salutem,
552 615 806 676 operatus
845 620 904 659 es
936 604 1065 659 mihi
1111 603 1175 658 ad
1208 602 1481 658 salutem?
1528 601 1747 679 Possem

93 696 260 754 aliis
299 702 406 765 uti,
435 700 527 754 sed
558 701 680 754 nolo
708 699 834 754 mihi
857 700 1085 765 credas;
1130 714 1197 754 ne
1226 706 1383 770 putes
1413 706 1440 734 ει
1465 713 1754 769 argumen—

100 798 165 842 ta
204 806 359 848 esse
386 793 606 865 ingenii,
643 808 746 846 non
774 792 1076 847 testimonia
1101 791 1362 847 veritatis.

192 886 312 941 '56.
350 886 469 959 Ipse
497 888 720 943 tonitrui
746 888 883 942 ﬁlius
904 931 918 953 ,
970 889 1084 959 ipse
1110 888 1199 955 qui
1231 887 1281 941 in
1305 884 1506 943 Christi
1536 897 1753 958 pectore

102 981 528 1043 recumbebat,
564 981 678 1050 ipse
707 980 790 1034 cui
819 990 1024 1034 secreta
1055 994 1149 1033 sua
1183 978 1446 1034 Dominus
1474 994 1582 1035 non
1612 991 1755 1035 lace-

108 1068 227 1125 bat
254 1113 277 1141 ,
316 1071 405 1127 cui
432 1073 623 1127 Petrus
653 1072 825 1126 innuit
851 1080 909 1125 ut
942 1071 1224 1125 Dominum
1258 1072 1615 1144 interrogaret
1640 1115 1654 1136 ,
1700 1080 1756 1128 et

108 1162 229 1219 ille
268 1165 646 1235 interrogavit,
675 1172 731 1219 et
758 1163 1015 1218 Dominus
1042 1164 1336 1231 revelavit;
1360 1165 1474 1235 ipse
1517 1175 1754 1234 exponat

108 1255 270 1324 quid
306 1256 537 1312 senserit
564 1256 631 1311 de
655 1271 722 1311 eo
748 1256 891 1326 quod
919 1254 1023 1310 ait:
1057 1256 1211 1325 Quod
1231 1261 1425 1327 factum
1449 1260 1593 1312 estin
1616 1259 1750 1327 ipso,

106 1348 237 1401 vita
270 1358 376 1404 est.
405 1347 543 1403 Audi
567 1364 695 1419 ergo
719 1350 1188 1421 interpretantem,
1218 1351 1339 1422 quia
1367 1359 1506 1415 tuas,
1530 1351 1749 1415 Ariaue,

105 1441 452 1497 calumnias
478 1445 589 1512 jam
617 1442 841 1498 cavebat
868 1460 881 1497 ξ
919 1443 1072 1510 Quod
1102 1452 1209 1497 erat
1238 1442 1301 1496 ab
1331 1443 1517 1507 initio;
1548 1454 1594 1497 et
1616 1442 1755 1512 quod

104 1533 474 1603 audivimus,
512 1545 560 1591 et
595 1537 813 1590 vidimus
839 1537 1001 1590 oculis
1044 1537 1278 1601 nostris;
1322 1536 1461 1606 quod
1491 1537 1756 1608 perspexi.

108 1641 279 1695 mus,
318 1638 366 1681 et
396 1646 576 1685 manus
607 1640 796 1684 nosth
824 1637 1063 1685 scrutata:
1087 1639 1205 1682 sunt
1231 1629 1293 1681 de
1330 1627 1495 1683 Verbo
1523 1630 1637 1683 vita:
1659 1672 1674 1694 ,
1707 1639 1759 1684 et

106 1721 234 1774 vita
296 1724 545 1793 apparuit
581 1720 828 1797 (IJoan.
860 1737 912 1788 ι,
948 1726 969 1777 1
1004 1726 1042 1794 ).
1091 1723 1232 1779 Caro
1281 1738 1411 1794 ergo
1441 1734 1522 1779 est
1552 1740 1673 1794 quae
1701 1726 1754 1779 in

1857 526 2055 579 omnes,
2084 524 2131 569 et
2150 514 2323 571 omnia
2346 516 2399 570 in
2425 517 2541 586 ipso
2569 525 2806 572 constant
2834 515 3054 592 (Colass.
3085 532 3123 583 ι,
3154 516 3224 575 16
3264 527 3311 572 et
3343 517 3457 589 I7),

1858 602 1962 658 hoc
1997 613 2080 659 est
2100 646 2115 673 ,
2146 606 2199 662 in
2225 599 2429 663 virtute
2457 607 2595 679 ejus.
2637 608 2812 665 Homo
2836 625 2966 682 ergo
2992 610 3045 665 in
3075 607 3295 665 Christo
3316 653 3332 676 ,
3367 611 3458 680 qui

1852 696 2028 752 factus
2058 707 2140 752 est
2167 698 2233 753 ad
2265 700 2554 771 imaginem
2586 700 2704 771 ejus
2726 711 2783 757 et
2801 703 3208 759 similitudinem
3236 719 3251 756 :
3294 701 3460 758 homo

1857 791 1911 845 in
1936 790 2171 857 Christo,
2203 794 2293 864 qui
2329 802 2473 850 totus
2503 796 2556 850 in
2586 792 2807 853 Christo
2836 797 2925 852 sit.
2953 795 3106 852 Sicut
3141 796 3286 852 enim
3314 796 3460 852 Deus

1855 900 1954 955 per
1983 884 2239 940 unitatem
2268 895 2323 941 et
2346 886 2738 957 plenitudinem
2787 888 3087 945 divinitatis
3116 889 3273 945 Pater
3315 891 3460 945 Deus

1856 988 2002 1035 totus
2029 979 2081 1034 in
2106 978 2246 1035 Filio
2275 989 2358 1037 est
2380 1024 2396 1048 ,
2426 991 2481 1039 et
2510 981 2679 1039 Filius
2709 985 2761 1039 in
2790 984 2985 1040 Patre:
3034 984 3108 1039 ita
3138 1000 3234 1055 per
3280 984 3460 1040 inten-

1859 1073 2061 1129 tionem
2099 1084 2155 1130 et
2194 1074 2411 1145 pietatis
2458 1076 2707 1133 allectum
2741 1077 2836 1152 (ιιι
2866 1079 3100 1150 exempli
3145 1079 3265 1135 vice
3289 1120 3305 1147 ,
3346 1093 3456 1135 non

1856 1169 2279 1239 Comparationis
2306 1170 2564 1243 utamur)
2592 1171 2752 1227 homo
2780 1180 2924 1231 totus
2970 1176 3024 1228 in
3067 1172 3284 1229 Christo
3329 1182 3452 1239 est;

1856 1262 1946 1333 qui
1976 1262 2118 1317 enim
2150 1262 2392 1319 adhaaret
2422 1264 2651 1320 Domino
2675 1306 2691 1330 ,
2722 1282 2861 1322 unus
2883 1266 3105 1337 Spiritus
3130 1276 3236 1323 est.
3279 1266 3458 1323 Homo

1857 1370 1987 1426 ergo
2015 1356 2066 1409 in
2092 1355 2310 1411 Christo
2342 1397 2357 1422 ,
2392 1372 2498 1413 non
2534 1356 2626 1412 ille
2653 1368 2919 1427 terrenus,
2946 1373 3054 1415 non
3086 1358 3176 1417 ille
3205 1360 3453 1430 peccati;

1856 1450 1952 1506 sed
1978 1452 2139 1505 homo
2166 1450 2387 1506 Christi.
2412 1450 2554 1518 Quid
2584 1466 2714 1524 ergo
2745 1463 2961 1508 movet:
2989 1452 3139 1520 Quod
3165 1458 3357 1526 factum
3381 1463 3457 1509 est

1855 1546 1910 1599 in
1936 1546 2050 1615 ipso
2076 1588 2090 1611 ,
2135 1546 2237 1600 vita
2265 1554 2342 1600 est
2372 1562 2391 1613 ;
2439 1546 2482 1600 si
2525 1554 2580 1601 et
2609 1544 2771 1601 homo
2800 1546 3070 1616 prtecipue
3096 1546 3321 1601 interior
3346 1587 3361 1614 ,
3397 1545 3452 1602 in

1858 1637 1976 1710 ipso
2007 1639 2176 1694 iactus
2204 1648 2305 1702 est,
2334 1641 2386 1693 in
2413 1640 2530 1710 ipso
2555 1639 2846 1695 cruciﬁxus
2872 1681 2886 1704 ,
2916 1639 2968 1693 in
2996 1640 3113 1704 ipso
3133 1650 3454 1705 renovatus,

1860 1733 1913 1786 in
1944 1733 2061 1802 ipso
2089 1731 2351 1801 sepultus,
2377 1740 2434 1786 et
2461 1746 2585 1787 cum
2610 1732 2727 1801 ipso
2751 1729 3126 1798 consepultus,
3149 1732 3203 1786 in
3228 1731 3346 1801 ipso
3370 1744 3460 1787 re-

109 1811 368 1870 Christo
397 1817 667 1885 apparuit,
698 1818 781 1872 vel
822 1817 1065 1871 Christus.
1095 1816 1146 1870 in
1176 1832 1374 1883 carne;
1419 1818 1534 1888 ipse
1563 1828 1745 1872 nostra
1776 1814 1822 1875 B
1851 1826 2189 1881 suscitatus?
2217 1826 2353 1895 Quid
2384 1837 2585 1892 movet,
2614 1834 2676 1881 ut
2712 1825 2820 1882 dixi
2847 1869 2861 1892 ,
2886 1827 3013 1899 quia
3041 1826 3298 1896 scriptum
3330 1832 3416 1881 est.
3443 1847 3457 1880 :

110 1910 172 1963 in
209 1908 485 1963 omnibus
513 1909 614 1963 vita
642 1920 744 1964 est.
785 1909 954 1977 Ipsius
981 1909 1237 1963 divinitas
1263 1952 1277 1976 ,
1309 1911 1412 1963 vita
1436 1918 1553 1974 est;
1586 1911 1754 1979 ipsius

114 2002 449 2067 mternitas,
482 2006 587 2054 vita
620 2008 739 2068 est;
771 2002 939 2072 ipsius
964 2016 1114 2069 caro,
1149 2002 1260 2054 vita
1287 2010 1371 2056 est
1401 2020 1415 2066 ;
1448 2002 1615 2071 ipsius
1636 2017 1757 2071 pas-

118 2098 236 2162 sio,
264 2097 383 2151 vita
415 2105 515 2151 est.
550 2096 704 2152 Unde
741 2105 795 2151 et
842 2096 1137 2152 Hieremias
1167 2097 1240 2151 ait
1267 2116 1279 2150 :
1331 2095 1399 2150 In
1435 2097 1618 2151 umbra
1643 2101 1756 2169 eius

123 2190 374 2244 vivemus
400 2186 613 2258 (T/tren.
641 2203 713 2254 tv,
743 2186 858 2261 '20).
894 2188 1095 2245 Umbra
1124 2189 1356 2251 alarum,
1382 2188 1547 2263 794
1567 2191 1757 2244 umbra

120 2285 327 2339 crucis
347 2326 362 2349 ,
393 2282 579 2338 umbra
608 2294 691 2339 est
719 2282 1004 2352 passionis.
1054 2281 1229 2354 Ipsius
1257 2299 1403 2338 mors
1424 2325 1440 2347 ,
1489 2288 1596 2338 vita
1632 2291 1716 2339 est
1743 2301 1755 2337 :

125 2377 321 2448 ipsius
350 2377 563 2442 vulnus,
597 2376 701 2429 vita
725 2385 807 2430 est
834 2395 847 2429 :
872 2376 1040 2445 ipsius
1071 2376 1289 2445 sanguis
1317 2417 1329 2439 ,
1363 2378 1467 2429 vita
1501 2384 1587 2430 est
1614 2394 1628 2430 :
1677 2362 1758 2446 ip?-

126 2472 254 2525 sius
291 2470 569 2540 sepultura
595 2512 608 2531 ,
646 2470 747 2522 vita
790 2479 873 2523 est
905 2487 917 2521 :
949 2469 1119 2540 ipsius
1154 2469 1628 2535 resurrecdo,vita
1677 2478 1762 2523 est

130 2564 553 2618 univerSnrum.
587 2561 683 2618 Vis
705 2563 845 2617 scire
866 2562 1117 2631 quoniam
1148 2576 1294 2617 mors
1321 2563 1490 2633 ipsius
1513 2563 1618 2617 vita
1643 2563 1759 2618 est?

133 2658 208 2712 In
244 2668 432 2720 morte,
467 2658 659 2727 inquit,
690 2657 852 2729 ipsius
886 2658 1127 2727 baptizuti
1157 2673 1334 2724 sumus
1368 2698 1380 2710 .
1420 2698 1431 2709 .
1472 2691 1484 2705 .
1521 2697 1534 2709 .
1564 2666 1620 2709 ut
1646 2673 1759 2711 cum

133 2756 264 2824 ipso
296 2756 353 2806 in
382 2752 600 2807 novitate
620 2751 735 2806 vita:
759 2752 1078 2808 ambulemus
1106 2751 1127 2819 (
1154 2752 1305 2807 Rom.
1337 2766 1391 2806 Vl
1415 2794 1431 2815 ,
1457 2751 1491 2803 ὅ
1518 2760 1566 2805 et
1595 2749 1761 2822 4).Et

134 2850 267 2918 ipse
290 2849 399 2901 ait:
424 2845 607 2911 Amen,
636 2861 783 2899 amen
808 2845 924 2898 dico
949 2845 1108 2907 vobis,
1138 2845 1237 2898 nisi
1265 2860 1485 2914 granum
1518 2843 1763 2914 frumenti

136 2940 343 2994 radens
372 2940 425 2992 in
449 2946 641 2992 terram
667 2940 943 3003 moriatur,
963 2938 1133 3009 ipsum
1160 2938 1326 2991 solum
1352 2946 1524 2989 manet
1550 2952 1570 3001 ;
1598 2935 1645 2988 si
1670 2951 1763 2988 au-

137 3046 251 3085 tem
284 3041 540 3085 mortuum
572 3030 745 3100 fuerit,
769 3028 990 3084 multum
1016 3033 1242 3099 fructum
1274 3027 1428 3095 'oﬂ‘ert
1452 3025 1631 3097 (Joan.
1661 3041 1759 3094 xu,

135 3126 174 3180 4
199 3136 249 3179 et
284 3124 379 3195 ὃ).
421 3123 541 3194 Ipse
587 3140 809 3194 granum
855 3139 956 3195 pro
1006 3123 1163 3179 nobis
1210 3137 1439 3193 corpore
1468 3122 1678 3175 solutus
1709 3131 1764 3175 et

1863 1921 2017 1989 Quod
2045 1925 2235 1988 factum
2268 1933 2338 1976 est
2369 1922 2422 1976 in
2447 1923 2580 1993 ipso,
2613 1923 2713 1976 vita
2741 1932 2853 1988 est;
2890 1937 3012 1976 cum
3041 1921 3203 1977 homo
3222 1919 3461 1977 dixerit:

1784 2066 1788 2070 .
1860 2011 1925 2067 In
1958 2011 2068 2068 Deo
2100 2015 2348 2086 faciemus
2373 2015 2607 2067 virtutem
2629 2015 2647 2085 (
2667 2012 2816 2067 Psat.
2851 2028 2964 2079 th,
2996 2009 3146 2085 14)?
3179 2010 3233 2068 Si
3262 2012 3465 2080 quaeris

1859 2124 1978 2178 quae
2003 2108 2109 2163 vita
2135 2110 2227 2173 sit,
2257 2110 2302 2163 si
2331 2117 2548 2163 moveat
2568 2106 2709 2177 quod
2740 2106 2939 2161 factum
2971 2106 3042 2159 sit
3071 2108 3122 2159 in
3151 2106 3296 2175 ipso,
3321 2105 3465 2159 acci-

1862 2217 1947 2272 pe.
1993 2199 2201 2271 Nempe
2231 2201 2336 2255 vita
2366 2243 2379 2265 ,
2411 2200 2651 2256 Ecclesia
2677 2210 2781 2254 est.
2822 2197 2880 2254 In
2921 2199 3039 2270 ipso
3086 2197 3227 2255 facta
3255 2208 3378 2263 est,
3409 2197 3463 2252 in

1861 2294 1979 2362 ejus
1999 2301 2170 2360 costa,
2204 2292 2256 2347 in
2289 2293 2405 2363 ipso
2436 2293 2753 2349 resuscitata
2780 2289 2912 2347 Eva.
2959 2291 3066 2346 Eva
3096 2302 3275 2347 autem
3311 2291 3417 2345 vita
3442 2329 3462 2356 ,

1862 2385 1966 2440 hoc
1990 2397 2071 2441 est
2098 2428 2112 2450 ,
2141 2386 2285 2455 quod
2317 2386 2517 2439 factum
2554 2395 2674 2449 est;
2721 2384 2844 2455 quia
2877 2383 2985 2438 Eva
3017 2399 3139 2455 quae
3184 2383 3467 2455 perierat,

1862 2481 2012 2534 salva
2039 2480 2178 2535 facta
2214 2492 2297 2535 est
2330 2496 2423 2548 per
2456 2477 2756 2534 Ecclesiam
2783 2520 2799 2542 .
2830 2478 2933 2533 hoc
2958 2488 3043 2533 est
3068 2520 3082 2544 ,
3107 2493 3208 2548 per
3233 2476 3465 2532 ﬁliorum

1862 2590 2084 2629 suorum
2120 2575 2524 2645 generationem
2546 2614 2562 2639 ,
2614 2573 2751 2628 sicut
2796 2572 3058 2641 scriptum
3106 2580 3190 2626 est
3225 2570 3244 2642 (
3279 2569 3462 2625 ITim.

1867 2683 1939 2731 u,
1978 2667 2094 2741 15)
2129 2684 2143 2732 ;
2201 2670 2329 2738 quia
2380 2667 2636 2722 delictum
2680 2665 2973 2737 superioris
3021 2664 3468 2735 pratvaricatricis

1867 2763 2049 2816 sobria
2091 2761 2400 2816 emendavit
2449 2762 2755 2816 hzereditas.
2813 2759 2965 2816 [inde
3012 2769 3067 2814 et
3105 2760 3221 2830 ipse
3268 2759 3468 2815 Paulus

1865 2866 2053 2926 raptus
2094 2865 2180 2912 est
2223 2856 2291 2909 ad
2337 2857 2539 2923 vitam,
2580 2856 2670 2926 qui
2714 2866 2841 2912 ante
2892 2866 3010 2911 erat
3056 2864 3368 2927 persecutor
3400 2854 3468 2910 ad

1867 2958 2122 3003 mortem.

1935 3039 2099 3113 795
2138 3039 2227 3095 58.
2264 3039 2535 3095 Prolixius
2562 3040 2771 3112 evagati
2800 3053 2988 3096 sumus
3012 3082 3026 3105 ,
3076 3047 3135 3094 ut
3175 3039 3242 3095 de
3268 3052 3334 3096 eo
3374 3039 3474 3094 ho-

1868 3133 2016 3187 mine
2042 3132 2130 3202 qui
2173 3145 2279 3186 non
2310 3130 2364 3186 in
2393 3132 2509 3186 solo
2540 3146 2679 3203 pane
2705 3175 2719 3196 ,
2767 3132 2860 3186 sed
2902 3132 2951 3186 in
2989 3131 3136 3187 omni
3184 3130 3348 3186 verbo
3378 3129 3473 3185 Dei

141 3233 402 3275 mortuus
429 3229 551 3284 est;
601 3226 659 3271 ut
705 3218 934 3273 fructum
967 3216 1191 3271 multum
1218 3215 1439 3269 all'ert'et
1483 3215 1533 3267 in
1583 3213 1758 3267 nobis.
1792 3230 1837 3292 ρ
1871 3223 2116 3291 viveret,
2158 3225 2487 3281 diceremus.
2544 3224 2900 3281 Revertantur
2930 3223 2995 3278 ad
3048 3223 3349 3294 psalmum:
3406 3222 3475 3278 Et

139 3314 298 3369 Mors
348 3314 525 3382 itaque
550 3311 668 3380 ejus
698 3309 905 3365 fructus
936 3320 1019 3365 est
1052 3308 1198 3363 vitat.
1254 3308 1406 3375 Quod
1452 3310 1649 3376 factum
1690 3316 1762 3359 est
1810 3314 1814 3320 '

140 3425 282 3479 ergo
310 3410 366 3461 in
393 3402 531 3475 ipso,
562 3407 663 3460 vita
688 3416 782 3486 est.
814 3404 953 3461 Caro
985 3403 1124 3457 facta
1155 3411 1238 3456 est
1267 3402 1316 3455 in
1345 3402 1488 3470 ipso,
1520 3402 1626 3455 vita
1646 3410 1761 3465 est;

142 3503 385 3558 infantia
423 3501 556 3553 facta
586 3511 667 3553 est
699 3502 750 3554 in
782 3500 921 3568 ipso,
956 3499 1059 3551 vita
1093 3505 1213 3559 est;
1257 3495 1520 3567 judicium
1563 3495 1763 3550 factum

141 3609 231 3653 est
264 3597 321 3651 in
350 3595 486 3664 ipso,
519 3594 624 3649 vita
657 3606 776 3658 est;
808 3607 955 3647 mors
982 3592 1119 3646 facta
1147 3599 1231 3647 cst
1259 3591 1311 3644 in
1344 3591 1480 3661 ipso,
1513 3591 1622 3644 vita
1648 3596 1762 3655 est;

140 3689 405 3747 remissio
433 3696 783 3761 peccatorum
814 3686 954 3740 facta
981 3695 1063 3741 est
1095 3685 1148 3740 in
1180 3687 1320 3755 ipso,
1352 3684 1457 3739 vita
1489 3694 1575 3740 est
1601 3702 1615 3748 ;
1647 3686 1766 3740 vul-

146 3798 254 3839 nus
288 3782 486 3836 factnm
516 3791 600 3835 est
628 3781 679 3834 in
711 3780 825 3849 ipso
850 3821 866 3843 ,
900 3778 1004 3833 vita
1035 3788 1153 3843 est;
1204 3778 1384 3834 illusio
1426 3778 1564 3831 facta
1604 3788 1687 3833 est
1712 3779 1764 3833 in

146 3882 298 3949 ipso,
331 3878 433 3927 vita
462 3882 546 3928 est
567 3892 583 3938 ;
604 3872 797 3927 divisio
821 3873 954 3926 facta
986 3881 1069 3925 est
1107 3872 1160 3925 in
1192 3872 1310 3941 ipso
1331 3913 1345 3935 ,
1373 3871 1481 3923 vita
1508 3880 1588 3925 est
1617 3888 1631 3935 ;
1680 3887 1768 3926 se-

151 3971 366 4040 pultura
391 3967 531 4022 facta
571 3974 655 4022 est
684 3965 738 4019 iu
771 3967 886 4036 ipso
913 4006 925 4023 .
957 3964 1063 4016 vita
1095 3974 1217 4027 est;
1267 3963 1597 4017 resurrectio
1626 3962 1765 4018 facta

154 4074 237 4119 est
271 4063 322 4117 in
356 4063 493 4131 ipso,
524 4059 629 4113 vita
657 4068 761 4113 est.
815 4056 943 4110 Vide
965 4067 1164 4127 quanta
1200 4058 1252 4109 in
1279 4056 1397 4127 ipso
1425 4055 1567 4110 facta
1608 4066 1763 4123 sunt,

153 4157 355 4231 quibus
382 4156 508 4208 vitae
537 4160 738 4207 nostra:
770 4150 906 4203 facta
938 4149 1223 4204 conversio
1254 4158 1373 4212 est,
1409 4157 1467 4203 ut
1493 4163 1614 4218 qua:
1645 4162 1768 4218 per-

157 4254 341 4316 ierat,
374 4246 713 4303 redderetur.
758 4243 835 4297 Ad
865 4252 1200 4312 postremum
1229 4244 1468 4297 venditio
1503 4242 1639 4297 facta
1685 4252 1770 4295 est

159 4345 216 4399 in
249 4342 510 4415 ipso,vita
535 4349 659 4394 est:
688 4337 989 4407 redemptio
1017 4335 1157 4389 facta
1186 4348 1265 4389 est
1292 4338 1342 4390 in
1374 4338 1512 4404 ipso,
1532 4338 1637 4390 vita
1663 4348 1764 4390 est.

159 4438 242 4493 Ad
268 4446 494 4492 mortem
527 4430 775 4488 venditus
796 4439 882 4485 est
902 4447 928 4482 a
953 4428 1088 4484 Juda
1120 4471 1134 4495 ,
1177 4442 1393 4499 emptus
1420 4447 1446 4482 a
1472 4429 1674 4485 Judzuis
1700 4432 1767 4484 ad

163 4540 394 4587 mortem
414 4570 428 4592 ,
450 4537 505 4582 ut
530 4526 767 4597 pretioso
799 4522 919 4591 eius
944 4522 1206 4592 sanguine
1238 4536 1336 4576 nos
1372 4523 1768 4579 redimeremur

1870 3316 1992 3372 ideo
2019 3316 2349 3372 immaculati
2384 3332 2489 3371 non
2516 3316 2916 3373 confundentur
2943 3318 2995 3371 in
3024 3317 3112 3372 die
3137 3315 3326 3388 judicii
3359 3358 3374 3383 ,
3421 3323 3478 3371 et

1868 3409 1922 3462 in
1949 3408 2127 3463 diebus
2158 3411 2312 3479 fontis
2335 3410 2728 3465 saturabuntur.

1938 3504 2028 3560 59.
2074 3503 2274 3576 (Vers.
2302 3505 2439 3577 20.)
2495 3505 2798 3575 Deﬁcientes
2838 3508 2968 3562 sicut
3002 3506 3175 3576 {mnus
3214 3505 3474 3577 deficient.

1866 3596 2090 3653 Grmcus
2122 3600 2345 3666 ἐξξλιπον
2378 3599 2541 3656 habet
2565 3641 2581 3666 ,
2627 3602 2730 3655 hoc
2768 3610 2850 3656 eSt
2876 3645 2890 3666 ,
2939 3600 3279 3657 defecerunt.
3317 3601 3480 3657 Vides

1866 3692 2047 3746 subito
2079 3693 2310 3763 aliquem
2343 3694 2410 3748 ad
2445 3703 2765 3763 potestatem
2798 3696 3037 3760 venisse,
3071 3704 3125 3749 et
3156 3691 3479 3749 honorisin-

1869 3786 2083 3858 signia:
2140 3784 2168 3826 δ
2213 3786 2503 3844 sublimem
2529 3788 2761 3858 iudicas.
2824 3787 2986 3845 Vides
3028 3788 3099 3843 illi
3156 3788 3315 3844 alium
3358 3803 3480 3844 esse

1869 3890 2221 3943 successum;
2274 3894 2455 3933 nonne
2502 3879 2638 3933 dicis
2678 3878 2747 3934 de
2788 3894 2895 3934 eo:
2944 3880 3043 3936 Ubi
3083 3884 3381 3935 honoratus
3427 3890 3483 3934 et.

1869 3971 2135 4025 exaltatus
2163 3979 2248 4026 est
2272 3969 2413 4025 iSIe?
2452 3970 2680 4027 Deiecit.
2730 3970 2856 4027 Ideo
2894 3972 3010 4040 plus
3055 3970 3189 4027 dixit
3216 3969 3477 4038 Gnaeus;

1870 4063 1993 4132 quia
2026 4063 2111 4119 ubi
2145 4065 2396 4119 honorari
2425 4074 2479 4120 et
2507 4066 2732 4121 exaltari
2750 4066 2869 4137 quis
2896 4065 3152 4130 creditur,
3179 4063 3248 4119 ibi
3266 4065 3478 4121 deiectu

1874 4157 2091 4230 proprio
2121 4162 2484 4228 pratveuilur;
2518 4167 2579 4212 ut
2606 4167 2816 4214 meatus
2848 4159 3131 4213 ﬂuminum
3167 4155 3479 4230 praeterisse

1870 4252 2034 4307 citius
2069 4269 2228 4323 quam
2262 4255 2473 4309 venisse
2500 4254 2968 4323 comprehendas;
3007 4267 3062 4308 et
3093 4253 3219 4309 dum
3254 4262 3480 4310 ventura

1872 4346 2139 4415 opperiris
2180 4344 2379 4401 fluenta
2413 4390 2426 4415 ,
2454 4355 2509 4403 te
2536 4347 2712 4402 adhuc
2740 4358 3092 4417 exsiiectante
3117 4390 3133 4411 ,
3183 4346 3480 4402 ﬂuxerunt.

1871 4436 2094 4502 C(lllll‘a,
2127 4439 2359 4495 humiles
2386 4449 2546 4511 atque
2589 4442 2854 4495 mansueti
2886 4440 3012 4494 dum
3044 4438 3408 4509 subjiciuntur
3447 4454 3481 4494 a

1869 4532 2123 4589 divitibus
2153 4544 2208 4589 et
2234 4533 2637 4605 opprimuntur,
2666 4533 2881 4590 cxaltati
2905 4542 3031 4589 sunt
3058 4550 3087 4587 a
3120 4548 3214 4586 sua
3250 4531 3474 4586 humili-

157 4626 223 4679 ad
256 4626 440 4677 vitam.
492 4621 616 4675 llam
646 4628 728 4673 est
759 4617 864 4672 vita
895 4634 1016 4688 qua:
1060 4616 1195 4672 faeta
1223 4625 1307 4671 est
1329 4657 1344 4679 ,
1388 4617 1503 4671 haec
1544 4627 1628 4672 est
1658 4616 1761 4673 vita

1876 4639 2004 4693 tate,
2034 4639 2091 4683 et
2116 4628 2292 4682 suhito
2323 4627 2672 4683 refulserunt.
2717 4629 2947 4701 Ideoque
2975 4626 3174 4682 Paulus
3217 4625 3271 4681 in
3322 4623 3476 4680 inﬁr-

160 4733 278 4787 qure
310 4713 579 4786 apparuit,
604 4711 715 4764 haec
746 4719 830 4765 est
859 4711 968 4764 vita
1007 4724 1165 4779 quam
1191 4707 1517 4767 audivimus.
1545 4710 1662 4766 huic
1684 4720 1768 4766 e~t

163 4814 267 4866 vita
300 4824 418 4878 qua:
449 4803 732 4875 eratapud
776 4804 1034 4866 Patrem;
1084 4800 1208 4871 quia
1256 4805 1372 4874 ipse
1421 4805 1511 4874 qui
1556 4816 1671 4860 erat
1714 4807 1766 4859 in

168 4900 443 4973 principio,
476 4901 589 4968 ipse
621 4906 807 4965 postea
839 4905 921 4948 est
953 4902 1109 4949 natus
1139 4909 1207 4950 ex
1238 4894 1455 4965 Virgine
1475 4937 1490 4963 ,
1534 4904 1595 4949 ut
1620 4906 1766 4951 esset

170 4996 271 5048 vita
303 4991 603 5047 morituris.

235 5087 324 5139 57.
378 5087 555 5153 Ipsum
606 5082 747 5135 hunc
773 5078 1108 5150 propositum
1140 5076 1296 5133 nobis
1327 5078 1502 5132 locum
1535 5079 1765 5133 interro-

168 5179 396 5252 getuus?
428 5175 565 5246 Quid
594 5182 701 5240 est,
729 5175 985 5228 hominem
1023 5173 1078 5227 in
1118 5169 1323 5227 Christo
1345 5174 1370 5226 ἱ)
1410 5172 1523 5228 Hoc
1551 5184 1656 5239 est,
1689 5171 1767 5227 fa-

172 5289 310 5332 ctum
345 5278 395 5331 in
419 5274 653 5338 Christo,
678 5273 734 5324 in
759 5288 858 5342 quo
891 5275 1031 5341 facta
1060 5278 1179 5323 sunt
1208 5272 1400 5334 omnia,
1429 5270 1535 5323 sive
1561 5268 1722 5324 Sedes
1750 5312 1763 5335 ,

172 5371 269 5424 sive
292 5366 711 5431 Dominationes,
753 5366 855 5417 sive
892 5361 1261 5435 Principatus,
1305 5364 1409 5417 sive
1451 5362 1763 5432 Potestates,

244 5495 268 5524 ιι
294 5486 367 5541 Ila
397 5484 528 5540 edit.
559 5498 748 5537 omnes
773 5498 789 5543 ;
834 5494 1121 5553 mss.vero
1146 5481 1259 5536 fere
1281 5481 1349 5536 ad
1380 5497 1544 5536 unum
1565 5523 1580 5546 ,
1610 5498 1768 5553 argu-

176 5560 323 5612 menti
346 5574 450 5611 esse
472 5557 697 5624 ingenia.
740 5554 855 5606 Non
881 5552 1043 5617 male,
1068 5554 1110 5626 si
1142 5568 1332 5626 voces,
1364 5555 1649 5626 argumenti
1665 5552 1768 5626 ii"-

180 5632 320 5700 genia
363 5622 546 5682 sumas
590 5642 685 5700 pro
705 5622 1220 5700 argumentationis
1248 5622 1484 5700 [τίείς-ἧι
1503 5623 1724 5700 _cavi|lis
1749 5668 1764 5691 ,

181 5694 284 5755 Sive
308 5698 672 5767 sophismatis.
705 5696 838 5751 Vide
868 5694 1205 5750 Glossarium
1241 5695 1429 5768 Cangii
1454 5696 1518 5751 ad
1547 5711 1765 5762 nomen,

182 5772 447 5842 ingenium.

252 5844 275 5874 ’τ
308 5843 444 5897 Ιοζιιὶιι
476 5850 667 5895 omnes
702 5852 764 5893 ac
810 5852 940 5893 mss.
978 5837 1115 5892 Vict.
1159 5848 1213 5893 et
1253 5839 1409 5895 Colh.
1441 5874 1457 5907 ,
1502 5839 1770 5895 sublitum

1873 4721 2146 4778 tnitatihus
2177 4720 2277 4778 sibi
2305 4722 2530 4792 placuit,
2566 4738 2670 4778 non
2706 4724 2759 4777 in
2792 4721 3099 4778 virtutibus.

1841 4872 1847 4879 ,
1940 4815 2031 4871 40.
2062 4814 2169 4871 Sed
2195 4814 2628 4881 consideremus,
2661 4830 2729 4871 ne
2762 4817 2881 4885 quis
2907 4823 3057 4884 putet
3084 4828 3204 4868 eum
3239 4812 3291 4865 in
3321 4825 3479 4867 reve-

1872 4909 2162 4964 lationibus
2191 4909 2518 4980 gloriatum;
2572 4919 2629 4965 et
2669 4920 2982 4979 repetamus
3008 4923 3068 4961 ea
3099 4949 3113 4971 ,
3168 4915 3225 4959 ut
3258 4920 3319 4960 se
3361 4905 3479 4973 ipse

1866 5004 2126 5061 defendat
2153 5004 2472 5060 humilitatis
2500 5008 2839 5078 magistrum.
2875 5003 3030 5069 Scio,
3070 5001 3272 5071 inquit,
3306 4999 3474 5053 homi-

1869 5114 1982 5151 nem
2007 5098 2059 5151 in
2089 5093 2293 5152 Christo
2323 5111 2441 5154 ante
2469 5116 2635 5154 annos
2658 5096 3046 5167 quatuardecim
3072 5136 3092 5163 ,
3132 5094 3236 5150 sive
3276 5094 3331 5145 in
3357 5106 3473 5148 coro

1869 5204 1992 5260 pore
2017 5191 2185 5244 nescio
2204 5231 2223 5255 ,
2247 5191 2351 5245 sive
2378 5201 2525 5246 extra
2553 5207 2741 5261 corpus
2768 5189 2937 5243 nescio
2955 5231 2969 5253 ,
3006 5187 3142 5242 Deus
3177 5188 3311 5251 scit,
3344 5203 3471 5256 rap-

1871 5290 1979 5335 tum
2006 5282 2259 5355 ejusmodi
2290 5300 2444 5348 usque
2484 5283 2553 5336 ad
2598 5283 2805 5336 tertium
2852 5279 3034 5333 coelum
3086 5277 3169 5353 (Il
3199 5276 3318 5332 Cor.
3359 5291 3428 5331 xu
3453 5316 3468 5341 ,

1868 5371 1950 5444 ‘2).
1978 5374 2121 5431 Ante
2147 5391 2320 5431 annos
2349 5374 2749 5447 quatuordecim
2778 5372 3067 5428 revelatum
3096 5370 3195 5427 sibi
3224 5369 3353 5424 dicit
3374 5410 3397 5443 ,
3418 5379 3471 5425 et

1859 5491 2092 5563 judicas.
2135 5490 2290 5548 Vides
2332 5493 2411 5546 illi
2440 5508 2546 5546 esse
2586 5507 2893 5546 successum.
2941 5491 3056 5563 Alii
3088 5502 3329 5563 mss._eo
3357 5486 3471 5541 dis-

1870 5559 2132 5635 sentiunt,
2157 5564 2447 5631 quod-pro,
2478 5564 2619 5616 vides
2785 5602 2799 5615 .
2849 5603 2861 5617 .
2908 5602 2919 5614 .
2953 5561 3203 5635 judicas.
3240 5559 3422 5635 legunt
3450 5600 3464 5621 ,

1884 5632 2008 5687 Vide
2046 5674 2064 5691 .
2108 5629 2125 5690 ,⁷
2170 5629 2184 5686 ζ
2224 5674 2237 5688 .
2274 5629 2458 5704 judico
2493 5650 2511 5698 ;
2544 5651 2572 5687 e
2594 5633 2788 5703 quibus
2809 5629 2969 5689 etiam
2990 5639 3216 5702 quatuor
3243 5629 3464 5695 habent,

1871 5706 2029 5760 alium
2058 5723 2164 5760 esse
2189 5722 2496 5759 successum.
2532 5705 2596 5759 Et
2623 5720 2753 5761 sane
2782 5720 2965 5762 vocem
2994 5745 3009 5769 ,
3039 5704 3200 5767 alium
3225 5744 3240 5770 ,
3276 5716 3466 5756 neces-

1868 5777 2021 5833 sario
2046 5784 2242 5834 sensus
2273 5776 2523 5847 postulat.
