4042 6378
574 221 678 278 987

1917 227 2166 286 SANCTI
2201 229 2526 289 ASIBROSII
3769 239 3848 294 {Si

575 343 755 392 tamen
789 337 1172 392 revelationem
1205 337 1405 394 tamdiu
1425 341 1566 412 apud
1589 357 1648 397 se
1676 343 1844 397 tenuit
1869 351 1924 400 et
1951 359 2162 416 repres-
2189 348 2240 410 Α
2265 349 2434 417 gratia
2461 349 2516 404 in
2548 349 2848 422 perieulum
2891 361 3218 408 verteretur.
3275 351 3480 410 Utilior
3509 367 3639 422 ergo
3665 351 3848 406 inﬁrm:-

574 431 682 486 sit:
716 446 814 486 nec
853 429 1114 498 dixisset,
1144 433 1244 488 nisi
1275 435 1403 490 utile
1435 435 1590 490 nobis
1613 436 1911 506 judicasset
1941 447 1999 492 nt
2021 438 2168 494 dice-

515 559 528 562 -
575 529 692 588 ret;
727 537 796 578 ne
829 537 925 578 nos
952 525 1372 581 revelationibus
1399 527 1799 583 extolleremur.
1843 529 1898 586 Si
1935 529 2079 586 enim
2113 531 2168 590 in

577 621 722 668 tanta
749 615 918 684 gratia
947 631 1051 670 non
1081 630 1164 672 est
1184 619 1442 688 gloriatus
1463 623 1681 690 Paulus,
1707 637 1804 678 nec
1832 639 1928 678 nos
1948 623 2168 696 gloriari

575 717 808 778 oportet.
840 707 1060 766 Iuvenis
1087 712 1200 782 ipse
1229 727 1332 768 non
1353 715 1609 784 gloriatus
1635 725 1748 776 est,
1779 731 1943 771 senex
1971 717 2168 788 gloria-

573 801 762 857 retur?
813 803 1015 860 Deinde
1050 815 1262 876 raptum
1300 821 1360 864 se
1403 825 1570 880 usque
1609 809 1674 864 ad
1726 813 1939 866 tertium
1971 813 2167 868 coelum

575 911 771 968 negare
799 913 904 952 non
937 901 1108 972 potuit
1145 919 1158 968 ;
1203 911 1258 958 et
1305 912 1479 958 tamen
1516 913 1692 958 utrum
1737 905 1788 958 in
1821 919 2068 976 corpore,
2101 923 2166 960 an

573 1003 724 1048 extra
747 1007 946 1065 corpus
967 1006 1154 1067 raptus
1184 1007 1332 1052 esset
1357 1041 1369 1060 ,
1423 1015 1480 1054 se
1510 999 1756 1070 ignorare
1795 1009 2021 1055 testatus
2063 1011 2164 1056 est.

575 1085 690 1142 Non
721 1101 850 1158 ergo
878 1087 944 1142 de
971 1089 1197 1144 scientia
1219 1107 1234 1156 ;
1260 1091 1354 1146 sed
1378 1091 1444 1147 de
1467 1094 1762 1162 ignorantia
1790 1095 2050 1164 gloriatur
2069 1139 2084 1162 ,
2117 1105 2170 1151 et

574 1177 672 1234 Dei
701 1181 840 1235 circa
879 1193 940 1236 se
983 1181 1208 1250 gratiam
1244 1185 1518 1252 praedicat.
1565 1183 1718 1252 Quod
1764 1187 2006 1242 scicntia:
2045 1197 2128 1243 est
2153 1231 2169 1254 ,

572 1281 729 1341 negat
761 1289 776 1336 ;
813 1271 954 1342 quod
981 1272 1264 1330 charitatis
1289 1285 1392 1341 est,
1423 1277 1708 1333 conﬁtetur
1733 1295 1746 1332 :
1772 1279 2000 1336 scientia
2027 1281 2168 1336 enim

571 1365 741 1430 inllat,
765 1363 1000 1421 charitas
1023 1381 1154 1422 vero
1183 1367 1434 1424 aediﬁcat.
1464 1369 1532 1424 Et
1553 1371 1768 1438 iterum,
1795 1382 2004 1442 raptum
2029 1373 2173 1443 ejus-

572 1459 714 1514 modi
748 1461 1019 1517 hominem
1047 1463 1184 1517 dixit
1213 1480 1225 1515 :
1273 1463 1722 1533 quemadmodum
1763 1477 1947 1538 raptus
1983 1481 2170 1534 esset,

571 1561 748 1607 utrum
781 1553 832 1608 in
863 1570 1115 1624 corpore,
1145 1571 1212 1610 an
1243 1565 1392 1610 extra
1411 1573 1624 1625 corpus,
1645 1559 1906 1614 incertum
1928 1559 2026 1616 sibi
2051 1575 2172 1615 esse

572 1647 909 1702 memoravit.
935 1647 1068 1704 Vide
1089 1659 1344 1704 stateram
1364 1649 1662 1720 sapientim.
1691 1648 1983 1706 Constituit
2005 1667 2170 1706 unum

2271 447 2354 494 tas
2375 483 2389 506 ,
2421 457 2578 512 quam
2607 443 2801 514 gratia.
2839 443 3036 498 Eadem
3069 459 3296 516 quoque
3343 445 3646 498 inﬁrmitas
3677 445 3848 500 alliciat

2271 531 2480 589 virtutis
2510 545 2592 590 est
2614 553 2628 600 ;
2653 537 2791 590 sicut
2819 539 2916 608 ipsi
2947 539 3212 609 Apostolo
3233 539 3572 594 testiﬁcatus
3599 551 3682 593 est
3710 539 3850 596 Denti-

2271 643 2393 693 nus,
2418 631 2540 698 quia
2565 631 2726 684 virtus
2748 631 2800 684 in
2831 631 3224 698 inﬁrmitatibus
3251 643 3660 688 consummatur
3677 631 3744 700 {ll
3761 633 3852 688 Car.

2273 735 2372 786 xu,
2401 721 2476 792 9).
2511 721 2747 794 Denique
2773 723 2873 780 iste
2899 733 3024 794 post
3053 727 3460 782 revelationem
3487 727 3856 796 rogavitreete»

2271 811 2418 868 dium
2448 816 2712 880 sanitatis,
2745 827 2924 872 etnon
2955 818 3270 890 impetravit
3297 839 3312 884 ;
3363 819 3420 874 in
3453 819 3766 876 inﬁrmitate
3785 839 3858 874 au-

2273 917 2378 962 tem
2407 909 2701 965 remedium
2726 927 2831 966 non
2855 913 3122 984 qumsivit,
3154 915 3252 970 sed
3283 931 3516 970 cursum
3547 930 3858 970 consumma-

2271 1002 2366 1067 vit,
2404 1013 2458 1056 et
2486 1019 2740 1060 Coronam
2767 1007 2990 1061 invenit.

2343 1093 2435 1150 45.
2467 1095 2645 1170 (Vers.
2677 1098 2796 1170 ‘21.)
2827 1097 3118 1166 Mutantur,
3163 1101 3372 1171 inquit,
3405 1111 3676 1173 peccator,
3705 1113 3747 1156 et
3781 1123 3858 1160 aes

2273 1187 2421 1240 solvit
2449 1203 2466 1240 :
2503 1191 2681 1260 justus
2703 1199 2872 1244 autem
2899 1191 3184 1258 miseretur,
3215 1205 3262 1246 et
3291 1196 3504 1248 tribuit.
3543 1193 3660 1250 Hoc
3685 1211 3856 1266 quisque

2273 1283 2524 1334 convenit
2553 1297 2798 1350 persona:
2825 1282 2974 1338 Pauli
2995 1327 3010 1348 ,
3055 1285 3176 1356 quia
3195 1289 3378 1358 justus
3409 1288 3698 1341 miseretur
3721 1301 3762 1341 et
3793 1293 3856 1342 tri-

2275 1373 2402 1426 buit.
2457 1372 2587 1429 Vide
2631 1375 2782 1430 illum
2837 1375 3045 1430 Domini
3093 1379 3308 1448 eloquia
3351 1380 3740 1444 dividentem,

2274 1477 2554 1536 argentum
2588 1469 2796 1524 Domini
2831 1469 3184 1527 fenerantem.
3225 1473 3402 1530 Unam
3437 1491 3632 1529 mnam
3665 1479 3850 1545 accipi;

2275 1557 2407 1612 duas
2435 1559 2696 1614 reddidit:
2724 1561 2859 1616 duas
2890 1565 3116 1634 accepit,
3147 1577 3382 1636 quatuor
3415 1567 3706 1620 reddidit:
3745 1573 3852 1637 quis.

2275 1671 2379 1724 quo
2404 1657 2651 1724 accepit,
2686 1657 2874 1713 decem
2909 1659 3158 1714 reddidit.
3207 1661 3324 1716 Non
3359 1661 3558 1732 ligat-it
3597 1665 3650 1715 in
3683 1663 3852 1716 sudaria

573 1751 624 1805 itt
657 1749 899 1821 Christo,
929 1763 982 1808 et
1007 1769 1066 1808 se
1088 1753 1340 1821 alterum,
1371 1755 1458 1824 qui
1489 1755 1590 1808 ait:
1627 1753 1836 1810 Nescio.
1858 1755 2008 1824 Quod
2043 1755 2164 1811 alie-

2280 1747 2417 1818 quod
2450 1759 2754 1818 acceperat,
2788 1751 2880 1806 sed
2911 1753 3288 1808 nummulariis
3317 1755 3578 1825 erogavit
3607 1771 3624 1820 ;
3671 1766 3726 1810 et
3751 1757 3848 1826 qua:

573 1863 700 1901 num
733 1857 846 1914 est,
877 1848 1107 1904 attollit.
1160 1849 1304 1918 quod
1338 1864 1524 1916 suum,
1557 1849 1823 1904 ltumiliat.
1855 1851 1926 1906 Et
1953 1849 2172 1917 audivit,

571 1941 765 2010 inquit,
781 1942 930 1995 verba
947 1941 1232 2008 ine/fabilia
1256 1939 1436 2014 (lCor.
1453 1959 1550 2006 xu,
1572 1942 1654 2010 4).
1681 1943 1796 1998 Non
1820 1943 1982 1998 dixit:
2003 1943 2174 1998 Audi-

572 2031 654 2098 vi,
686 2032 780 2088 sed
805 2033 946 2104 quod
973 2033 1114 2090 alter
1150 2035 1411 2102 audierit,
1440 2051 1546 2090 non
1578 2037 1810 2107 negavit.
1855 2035 2173 2093 Verecunde

572 2131 751 2200 itaque
793 2140 983 2186 testem
1019 2146 1078 2186 se
1114 2131 1307 2186 maluit
1348 2132 1652 2202 signiﬁcare
1681 2147 1842 2202 quam
1872 2143 2080 2200 vatem,
2118 2139 2172 2188 et

566 2225 766 2298 refugit
785 2225 954 2280 videri
977 2223 1278 2281 caelestium
1303 2227 1504 2280 arbiter
1527 2237 1881 2280 secretorum.
1907 2223 2172 2280 Testimo-

565 2319 713 2372 nium
743 2319 885 2372 enim
914 2318 1122 2384 dicere,
1150 2317 1395 2374 veritatis
1421 2329 1505 2374 est
1545 2335 1556 2372 :
1590 2327 1613 2354 α
1645 2319 1892 2374 meritum
1921 2319 2171 2374 elationis

567 2427 676 2466 non
702 2409 970 2481 refugere,
1004 2411 1306 2482 gloriantis.
1327 2411 1562 2480 Ideoque
1588 2411 1661 2463 ait
1687 2428 1700 2464 :
1745 2409 1850 2464 Pro
1875 2411 2173 2483 Itujusmodi

565 2503 823 2574 gloriabor
843 2519 862 2558 :
891 2520 984 2576 pro
1007 2520 1086 2557 me
1111 2513 1282 2558 autem
1303 2521 1404 2557 non
1431 2503 1694 2574 gloriabor
1727 2501 1915 2575 (Ibid.,
1945 2503 2023 2575 5).

635 2594 726 2650 41.
755 2595 891 2663 Quid
922 2603 1008 2651 est
1033 2605 1214 2651 autem
1242 2597 1382 2667 quod
1415 2599 1488 2650 ait
1517 2597 1733 2652 audisse
1763 2597 2032 2654 hominem
2057 2639 2074 2664 ,
2115 2607 2171 2654 et

570 2687 843 2744 hominem
869 2690 1016 2744 illum
1045 2691 1099 2746 in
1131 2689 1368 2758 Christo,
1407 2707 1527 2762 quae
1559 2707 1664 2746 non
1695 2691 1820 2746 licet
1851 2691 2054 2748 homini
2083 2694 2168 2750 10-

566 2781 658 2852 qui
682 2781 704 2834 ?
730 2779 1012 2849 Quomodo
1039 2781 1142 2838 hoc
1165 2785 1456 2850 convenit,
1500 2793 1559 2838 ut
1587 2801 1693 2838 non
1721 2784 1935 2840 licuerit
1960 2785 2166 2842 homini

563 2875 732 2944 loqui.
765 2891 885 2944 qua:
911 2875 1122 2932 licuerit
1152 2877 1352 2932 homini
1384 2879 1616 2934 audire?
1642 2877 1697 2934 Si
1723 2878 1822 2948 ipsi
1851 2878 2166 2952 hominiqui

563 2967 806 3034 audivit,
836 2985 942 3024 non
975 2971 1102 3026 licet
1145 2971 1331 3042 loqui,
1363 2973 1632 3044 quomodo
1675 2973 1724 3030 ei
1770 2973 2035 3030 creditum
2083 2985 2168 3032 est

561 3061 748 3117 audire
772 3108 788 3132 ,
818 3063 960 3134 quod
991 3081 1094 3120 non
1126 3065 1450 3136 permissum
1475 3077 1556 3122 est
1583 3065 1771 3136 loqui?
1797 3084 1916 3138 quae
1954 3069 2052 3122 ista
2083 3068 2166 3122 di-

2277 1854 2632 1914 erogaverat,
2680 1863 2800 1901 cum
2829 1849 3007 1902 usuris
3037 1849 3256 1918 recepit.
3309 1847 3384 1904 ita
3433 1861 3492 1906 et
3533 1851 3846 1920 accipiente:

2275 1953 2302 1987 a
2331 1947 2550 2007 peccato
2587 1939 2821 1994 maximo
2873 1940 3158 2008 liberavit,
3201 1959 3267 1996 ne
3295 1943 3440 2014 apud
3493 1959 3629 1997 eum
3673 1947 3842 2014 peccat:

2276 2029 2486 2084 Domini
2520 2029 2824 2102 deperiret;
2871 2043 2924 2088 et
2953 2035 3069 2104 ipse
3097 2045 3152 2090 ιιι
3181 2036 3370 2092 decem
3401 2039 3730 2094 civitatibus
3753 2055 3842 2106 tua.

2277 2121 2570 2190 liceretur,
2616 2127 2867 2182 emeruit.
2912 2127 3042 2196 Quae
3081 2129 3190 2184 sint
3241 2129 3432 2186 decem
3483 2132 3782 2197 civitates,
3813 2133 3838 2184 ξε

2273 2217 2516 2287 epistolis
2537 2235 2866 2291 recognosce
2889 2237 3020 2294 quas
3044 2223 3262 2294 scripsit
3287 2239 3302 2288 ;
3345 2224 3452 2277 etsi
3485 2223 3732 2292 apostoli
3759 2241 3836 2294 pr--

2273 2311 2476 2380 scripto
2507 2329 2730 2367 numero
2759 2329 2861 2368 non
2895 2323 3212 2381 teneantur,
3267 2316 3470 2386 quibus
3509 2317 3728 2371 dictum

2275 2401 2357 2458 Ite
2400 2421 2494 2476 per
2533 2405 2702 2458 orbem
2747 2408 3076 2474 universum,
3126 2419 3172 2461 et
3213 2411 3500 2474 prazdicate
3547 2409 3814 2480 Evangelii:

2271 2499 2520 2554 universae
2541 2511 2786 2554 creaturae
2813 2501 2833 2575 (
2859 2501 3024 2556 Marc.
3059 2519 3144 2558 xvt
3171 2547 3184 2569 ,
3216 2504 3283 2558 15
3303 2507 3346 2572 ).
3383 2504 3484 2558 llic
3507 2521 3650 2574 ergo
3677 2505 3744 2560 ab
3765 2505 3828 2558 lli:

2273 2591 2509 2646 rusalem
2541 2609 2634 2660 per
2655 2591 2928 2650 Orientem
2961 2605 3014 2650 et
3041 2596 3307 2667 Illyricum
3334 2607 3388 2652 et
3410 2595 3638 2653 Italiam
3673 2599 3830 2653 Diania

2272 2685 2554 2754 pecuniam
2583 2686 2932 2755 dispensavit.
2963 2687 3030 2744 Et
3057 2705 3123 2743 ne
3151 2689 3270 2758 quis
3297 2699 3522 2759 putaret
3551 2691 3704 2761 quod
3731 2707 3834 2744 sese":
3895 2737 3898 2746 .

2272 2777 2544 2836 {oneraret
2565 2820 2580 2842 ,
2609 2777 2824 2834 Domini
2854 2795 2974 2836 esse
3001 2783 3278 2852 pecuniam
3313 2783 3634 2838 testabatur
3661 2783 3834 2838 dicens:

2275 2870 2374 2924 His
2413 2884 2584 2928 autem
2609 2877 2697 2944 qui
2725 2875 3052 2930 matrimonio
3082 2877 3252 2948 juncti
3287 2885 3406 2930 sunt
3433 2919 3454 2942 ,
3502 2878 3750 2930 denuntio
3771 2893 3834 2928 sas

2269 2981 2382 3035 ego,
2407 2965 2497 3019 sed
2513 2965 2790 3034 Dominus,
2810 2983 3020 3022 uxorem
3053 2984 3084 3020 a
3109 2969 3218 3022 viro
3245 2985 3346 3023 non
3379 2971 3658 3023 discedere
3679 2969 3698 3040 (
3717 2970 3734 3024 l
3750 2971 3830 3022 Car.

2269 3071 2364 3122 νη,
2395 3056 2518 3126 10).
2569 3058 2635 3112 Ει
2663 3058 2788 3114 alibi
2824 3077 2838 3115 :
2875 3059 3014 3124 Quid
3056 3063 3456 3132 experimentum
3503 3063 3732 3131 quarrin's
3757 3067 3828 3134 ςέει

560 3157 756 3212 stantia
785 3157 905 3212 est?
930 3158 984 3214 Si
1013 3158 1166 3214 alteri
1200 3159 1406 3215 homini
1427 3160 1516 3231 qui
1544 3169 1690 3215 esset
1725 3161 1967 3216 exterior
1991 3177 2164 3232 ,.quo-
2189 3151 2234 3214 C
2266 3152 2353 3220 qui
2384 3152 2435 3204 θη
2465 3168 2544 3205 ἠε
2575 3152 2801 3220 ιοίιτιὶειιν
2825 3151 3162 3226 Cliti-8111801
3191 3151 3312 3208 Cor.
3343 3171 3464 3220 xm,
3502 3155 3608 3229 3).
3649 3157 3826 3210 Deoia:

563 3249 726 3304 modo
751 3249 923 3318 potuit
950 3241 1114 3305 homo
1140 3266 1468 3322 cognoscere
1495 3253 1635 3324 quod
1663 3255 1866 3309 homini
1901 3269 2002 3310 non
2033 3255 2164 3310 lice-

563 3344 654 3396 bat
678 3343 909 3398 audire?
949 3343 1106 3400 Unde
1151 3345 1364 3400 videtur
1411 3362 1514 3400 non
1563 3347 1732 3417 gratia
1781 3347 2038 3418 loquendi
2087 3348 2160 3404 illi

563 3432 770 3490 homini
800 3435 1038 3492 defuisse
1068 3437 1231 3512 7“
1266 3438 1356 3508 qui
1400 3447 1542 3494 esset
1569 3441 1620 3494 in
1651 3437 1870 3495 Christo
1891 3483 1908 3504 ,
1935 3443 2020 3496 cui
2051 3458 2160 3498 non

565 3525 772 3592 defuit;
804 3529 896 3582 sed
941 3529 1019 3582 eis
1045 3529 1136 3597 qui
1167 3529 1448 3596 audirent,
1481 3531 1657 3586 locum
1680 3573 1695 3597 ,
1725 3539 1965 3602 tempus,
2001 3533 2163 3588 meri-

565 3627 675 3672 tum
700 3617 958 3674 deﬁnisse.
989 3619 1080 3676 Ille
1105 3623 1249 3678 enim
1287 3623 1337 3677 in
1368 3623 1507 3678 caelo
1536 3623 1778 3688 audivit;
1829 3635 1884 3680 et
1910 3625 2032 3681 ideo
2055 3643 2160 3682 non

563 3721 874 3782 competere
897 3713 1193 3786 judicatum
1234 3727 1338 3784 est,
1367 3729 1425 3772 ut
1455 3717 1506 3772 id
1535 3717 1849 3789 loqueretur
1875 3721 1926 3776 in
1963 3722 2120 3778 terris
2142 3765 2162 3790 ,

563 3805 705 3876 quod
737 3806 980 3863 audisset
1007 3807 1059 3862 in
1101 3809 1278 3878 cmlo;
1326 3825 1445 3866 cum
1497 3811 1551 3866 in
1601 3813 1712 3882 ipsa
1759 3822 1904 3869 terra
1947 3816 2016 3869 sit
2061 3817 2161 3870 ista

563 3899 840 3969 discretio,
869 3909 928 3957 ut
949 3901 1092 3974 quod
1121 3903 1174 3958 in
1203 3903 1371 3959 altera
1403 3905 1626 3976 regione
1650 3907 1886 3974 canitur,
1909 3909 1959 3963 in
1991 3909 2160 3966 altera

564 4009 670 4050 non
698 4004 944 4062 canatur,
978 3995 1274 4052 secundum
1305 3997 1446 4068 quod
1472 4000 1732 4069 scriptum
1766 4009 1887 4056 est:
1936 4002 2164 4068 Quomo-

563 4085 628 4138 do
655 4087 972 4140 cantabimus
999 4087 1258 4143 canticum
1279 4087 1493 4144 Domini
1524 4093 1576 4144 in
1605 4100 1741 4146 terra
1767 4093 1937 4147 aliena
1967 4095 1986 4168 (
2010 4093 2158 4151 Psal.

562 4192 758 4232 cxxxvr
784 4220 798 4245 ,
821 4181 854 4234 4
876 4177 942 4250 )2
975 4181 1210 4252 Denique
1243 4183 1452 4239 Hebraei
1487 4200 1594 4247 non
1625 4187 1892 4241 canebant
1933 4187 1986 4242 in
2015 4196 2160 4244 terra

561 4271 907 4340 captivitatis,
933 4275 1074 4344 quod
1107 4274 1160 4328 in
1189 4291 1281 4329 sua
1315 4277 1485 4346 patria
1513 4293 1711 4334 cauere
1739 4291 2158 4337 consueverant.

565 4363 690 4420 Haec
722 4375 859 4420 terra
901 4368 1226 4437 captivitatis
1250 4379 1331 4424 est
1357 4412 1372 4436 ,
1402 4371 1504 4424 alia
1541 4378 1684 4426 terra
1728 4371 1998 4427 libertatis
2035 4385 2158 4443 est;

561 4455 660 4510 ista
693 4459 920 4526 peccati,
955 4459 1044 4514 illa
1077 4461 1275 4530 quietis
1303 4471 1563 4528 aeternae;
1601 4463 1869 4519 vallestris
1897 4466 1996 4520 ista
2022 4509 2037 4529 ,
2073 4465 2159 4520 illa

2269 3244 2382 3314 ipse
2412 3261 2504 3298 rex
2538 3245 2608 3300 ita
2639 3245 2796 3311 dixit,
2829 3247 2880 3300 in
2912 3262 3016 3317 quo
3040 3248 3206 3318 ﬁgura
3233 3259 3314 3302 eSt
3341 3247 3572 3302 Domini
3599 3267 3614 3302 :
3647 3247 3822 3316 Optauit

2267 3347 2314 3391 te
2354 3341 2624 3410 pecuniam
2667 3359 2830 3396 meam
2874 3343 3186 3396 committere
3223 3342 3630 3396 nummulariis.
3675 3343 3808 3403 less,

2267 3435 2482 3501 inquit,
2531 3453 2636 3491 non
2681 3449 2844 3490 tuam.
2896 3435 3078 3490 Justus
3116 3452 3235 3508 ergo
3271 3437 3553 3491 miseretur
3595 3449 3648 3490 et
3685 3435 3800 3490 trist.

2265 3525 2546 3594 Quomodo
2579 3528 2802 3594 tribuat,
2836 3527 2955 3598 audi
2983 3527 3250 3582 dicentem
3277 3545 3291 3582 :
3351 3523 3458 3581 Per
3481 3546 3674 3582 omnes
3695 3525 3810 3582 Ecde-

2264 3620 2367 3672 sias
2413 3619 2588 3674 doceo.
2641 3615 2891 3674 Peccator
2931 3629 3102 3673 autent
3147 3631 3416 3674 mutuatur
3451 3661 3466 3684 ,
3501 3633 3554 3674 et
3603 3639 3702 3676 non
3725 3621 3822 3674 stitit

2265 3711 2312 3784 (Ι
2335 3709 2456 3765 Cor.
2482 3727 2574 3780 vn,
2609 3709 2720 3784 l7).
2753 3711 2882 3768 Vide
2903 3711 3122 3768 divitem
3153 3721 3515 3780 mutuantem,
3543 3725 3600 3771 et
3625 3733 3722 3770 non
3743 3715 3828 3768 rel-
3920 3709 3921 3772 Ϊ

2265 3806 2480 3860 dentem
2516 3824 2528 3859 :
2563 3815 2854 3878 pauperem
2887 3809 3237 3876 accipientem
3273 3852 3288 3874 ,
3323 3807 3490 3882 ⁷97
3531 3823 3592 3867 et
3622 3811 3828 3868 continua

2267 3909 2724 3968 remunerantem,
2755 3915 2824 3955 ne
2851 3899 3051 3955 diutius
3081 3900 3134 3984 in
3159 3916 3267 3958 nare
3292 3902 3474 3957 alieno
3494 3905 3590 3957 sit.
3617 3903 3736 3959 εἰπε
3751 3919 3830 3956 mo-

2266 3993 2416 4046 ralia.

2335 4085 2425 4140 44.
2460 4085 2590 4142 Vide
2619 4103 2759 4142 nunc
2791 4104 3080 4160 pauperem
3107 4090 3417 4162 mysticum,
3449 4089 3504 4144 id
3529 4101 3638 4156 e51,
3666 4089 3830 4160 simpli-

2265 4195 2380 4234 cem
2408 4190 2462 4233 et
2491 4181 2770 4235 timentem
2806 4181 2898 4236 Dei
2933 4197 3160 4248 nomen,
3195 4181 3506 4238 audientem
3541 4183 3754 4240 verbum
3783 4183 3827 4236 de

2265 4273 2544 4340 castitate,
2578 4284 2631 4329 et
2660 4273 2992 4342 solventem;
3021 4275 3327 4332 audientem
3363 4277 3432 4331 de
3461 4277 3826 4338 misericordia,

2263 4377 2317 4422 et
2352 4368 2685 4434 solventem;
2718 4367 3027 4424 audientem
3066 4369 3133 4424 de
3167 4369 3508 4440 placiditate,
3537 4381 3596 4425 et
3626 4387 3724 4424 non
3754 4373 3826 4422 ira-

2265 4471 2542 4516 scentem:
2574 4461 2796 4516 divitem
2832 4479 2959 4518 vero
3005 4461 3154 4518 illum
3205 4475 3554 4534 arrogantem
3591 4473 3648 4520 et
3677 4481 3826 4532 Stiper-

558 4549 817 4606 cmlestis.
855 4549 997 4623 Ergo
1027 4553 1080 4608 in
1111 4555 1251 4610 coelo
1275 4555 1361 4609 illa
1403 4571 1546 4612 nunc
1578 4555 1904 4626 praedicabat
1931 4557 2159 4628 Paulus,
2189 4551 2240 4611 D
2269 4556 2422 4622 bum,
2455 4553 2766 4610 audientem
2815 4555 3032 4626 quidem
3058 4599 3070 4618 .
3105 4557 3198 4612 sed
3249 4569 3372 4628 post
3413 4572 3472 4612 se
3523 4559 3822 4630 rejicienlem

559 4659 681 4715 quze
712 4647 868 4701 terris
890 4656 1015 4702 ante
1043 4647 1337 4718 praedicare
1361 4665 1467 4704 non
1499 4659 1707 4722 poterat
1734 4668 1748 4718 ;
1783 4652 1921 4708 inter
1957 4652 2160 4724 periec-

563 4747 646 4796 tos
675 4741 818 4795 enim
848 4751 1060 4796 secreta
1085 4741 1363 4811 sapientiae
1387 4751 1513 4797 sunt
1541 4743 1832 4814 loquenda.

629 4833 718 4888 42.
748 4835 995 4890 Attamen
1022 4835 1146 4905 quid
1175 4837 1618 4892 commemoratio
1641 4838 1795 4893 istius
1817 4835 2160 4892 revelationis

558 4935 856 4997 operatur,
917 4929 1019 4984 nisi
1077 4941 1134 4985 ut
1181 4929 1370 4987 doceat
1427 4931 1571 5001 quod
1630 4931 1683 4986 in
1739 4931 2160 4988 revelationihus

561 5020 779 5074 minime
805 5020 1144 5092 gloriandum
1173 5023 1242 5077 sit
1267 5065 1282 5090 ,
1325 5023 1420 5079 sed
1449 5024 1501 5077 in
1535 5023 1937 5078 inﬁrmitatibus
1966 5041 1981 5089 ;
2033 5024 2157 5093 quia

558 5115 862 5184 inﬁrmitas,
891 5125 945 5172 et
971 5118 1269 5174 remedium
1300 5118 1668 5183 revelationis,
1693 5127 1746 5172 et
1766 5117 1981 5172 virtutis
2002 5131 2162 5173 exer-

557 5211 742 5266 citium
765 5212 892 5268 est?
935 5212 1140 5267 Contra
1168 5223 1346 5268 autent
1377 5213 1642 5268 revelatio
1665 5255 1679 5278 ,
1715 5213 1963 5266 elationis
1992 5211 2159 5267 lubri-

560 5318 680 5359 cum
711 5315 830 5373 est;
872 5322 1102 5377 namque
1135 5324 1200 5363 ne
1232 5309 1581 5364 revelationis
1621 5307 1952 5363 sublimitate
1982 5305 2158 5361 extol-

560 5396 762 5452 leretur
795 5397 1141 5468 ipsePaulus,
1173 5402 1262 5470 qui
1289 5412 1474 5470 raptus
1495 5402 1548 5454 in
1575 5399 1788 5456 tertium
1811 5400 2005 5454 coelum
2037 5409 2122 5452 est
2146 5439 2162 5463 ,

557 5489 836 5546 Stimulum
858 5492 1034 5547 carnis
1062 5493 1291 5564 accepit.
1321 5493 1583 5550 Subvenit
1608 5509 1738 5565 ergo
1759 5491 2064 5556 inﬁrmitas,
2094 5507 2163 5547 ne

637 5635 662 5664 ⁸
871 5633 1148 5714 quinque_,
1171 5636 1728 5714 meritum__ele«:tionis.
1777 5631 2119 5714 Sodmvocem
2142 5672 2160 5696 ,

566 5699 848 5775 electionis,
875 5699 974 5773 pro
999 5699 1255 5772 elatitmis,
1281 5709 1350 5762 ab
1372 5707 1550 5774 aliqu'o
1567 5709 1794 5775 positam
1814 5699 2158 5767 arbitramur,

581 5772 669 5848 qui
696 5788 800 5833 non
826 5772 1189 5834 consideravit
1227 5780 1310 5835 hic
1335 5772 1608 5835 elationem
1631 5777 1736 5832 dici
1762 5818 1776 5845 ,
1817 5791 1926 5832 non
1968 5789 2159 5846 super-

2263 4663 2540 4702 sermones
2563 4648 2683 4714 Dei;
2708 4647 3014 4703 audientem
3043 4647 3112 4704 de
3132 4649 3590 4706 condemuatione
3615 4651 3822 4708 luxuriae,

2262 4751 2317 4798 et
2347 4741 2514 4812 magis
2549 4740 2929 4796 luxuriantem.
2970 4743 3206 4814 Denique
3247 4742 3488 4798 Ecclesia
3525 4744 3690 4798 solvit
3714 4739 3820 4812 quod

2263 4835 2502 4903 accepit,
2537 4831 2816 4906 Synagoga
2859 4850 2965 4890 non
3014 4835 3197 4890 solvit.
3241 4833 3522 4905 Cognosce
3565 4835 3820 4890 Ecclesiam

2263 4929 2476 4984 solvere
2509 4947 2522 4981 :
2554 4927 2681 4994 Tui,
2733 4928 2932 4999 inquit,
2979 4938 3124 4982 erant
3149 4939 3240 4996 ,ζει
3285 4928 3412 4981 mihi
3463 4943 3550 4981 eos
3586 4926 3770 4990 dedisti,
3789 4935 3822 4976 rt

2264 5021 2472 5074 verbum
2519 5032 2664 5076 tuum
2703 5032 3022 5076 servaverunt
3057 5021 3238 5096 (Joan.
3280 5037 3416 5084 xvu,
3449 5019 3528 5090 6).
3581 5019 3649 5074 Et
3684 5019 3818 5073 alibi:

2259 5114 2384 5180 Ipse
2425 5118 2560 5170 enim
2607 5115 2766 5170 Pater
2813 5116 2979 5189 diligit
3026 5133 3149 5182 vos,
3208 5115 3326 5184 quia
3374 5131 3463 5168 vos
3519 5129 3601 5166 me
3647 5111 3820 5182 diligitis

2263 5205 2438 5278 (Joan.
2473 5225 2581 5274 xvt,
2609 5209 2721 5278 2‘7).
2749 5209 2999 5264 Reddidit
3029 5223 3157 5279 ergo
3189 5207 3427 5262 Ecclesia
3457 5221 3618 5275 quam
3649 5205 3816 5270 accepit

2262 5319 2289 5356 a
2335 5303 2561 5357 Domino
2605 5303 2882 5370 pecuniam
2932 5301 3235 5364 charitatis,
3279 5299 3375 5356 sed
3417 5299 3694 5370 Synagoga
3733 5313 3814 5351 non

2263 5396 2519 5451 reddidit.
2565 5397 2794 5468 Ideoque
2840 5397 2906 5452 de
2947 5395 3148 5452 ludatis
3184 5395 3381 5450 dicitur
3413 5409 3432 5446 :
3459 5393 3520 5448 Si
3559 5409 3656 5447 non
3685 5391 3816 5445 renis-

2264 5507 2372 5544 sem
2387 5533 2412 5556 ,.
2431 5501 2478 5546 et
2507 5493 2706 5545 locutus
2741 5509 2841 5546 non
2868 5491 3076 5562 fuissent
3125 5490 3234 5556 his,
3264 5497 3524 5558 peccatum
3561 5503 3658 5540 non
3689 5483 3812 5538 liabe-

2262 5629 2428 5694 biam,
2459 5631 2551 5686 sed
2580 5633 2750 5701 ipsum
2779 5629 3019 5700 Apostoli
3049 5635 3298 5701 raptum,
3325 5639 3630 5701 quousque
3653 5621 3714 5678 ad
3731 5631 3812 5676 ter-

2269 5707 2398 5762 tium
2420 5698 2614 5764 cteluni
2643 5698 2958 5760 elatus—sive
2987 5701 3224 5757 elevatus
3245 5698 3458 5762 dicitur.
