4042 6378
129 356 255 415 989

1249 372 1314 428 ΙΝ
1355 371 1686 430 PSALMUM
1728 375 1945 434 XXXVI
1989 379 2408 439 ENAltllATlO.

3356 385 3462 442 $39!)

123 486 258 530 rent
295 498 318 534 .·
353 498 490 536 nunc
511 492 678 539 autem
707 488 1080 542 excusationem
1112 506 1211 544 non
1241 492 1428 546 habent
1455 492 1520 547 de
1555 504 1761 564 peccato
1788 500 1842 560 Α
1866 497 2085 555 Grmcus
2129 501 2422 576 διαδήματα
2459 504 2613 572 dixit,
2641 506 2744 562 hoc
2789 517 2900 574 est,
2931 506 3202 560 transitus.
3241 504 3306 559 Et
3342 505 3465 559 ideo

122 584 236 624 suo
275 572 474 646 (Joan.
526 595 612 642 xv,
642 577 766 651 ‘24);
805 582 926 651 quia
983 584 1263 640 audierunt
1317 587 1523 657 utique,
1555 597 1609 643 et
1657 603 1765 642 non

120 666 530 726 crediderunt.
583 671 999 744 Probatum'fest
1038 693 1167 748 ergo
1202 680 1324 749 quia
1372 683 1598 735 mutuati
1639 692 1769 739 sunt

123 772 501 832 peceatores,
536 775 728 822 etnon
776 768 1072 824 solverunt.
1128 770 1379 827 Peccator
1428 774 1592 844 igitur
1642 786 1765 847 eget

123 865 378 922 semper
409 875 420 910 :
450 857 624 926 justus
653 870 834 915 autem
861 861 1099 916 abundat
1122 874 1175 918 et
1198 863 1408 928 tribuit,
1433 867 1584 936 cujus
1611 867 1763 923 dives

123 954 225 998 est
261 950 630 1012 conscientia,
670 952 901 1024 Ideoque
930 951 1102 1010 Judaei
1139 955 1191 1009 iu
1223 958 1336 1012 suis
1368 959 1567 1014 divitiis
1598 976 1763 1031 egue-

127 1049 279 1092 rtmt
309 1058 324 1093 :
358 1039 548 1096 Divites
572 1056 818 1115 eguerunt
841 1054 886 1099 et
907 1048 1192 1102 esurierunt
1218 1048 1387 1122 (Psal.
1417 1069 1606 1121 XXXIII,
1645 1056 1757 1126 ii);

126 1129 453 1188 Christiani
481 1145 660 1191 autem
693 1140 743 1191 in
764 1139 963 1195 divitiis
989 1143 1354 1214 simplicitatis
1391 1161 1503 1201 suae
1531 1165 1635 1202 non
1666 1149 1761 1204 de-

130 1224 426 1279 fecerunt.

212 1317 320 1376 45.
354 1319 533 1388 (Vers.
570 1320 690 1395 22.)
732 1323 913 1382 Bonus
951 1342 1085 1399 ergo
1109 1330 1318 1398 justus;
1357 1342 1412 1387 et
1460 1332 1582 1388 ideo
1615 1335 1766 1391 addit

128 1405 465 1481 Scriptura:
503 1414 758 1482 Quoniam
786 1418 1133 1475 benedicenles
1155 1440 1288 1491 eum,
1311 1425 1637 1494 possidebunt
1656 1439 1761 1482 ter-

127 1522 292 1571 ram;
330 1509 688 1566 maledicentes
724 1524 894 1567 autent
933 1533 1075 1582 eum,
1100 1518 1439 1589 disperibunt.
1481 1520 1762 1589 Quomodo

123 1598 334 1665 justus
364 1604 601 1672 possidet
631 1616 853 1674 terram,
884 1621 978 1665 aut
1006 1627 1166 1682 quant
1201 1623 1434 1681 terram,
1465 1632 1588 1670 cum
1617 1616 1764 1673 Scri-

127 1702 308 1760 ptura
355 1696 500 1752 dicat
532 1717 544 1752 :
581 1698 850 1768 Numquid
905 1706 1004 1758 soli
1052 1707 1344 1761 habitabilis
1381 1727 1532 1780 super
1572 1720 1762 1764 terram

126 1782 322 1856 (Esai.
356 1803 418 1855 ν,
444 1789 538 1860 8)?
570 1792 635 1846 Et
673 1794 799 1850 alibi
831 1812 844 1847 :
887 1793 974 1850 Vw
1009 1799 1358 1856 habitantibus
1388 1819 1541 1873 super
1571 1814 1758 1858 terram

1871 589 2064 646 dicitur
2111 595 2203 648 tibi
2241 612 2252 647 :
2286 596 2346 650 Si
2384 606 2614 651 transeas
2648 615 2739 670 per
2765 616 2984 669 aquam,
3015 599 3231 668 ﬂumina
3276 609 3322 651 te
3362 613 3465 650 non

1867 685 2169 740 concludent
2202 687 2369 758 (Esai.
2402 693 2648 761 xuu,‘:’.).
2685 691 2873 746 Transi
2905 706 3052 762 ergo,
3088 692 3195 744 noli
3219 705 3469 754 cessare;

1868 779 2007 835 sicut
2039 781 2212 837 bonus
2239 784 2412 838 viator
2456 800 2579 839 cum
2612 787 2820 841 venerit
2851 786 2916 840 ad
2957 785 3170 856 aliquod
3195 783 3235 853 ῖο
3267 785 3366 839 vim
3397 783 3471 839 si-

1865 890 2050 944 gnum,
2085 891 2188 929 non
2215 878 2456 942 stat,sed
2482 883 2798 949 pertransit;
2823 891 2875 937 et
2907 890 2960 936 tu
2988 882 3040 935 in
3064 880 3145 935 via
3179 895 3255 946 es,
3282 895 3471 950 quam-

1865 968 1956 1022 diu
1985 971 2036 1022 iu
2071 969 2173 1024 hoc
2203 985 2363 1024 cursu
2394 987 2450 1026 es
2470 971 2828 1041 (constitutus.
2862 974 3064 1034 Paulus,
3099 975 3142 1028 si
3186 974 3425 1029 stetisset
3453 1025 3468 1050 ,

1863 1081 2077 1120 cursum
2108 1081 2260 1121 suum
2283 1083 2390 1122 non
2416 1080 2867 1129 COHSllmlllaSSCL
2899 1071 3029 1125 Vide
3052 1086 3117 1125 ne
3142 1069 3263 1124 ideo
3287 1069 3468 1123 dicat:

1865 1159 1933 1215 Et
1982 1171 2035 1215 tu
2087 1163 2175 1234 qui
2225 1172 2359 1227 stas,
2387 1163 2506 1218 vide
2550 1179 2616 1218 ne
2660 1165 2823 1219 cadas
2864 1164 2906 1239 (l
2947 1163 3067 1220 Cor.
3097 1182 3155 1231 χ,
3188 1163 3298 1235 l2).
3351 1163 3466 1219 Non

1863 1252 2006 1307 enim
2044 1257 2132 1326 qui
2164 1257 2428 1322 transivit,
2460 1267 2638 1330 potest
2678 1260 2867 1312 timere
2900 1274 2966 1314 ne
3004 1257 3179 1313 cadat.
3215 1255 3356 1324 Vidi,
3387 1259 3467 1311 itt-

1863 1347 2000 1417 quit,
2029 1347 2242 1418 impium
2269 1348 2703 1420 superexaltatum
2724 1393 2736 1412 ,
2769 1359 2813 1402 et
2836 1350 3084 1406 eleuatum
3105 1366 3257 1422 super
3287 1349 3466 1402 cedros

1864 1439 2080 1505 Libani;
2106 1453 2151 1495 et
2197 1444 2426 1509 transivi,
2460 1452 2507 1497 et
2547 1460 2659 1497 ecce
2698 1461 2798 1497 non
2834 1456 2940 1498 erat
2973 1443 3150 1516 (Infra
3179 1459 3309 1497 vers.

1868 1534 2068 1589 Videtis
2095 1549 2224 1605 ergo
2252 1534 2472 1606 impium
2502 1536 2992 1604 superexaltatum,
3018 1537 3108 1606 qui
3138 1551 3246 1590 non
3285 1538 3466 1603 stetit,

1865 1646 1970 1682 non
2001 1628 2220 1684 olfettdit
2250 1645 2265 1682 :
2293 1631 2335 1683 si
2368 1630 2634 1696 stetisset,
2663 1641 2715 1684 et
2741 1630 2966 1684 miratus
2990 1631 3138 1684 illum
3170 1629 3380 1696 fuisset,
3413 1638 3471 1684 et

1863 1734 2079 1777 secutus
2108 1730 2283 1788 esset,
2315 1720 2610 1778 offenderat
2630 1766 2651 1790 ,
2674 1735 2726 1778 et
2768 1723 3040 1778 ceciderat
3080 1725 3216 1778 sicut
3247 1725 3465 1794 impius.

1867 1817 1992 1872 Ideo
2038 1817 2248 1889 Moyses
2280 1817 2468 1872 videns
2517 1819 2708 1873 rubum
2751 1820 2996 1873 relucere
3026 1827 3081 1874 ct
3110 1835 3216 1872 non
3248 1820 3463 1885 ardere,

126 1877 340 1951 (Apoc.
384 1896 503 1949 Vlll,
539 1885 665 1954 15),
697 1886 841 1956 quod
877 1888 1262 1960 increpationis
1300 1905 1383 1948 est
1413 1896 1637 1949 verbum
1677 1908 1752 1951 at-

1863 1909 1974 1965 ait:
2009 1909 2285 1966 Transiens
2331 1910 2510 1965 videbo
2550 1911 2648 1967 hoc
2691 1914 2853 1968 visunt
2887 1929 3131 1986 magnum
3157 1910 3352 1984 (Exod.
3382 1928 3460 1982 ut,

125 1985 242 2039 que
278 1972 582 2028 maledicti.
612 1973 780 2045 Cujus
813 1994 944 2050 ergo
971 1990 1130 2036 terra:
1168 1983 1453 2041 benedicta
1485 1988 1759 2056 possessio

125 2064 257 2118 est?
294 2065 418 2120 Non
447 2067 602 2122 istius
625 2085 744 2138 quae
771 2073 1008 2129 tenebris
1033 2076 1385 2131 absconditur
1412 2090 1464 2133 et
1492 2084 1756 2135 amaritu-

129 2156 368 2215 dinibus
414 2160 668 2230 impletur
700 2181 712 2215 :
744 2164 840 2219 sed
871 2164 1018 2220 illius
1043 2184 1162 2237 qua:
1195 2168 1310 2224 ﬂuit
1339 2173 1442 2227 mel
1478 2182 1533 2228 et
1558 2173 1669 2236 lac,
1704 2173 1757 2230 id

127 2262 240 2316 est,
277 2250 448 2307 habet
476 2257 702 2324 gratiam
725 2260 1029 2325 suavitatis,
1061 2271 1113 2315 et
1143 2262 1405 2334 fulgorem
1440 2266 1574 2322 lucis
1601 2278 1758 2322 teter-

125 2358 242 2397 ηερ.
309 2345 513 2416 Accipe
558 2349 740 2410 mellis
783 2349 908 2405 boni
964 2354 1316 2418 suavitatem;
1368 2357 1534 2411 immo
1591 2373 1756 2429 supra

126 2437 248 2491 mel
277 2455 294 2490 :
330 2435 518 2510 Fugiet
561 2440 712 2495 dolor
747 2450 796 2495 et
823 2445 1040 2514 gemitus
1067 2456 1114 2499 et
1139 2448 1344 2501 tristitia
1383 2448 1551 2521 (Esai.
1583 2467 1750 2518 xxxv,

125 2530 264 2602 10);
295 2533 417 2601 quia
441 2535 678 2590 suavitas
705 2537 894 2610 gratiae
922 2540 1336 2594 amaritudinem
1374 2542 1620 2596 inuitante
1647 2545 1756 2596 ira-

123 2623 368 2690 gilitatis
407 2626 677 2680 excludet.
727 2628 793 2682 Et
822 2629 950 2684 alibi
983 2648 996 2684 ί
1032 2630 1100 2686 Et
1141 2631 1327 2686 delebit
1349 2650 1549 2687 omnem
1582 2635 1755 2706 [ηενρ]-

123 2731 284 2768 mam
306 2717 368 2769 de
389 2719 552 2772 oculis
572 2735 783 2785 eorum;
815 2732 862 2775 et
894 2739 1031 2777 mors
1062 2742 1162 2777 non
1192 2725 1286 2777 erit
1314 2727 1572 2796 amplius,
1591 2743 1754 2797 neque

126 2811 314 2862 luctus
357 2809 544 2879 (Apoc.
588 2828 696 2878 xm,
724 2813 803 2881 ti).
843 2816 1040 2885 Accipe
1085 2817 1247 2872 etiam
1299 2817 1456 2872 lactis
1495 2819 1747 2874 nitorem.

129 2899 206 2955 Et
237 2919 345 2956 non
375 2903 675 2974 indigebunt
708 2907 942 2974 lucerna,
972 2917 1020 2962 et
1054 2909 1246 2964 lumine
1282 2911 1443 2978 solis;
1481 2912 1590 2982 ipse
1617 2914 1752 2966 enim

126 2993 400 3050 Dominus
439 2995 750 3052 illuminabit
781 3018 936 3070 super
963 3003 1082 3056 illos
1108 3045 1122 3064 .
1155 3014 1203 3058 et
1245 3004 1530 3076 regnabant
1569 3007 1624 3059 in
1654 3023 1752 3060 ste-

127 3088 259 3141 cula
306 3089 638 3144 seculorum.
678 3093 842 3147 Amen
873 3092 1058 3165 (Apoc.
1081 3111 1225 3162 xxtv,
1249 3096 1326 3165 5).

206 3181 304 3237 46.
356 3182 450 3237 Est
486 3185 649 3238 etiam
697 3188 964 3258 mysticus=
996 3189 1194 3258 justus,
1224 3192 1316 3262 qui
1364 3193 1654 3251 miseretur
1696 3204 1750 3252 et

1862 2004 1940 2074 5).
1965 2003 2064 2072 Qui
2099 2007 2295 2059 transit
2321 2005 2390 2062 de
2414 2006 2514 2060 hoc
2545 2007 2772 2073 smculo,
2805 2021 3055 2078 magnum
3084 2009 3260 2061 visum
3284 2006 3462 2060 videt:

1862 2079 1950 2166 qui
1977 2098 2138 2153 solvit
2165 2099 2374 2154 vincula
2409 2098 2561 2153 istius
2595 2113 2762 2154 nexus
2785 2116 2888 2168 quo
2918 2097 3149 2169 ligantur
3188 2095 3312 2152 huic
3338 2112 3463 2151 cor-

1864 2191 2003 2258 pori,
2035 2207 2285 2261 magnum
2307 2193 2482 2246 visum
2511 2189 2676 2246 videt.
2711 2191 2922 2264 Moyses
2953 2191 3004 2245 in
3050 2189 3273 2256 Exodo,
3307 2199 3364 2243 ut
3389 2189 3466 2244 Ie-

1860 2286 2003 2356 gitur
2026 2328 2041 2352 ,
2076 2287 2242 2342 multa
2272 2285 2419 2340 videt
2462 2286 2718 2340 miracula
2755 2302 2901 2340 :non
2946 2295 3090 2339 tanta
3136 2285 3272 2339 alius
3313 2284 3465 2338 videt

1859 2381 1949 2450 qui
1983 2396 2089 2434 non
2114 2391 2197 2436 est
2229 2381 2280 2435 in
2315 2380 2525 2434 Exodo.
2558 2379 2705 2441 Idem
2729 2379 2937 2451 Moyses
2964 2379 3246 2433 transivit:
3284 2389 3461 2433 trans-

1861 2473 1958 2526 ivit
1999 2482 2053 2527 et
2092 2474 2326 2544 populus
2370 2484 2618 2550 patrum,
2661 2477 2786 2548 quia
2831 2474 2898 2534 de
2948 2481 3095 2528 terra
3138 2473 3462 2542 captivitatis

1859 2566 2065 2618 exibat.
2099 2565 2474 2635 Ditigebantur
2498 2568 2678 2637 itaque
2699 2583 2728 2621 a
2758 2565 2988 2621 Domino
3009 2581 3225 2637 gressus
3247 2581 3460 2636 eorum,

1857 2658 2054 2728 quibus
2083 2675 2175 2729 per
2209 2671 2419 2717 noctem
2460 2662 2601 2734 ignis
2628 2663 2880 2717 columna
2911 2663 3146 2730 lucebat,
3182 2677 3276 2732 per
3314 2661 3456 2717 diem

1859 2753 2014 2808 nubis
2040 2770 2054 2819 ;
2089 2765 2144 2808 ut
2173 2771 2274 2810 nec
2309 2757 2412 2811 dici
2459 2758 2622 2812 ardor
2652 2756 2894 2813 alliceret
2924 2767 3329 2824 commeantes,
3359 2773 3459 2814 nec

1857 2844 2305 2914 impedimentum
2330 2849 2599 2906 viantibus
2629 2851 2866 2906 tenebras
2897 2852 3070 2907 noctis
3095 2851 3384 2908 afferrent.

1928 2936 2018 2992 48.
2050 2939 2117 2993 Et
2148 2949 2201 2994 tu
2233 2955 2441 2996 merere
2472 2941 2648 3005 factis,
2679 2944 2926 3013 votisque
2951 2944 3182 3013 deposce
3217 2951 3272 2996 ut
3301 2958 3456 3014 gres-

1855 3045 1948 3083 sus
2000 3031 2070 3083 ttti
2117 3046 2146 3086 a
2196 3031 2422 3087 Domino
2465 3033 2785 3103 dirigantur,
2815 3049 2884 3087 ne
2923 3044 3242 3088 moveantur
3289 3033 3456 3103 pedes

1857 3124 1964 3188 tui;
1987 3125 2108 3194 quia
2137 3127 2396 3196 scriptum
2431 3135 2516 3180 est
2541 3144 2554 3179 :
2580 3125 2684 3180 Mei
2714 3134 2885 3182 autem
2917 3142 3041 3193 pene
3070 3124 3192 3177 moti
3221 3132 3338 3178 sunt
3362 3140 3452 3193 pe-

1857 3215 1983 3280 des;
2017 3216 2173 3282 paulo
2201 3217 2370 3271 minus
2392 3216 2543 3284 effusi
2581 3227 2697 3271 sunt
2719 3234 2924 3288 gressus
2963 3216 3061 3270 mei
3084 3215 3255 3285 (Psal.
3286 3230 3454 3280 Lxxu,

130 3274 365 3342 tribuit,
409 3277 498 3346 qui
532 3279 714 3334 omnia
749 3279 912 3336 verba
943 3298 1061 3351 qua:
1099 3287 1305 3354 accepit
1349 3303 1378 3340 a
1418 3286 1576 3344 Patre
1605 3290 1752 3348 dedit

1860 3307 1935 3376 2).
1964 3306 2274 3362 Cavendum
2309 3319 2390 3363 est
2420 3325 2632 3379 quoque
2678 3326 2744 3364 ne
2781 3319 2983 3364 rectam
3018 3309 3262 3363 semitam
3295 3309 3456 3363 dere-

132 3368 302 3424 nobis
322 3412 337 3436 ,
369 3381 424 3424 et
463 3380 808 3439 peccatorum
838 3384 1147 3430 nostrorum
1185 3377 1340 3433 nobis
1369 3396 1475 3434 aera
1503 3380 1747 3449 dimisit,

1860 3395 2094 3467 linquas.
2127 3408 2179 3454 et
2219 3399 2537 3454 diverticula
2580 3410 2630 3454 te
2665 3402 2870 3454 viarum
2907 3409 3271 3458 tortuosarum
3305 3400 3453 3454 deci-

129 3469 190 3514 et
213 3463 536 3530 sanguinem
565 3479 720 3518 suuut
751 3481 847 3534 pro
878 3469 1076 3522 nostris
1107 3467 1302 3524 debitis
1330 3470 1528 3537 solvit;
1558 3480 1615 3527 ut
1642 3489 1748 3530 non

131 3553 189 3606 in
222 3551 412 3608 fenore
441 3571 688 3612 essemus
717 3559 918 3624 alieno,
949 3561 1048 3616 sed
1077 3563 1130 3616 in
1173 3578 1272 3617 suo
1302 3581 1408 3618 aere
1429 3565 1602 3622 bonus
1631 3583 1750 3623 cre-

132 3647 286 3702 ditor
316 3664 414 3705 nos
455 3651 699 3708 haberet.
731 3654 826 3710 Est
852 3665 909 3710 et
937 3666 1190 3725 peccator
1217 3658 1304 3714 ille
1325 3659 1430 3729 qui
1456 3677 1747 3733 congrega-

135 3741 215 3792 vit
245 3757 366 3810 qua:
399 3759 504 3796 non
537 3746 768 3815 peperit,
794 3757 848 3802 et
875 3759 1150 3804 mutuatus
1181 3761 1265 3805 est
1294 3753 1436 3821 quod
1464 3770 1570 3810 non
1600 3767 1750 3811 tene-

133 3833 268 3893 bat,
322 3849 423 3887 nec
472 3835 586 3889 vult
634 3838 919 3893 restituere
971 3841 1113 3910 quod
1163 3846 1388 3912 accepit.
1436 3845 1575 3900 Audi
1623 3849 1748 3918 quia

137 3933 421 3981 mutuatus
451 3939 533 3982 est
561 3929 809 3985 diabolus
839 3949 850 3984 :
881 3930 1022 4003 Tibi,
1045 3936 1251 4000 inquit,
1281 3937 1412 3990 dabo
1454 3950 1748 4007 potestatem

135 4019 278 4072 lianc
308 4027 332 4055 ⁸
366 4020 686 4087 universam,
712 4033 758 4077 et
798 4025 1018 4094 gloriam
1054 4027 1260 4081 illorum
1304 4030 1446 4098 (quia
1484 4033 1611 4084 nti/ti
1643 4043 1750 4087 tra-

137 4109 255 4163 dita
296 4123 438 4177 sunt,
467 4122 513 4167 et
543 4115 626 4168 cui
670 4115 806 4184 volo,
835 4115 903 4171 do
932 4117 1048 4189 illa)
1069 4120 1112 4172 si
1145 4119 1418 4188 procidens
1455 4123 1768 4207 adoraveris'

139 4220 223 4258 me
255 4203 408 4275 (Luc.
450 4222 527 4271 tv,
559 4206 640 4278 6).
690 4207 1049 4281 Nequissime,
1081 4214 1338 4283 accepisti
1382 4215 1449 4270 ad
1497 4203 1751 4272 teutatio—é

141 4312 298 4364 item,
330 4314 436 4351 non
465 4299 530 4351 ad
551 4311 815 4366 mortem;
840 4303 940 4357 hoc
967 4306 1341 4374 est,accepisti
1369 4318 1425 4362 ut
1446 4309 1750 4379 probaren-

141 4400 233 4446 tur
261 4391 355 4446 Dei
388 4394 790 4468 servuli,798
822 4406 1014 4452 nonut
1037 4401 1518 4469 exstinguereutur
1546 4419 1560 4468 ;
1593 4418 1750 4459 acce-

142 4485 268 4554 pisti
301 4493 360 4540 ut
388 4485 528 4542 Deus
556 4488 904 4556 adoraretur,
935 4506 1042 4546 non
1068 4501 1126 4547 ut
1145 4504 1464 4563 negaretur;
1489 4498 1748 4568 accepisti

141 4578 448 4646 smcularia,
474 4595 571 4636 cur
598 4583 762 4652 eripis
786 4598 906 4652 qute
927 4593 1129 4640 aeterna
1156 4586 1318 4640 sunt?
1342 4589 1600 4660 accepisti
1627 4606 1746 4659 qua:

1855 3490 2038 3560 piant;
2074 3490 2195 3546 ideo
2238 3492 2434 3548 dicitur
2464 3512 2476 3546 :
2511 3492 2704 3552 Parate
2730 3495 2865 3546 viam
2892 3491 3112 3548 Domino
3141 3509 3153 3546 :
3182 3503 3344 3546 rectas
3374 3495 3455 3562 fa-

1852 3584 1949 3635 cite
1996 3583 2203 3637 semitas
2237 3588 2350 3659 ejus
2380 3585 2552 3658 (Esai.
2586 3602 2653 3644 XL
2677 3627 2692 3651 ,
2721 3584 2799 3658 5).
2853 3586 3113 3641 Paremus
3133 3601 3264 3656 ergo
3313 3586 3451 3640 viattt

1856 3673 2083 3732 Domino
2117 3673 2227 3730 Deo
2260 3687 2444 3731 nostro
2485 3677 2536 3731 in
2588 3678 2859 3733 mentibus
2891 3677 3120 3741 nostris;
3155 3685 3332 3731 rectas
3377 3678 3454 3729 fa-

1850 3763 2055 3817 ciamus
2081 3767 2385 3820 animorum
2426 3768 2668 3832 semitas,
2701 3784 2768 3821 ne
2815 3767 3100 3835 labantur;
3132 3784 3239 3822 non
3275 3767 3454 3824 cﬂ'un-

1851 3852 2047 3908 dantur
2074 3870 2295 3924 gressus
2332 3859 2498 3912 nostri
2530 3857 2669 3911 sicut
2704 3861 2885 3912 uxoris
2913 3857 3040 3924 Lot,
3066 3874 3188 3928 qua:
3229 3869 3349 3929 post
3395 3874 3455 3913 se

1852 3946 2116 4014 respexit,
2152 3955 2208 4000 et
2250 3962 2470 4016 gressus
2519 3957 2704 4004 tenere
2749 3965 2855 4003 non
2905 3950 3110 4018 potuit,
3151 3949 3246 4004 sed
3299 3949 3455 4003 elfusi

1852 4045 1998 4102 sunt,
2032 4052 2156 4090 eum
2201 4040 2252 4091 in
2282 4039 2460 4105 salem
2492 4049 2636 4093 esset
2663 4049 2886 4108 repente
2913 4055 3173 4094 conversa
3199 4057 3212 4104 ;
3243 4056 3348 4092 non
3377 4039 3455 4094 cf-

1853 4125 2146 4183 fundantur
2174 4131 2316 4185 sicut
2352 4129 2730 4202 Egyptiorum
2755 4172 2769 4195 ,
2798 4147 3026 4204 quorum
3057 4147 3302 4200 gressum
3343 4149 3457 4186 nta-

1853 4220 1927 4274 ris
1953 4221 2148 4280 ﬂuctus
2168 4223 2378 4280 eiiudit.
2400 4226 2535 4296 Ipsis
2561 4225 2800 4282 lit-bracis
2822 4225 2908 4295 qui
2931 4241 3050 4281 cum
3071 4228 3257 4299 Moyse
3279 4237 3456 4296 erant,

1852 4312 1976 4380 quia
2007 4325 2368 4382 peccaverunt
2402 4318 2454 4372 in
2482 4317 2729 4388 deserto,
2758 4317 3072 4374 ceciderunt
3108 4321 3330 4391 vestigia
3364 4339 3457 4392 pe-

1852 4403 2003 4470 dum,
2031 4401 2058 4442 ἀ
2088 4421 2157 4462 ne
2186 4408 2236 4462 in
2269 4418 2468 4466 terram
2495 4410 2910 4465 resurrectionis
2942 4411 3226 4468 intrarent.

1922 4496 2013 4558 49.
2062 4499 2248 4554 Nonne
2284 4502 2447 4556 etiam
2479 4502 2546 4556 de
2594 4502 2675 4556 bis
2723 4502 2948 4573 pulchre
2990 4503 3186 4559 dicitur
3211 4503 3331 4574 quia
3377 4503 3457 4558 ef-

1852 4592 1950 4649 fusi
1994 4604 2120 4648 sunt
2163 4609 2450 4663 processus
2494 4611 2718 4664 eorum,
2751 4613 2980 4666 quorum
3025 4613 3151 4668 spes
3183 4597 3364 4667 lapsat,
3401 4598 3453 4650 itt

143 4671 328 4725 ntundi
373 4682 528 4734 sunt.
560 4689 658 4730 cur
684 4675 763 4729 vis
807 4675 1023 4732 auferre
1070 4695 1190 4749 qua:
1233 4679 1432 4738 Christi
1479 4695 1602 4737 sunt
1625 4683 1647 4736 ?
1673 4683 1745 4738 Da
1775 4667 1830 4728 Ῑ)
1856 4707 2054 4746 vanum
2095 4692 2296 4752 en‘usus
2331 4695 2503 4761 labor,
2535 4704 2654 4749 vota
2687 4705 2812 4750 sunt
2838 4694 3116 4751 destituta.
3158 4693 3457 4748 Considera

142 4764 231 4818 illa
258 4767 344 4820 cui
374 4767 483 4829 vis,
509 4782 615 4821 non
658 4769 983 4824 invidemus.
1017 4770 1126 4826 Cur
1151 4774 1306 4829 nobis
1348 4792 1378 4830 a
1407 4785 1458 4831 te
1486 4793 1605 4847 quae
1647 4795 1746 4834 nos

142 4861 424 4926 volumus,
450 4861 793 4916 invidentur?
833 4863 912 4919 Tu
958 4865 1172 4921 adorari
1200 4869 1311 4932 vis,
1365 4870 1456 4940 qui
1494 4875 1745 4928 omnibus

145 4956 392 5025 nequior,
422 4955 536 5025 ipsa
565 4972 784 5026 quoque
804 4958 1060 5027 indignus:
1080 4973 1139 5014 es
1161 4963 1440 5017 servitute.

217 5050 304 5104 47.
342 5049 520 5121 (V‘ers.
546 5049 664 5122 23.)
695 5049 1026 5106 1’ADomirto
1043 5068 1247 5125 gressus
1274 5056 1371 5108 viri
1394 5057 1737 5128 corrigentur.

221 5237 244 5264 α
265 5228 344 5283 Ita
364 5228 498 5284 edit.
514 5245 728 5294 omnes,
757 5240 812 5284 et
839 5243 1236 5302 mss.quatuor,
1261 5234 1455 5302 quibus
1473 5245 1582 5290 tum
1607 5237 1744 5292 divi-

151 5313 248 5373 nus
293 5312 504 5360 textus.
553 5311 664 5354 tum
712 5304 1031 5356 Ambrosius
1079 5305 1193 5373 ipse
1234 5306 1324 5358 lib.
1358 5323 1373 5360 ι
1411 5305 1486 5359 De
1527 5307 1656 5361 Cain
1697 5321 1744 5364 et

148 5368 299 5446 Abel.
324 5387 446 5446 cap.
476 5373 507 5425 ὃ
533 5411 549 5437 ,
587 5389 738 5446 num.
779 5374 860 5436 i7,
888 5384 942 5446 et
970 5368 1120 5438 alibi,
1153 5377 1533 5446 suffragantur,
1565 5380 1742 5437 locum

151 5440 289 5497 hunc
327 5442 532 5497 eisdem
566 5444 749 5498 verbis
775 5445 1115 5498 exhibentes.
1157 5449 1259 5503 Alii
1302 5440 1482 5503 tamen
1513 5440 1744 5518 quatuor

149 5528 273 5567 mss.
313 5525 432 5582 post
463 5529 676 5576 vocem,
705 5525 1002 5583 potestatem
1024 5519 1176 5581 hanc,
1207 5521 1470 5578 inserunt.
1503 5523 1740 5578 universa

151 5584 263 5637 haec
281 5602 470 5659 regna;
494 5601 602 5638 non
625 5585 729 5659 alia
755 5587 978 5659 sanede
996 5601 1179 5659 causa.
1195 5591 1294 5644 nisi
1319 5593 1576 5659 tttsitquo
1600 5593 1741 5650 refe-

152 5668 297 5733 ratur
325 5656 641 5733 roillorum:
673 5657 833 5722 Atqui
861 5656 1068 5733 ellipsis
1091 5668 1175 5714 est
1195 5661 1283 5717 ubi
1315 5656 1738 5733 subintciligitur

151 5728 206 5801 sit
232 5725 783 5801 negotiorum,_Gr:ece
815 5729 1122 5800 χρημάπωι
1142 5746 1268 5801 quin
1284 5733 1536 5791 videlicet
1566 5725 1742 5794 iudice

155 5797 365 5852 deambu-
398 5797 740 5852 ostendebat.

223 5867 424 5927 buom.
467 5868 626 5933 ediL,
673 5869 714 5926 Α
755 5869 975 5925 Domino
1014 5889 1214 5943 gressus
1253 5878 1349 5933 viri
1374 5877 1660 5950 dirigentur
1694 5890 1742 5938 et

1853 4782 1998 4836 enim
2042 4783 2276 4854 aliquem
2327 4801 2424 4856 per
2461 4787 2668 4855 aliquot
2706 4802 2876 4841 annos
2913 4786 3162 4840 habuisse
3215 4783 3450 4837 studium

1855 4876 2167 4943 probitatis.
2199 4879 2462 4932 castitatis
2501 4879 2823 4941 custodiam,
2855 4875 2974 4930 vita:
3017 4874 3323 4929 attentioris
3366 4873 3445 4924 af-

1854 4968 2072 5033 iectum,
2110 4968 2214 5038 pias
2240 4970 2576 5040 propositum
2606 4971 2901 5034 servitutis,
2931 4966 3132 5022 sedula:
3162 4963 3328 5035 799
3355 4967 3454 5014 ult-

1852 5065 2180 5119 servaliouis
2221 5065 2495 5130 ofﬁcium;
2530 5064 2811 5134 subitoque
2851 5078 2971 5118 euut
3003 5074 3125 5116 esse
3161 5065 3444 5121 mutatum,

1848 5243 2122 5322 viam‘ejus
2148 5247 2336 5312 cupiet.
2369 5246 2588 5322 Gressus
2611 5247 2706 5300 viri
2736 5245 3040 5315 dirigentur.
3068 5241 3282 5296 Gressus
3302 5239 3446 5322 Grat-

1847 5331 1937 5367 cus
1984 5314 2299 5388 διαϐήματα,
2329 5331 2435 5373 etc.
2474 5318 2605 5372 Alia:
2647 5333 2712 5373 ac
2755 5314 2885 5371 mss.
2924 5330 3146 5380 omnes,
3176 5322 3232 5367 ttt
3259 5328 3358 5366 nos
3391 5314 3443 5367 in

1849 5395 2024 5513 lexculti
2078 5469 2188 5526 est,
2220 5461 2526 5514 columnam
2577 5460 2642 5513 ad
2686 5458 3002 5514 indicandas
3029 5459 3145 5512 vias
3190 5458 3241 5508 in
3287 5454 3444 5511 biviis

1844 5538 1938 5583 ant
1966 5531 2135 5586 triviis
2167 5544 2428 5595 erectam,
2458 5531 2546 5586 vel
2581 5532 2790 5604 ἑρμαῐον
2811 5531 2986 5603 λόφω,
3021 5529 3090 5583 de
3135 5543 3242 5597 quo
3281 5527 3438 5582 Prov.

1955 5619 1966 5653 ι
2062 5644 2075 5656 .

1844 5616 1949 5706 ΠΧ
2126 5673 2257 5727 edit.
2292 5671 2349 5725 in
2376 5673 2646 5739 margine,
2671 5689 2733 5728 ac
2756 5673 2913 5726 Rom.
2936 5672 2986 5726 in
3017 5684 3284 5739 corpore,
3302 5685 3364 5722 ne
3389 5669 3442 5724 in

1851 5753 2046 5801 tetram
2086 5744 2498 5811 repromissionis
2531 5760 2545 5795 :
2586 5745 2680 5800 sed
2731 5743 2919 5799 cuncti.
2955 5749 3443 5820 mssxconsta‘ntcr

1853 5817 2066 5883 legunt,
2098 5834 2158 5872 ne
2192 5818 2244 5868 in
2285 5827 2472 5870 terram
2498 5820 2914 5879 resurrectionis,
2945 5812 3216 5873 translato,
3233 5811 3444 5870 scilicet

1851 5887 1926 5946 rei
1950 5889 2187 5958 ﬁguratas
2219 5887 2437 5942 nomine
2461 5887 2512 5942 ia
2545 5888 2660 5958 ejus
2687 5891 2931 5963 figuram.
