  <div class='ocr_page' id='page_1' title='image "/cluster/home/n/w/nwhite01/storage/ocr_20150623/14/hvd.32044015471303/501.png"; bbox 0 0 4042 6378; ppageno 0'>
   <div class='ocr_carea' id='block_1_1' title="bbox 637 290 739 349">
    <p class='ocr_par' dir='ltr' id='par_1_1' title="bbox 637 290 739 349">
     <span class='ocr_line' id='line_1_1' title="bbox 637 290 739 349; baseline 0 -1"><span class='ocrx_word' id='word_1_1' title='bbox 637 290 739 349; x_wconf 77' lang='grc'><strong>991</strong></span> 
     </span>
    </p>
   </div>
   <div class='ocr_carea' id='block_1_2' title="bbox 1992 295 2601 356">
    <p class='ocr_par' dir='ltr' id='par_1_2' title="bbox 1992 295 2601 356">
     <span class='ocr_line' id='line_1_2' title="bbox 1992 295 2601 356; baseline 0 -3"><span class='ocrx_word' id='word_1_2' title='bbox 1992 295 2240 354; x_wconf 79' lang='lat' dir='ltr'><strong>SANCTI</strong></span> <span class='ocrx_word' id='word_1_3' title='bbox 2279 296 2601 356; x_wconf 78' lang='lat' dir='ltr'><strong>AMBROSII</strong></span> 
     </span>
    </p>
   </div>
   <div class='ocr_carea' id='block_1_3' title="bbox 3842 296 3943 381">
    <p class='ocr_par' dir='ltr' id='par_1_3' title="bbox 3842 296 3943 381">
     <span class='ocr_line' id='line_1_3' title="bbox 3842 296 3943 381; baseline -0.02 -28"><span class='ocrx_word' id='word_1_4' title='bbox 3842 296 3943 381; x_wconf 57' lang='lat' dir='ltr'><strong>uel</strong></span> 
     </span>
    </p>
   </div>
   <div class='ocr_carea' id='block_1_4' title="bbox 635 388 3943 485">
    <p class='ocr_par' dir='ltr' id='par_1_4' title="bbox 635 388 3943 485">
     <span class='ocr_line' id='line_1_4' title="bbox 635 388 3943 485; baseline 0.001 -21"><span class='ocrx_word' id='word_1_5' title='bbox 635 408 953 467; x_wconf 80' lang='lat' dir='ltr'><strong>discessisse</strong></span> <span class='ocrx_word' id='word_1_6' title='bbox 976 409 1044 467; x_wconf 90' lang='lat' dir='ltr'><strong>de</strong></span> <span class='ocrx_word' id='word_1_7' title='bbox 1071 411 1402 468; x_wconf 88' lang='lat' dir='ltr'><strong>monasterio</strong></span> <span class='ocrx_word' id='word_1_8' title='bbox 1425 453 1441 479; x_wconf 90' lang='lat'><strong>,</strong></span> <span class='ocrx_word' id='word_1_9' title='bbox 1467 411 1786 470; x_wconf 81' lang='lat' dir='ltr'><strong>valedixisse</strong></span> <span class='ocrx_word' id='word_1_10' title='bbox 1810 413 2030 485; x_wconf 88' lang='lat' dir='ltr'><strong>jejuniis</strong></span> <span class='ocrx_word' id='word_1_11' title='bbox 2054 456 2069 481; x_wconf 91' lang='lat'><strong>,</strong></span> <span class='ocrx_word' id='word_1_12' title='bbox 2102 428 2233 469; x_wconf 90' lang='lat' dir='ltr'><strong>con-</strong></span> <span class='ocrx_word' id='word_1_13' title='bbox 2260 416 2316 479; x_wconf 75' lang='grc' dir='ltr'><strong>Α</strong></span> <span class='ocrx_word' id='word_1_14' title='bbox 2339 428 2481 470; x_wconf 90' lang='lat' dir='ltr'><strong>rum.</strong></span> <span class='ocrx_word' id='word_1_15' title='bbox 2511 412 2641 470; x_wconf 86' lang='lat' dir='ltr'><strong>Inde</strong></span> <span class='ocrx_word' id='word_1_16' title='bbox 2669 413 2914 469; x_wconf 87' lang='lat' dir='ltr'><strong>oriuntur</strong></span> <span class='ocrx_word' id='word_1_17' title='bbox 2947 411 3139 467; x_wconf 87' lang='lat' dir='ltr'><strong>crebra</strong></span> <span class='ocrx_word' id='word_1_18' title='bbox 3168 410 3485 467; x_wconf 79' lang='lat' dir='ltr'><strong>certamina</strong></span> <span class='ocrx_word' id='word_1_19' title='bbox 3511 426 3530 477; x_wconf 93' lang='lat'><strong>;</strong></span> <span class='ocrx_word' id='word_1_20' title='bbox 3563 408 3689 481; x_wconf 84' lang='lat' dir='ltr'><strong>quia</strong></span> <span class='ocrx_word' id='word_1_21' title='bbox 3718 409 3861 466; x_wconf 75' lang='lat' dir='ltr'><strong>multa</strong></span> <span class='ocrx_word' id='word_1_22' title='bbox 3881 428 3908 467; x_wconf 62' lang='grc' dir='ltr'><strong>σε</strong></span> 
     </span>
    </p>
   </div>
   <div class='ocr_carea' id='block_1_5' title="bbox 634 505 2238 579">
    <p class='ocr_par' dir='ltr' id='par_1_5' title="bbox 634 505 2238 579">
     <span class='ocr_line' id='line_1_5' title="bbox 634 505 2238 579; baseline 0.003 -20"><span class='ocrx_word' id='word_1_23' title='bbox 634 506 877 562; x_wconf 75' lang='lat' dir='ltr'><strong>liuentia:</strong></span> <span class='ocrx_word' id='word_1_24' title='bbox 908 505 1267 573; x_wconf 78' lang='lat' dir='ltr'><strong>renuntiasse,</strong></span> <span class='ocrx_word' id='word_1_25' title='bbox 1294 516 1320 544; x_wconf 74' lang='grc' dir='ltr'>ἰ</span> <span class='ocrx_word' id='word_1_26' title='bbox 1348 505 1628 579; x_wconf 81' lang='lat' dir='ltr'><strong>indulgere</strong></span> <span class='ocrx_word' id='word_1_27' title='bbox 1648 508 1884 575; x_wconf 79' lang='lat' dir='ltr'><strong>deliciis,</strong></span> <span class='ocrx_word' id='word_1_28' title='bbox 1908 508 2128 565; x_wconf 82' lang='lat' dir='ltr'><strong>studere</strong></span> <span class='ocrx_word' id='word_1_29' title='bbox 2153 510 2238 566; x_wconf 90' lang='lat' dir='ltr'><strong>lu-</strong></span> 
     </span>
    </p>
   </div>
   <div class='ocr_carea' id='block_1_6' title="bbox 632 597 2236 669">
    <p class='ocr_par' dir='ltr' id='par_1_6' title="bbox 632 597 2236 669">
     <span class='ocr_line' id='line_1_6' title="bbox 632 597 2236 669; baseline 0.003 -16"><span class='ocrx_word' id='word_1_30' title='bbox 632 600 820 654; x_wconf 59' lang='lat' dir='ltr'><strong>xuriae.</strong></span> <span class='ocrx_word' id='word_1_31' title='bbox 850 597 877 637; x_wconf 70' lang='grc' dir='ltr'><strong>ιι</strong></span> <span class='ocrx_word' id='word_1_32' title='bbox 898 598 1108 655; x_wconf 90' lang='lat' dir='ltr'><strong>Dudum</strong></span> <span class='ocrx_word' id='word_1_33' title='bbox 1131 599 1200 656; x_wconf 90' lang='lat' dir='ltr'><strong>de</strong></span> <span class='ocrx_word' id='word_1_34' title='bbox 1223 603 1566 657; x_wconf 75' lang='lat' dir='ltr'><strong>monasteriis</strong></span> <span class='ocrx_word' id='word_1_35' title='bbox 1595 602 1874 669; x_wconf 81' lang='lat' dir='ltr'><strong>exierunt,</strong></span> <span class='ocrx_word' id='word_1_36' title='bbox 1897 613 1952 658; x_wconf 92' lang='lat' dir='ltr'><strong>et</strong></span> <span class='ocrx_word' id='word_1_37' title='bbox 1979 616 2121 658; x_wconf 90' lang='lat' dir='ltr'><strong>nunc</strong></span> <span class='ocrx_word' id='word_1_38' title='bbox 2147 602 2236 658; x_wconf 83' lang='lat' dir='ltr'><strong>lu-</strong></span> 
     </span>
    </p>
   </div>
   <div class='ocr_carea' id='block_1_7' title="bbox 631 693 2233 765">
    <p class='ocr_par' dir='ltr' id='par_1_7' title="bbox 631 693 2233 765">
     <span class='ocr_line' id='line_1_7' title="bbox 631 693 2233 765; baseline 0.004 -19"><span class='ocrx_word' id='word_1_39' title='bbox 631 693 801 747; x_wconf 64' lang='lat' dir='ltr'><strong>suria:</strong></span> <span class='ocrx_word' id='word_1_40' title='bbox 830 701 954 747; x_wconf 91' lang='lat' dir='ltr'><strong>sunt</strong></span> <span class='ocrx_word' id='word_1_41' title='bbox 999 693 1274 765; x_wconf 89' lang='lat' dir='ltr'><strong>magistri,</strong></span> <span class='ocrx_word' id='word_1_42' title='bbox 1307 694 1750 752; x_wconf 87' lang='lat' dir='ltr'><strong>disseminatores</strong></span> <span class='ocrx_word' id='word_1_43' title='bbox 1788 697 2233 761; x_wconf 73' lang='lat' dir='ltr'><strong>incentinentite,</strong></span> 
     </span>
    </p>
   </div>
   <div class='ocr_carea' id='block_1_8' title="bbox 632 782 2234 860">
    <p class='ocr_par' dir='ltr' id='par_1_8' title="bbox 632 782 2234 860">
     <span class='ocr_line' id='line_1_8' title="bbox 632 782 2234 860; baseline 0.007 -24"><span class='ocrx_word' id='word_1_44' title='bbox 632 782 942 839; x_wconf 89' lang='lat' dir='ltr'><strong>incentores</strong></span> <span class='ocrx_word' id='word_1_45' title='bbox 974 787 1306 855; x_wconf 59' lang='lat' dir='ltr'><strong>petulantiae,</strong></span> <span class='ocrx_word' id='word_1_46' title='bbox 1337 788 1735 845; x_wconf 76' lang='lat' dir='ltr'><strong>obtrectatores</strong></span> <span class='ocrx_word' id='word_1_47' title='bbox 1767 789 2011 860; x_wconf 90' lang='lat' dir='ltr'><strong>pudoris.</strong></span> <span class='ocrx_word' id='word_1_48' title='bbox 2044 790 2234 847; x_wconf 78' lang='lat' dir='ltr'><strong>Nonne</strong></span> 
     </span>
    </p>
   </div>
   <div class='ocr_carea' id='block_1_9' title="bbox 629 872 2230 951">
    <p class='ocr_par' dir='ltr' id='par_1_9' title="bbox 629 872 2230 951">
     <span class='ocr_line' id='line_1_9' title="bbox 629 872 2230 951; baseline 0.004 -22"><span class='ocrx_word' id='word_1_49' title='bbox 629 872 698 929; x_wconf 90' lang='lat' dir='ltr'><strong>de</strong></span> <span class='ocrx_word' id='word_1_50' title='bbox 727 874 810 928; x_wconf 91' lang='lat' dir='ltr'><strong>his</strong></span> <span class='ocrx_word' id='word_1_51' title='bbox 840 874 1063 944; x_wconf 87' lang='lat' dir='ltr'><strong>pulchre</strong></span> <span class='ocrx_word' id='word_1_52' title='bbox 1097 876 1299 932; x_wconf 79' lang='lat' dir='ltr'><strong>dixeris</strong></span> <span class='ocrx_word' id='word_1_53' title='bbox 1334 896 1347 931; x_wconf 87' lang='lat'>:</span> <span class='ocrx_word' id='word_1_54' title='bbox 1385 879 1551 933; x_wconf 71' lang='lat' dir='ltr'><strong>Ell&#39;usi</strong></span> <span class='ocrx_word' id='word_1_55' title='bbox 1593 889 1723 936; x_wconf 91' lang='lat' dir='ltr'><strong>sunt</strong></span> <span class='ocrx_word' id='word_1_56' title='bbox 1752 895 1973 951; x_wconf 68' lang='lat' dir='ltr'><strong>gressus</strong></span> <span class='ocrx_word' id='word_1_57' title='bbox 2001 894 2190 936; x_wconf 91' lang='lat' dir='ltr'><strong>eorum</strong></span> <span class='ocrx_word' id='word_1_58' title='bbox 2214 924 2230 948; x_wconf 91' lang='lat'><strong>,</strong></span> 
     </span>
    </p>
   </div>
   <div class='ocr_carea' id='block_1_10' title="bbox 629 966 2232 1042">
    <p class='ocr_par' dir='ltr' id='par_1_10' title="bbox 629 966 2232 1042">
     <span class='ocr_line' id='line_1_10' title="bbox 629 966 2232 1042; baseline 0.004 -23"><span class='ocrx_word' id='word_1_59' title='bbox 629 981 766 1036; x_wconf 90' lang='lat' dir='ltr'><strong>quos</strong></span> <span class='ocrx_word' id='word_1_60' title='bbox 802 967 941 1023; x_wconf 86' lang='lat' dir='ltr'><strong>bene</strong></span> <span class='ocrx_word' id='word_1_61' title='bbox 976 966 1243 1025; x_wconf 84' lang='lat' dir='ltr'><strong>direxisse</strong></span> <span class='ocrx_word' id='word_1_62' title='bbox 1284 972 1577 1039; x_wconf 59' lang='lat' dir='ltr'><strong>paenituit?</strong></span> <span class='ocrx_word' id='word_1_63' title='bbox 1608 970 1849 1042; x_wconf 86' lang='lat' dir='ltr'><strong>Egernnt</strong></span> <span class='ocrx_word' id='word_1_64' title='bbox 1885 971 2067 1042; x_wconf 80' lang='lat' dir='ltr'><strong>itaque</strong></span> <span class='ocrx_word' id='word_1_65' title='bbox 2110 971 2232 1026; x_wconf 88' lang='lat' dir='ltr'><strong>novi</strong></span> 
     </span>
    </p>
   </div>
   <div class='ocr_carea' id='block_1_11' title="bbox 624 1057 2234 1135">
    <p class='ocr_par' dir='ltr' id='par_1_11' title="bbox 624 1057 2234 1135">
     <span class='ocr_line' id='line_1_11' title="bbox 624 1057 2234 1135; baseline 0.006 -25"><span class='ocrx_word' id='word_1_66' title='bbox 624 1057 841 1127; x_wconf 76' lang='lat' dir='ltr'><strong>generis</strong></span> <span class='ocrx_word' id='word_1_67' title='bbox 869 1058 1240 1127; x_wconf 78' lang='lat' dir='ltr'><strong>ptenitentiam</strong></span> <span class='ocrx_word' id='word_1_68' title='bbox 1270 1076 1367 1131; x_wconf 80' lang='lat' dir='ltr'><strong>pro</strong></span> <span class='ocrx_word' id='word_1_69' title='bbox 1390 1060 1706 1129; x_wconf 74' lang='lat' dir='ltr'><strong>virtutibus,</strong></span> <span class='ocrx_word' id='word_1_70' title='bbox 1733 1072 1789 1118; x_wconf 89' lang='lat' dir='ltr'><strong>et</strong></span> <span class='ocrx_word' id='word_1_71' title='bbox 1815 1078 1921 1118; x_wconf 93' lang='lat' dir='ltr'><strong>non</strong></span> <span class='ocrx_word' id='word_1_72' title='bbox 1946 1074 2109 1133; x_wconf 86' lang='lat' dir='ltr'><strong>agunt</strong></span> <span class='ocrx_word' id='word_1_73' title='bbox 2135 1080 2234 1135; x_wconf 90' lang='lat' dir='ltr'><strong>pro</strong></span> 
     </span>
    </p>
   </div>
   <div class='ocr_carea' id='block_1_12' title="bbox 627 1147 2234 1221">
    <p class='ocr_par' dir='ltr' id='par_1_12' title="bbox 627 1147 2234 1221">
     <span class='ocr_line' id='line_1_12' title="bbox 627 1147 2234 1221; baseline 0.006 -20"><span class='ocrx_word' id='word_1_74' title='bbox 627 1147 864 1203; x_wconf 86' lang='lat' dir='ltr'><strong>delictis.</strong></span> <span class='ocrx_word' id='word_1_75' title='bbox 893 1148 1004 1205; x_wconf 85' lang='lat' dir='ltr'><strong>Sed</strong></span> <span class='ocrx_word' id='word_1_76' title='bbox 1034 1151 1089 1204; x_wconf 81' lang='lat' dir='ltr'><strong>hi</strong></span> <span class='ocrx_word' id='word_1_77' title='bbox 1122 1167 1188 1206; x_wconf 76' lang='lat' dir='ltr'><strong>ea:</strong></span> <span class='ocrx_word' id='word_1_78' title='bbox 1217 1152 1361 1207; x_wconf 86' lang='lat' dir='ltr'><strong>nobis</strong></span> <span class='ocrx_word' id='word_1_79' title='bbox 1392 1154 1658 1221; x_wconf 78' lang='lat' dir='ltr'><strong>exierunt,</strong></span> <span class='ocrx_word' id='word_1_80' title='bbox 1686 1154 1819 1211; x_wconf 84' lang='lat' dir='ltr'><strong>dicit</strong></span> <span class='ocrx_word' id='word_1_81' title='bbox 1841 1154 2111 1221; x_wconf 83' lang='lat' dir='ltr'><strong>Joannes.</strong></span> <span class='ocrx_word' id='word_1_82' title='bbox 2142 1158 2234 1213; x_wconf 85' lang='lat' dir='ltr'><strong>sed</strong></span> 
     </span>
    </p>
   </div>
   <div class='ocr_carea' id='block_1_13' title="bbox 624 1244 2229 1321">
    <p class='ocr_par' dir='ltr' id='par_1_13' title="bbox 624 1244 2229 1321">
     <span class='ocr_line' id='line_1_13' title="bbox 624 1244 2229 1321; baseline 0.006 -25"><span class='ocrx_word' id='word_1_83' title='bbox 624 1257 728 1297; x_wconf 87' lang='lat' dir='ltr'><strong>non</strong></span> <span class='ocrx_word' id='word_1_84' title='bbox 755 1252 898 1298; x_wconf 89' lang='lat' dir='ltr'><strong>erant</strong></span> <span class='ocrx_word' id='word_1_85' title='bbox 928 1260 992 1299; x_wconf 79' lang='lat' dir='ltr'><strong>ea:</strong></span> <span class='ocrx_word' id='word_1_86' title='bbox 1012 1244 1190 1313; x_wconf 88' lang='lat' dir='ltr'><strong>nobis;</strong></span> <span class='ocrx_word' id='word_1_87' title='bbox 1219 1247 1264 1300; x_wconf 96' lang='lat' dir='ltr'><strong>si</strong></span> <span class='ocrx_word' id='word_1_88' title='bbox 1284 1248 1421 1302; x_wconf 87' lang='lat' dir='ltr'><strong>enim</strong></span> <span class='ocrx_word' id='word_1_89' title='bbox 1446 1265 1512 1301; x_wconf 75' lang='lat' dir='ltr'><strong>ex</strong></span> <span class='ocrx_word' id='word_1_90' title='bbox 1536 1248 1682 1303; x_wconf 89' lang='lat' dir='ltr'><strong>nobis</strong></span> <span class='ocrx_word' id='word_1_91' title='bbox 1704 1251 1939 1321; x_wconf 79' lang='lat' dir='ltr'><strong>fuissent,</strong></span> <span class='ocrx_word' id='word_1_92' title='bbox 1966 1251 2229 1307; x_wconf 84' lang='lat' dir='ltr'><strong>nobiscum</strong></span> 
     </span>
    </p>
   </div>
   <div class='ocr_carea' id='block_1_14' title="bbox 623 1335 2228 1414">
    <p class='ocr_par' dir='ltr' id='par_1_14' title="bbox 623 1335 2228 1414">
     <span class='ocr_line' id='line_1_14' title="bbox 623 1335 2228 1414; baseline 0.009 -27"><span class='ocrx_word' id='word_1_93' title='bbox 623 1347 1031 1405; x_wconf 79' lang='lat' dir='ltr'><strong>perseverassent</strong></span> <span class='ocrx_word' id='word_1_94' title='bbox 1066 1335 1113 1410; x_wconf 88' lang='lat' dir='ltr'><strong>(i</strong></span> <span class='ocrx_word' id='word_1_95' title='bbox 1148 1338 1310 1393; x_wconf 82' lang='lat' dir='ltr'><strong>Joan.</strong></span> <span class='ocrx_word' id='word_1_96' title='bbox 1355 1354 1415 1401; x_wconf 86' lang='lat' dir='ltr'><strong>tt.</strong></span> <span class='ocrx_word' id='word_1_97' title='bbox 1448 1339 1556 1414; x_wconf 80' lang='lat' dir='ltr'><strong>i9).</strong></span> <span class='ocrx_word' id='word_1_98' title='bbox 1620 1340 1682 1397; x_wconf 86' lang='lat' dir='ltr'><strong>lii</strong></span> <span class='ocrx_word' id='word_1_99' title='bbox 1719 1358 1847 1414; x_wconf 85' lang='lat' dir='ltr'><strong>ergo</strong></span> <span class='ocrx_word' id='word_1_100' title='bbox 1893 1344 2036 1398; x_wconf 90' lang='lat' dir='ltr'><strong>viam</strong></span> <span class='ocrx_word' id='word_1_101' title='bbox 2074 1359 2228 1401; x_wconf 85' lang='lat' dir='ltr'><strong>suam</strong></span> 
     </span>
    </p>
   </div>
   <div class='ocr_carea' id='block_1_15' title="bbox 625 1425 2233 1507">
    <p class='ocr_par' dir='ltr' id='par_1_15' title="bbox 625 1425 2233 1507">
     <span class='ocr_line' id='line_1_15' title="bbox 625 1425 2233 1507; baseline 0.007 -27"><span class='ocrx_word' id='word_1_102' title='bbox 625 1425 1152 1497; x_wconf 89' lang='lat' dir='ltr'><strong>condemnaverunt,</strong></span> <span class='ocrx_word' id='word_1_103' title='bbox 1178 1431 1377 1501; x_wconf 84' lang='lat' dir='ltr'><strong>quibus</strong></span> <span class='ocrx_word' id='word_1_104' title='bbox 1405 1433 1658 1488; x_wconf 74' lang='lat' dir='ltr'><strong>convenit</strong></span> <span class='ocrx_word' id='word_1_105' title='bbox 1680 1433 1784 1489; x_wconf 90' lang='lat' dir='ltr'><strong>dici</strong></span> <span class='ocrx_word' id='word_1_106' title='bbox 1816 1450 1831 1488; x_wconf 88' lang='lat'><strong>:</strong></span> <span class='ocrx_word' id='word_1_107' title='bbox 1859 1435 1905 1487; x_wconf 85' lang='lat'><em>0</em></span> <span class='ocrx_word' id='word_1_108' title='bbox 1929 1436 2017 1507; x_wconf 88' lang='lat' dir='ltr'><strong>qui</strong></span> <span class='ocrx_word' id='word_1_109' title='bbox 2041 1435 2233 1491; x_wconf 86' lang='lat' dir='ltr'><strong>dereli-</strong></span> 
     </span>
    </p>
   </div>
   <div class='ocr_carea' id='block_1_16' title="bbox 619 1518 2233 1594">
    <p class='ocr_par' dir='ltr' id='par_1_16' title="bbox 619 1518 2233 1594">
     <span class='ocr_line' id='line_1_16' title="bbox 619 1518 2233 1594; baseline 0.008 -24"><span class='ocrx_word' id='word_1_110' title='bbox 619 1518 807 1586; x_wconf 86' lang='lat' dir='ltr'><strong>quistis</strong></span> <span class='ocrx_word' id='word_1_111' title='bbox 844 1521 1055 1575; x_wconf 80' lang='lat' dir='ltr'><strong>semitas</strong></span> <span class='ocrx_word' id='word_1_112' title='bbox 1099 1533 1285 1589; x_wconf 85' lang='lat' dir='ltr'><strong>rectas,</strong></span> <span class='ocrx_word' id='word_1_113' title='bbox 1319 1522 1551 1577; x_wconf 85' lang='lat' dir='ltr'><strong>abeundo</strong></span> <span class='ocrx_word' id='word_1_114' title='bbox 1592 1526 1767 1579; x_wconf 86' lang='lat' dir='ltr'><strong>invias</strong></span> <span class='ocrx_word' id='word_1_115' title='bbox 1788 1525 2144 1594; x_wconf 85' lang='lat' dir='ltr'><strong>tenebrarum;</strong></span> <span class='ocrx_word' id='word_1_116' title='bbox 2183 1537 2233 1583; x_wconf 86' lang='lat' dir='ltr'><strong>et</strong></span> 
     </span>
    </p>
   </div>
   <div class='ocr_carea' id='block_1_17' title="bbox 621 1613 2227 1691">
    <p class='ocr_par' dir='ltr' id='par_1_17' title="bbox 621 1613 2227 1691">
     <span class='ocr_line' id='line_1_17' title="bbox 621 1613 2227 1691; baseline 0.007 -25"><span class='ocrx_word' id='word_1_117' title='bbox 621 1613 712 1681; x_wconf 86' lang='lat' dir='ltr'><strong>qui</strong></span> <span class='ocrx_word' id='word_1_118' title='bbox 750 1613 998 1671; x_wconf 77' lang='lat' dir='ltr'><strong>ltetamini</strong></span> <span class='ocrx_word' id='word_1_119' title='bbox 1029 1613 1088 1671; x_wconf 86' lang='lat' dir='ltr'><strong>in</strong></span> <span class='ocrx_word' id='word_1_120' title='bbox 1133 1618 1305 1684; x_wconf 86' lang='lat' dir='ltr'><strong>malis,</strong></span> <span class='ocrx_word' id='word_1_121' title='bbox 1334 1629 1382 1674; x_wconf 88' lang='lat' dir='ltr'><strong>et</strong></span> <span class='ocrx_word' id='word_1_122' title='bbox 1416 1620 1647 1691; x_wconf 80' lang='lat' dir='ltr'><strong>gaudetis</strong></span> <span class='ocrx_word' id='word_1_123' title='bbox 1674 1620 1730 1676; x_wconf 88' lang='lat' dir='ltr'><strong>in</strong></span> <span class='ocrx_word' id='word_1_124' title='bbox 1768 1624 2025 1677; x_wconf 78' lang='lat' dir='ltr'><strong>eversione</strong></span> <span class='ocrx_word' id='word_1_125' title='bbox 2061 1624 2227 1690; x_wconf 81' lang='lat' dir='ltr'><strong>mala,</strong></span> 
     </span>
    </p>
   </div>
   <div class='ocr_carea' id='block_1_18' title="bbox 624 1708 2231 1785">
    <p class='ocr_par' dir='ltr' id='par_1_18' title="bbox 624 1708 2231 1785">
     <span class='ocr_line' id='line_1_18' title="bbox 624 1708 2231 1785; baseline 0.009 -26"><span class='ocrx_word' id='word_1_126' title='bbox 624 1721 844 1774; x_wconf 86' lang='lat' dir='ltr'><strong>quorum</strong></span> <span class='ocrx_word' id='word_1_127' title='bbox 873 1708 1069 1764; x_wconf 83' lang='lat' dir='ltr'><strong>semin</strong></span> <span class='ocrx_word' id='word_1_128' title='bbox 1097 1727 1294 1778; x_wconf 75' lang='lat' dir='ltr'><strong>praete,</strong></span> <span class='ocrx_word' id='word_1_129' title='bbox 1327 1723 1375 1767; x_wconf 84' lang='lat' dir='ltr'><strong>et</strong></span> <span class='ocrx_word' id='word_1_130' title='bbox 1398 1715 1619 1785; x_wconf 76' lang='lat' dir='ltr'><strong>ﬂexuosi</strong></span> <span class='ocrx_word' id='word_1_131' title='bbox 1646 1732 1828 1770; x_wconf 82' lang='lat' dir='ltr'><strong>cursus</strong></span> <span class='ocrx_word' id='word_1_132' title='bbox 1855 1731 2064 1784; x_wconf 82' lang='lat' dir='ltr'><strong>corum,</strong></span> <span class='ocrx_word' id='word_1_133' title='bbox 2090 1719 2231 1774; x_wconf 81' lang='lat' dir='ltr'><strong>sicut</strong></span> 
     </span>
    </p>
   </div>
   <div class='ocr_carea' id='block_1_19' title="bbox 2337 500 3943 577">
    <p class='ocr_par' dir='ltr' id='par_1_19' title="bbox 2337 500 3943 577">
     <span class='ocr_line' id='line_1_19' title="bbox 2337 500 3943 577; baseline -0.003 -16"><span class='ocrx_word' id='word_1_134' title='bbox 2337 506 2610 577; x_wconf 77' lang='lat' dir='ltr'><strong>incognita</strong></span> <span class='ocrx_word' id='word_1_135' title='bbox 2658 502 2931 577; x_wconf 89' lang='lat' dir='ltr'><strong>plerisque</strong></span> <span class='ocrx_word' id='word_1_136' title='bbox 2983 510 3113 557; x_wconf 88' lang='lat' dir='ltr'><strong>sunt</strong></span> <span class='ocrx_word' id='word_1_137' title='bbox 3165 515 3385 575; x_wconf 84' lang='lat' dir='ltr'><strong>genera</strong></span> <span class='ocrx_word' id='word_1_138' title='bbox 3450 500 3943 557; x_wconf 61' lang='lat' dir='ltr'><strong>ruinarum.eliza‘</strong></span> 
     </span>
    </p>
   </div>
   <div class='ocr_carea' id='block_1_20' title="bbox 2336 592 3911 669">
    <p class='ocr_par' dir='ltr' id='par_1_20' title="bbox 2336 592 3911 669">
     <span class='ocr_line' id='line_1_20' title="bbox 2336 592 3911 669; baseline -0.001 -17"><span class='ocrx_word' id='word_1_139' title='bbox 2336 612 2498 655; x_wconf 90' lang='lat' dir='ltr'><strong>casus</strong></span> <span class='ocrx_word' id='word_1_140' title='bbox 2531 613 2717 654; x_wconf 90' lang='lat' dir='ltr'><strong>eorum</strong></span> <span class='ocrx_word' id='word_1_141' title='bbox 2746 598 2962 669; x_wconf 83' lang='lat' dir='ltr'><strong>proprie</strong></span> <span class='ocrx_word' id='word_1_142' title='bbox 2986 595 3346 667; x_wconf 82' lang='lat' dir='ltr'><strong>appellantur</strong></span> <span class='ocrx_word' id='word_1_143' title='bbox 3379 592 3573 658; x_wconf 87' lang='lat' dir='ltr'><strong>ruina,</strong></span> <span class='ocrx_word' id='word_1_144' title='bbox 3608 593 3795 650; x_wconf 68' lang='lat' dir='ltr'><strong>Graec</strong></span> <span class='ocrx_word' id='word_1_145' title='bbox 3818 602 3911 651; x_wconf 69' lang='lat' dir='ltr'><strong>mia</strong></span> 
     </span>
    </p>
   </div>
   <div class='ocr_carea' id='block_1_21' title="bbox 2337 684 3943 771">
    <p class='ocr_par' dir='ltr' id='par_1_21' title="bbox 2337 684 3943 771">
     <span class='ocr_line' id='line_1_21' title="bbox 2337 684 3943 771; baseline -0.002 -25"><span class='ocrx_word' id='word_1_146' title='bbox 2337 693 2592 764; x_wconf 80' lang='grc' dir='ltr'><strong>πτώματα</strong></span> <span class='ocrx_word' id='word_1_147' title='bbox 2628 699 3028 760; x_wconf 88' lang='lat' dir='ltr'><strong>nuncupantur.</strong></span> <span class='ocrx_word' id='word_1_148' title='bbox 3072 689 3219 757; x_wconf 79' lang='lat' dir='ltr'><strong>Ergo</strong></span> <span class='ocrx_word' id='word_1_149' title='bbox 3251 702 3430 757; x_wconf 89' lang='lat' dir='ltr'><strong>quum</strong></span> <span class='ocrx_word' id='word_1_150' title='bbox 3470 684 3765 755; x_wconf 76' lang='lat' dir='ltr'><strong>stringitur</strong></span> <span class='ocrx_word' id='word_1_151' title='bbox 3794 696 3943 771; x_wconf 31' lang='lat' dir='ltr'><strong>aug</strong></span> 
     </span>
    </p>
   </div>
   <div class='ocr_carea' id='block_1_22' title="bbox 2335 778 3915 854">
    <p class='ocr_par' dir='ltr' id='par_1_22' title="bbox 2335 778 3915 854">
     <span class='ocr_line' id='line_1_22' title="bbox 2335 778 3915 854; baseline -0.001 -16"><span class='ocrx_word' id='word_1_152' title='bbox 2335 795 2518 853; x_wconf 76' lang='lat' dir='ltr'><strong>gctur,</strong></span> <span class='ocrx_word' id='word_1_153' title='bbox 2546 800 2691 854; x_wconf 69' lang='lat' dir='ltr'><strong>smpe</strong></span> <span class='ocrx_word' id='word_1_154' title='bbox 2717 801 2775 841; x_wconf 90' lang='lat' dir='ltr'><strong>se</strong></span> <span class='ocrx_word' id='word_1_155' title='bbox 2796 785 2982 846; x_wconf 80' lang='lat' dir='ltr'><strong>volvit,</strong></span> <span class='ocrx_word' id='word_1_156' title='bbox 3013 788 3070 837; x_wconf 92' lang='lat' dir='ltr'><strong>et</strong></span> <span class='ocrx_word' id='word_1_157' title='bbox 3108 779 3168 834; x_wconf 86' lang='lat' dir='ltr'><strong>lit</strong></span> <span class='ocrx_word' id='word_1_158' title='bbox 3196 796 3373 854; x_wconf 85' lang='lat' dir='ltr'><strong>supra</strong></span> <span class='ocrx_word' id='word_1_159' title='bbox 3413 779 3508 851; x_wconf 91' lang='lat' dir='ltr'><strong>qui</strong></span> <span class='ocrx_word' id='word_1_160' title='bbox 3554 778 3780 834; x_wconf 81' lang='lat' dir='ltr'><strong>inferior</strong></span> <span class='ocrx_word' id='word_1_161' title='bbox 3803 781 3915 837; x_wconf 55' lang='lat' dir='ltr'><strong>hab.»</strong></span> 
     </span>
    </p>
   </div>
   <div class='ocr_carea' id='block_1_23' title="bbox 2336 873 3919 953">
    <p class='ocr_par' dir='ltr' id='par_1_23' title="bbox 2336 873 3919 953">
     <span class='ocr_line' id='line_1_23' title="bbox 2336 873 3919 953; baseline -0.004 -19"><span class='ocrx_word' id='word_1_162' title='bbox 2336 880 2511 943; x_wconf 83' lang='lat' dir='ltr'><strong>batur,</strong></span> <span class='ocrx_word' id='word_1_163' title='bbox 2544 882 2985 953; x_wconf 79' lang='lat' dir='ltr'><strong>superioremque</strong></span> <span class='ocrx_word' id='word_1_164' title='bbox 3014 881 3145 936; x_wconf 89' lang='lat' dir='ltr'><strong>dum</strong></span> <span class='ocrx_word' id='word_1_165' title='bbox 3172 878 3379 948; x_wconf 81' lang='lat' dir='ltr'><strong>surgit,</strong></span> <span class='ocrx_word' id='word_1_166' title='bbox 3410 874 3582 931; x_wconf 77' lang='lat' dir='ltr'><strong>elidit</strong></span> <span class='ocrx_word' id='word_1_167' title='bbox 3614 893 3628 927; x_wconf 87' lang='lat'><strong>:</strong></span> <span class='ocrx_word' id='word_1_168' title='bbox 3660 873 3798 945; x_wconf 83' lang='lat' dir='ltr'><strong>quod</strong></span> <span class='ocrx_word' id='word_1_169' title='bbox 3824 876 3919 929; x_wconf 59' lang='lat' dir='ltr'><strong>vide</strong></span> 
     </span>
    </p>
   </div>
   <div class='ocr_carea' id='block_1_24' title="bbox 2336 963 3920 1042">
    <p class='ocr_par' dir='ltr' id='par_1_24' title="bbox 2336 963 3920 1042">
     <span class='ocr_line' id='line_1_24' title="bbox 2336 963 3920 1042; baseline -0.004 -19"><span class='ocrx_word' id='word_1_170' title='bbox 2336 978 2424 1025; x_wconf 90' lang='lat' dir='ltr'><strong>tur</strong></span> <span class='ocrx_word' id='word_1_171' title='bbox 2448 972 2723 1042; x_wconf 79' lang='lat' dir='ltr'><strong>Scriptura</strong></span> <span class='ocrx_word' id='word_1_172' title='bbox 2755 971 3081 1042; x_wconf 78' lang='lat' dir='ltr'><strong>signiﬁcare,</strong></span> <span class='ocrx_word' id='word_1_173' title='bbox 3106 986 3235 1026; x_wconf 89' lang='lat' dir='ltr'><strong>cum</strong></span> <span class='ocrx_word' id='word_1_174' title='bbox 3266 968 3407 1023; x_wconf 87' lang='lat' dir='ltr'><strong>dicit</strong></span> <span class='ocrx_word' id='word_1_175' title='bbox 3435 982 3451 1019; x_wconf 92' lang='lat'>:</span> <span class='ocrx_word' id='word_1_176' title='bbox 3477 963 3920 1037; x_wconf 53' lang='lat' dir='ltr'><strong>Universum”</strong></span> 
     </span>
    </p>
   </div>
   <div class='ocr_carea' id='block_1_25' title="bbox 2332 1055 3918 1134">
    <p class='ocr_par' dir='ltr' id='par_1_25' title="bbox 2332 1055 3918 1134">
     <span class='ocr_line' id='line_1_25' title="bbox 2332 1055 3918 1134; baseline -0.003 -17"><span class='ocrx_word' id='word_1_177' title='bbox 2332 1074 2552 1118; x_wconf 84' lang='lat' dir='ltr'><strong>stratum</strong></span> <span class='ocrx_word' id='word_1_178' title='bbox 2579 1066 2792 1119; x_wconf 78' lang='lat' dir='ltr'><strong>versasti</strong></span> <span class='ocrx_word' id='word_1_179' title='bbox 2821 1067 2873 1118; x_wconf 89' lang='lat' dir='ltr'><strong>in</strong></span> <span class='ocrx_word' id='word_1_180' title='bbox 2914 1066 3221 1134; x_wconf 74' lang='lat' dir='ltr'><strong>inﬁrmitate</strong></span> <span class='ocrx_word' id='word_1_181' title='bbox 3251 1063 3371 1131; x_wconf 83' lang='lat' dir='ltr'><strong>ejus</strong></span> <span class='ocrx_word' id='word_1_182' title='bbox 3409 1055 3603 1127; x_wconf 81' lang='lat' dir='ltr'><strong>(Psal.</strong></span> <span class='ocrx_word' id='word_1_183' title='bbox 3640 1073 3738 1122; x_wconf 78' lang='grc' dir='ltr'><strong>ιι,</strong></span> <span class='ocrx_word' id='word_1_184' title='bbox 3769 1059 3831 1127; x_wconf 71' lang='grc'><strong>4).</strong></span> <span class='ocrx_word' id='word_1_185' title='bbox 3855 1059 3918 1113; x_wconf 75' lang='lat' dir='ltr'><strong>lla-</strong></span> 
     </span>
    </p>
   </div>
   <div class='ocr_carea' id='block_1_26' title="bbox 2333 1153 3917 1228">
    <p class='ocr_par' dir='ltr' id='par_1_26' title="bbox 2333 1153 3917 1228">
     <span class='ocr_line' id='line_1_26' title="bbox 2333 1153 3917 1228; baseline -0.003 -16"><span class='ocrx_word' id='word_1_186' title='bbox 2333 1174 2437 1228; x_wconf 90' lang='lat' dir='ltr'><strong>quc</strong></span> <span class='ocrx_word' id='word_1_187' title='bbox 2470 1158 2538 1213; x_wconf 89' lang='lat' dir='ltr'><strong>de</strong></span> <span class='ocrx_word' id='word_1_188' title='bbox 2564 1174 2630 1213; x_wconf 91' lang='lat' dir='ltr'><strong>co</strong></span> <span class='ocrx_word' id='word_1_189' title='bbox 2659 1157 2857 1214; x_wconf 89' lang='lat' dir='ltr'><strong>dicitur</strong></span> <span class='ocrx_word' id='word_1_190' title='bbox 2886 1175 2901 1213; x_wconf 88' lang='lat'><strong>:</strong></span> <span class='ocrx_word' id='word_1_191' title='bbox 2935 1158 3064 1213; x_wconf 86' lang='lat' dir='ltr'><strong>Cum</strong></span> <span class='ocrx_word' id='word_1_192' title='bbox 3110 1158 3363 1214; x_wconf 82' lang='lat' dir='ltr'><strong>ceciderit</strong></span> <span class='ocrx_word' id='word_1_193' title='bbox 3395 1156 3595 1210; x_wconf 83' lang='lat' dir='ltr'><strong>bonus</strong></span> <span class='ocrx_word' id='word_1_194' title='bbox 3617 1153 3917 1217; x_wconf 52' lang='lat' dir='ltr'><strong>athleta,»</strong></span> 
     </span>
    </p>
   </div>
   <div class='ocr_carea' id='block_1_27' title="bbox 2331 1246 3917 1323">
    <p class='ocr_par' dir='ltr' id='par_1_27' title="bbox 2331 1246 3917 1323">
     <span class='ocr_line' id='line_1_27' title="bbox 2331 1246 3917 1323; baseline -0.004 -18"><span class='ocrx_word' id='word_1_195' title='bbox 2331 1252 2658 1318; x_wconf 79' lang='lat' dir='ltr'><strong>turbnbitur;</strong></span> <span class='ocrx_word' id='word_1_196' title='bbox 2704 1251 2948 1323; x_wconf 76' lang='lat' dir='ltr'><strong>plerique</strong></span> <span class='ocrx_word' id='word_1_197' title='bbox 2984 1252 3128 1307; x_wconf 87' lang='lat' dir='ltr'><strong>enim</strong></span> <span class='ocrx_word' id='word_1_198' title='bbox 3169 1251 3373 1306; x_wconf 82' lang='lat' dir='ltr'><strong>volunt</strong></span> <span class='ocrx_word' id='word_1_199' title='bbox 3417 1246 3645 1311; x_wconf 82' lang='lat' dir='ltr'><strong>teneri,</strong></span> <span class='ocrx_word' id='word_1_200' title='bbox 3676 1258 3917 1317; x_wconf 57' lang='lat' dir='ltr'><strong>quorsus.</strong></span> 
     </span>
    </p>
   </div>
   <div class='ocr_carea' id='block_1_28' title="bbox 2332 1339 3911 1415">
    <p class='ocr_par' dir='ltr' id='par_1_28' title="bbox 2332 1339 3911 1415">
     <span class='ocr_line' id='line_1_28' title="bbox 2332 1339 3911 1415; baseline -0.001 -17"><span class='ocrx_word' id='word_1_201' title='bbox 2332 1344 2445 1398; x_wconf 63' lang='lat' dir='ltr'><strong>rint</strong></span> <span class='ocrx_word' id='word_1_202' title='bbox 2483 1344 2731 1408; x_wconf 79' lang='lat' dir='ltr'><strong>vincant,</strong></span> <span class='ocrx_word' id='word_1_203' title='bbox 2759 1345 2847 1413; x_wconf 90' lang='lat' dir='ltr'><strong>qni</strong></span> <span class='ocrx_word' id='word_1_204' title='bbox 2880 1344 2947 1399; x_wconf 90' lang='lat' dir='ltr'><strong>de</strong></span> <span class='ocrx_word' id='word_1_205' title='bbox 2983 1354 3101 1399; x_wconf 85' lang='lat' dir='ltr'><strong>arte</strong></span> <span class='ocrx_word' id='word_1_206' title='bbox 3146 1350 3535 1415; x_wconf 75' lang='lat' dir='ltr'><strong>prtesumunt.</strong></span> <span class='ocrx_word' id='word_1_207' title='bbox 3567 1339 3596 1379; x_wconf 69' lang='grc' dir='ltr'><strong>ιι</strong></span> <span class='ocrx_word' id='word_1_208' title='bbox 3626 1340 3736 1396; x_wconf 83' lang='lat' dir='ltr'><strong>Sed</strong></span> <span class='ocrx_word' id='word_1_209' title='bbox 3764 1343 3911 1396; x_wconf 49' lang='lat' dir='ltr'><strong>eum}</strong></span> 
     </span>
    </p>
   </div>
   <div class='ocr_carea' id='block_1_29' title="bbox 2330 1434 3911 1507">
    <p class='ocr_par' dir='ltr' id='par_1_29' title="bbox 2330 1434 3911 1507">
     <span class='ocr_line' id='line_1_29' title="bbox 2330 1434 3911 1507; baseline 0.001 -19"><span class='ocrx_word' id='word_1_210' title='bbox 2330 1434 2634 1506; x_wconf 76' lang='lat' dir='ltr'><strong>assignatus</strong></span> <span class='ocrx_word' id='word_1_211' title='bbox 2655 1478 2670 1499; x_wconf 91' lang='lat'><strong>,</strong></span> <span class='ocrx_word' id='word_1_212' title='bbox 2698 1446 2755 1489; x_wconf 90' lang='lat' dir='ltr'><strong>ut</strong></span> <span class='ocrx_word' id='word_1_213' title='bbox 2786 1438 2903 1507; x_wconf 89' lang='lat' dir='ltr'><strong>ipso</strong></span> <span class='ocrx_word' id='word_1_214' title='bbox 2926 1436 3093 1493; x_wconf 89' lang='lat' dir='ltr'><strong>verbo</strong></span> <span class='ocrx_word' id='word_1_215' title='bbox 3131 1448 3277 1503; x_wconf 90' lang='lat' dir='ltr'><strong>utar,</strong></span> <span class='ocrx_word' id='word_1_216' title='bbox 3311 1444 3376 1492; x_wconf 90' lang='lat' dir='ltr'><strong>et</strong></span> <span class='ocrx_word' id='word_1_217' title='bbox 3405 1434 3609 1507; x_wconf 87' lang='lat' dir='ltr'><strong>primo</strong></span> <span class='ocrx_word' id='word_1_218' title='bbox 3643 1440 3700 1490; x_wconf 84' lang='lat' dir='ltr'><strong>et</strong></span> <span class='ocrx_word' id='word_1_219' title='bbox 3740 1436 3911 1489; x_wconf 62' lang='lat' dir='ltr'><strong>secvtu-</strong></span> 
     </span>
    </p>
   </div>
   <div class='ocr_carea' id='block_1_30' title="bbox 2330 1527 3911 1599">
    <p class='ocr_par' dir='ltr' id='par_1_30' title="bbox 2330 1527 3911 1599">
     <span class='ocr_line' id='line_1_30' title="bbox 2330 1527 3911 1599; baseline 0.002 -17"><span class='ocrx_word' id='word_1_220' title='bbox 2330 1527 2529 1597; x_wconf 80' lang='lat' dir='ltr'><strong>fuerit,</strong></span> <span class='ocrx_word' id='word_1_221' title='bbox 2585 1545 2689 1586; x_wconf 91' lang='lat' dir='ltr'><strong>non</strong></span> <span class='ocrx_word' id='word_1_222' title='bbox 2732 1530 3065 1595; x_wconf 69' lang='lat' dir='ltr'><strong>excluditur;</strong></span> <span class='ocrx_word' id='word_1_223' title='bbox 3100 1531 3229 1588; x_wconf 85' lang='lat' dir='ltr'><strong>licet</strong></span> <span class='ocrx_word' id='word_1_224' title='bbox 3275 1532 3331 1587; x_wconf 86' lang='lat' dir='ltr'><strong>ei</strong></span> <span class='ocrx_word' id='word_1_225' title='bbox 3378 1530 3686 1588; x_wconf 83' lang='lat' dir='ltr'><strong>interdum</strong></span> <span class='ocrx_word' id='word_1_226' title='bbox 3734 1545 3911 1599; x_wconf 67' lang='lat' dir='ltr'><strong>reparat</strong></span> 
     </span>
    </p>
   </div>
   <div class='ocr_carea' id='block_1_31' title="bbox 2330 1618 3909 1693">
    <p class='ocr_par' dir='ltr' id='par_1_31' title="bbox 2330 1618 3909 1693">
     <span class='ocr_line' id='line_1_31' title="bbox 2330 1618 3909 1693; baseline 0.003 -21"><span class='ocrx_word' id='word_1_227' title='bbox 2330 1618 2629 1687; x_wconf 83' lang='lat' dir='ltr'><strong>luctamen,</strong></span> <span class='ocrx_word' id='word_1_228' title='bbox 2661 1630 2716 1676; x_wconf 92' lang='lat' dir='ltr'><strong>ct</strong></span> <span class='ocrx_word' id='word_1_229' title='bbox 2742 1622 2955 1677; x_wconf 79' lang='lat' dir='ltr'><strong>vincere</strong></span> <span class='ocrx_word' id='word_1_230' title='bbox 2989 1636 3134 1693; x_wconf 72' lang='lat' dir='ltr'><strong>sirpe</strong></span> <span class='ocrx_word' id='word_1_231' title='bbox 3163 1624 3452 1693; x_wconf 82' lang='lat' dir='ltr'><strong>contingit</strong></span> <span class='ocrx_word' id='word_1_232' title='bbox 3473 1664 3490 1688; x_wconf 94' lang='lat'><strong>,</strong></span> <span class='ocrx_word' id='word_1_233' title='bbox 3524 1632 3589 1677; x_wconf 86' lang='lat' dir='ltr'><strong>et</strong></span> <span class='ocrx_word' id='word_1_234' title='bbox 3624 1621 3812 1678; x_wconf 77' lang='lat' dir='ltr'><strong>cedere</strong></span> <span class='ocrx_word' id='word_1_235' title='bbox 3839 1639 3909 1677; x_wconf 66' lang='lat' dir='ltr'><strong>ea</strong></span> 
     </span>
    </p>
   </div>
   <div class='ocr_carea' id='block_1_32' title="bbox 2328 1711 3911 1787">
    <p class='ocr_par' dir='ltr' id='par_1_32' title="bbox 2328 1711 3911 1787">
     <span class='ocr_line' id='line_1_32' title="bbox 2328 1711 3911 1787; baseline 0.004 -24"><span class='ocrx_word' id='word_1_236' title='bbox 2328 1711 2418 1779; x_wconf 87' lang='lat' dir='ltr'><strong>qui</strong></span> <span class='ocrx_word' id='word_1_237' title='bbox 2467 1711 2701 1766; x_wconf 87' lang='lat' dir='ltr'><strong>secunda</strong></span> <span class='ocrx_word' id='word_1_238' title='bbox 2735 1713 3085 1768; x_wconf 88' lang='lat' dir='ltr'><strong>contentione</strong></span> <span class='ocrx_word' id='word_1_239' title='bbox 3132 1716 3451 1785; x_wconf 70' lang='lat' dir='ltr'><strong>superavit.</strong></span> <span class='ocrx_word' id='word_1_240' title='bbox 3510 1715 3598 1770; x_wconf 79' lang='lat' dir='ltr'><strong>ita</strong></span> <span class='ocrx_word' id='word_1_241' title='bbox 3646 1731 3777 1787; x_wconf 80' lang='lat' dir='ltr'><strong>ergo</strong></span> <span class='ocrx_word' id='word_1_242' title='bbox 3814 1720 3911 1771; x_wconf 68' lang='lat' dir='ltr'><strong>etas</strong></span> 
     </span>
    </p>
   </div>
   <div class='ocr_carea' id='block_1_33' title="bbox 624 1797 3907 1880">
    <p class='ocr_par' dir='ltr' id='par_1_33' title="bbox 624 1797 3907 1880">
     <span class='ocr_line' id='line_1_33' title="bbox 624 1797 3907 1880; baseline 0.003 -28"><span class='ocrx_word' id='word_1_243' title='bbox 624 1797 869 1859; x_wconf 84' lang='lat' dir='ltr'><strong>lubricus</strong></span> <span class='ocrx_word' id='word_1_244' title='bbox 908 1814 963 1858; x_wconf 81' lang='lat' dir='ltr'><strong>et</strong></span> <span class='ocrx_word' id='word_1_245' title='bbox 992 1801 1265 1861; x_wconf 75' lang='lat' dir='ltr'><strong>ﬂexuosus</strong></span> <span class='ocrx_word' id='word_1_246' title='bbox 1289 1817 1477 1864; x_wconf 68' lang='grc' dir='ltr'><strong>εωοιοιι</strong></span> <span class='ocrx_word' id='word_1_247' title='bbox 1502 1811 1774 1880; x_wconf 70' lang='lat' dir='ltr'><strong>ipsorum;</strong></span> <span class='ocrx_word' id='word_1_248' title='bbox 1808 1829 1899 1867; x_wconf 70' lang='grc' dir='ltr'><strong>εω-</strong></span> <span class='ocrx_word' id='word_1_249' title='bbox 1926 1814 2096 1870; x_wconf 59' lang='lat' dir='ltr'><strong>odim.</strong></span> <span class='ocrx_word' id='word_1_250' title='bbox 2124 1831 2229 1870; x_wconf 67' lang='grc' dir='ltr'><strong>τω,</strong></span> <span class='ocrx_word' id='word_1_251' title='bbox 2258 1814 2306 1876; x_wconf 78' lang='grc' dir='ltr'><strong>Β</strong></span> <span class='ocrx_word' id='word_1_252' title='bbox 2332 1801 2509 1869; x_wconf 88' lang='lat' dir='ltr'><strong>justus</strong></span> <span class='ocrx_word' id='word_1_253' title='bbox 2538 1803 2639 1859; x_wconf 90' lang='lat' dir='ltr'><strong>etsi</strong></span> <span class='ocrx_word' id='word_1_254' title='bbox 2670 1801 3051 1860; x_wconf 72' lang='lat' dir='ltr'><strong>oﬂ&#39;eudiculum</strong></span> <span class='ocrx_word' id='word_1_255' title='bbox 3091 1805 3397 1861; x_wconf 87' lang='lat' dir='ltr'><strong>incurrerit</strong></span> <span class='ocrx_word' id='word_1_256' title='bbox 3443 1816 3511 1861; x_wconf 86' lang='lat' dir='ltr'><strong>et</strong></span> <span class='ocrx_word' id='word_1_257' title='bbox 3557 1808 3907 1874; x_wconf 56' lang='lat' dir='ltr'><strong>ceciderim:</strong></span> 
     </span>
    </p>
   </div>
   <div class='ocr_carea' id='block_1_34' title="bbox 621 1891 2229 1974">
    <p class='ocr_par' dir='ltr' id='par_1_34' title="bbox 621 1891 2229 1974">
     <span class='ocr_line' id='line_1_34' title="bbox 621 1891 2229 1974; baseline 0.013 -30"><span class='ocrx_word' id='word_1_258' title='bbox 621 1891 773 1964; x_wconf 80' lang='lat' dir='ltr'><strong>pistis</strong></span> <span class='ocrx_word' id='word_1_259' title='bbox 825 1896 956 1950; x_wconf 80' lang='lat' dir='ltr'><strong>viam</strong></span> <span class='ocrx_word' id='word_1_260' title='bbox 1001 1908 1230 1964; x_wconf 88' lang='lat' dir='ltr'><strong>rectam,</strong></span> <span class='ocrx_word' id='word_1_261' title='bbox 1265 1911 1315 1956; x_wconf 88' lang='lat' dir='ltr'><strong>et</strong></span> <span class='ocrx_word' id='word_1_262' title='bbox 1347 1902 1552 1974; x_wconf 87' lang='lat' dir='ltr'><strong>justum</strong></span> <span class='ocrx_word' id='word_1_263' title='bbox 1605 1906 1877 1960; x_wconf 83' lang='lat' dir='ltr'><strong>consilium</strong></span> <span class='ocrx_word' id='word_1_264' title='bbox 1935 1906 2229 1966; x_wconf 84' lang='lat' dir='ltr'><strong>deseruistis</strong></span> 
     </span>
    </p>
   </div>
   <div class='ocr_carea' id='block_1_35' title="bbox 624 1981 2225 2071">
    <p class='ocr_par' dir='ltr' id='par_1_35' title="bbox 624 1981 2225 2071">
     <span class='ocr_line' id='line_1_35' title="bbox 624 1981 2225 2071; baseline 0.012 -34"><span class='ocrx_word' id='word_1_265' title='bbox 624 1981 804 2053; x_wconf 86' lang='lat' dir='ltr'><strong>(Prov.</strong></span> <span class='ocrx_word' id='word_1_266' title='bbox 828 2003 888 2054; x_wconf 91' lang='lat' dir='ltr'><strong>n,</strong></span> <span class='ocrx_word' id='word_1_267' title='bbox 910 1989 979 2045; x_wconf 77' lang='lat' dir='ltr'><strong>l5</strong></span> <span class='ocrx_word' id='word_1_268' title='bbox 1005 1999 1049 2043; x_wconf 88' lang='lat' dir='ltr'><strong>et</strong></span> <span class='ocrx_word' id='word_1_269' title='bbox 1070 1990 1245 2063; x_wconf 85' lang='lat' dir='ltr'><strong>seq.)‘.&#39;</strong></span> <span class='ocrx_word' id='word_1_270' title='bbox 1271 1992 1387 2049; x_wconf 85' lang='lat' dir='ltr'><strong>Non</strong></span> <span class='ocrx_word' id='word_1_271' title='bbox 1409 2009 1503 2049; x_wconf 89' lang='lat' dir='ltr'><strong>vos</strong></span> <span class='ocrx_word' id='word_1_272' title='bbox 1524 1996 1721 2051; x_wconf 79' lang='lat' dir='ltr'><strong>direxit</strong></span> <span class='ocrx_word' id='word_1_273' title='bbox 1746 1997 2010 2054; x_wconf 87' lang='lat' dir='ltr'><strong>Dominus</strong></span> <span class='ocrx_word' id='word_1_274' title='bbox 2034 2014 2225 2071; x_wconf 91' lang='lat' dir='ltr'><strong>:quem</strong></span> 
     </span>
    </p>
   </div>
   <div class='ocr_carea' id='block_1_36' title="bbox 624 2080 2231 2162">
    <p class='ocr_par' dir='ltr' id='par_1_36' title="bbox 624 2080 2231 2162">
     <span class='ocr_line' id='line_1_36' title="bbox 624 2080 2231 2162; baseline 0.011 -33"><span class='ocrx_word' id='word_1_275' title='bbox 624 2089 803 2135; x_wconf 88' lang='lat' dir='ltr'><strong>autem</strong></span> <span class='ocrx_word' id='word_1_276' title='bbox 849 2080 1031 2154; x_wconf 83' lang='lat' dir='ltr'><strong>dirigit</strong></span> <span class='ocrx_word' id='word_1_277' title='bbox 1072 2083 1353 2152; x_wconf 88' lang='lat' dir='ltr'><strong>Dominus,</strong></span> <span class='ocrx_word' id='word_1_278' title='bbox 1382 2089 1518 2142; x_wconf 84' lang='lat' dir='ltr'><strong>viam</strong></span> <span class='ocrx_word' id='word_1_279' title='bbox 1550 2091 1663 2158; x_wconf 84' lang='lat' dir='ltr'><strong>ejus</strong></span> <span class='ocrx_word' id='word_1_280' title='bbox 1698 2091 1899 2162; x_wconf 86' lang='lat' dir='ltr'><strong>cupiet,</strong></span> <span class='ocrx_word' id='word_1_281' title='bbox 1928 2090 2071 2146; x_wconf 89' lang='lat' dir='ltr'><strong>sicut</strong></span> <span class='ocrx_word' id='word_1_282' title='bbox 2093 2092 2231 2147; x_wconf 84' lang='lat' dir='ltr'><strong>scri-</strong></span> 
     </span>
    </p>
   </div>
   <div class='ocr_carea' id='block_1_37' title="bbox 621 2179 1833 2247">
    <p class='ocr_par' dir='ltr' id='par_1_37' title="bbox 621 2179 1833 2247">
     <span class='ocr_line' id='line_1_37' title="bbox 621 2179 1833 2247; baseline 0.008 -19"><span class='ocrx_word' id='word_1_283' title='bbox 621 2184 771 2243; x_wconf 91' lang='lat' dir='ltr'><strong>ptum</strong></span> <span class='ocrx_word' id='word_1_284' title='bbox 799 2186 906 2240; x_wconf 89' lang='lat' dir='ltr'><strong>est,</strong></span> <span class='ocrx_word' id='word_1_285' title='bbox 931 2188 987 2232; x_wconf 89' lang='lat' dir='ltr'><strong>et</strong></span> <span class='ocrx_word' id='word_1_286' title='bbox 1017 2179 1185 2247; x_wconf 80' lang='lat' dir='ltr'><strong>ipsius</strong></span> <span class='ocrx_word' id='word_1_287' title='bbox 1215 2179 1425 2236; x_wconf 88' lang='lat' dir='ltr'><strong>semitis</strong></span> <span class='ocrx_word' id='word_1_288' title='bbox 1448 2181 1833 2239; x_wconf 86' lang='lat' dir='ltr'><strong>delectabitur.</strong></span> 
     </span>
    </p>
   </div>
   <div class='ocr_carea' id='block_1_38' title="bbox 693 2266 2230 2345">
    <p class='ocr_par' dir='ltr' id='par_1_38' title="bbox 693 2266 2230 2345">
     <span class='ocr_line' id='line_1_38' title="bbox 693 2266 2230 2345; baseline 0.008 -24"><span class='ocrx_word' id='word_1_289' title='bbox 693 2266 783 2323; x_wconf 87' lang='lat'><strong>50.</strong></span> <span class='ocrx_word' id='word_1_290' title='bbox 830 2268 1129 2341; x_wconf 87' lang='lat' dir='ltr'><strong>Utrumque</strong></span> <span class='ocrx_word' id='word_1_291' title='bbox 1161 2281 1339 2328; x_wconf 85' lang='lat' dir='ltr'><strong>tamen</strong></span> <span class='ocrx_word' id='word_1_292' title='bbox 1380 2273 1608 2343; x_wconf 77' lang='lat' dir='ltr'><strong>intelligi</strong></span> <span class='ocrx_word' id='word_1_293' title='bbox 1657 2284 1855 2345; x_wconf 85' lang='lat' dir='ltr'><strong>potest,</strong></span> <span class='ocrx_word' id='word_1_294' title='bbox 1885 2275 1958 2332; x_wconf 84' lang='lat' dir='ltr'><strong>ita</strong></span> <span class='ocrx_word' id='word_1_295' title='bbox 1992 2286 2076 2333; x_wconf 89' lang='lat' dir='ltr'><strong>est</strong></span> <span class='ocrx_word' id='word_1_296' title='bbox 2116 2292 2230 2333; x_wconf 85' lang='lat' dir='ltr'><strong>me-</strong></span> 
     </span>
    </p>
   </div>
   <div class='ocr_carea' id='block_1_39' title="bbox 621 2356 2227 2438">
    <p class='ocr_par' dir='ltr' id='par_1_39' title="bbox 621 2356 2227 2438">
     <span class='ocr_line' id='line_1_39' title="bbox 621 2356 2227 2438; baseline 0.007 -26"><span class='ocrx_word' id='word_1_297' title='bbox 621 2356 793 2426; x_wconf 88' lang='lat' dir='ltr'><strong>dium,</strong></span> <span class='ocrx_word' id='word_1_298' title='bbox 817 2363 958 2432; x_wconf 87' lang='lat' dir='ltr'><strong>quod</strong></span> <span class='ocrx_word' id='word_1_299' title='bbox 1008 2372 1063 2418; x_wconf 86' lang='lat' dir='ltr'><strong>et</strong></span> <span class='ocrx_word' id='word_1_300' title='bbox 1112 2364 1227 2434; x_wconf 90' lang='lat' dir='ltr'><strong>ipse</strong></span> <span class='ocrx_word' id='word_1_301' title='bbox 1277 2366 1368 2436; x_wconf 90' lang='lat' dir='ltr'><strong>qui</strong></span> <span class='ocrx_word' id='word_1_302' title='bbox 1424 2380 1455 2420; x_wconf 87' lang='lat' dir='ltr'><strong>a</strong></span> <span class='ocrx_word' id='word_1_303' title='bbox 1500 2367 1730 2421; x_wconf 87' lang='lat' dir='ltr'><strong>Domino</strong></span> <span class='ocrx_word' id='word_1_304' title='bbox 1776 2367 2227 2438; x_wconf 78' lang='lat' dir='ltr'><strong>dirigitur,viam</strong></span> 
     </span>
    </p>
   </div>
   <div class='ocr_carea' id='block_1_40' title="bbox 623 2452 2228 2528">
    <p class='ocr_par' dir='ltr' id='par_1_40' title="bbox 623 2452 2228 2528">
     <span class='ocr_line' id='line_1_40' title="bbox 623 2452 2228 2528; baseline 0.004 -21"><span class='ocrx_word' id='word_1_305' title='bbox 623 2452 837 2507; x_wconf 88' lang='lat' dir='ltr'><strong>Domini</strong></span> <span class='ocrx_word' id='word_1_306' title='bbox 865 2455 1083 2525; x_wconf 90' lang='lat' dir='ltr'><strong>cupiet;</strong></span> <span class='ocrx_word' id='word_1_307' title='bbox 1114 2458 1239 2527; x_wconf 86' lang='lat' dir='ltr'><strong>quia</strong></span> <span class='ocrx_word' id='word_1_308' title='bbox 1269 2456 1408 2513; x_wconf 91' lang='lat' dir='ltr'><strong>duce</strong></span> <span class='ocrx_word' id='word_1_309' title='bbox 1441 2459 1580 2527; x_wconf 85' lang='lat' dir='ltr'><strong>ipso,</strong></span> <span class='ocrx_word' id='word_1_310' title='bbox 1610 2460 1788 2513; x_wconf 89' lang='lat' dir='ltr'><strong>omnis</strong></span> <span class='ocrx_word' id='word_1_311' title='bbox 1817 2458 2031 2514; x_wconf 80' lang='lat' dir='ltr'><strong>levatur</strong></span> <span class='ocrx_word' id='word_1_312' title='bbox 2055 2460 2228 2528; x_wconf 90' lang='lat' dir='ltr'><strong>labor,</strong></span> 
     </span>
    </p>
   </div>
   <div class='ocr_carea' id='block_1_41' title="bbox 621 2545 2233 2615">
    <p class='ocr_par' dir='ltr' id='par_1_41' title="bbox 621 2545 2233 2615">
     <span class='ocr_line' id='line_1_41' title="bbox 621 2545 2233 2615; baseline 0.004 -18"><span class='ocrx_word' id='word_1_313' title='bbox 621 2545 803 2599; x_wconf 84' lang='lat' dir='ltr'><strong>omnia</strong></span> <span class='ocrx_word' id='word_1_314' title='bbox 826 2545 1213 2615; x_wconf 84' lang='lat' dir='ltr'><strong>impedimenta</strong></span> <span class='ocrx_word' id='word_1_315' title='bbox 1239 2560 1611 2615; x_wconf 82' lang='lat' dir='ltr'><strong>removentur,</strong></span> <span class='ocrx_word' id='word_1_316' title='bbox 1643 2550 1909 2605; x_wconf 86' lang='lat' dir='ltr'><strong>incentiva</strong></span> <span class='ocrx_word' id='word_1_317' title='bbox 1936 2551 2233 2605; x_wconf 84' lang='lat' dir='ltr'><strong>subminis-</strong></span> 
     </span>
    </p>
   </div>
   <div class='ocr_carea' id='block_1_42' title="bbox 621 2640 2231 2712">
    <p class='ocr_par' dir='ltr' id='par_1_42' title="bbox 621 2640 2231 2712">
     <span class='ocr_line' id='line_1_42' title="bbox 621 2640 2231 2712; baseline 0.003 -19"><span class='ocrx_word' id='word_1_318' title='bbox 621 2647 837 2694; x_wconf 87' lang='lat' dir='ltr'><strong>trantur</strong></span> <span class='ocrx_word' id='word_1_319' title='bbox 867 2656 881 2694; x_wconf 92' lang='lat'><strong>:</strong></span> <span class='ocrx_word' id='word_1_320' title='bbox 906 2652 961 2695; x_wconf 92' lang='lat' dir='ltr'><strong>et</strong></span> <span class='ocrx_word' id='word_1_321' title='bbox 992 2642 1107 2711; x_wconf 88' lang='lat' dir='ltr'><strong>ipse</strong></span> <span class='ocrx_word' id='word_1_322' title='bbox 1134 2640 1398 2697; x_wconf 87' lang='lat' dir='ltr'><strong>Dominus</strong></span> <span class='ocrx_word' id='word_1_323' title='bbox 1420 2657 1524 2699; x_wconf 88' lang='lat' dir='ltr'><strong>non</strong></span> <span class='ocrx_word' id='word_1_324' title='bbox 1562 2653 1900 2712; x_wconf 84' lang='lat' dir='ltr'><strong>aspernatur,</strong></span> <span class='ocrx_word' id='word_1_325' title='bbox 1934 2644 2028 2699; x_wconf 91' lang='lat' dir='ltr'><strong>sed</strong></span> <span class='ocrx_word' id='word_1_326' title='bbox 2057 2643 2231 2699; x_wconf 89' lang='lat' dir='ltr'><strong>liben-</strong></span> 
     </span>
    </p>
   </div>
   <div class='ocr_carea' id='block_1_43' title="bbox 623 2733 2232 2806">
    <p class='ocr_par' dir='ltr' id='par_1_43' title="bbox 623 2733 2232 2806">
     <span class='ocr_line' id='line_1_43' title="bbox 623 2733 2232 2806; baseline 0.002 -21"><span class='ocrx_word' id='word_1_327' title='bbox 623 2738 708 2787; x_wconf 90' lang='lat' dir='ltr'><strong>ter</strong></span> <span class='ocrx_word' id='word_1_328' title='bbox 739 2733 937 2804; x_wconf 86' lang='lat' dir='ltr'><strong>accipit</strong></span> <span class='ocrx_word' id='word_1_329' title='bbox 973 2736 1111 2788; x_wconf 88' lang='lat' dir='ltr'><strong>viam</strong></span> <span class='ocrx_word' id='word_1_330' title='bbox 1141 2733 1243 2790; x_wconf 82' lang='lat' dir='ltr'><strong>viri</strong></span> <span class='ocrx_word' id='word_1_331' title='bbox 1278 2750 1437 2806; x_wconf 86' lang='lat' dir='ltr'><strong>quem</strong></span> <span class='ocrx_word' id='word_1_332' title='bbox 1476 2736 1544 2791; x_wconf 85' lang='lat' dir='ltr'><strong>ad</strong></span> <span class='ocrx_word' id='word_1_333' title='bbox 1589 2736 1839 2792; x_wconf 80' lang='lat' dir='ltr'><strong>virtutem</strong></span> <span class='ocrx_word' id='word_1_334' title='bbox 1871 2736 1987 2803; x_wconf 85' lang='lat' dir='ltr'><strong>ipse</strong></span> <span class='ocrx_word' id='word_1_335' title='bbox 2019 2737 2232 2791; x_wconf 80' lang='lat' dir='ltr'><strong>direxe-</strong></span> 
     </span>
    </p>
   </div>
   <div class='ocr_carea' id='block_1_44' title="bbox 624 2824 2229 2897">
    <p class='ocr_par' dir='ltr' id='par_1_44' title="bbox 624 2824 2229 2897">
     <span class='ocr_line' id='line_1_44' title="bbox 624 2824 2229 2897; baseline 0.001 -18"><span class='ocrx_word' id='word_1_336' title='bbox 624 2825 714 2879; x_wconf 88' lang='lat' dir='ltr'><strong>rit.</strong></span> <span class='ocrx_word' id='word_1_337' title='bbox 770 2824 1002 2881; x_wconf 83' lang='lat' dir='ltr'><strong>Pulchre</strong></span> <span class='ocrx_word' id='word_1_338' title='bbox 1060 2836 1239 2882; x_wconf 88' lang='lat' dir='ltr'><strong>autem</strong></span> <span class='ocrx_word' id='word_1_339' title='bbox 1278 2826 1380 2882; x_wconf 88' lang='lat' dir='ltr'><strong>viri</strong></span> <span class='ocrx_word' id='word_1_340' title='bbox 1436 2842 1657 2896; x_wconf 85' lang='lat' dir='ltr'><strong>gressus</strong></span> <span class='ocrx_word' id='word_1_341' title='bbox 1690 2827 1845 2897; x_wconf 83' lang='lat' dir='ltr'><strong>dirigi</strong></span> <span class='ocrx_word' id='word_1_342' title='bbox 1893 2825 2147 2882; x_wconf 88' lang='lat' dir='ltr'><strong>dicuntur</strong></span> <span class='ocrx_word' id='word_1_343' title='bbox 2198 2843 2229 2881; x_wconf 92' lang='lat' dir='ltr'><strong>a</strong></span> 
     </span>
    </p>
   </div>
   <div class='ocr_carea' id='block_1_45' title="bbox 627 2916 2232 2992">
    <p class='ocr_par' dir='ltr' id='par_1_45' title="bbox 627 2916 2232 2992">
     <span class='ocr_line' id='line_1_45' title="bbox 627 2916 2232 2992; baseline 0.002 -21"><span class='ocrx_word' id='word_1_344' title='bbox 627 2916 883 2983; x_wconf 89' lang='lat' dir='ltr'><strong>Domino;</strong></span> <span class='ocrx_word' id='word_1_345' title='bbox 915 2918 1039 2989; x_wconf 88' lang='lat' dir='ltr'><strong>quia</strong></span> <span class='ocrx_word' id='word_1_346' title='bbox 1072 2932 1178 2973; x_wconf 93' lang='lat' dir='ltr'><strong>non</strong></span> <span class='ocrx_word' id='word_1_347' title='bbox 1211 2917 1451 2974; x_wconf 90' lang='lat' dir='ltr'><strong>volentis</strong></span> <span class='ocrx_word' id='word_1_348' title='bbox 1479 2936 1652 2992; x_wconf 87' lang='lat' dir='ltr'><strong>neque</strong></span> <span class='ocrx_word' id='word_1_349' title='bbox 1678 2922 1979 2987; x_wconf 89' lang='lat' dir='ltr'><strong>currentis,</strong></span> <span class='ocrx_word' id='word_1_350' title='bbox 2004 2920 2098 2975; x_wconf 86' lang='lat' dir='ltr'><strong>sed</strong></span> <span class='ocrx_word' id='word_1_351' title='bbox 2131 2920 2232 2975; x_wconf 85' lang='lat' dir='ltr'><strong>mi-</strong></span> 
     </span>
    </p>
   </div>
   <div class='ocr_carea' id='block_1_46' title="bbox 625 3011 2226 3082">
    <p class='ocr_par' dir='ltr' id='par_1_46' title="bbox 625 3011 2226 3082">
     <span class='ocr_line' id='line_1_46' title="bbox 625 3011 2226 3082; baseline 0.001 -18"><span class='ocrx_word' id='word_1_352' title='bbox 625 3011 859 3066; x_wconf 78' lang='lat' dir='ltr'><strong>serentis</strong></span> <span class='ocrx_word' id='word_1_353' title='bbox 888 3020 972 3067; x_wconf 90' lang='lat' dir='ltr'><strong>est</strong></span> <span class='ocrx_word' id='word_1_354' title='bbox 1009 3011 1126 3078; x_wconf 89' lang='lat' dir='ltr'><strong>Dei,</strong></span> <span class='ocrx_word' id='word_1_355' title='bbox 1158 3011 1277 3068; x_wconf 89' lang='lat' dir='ltr'><strong>sine</strong></span> <span class='ocrx_word' id='word_1_356' title='bbox 1317 3011 1616 3068; x_wconf 76' lang='lat' dir='ltr'><strong>oliensione</strong></span> <span class='ocrx_word' id='word_1_357' title='bbox 1660 3027 1883 3068; x_wconf 87' lang='lat' dir='ltr'><strong>servare</strong></span> <span class='ocrx_word' id='word_1_358' title='bbox 1921 3012 2226 3082; x_wconf 89' lang='lat' dir='ltr'><strong>vestigium.</strong></span> 
     </span>
    </p>
   </div>
   <div class='ocr_carea' id='block_1_47' title="bbox 627 3102 2231 3176">
    <p class='ocr_par' dir='ltr' id='par_1_47' title="bbox 627 3102 2231 3176">
     <span class='ocr_line' id='line_1_47' title="bbox 627 3102 2231 3176; baseline 0.004 -24"><span class='ocrx_word' id='word_1_359' title='bbox 627 3102 726 3170; x_wconf 85' lang='lat' dir='ltr'><strong>Qui</strong></span> <span class='ocrx_word' id='word_1_360' title='bbox 775 3103 920 3158; x_wconf 89' lang='lat' dir='ltr'><strong>enim</strong></span> <span class='ocrx_word' id='word_1_361' title='bbox 957 3103 1169 3173; x_wconf 87' lang='lat' dir='ltr'><strong>plantat</strong></span> <span class='ocrx_word' id='word_1_362' title='bbox 1216 3113 1273 3160; x_wconf 90' lang='lat' dir='ltr'><strong>et</strong></span> <span class='ocrx_word' id='word_1_363' title='bbox 1316 3104 1482 3176; x_wconf 82' lang='lat' dir='ltr'><strong>rigat,</strong></span> <span class='ocrx_word' id='word_1_364' title='bbox 1508 3104 1642 3159; x_wconf 89' lang='lat' dir='ltr'><strong>nihil</strong></span> <span class='ocrx_word' id='word_1_365' title='bbox 1693 3113 1853 3168; x_wconf 89' lang='lat' dir='ltr'><strong>sunt;</strong></span> <span class='ocrx_word' id='word_1_366' title='bbox 1882 3103 1977 3158; x_wconf 87' lang='lat' dir='ltr'><strong>sed</strong></span> <span class='ocrx_word' id='word_1_367' title='bbox 2018 3106 2107 3176; x_wconf 90' lang='lat' dir='ltr'><strong>qui</strong></span> <span class='ocrx_word' id='word_1_368' title='bbox 2140 3102 2231 3159; x_wconf 84' lang='lat' dir='ltr'><strong>dat</strong></span> 
     </span>
    </p>
   </div>
   <div class='ocr_carea' id='block_1_48' title="bbox 627 3194 1266 3249">
    <p class='ocr_par' dir='ltr' id='par_1_48' title="bbox 627 3194 1266 3249">
     <span class='ocr_line' id='line_1_48' title="bbox 627 3194 1266 3249; baseline 0.005 -4"><span class='ocrx_word' id='word_1_369' title='bbox 627 3196 1022 3248; x_wconf 82' lang='lat' dir='ltr'><strong>incrementum</strong></span> <span class='ocrx_word' id='word_1_370' title='bbox 1072 3194 1210 3249; x_wconf 88' lang='lat' dir='ltr'><strong>Deus</strong></span> <span class='ocrx_word' id='word_1_371' title='bbox 1253 3212 1266 3248; x_wconf 92' lang='lat'>:</span> 
     </span>
    </p>
   </div>
   <div class='ocr_carea' id='block_1_49' title="bbox 625 3282 889 3339">
    <p class='ocr_par' dir='ltr' id='par_1_49' title="bbox 625 3282 889 3339">
     <span class='ocr_line' id='line_1_49' title="bbox 625 3282 889 3339; baseline 0.011 -3"><span class='ocrx_word' id='word_1_372' title='bbox 625 3282 889 3339; x_wconf 81' lang='lat' dir='ltr'><strong>defertur.</strong></span> 
     </span>
    </p>
   </div>
   <div class='ocr_carea' id='block_1_50' title="bbox 697 3374 2275 3454">
    <p class='ocr_par' dir='ltr' id='par_1_50' title="bbox 697 3374 2275 3454">
     <span class='ocr_line' id='line_1_50' title="bbox 697 3374 2275 3454; baseline 0.001 -22"><span class='ocrx_word' id='word_1_373' title='bbox 697 3378 786 3432; x_wconf 74' lang='lat'><strong>51.</strong></span> <span class='ocrx_word' id='word_1_374' title='bbox 815 3378 997 3447; x_wconf 75' lang='lat' dir='ltr'><strong>(Vers.</strong></span> <span class='ocrx_word' id='word_1_375' title='bbox 1027 3379 1145 3452; x_wconf 65' lang='lat' dir='ltr'><strong>2i.)</strong></span> <span class='ocrx_word' id='word_1_376' title='bbox 1193 3381 1431 3453; x_wconf 83' lang='lat' dir='ltr'><strong>Denique</strong></span> <span class='ocrx_word' id='word_1_377' title='bbox 1470 3382 1632 3438; x_wconf 64' lang='lat' dir='ltr'><strong>etiam</strong></span> <span class='ocrx_word' id='word_1_378' title='bbox 1670 3382 1848 3454; x_wconf 87' lang='lat' dir='ltr'><strong>justus</strong></span> <span class='ocrx_word' id='word_1_379' title='bbox 1882 3383 2023 3438; x_wconf 88' lang='lat' dir='ltr'><strong>cadit</strong></span> <span class='ocrx_word' id='word_1_380' title='bbox 2065 3384 2231 3439; x_wconf 70' lang='lat' dir='ltr'><strong>inter.</strong></span> <span class='ocrx_word' id='word_1_381' title='bbox 2254 3374 2275 3399; x_wconf 81' lang='lat'><strong><em>‘</em></strong></span> 
     </span>
    </p>
   </div>
   <div class='ocr_carea' id='block_1_51' title="bbox 626 3466 2227 3543">
    <p class='ocr_par' dir='ltr' id='par_1_51' title="bbox 626 3466 2227 3543">
     <span class='ocr_line' id='line_1_51' title="bbox 626 3466 2227 3543; baseline 0.006 -22"><span class='ocrx_word' id='word_1_382' title='bbox 626 3466 786 3535; x_wconf 89' lang='lat' dir='ltr'><strong>dttm;</strong></span> <span class='ocrx_word' id='word_1_383' title='bbox 815 3468 908 3525; x_wconf 89' lang='lat' dir='ltr'><strong>sed</strong></span> <span class='ocrx_word' id='word_1_384' title='bbox 940 3472 984 3524; x_wconf 93' lang='lat' dir='ltr'><strong>si</strong></span> <span class='ocrx_word' id='word_1_385' title='bbox 1008 3471 1189 3541; x_wconf 77' lang='lat' dir='ltr'><strong>justus</strong></span> <span class='ocrx_word' id='word_1_386' title='bbox 1212 3482 1319 3539; x_wconf 86' lang='lat' dir='ltr'><strong>est,</strong></span> <span class='ocrx_word' id='word_1_387' title='bbox 1350 3489 1466 3528; x_wconf 87' lang='lat' dir='ltr'><strong>cum</strong></span> <span class='ocrx_word' id='word_1_388' title='bbox 1504 3475 1746 3529; x_wconf 85' lang='lat' dir='ltr'><strong>acciderit</strong></span> <span class='ocrx_word' id='word_1_389' title='bbox 1773 3518 1787 3543; x_wconf 93' lang='lat'><strong>,</strong></span> <span class='ocrx_word' id='word_1_390' title='bbox 1817 3492 1919 3530; x_wconf 91' lang='lat' dir='ltr'><strong>non</strong></span> <span class='ocrx_word' id='word_1_391' title='bbox 1951 3478 2227 3531; x_wconf 82' lang='lat' dir='ltr'><strong>conturba-</strong></span> 
     </span>
    </p>
   </div>
   <div class='ocr_carea' id='block_1_52' title="bbox 625 3561 2229 3641">
    <p class='ocr_par' dir='ltr' id='par_1_52' title="bbox 625 3561 2229 3641">
     <span class='ocr_line' id='line_1_52' title="bbox 625 3561 2229 3641; baseline 0.009 -27"><span class='ocrx_word' id='word_1_392' title='bbox 625 3561 782 3618; x_wconf 83' lang='lat' dir='ltr'><strong>bitur.</strong></span> <span class='ocrx_word' id='word_1_393' title='bbox 811 3564 964 3629; x_wconf 85' lang='lat' dir='ltr'><strong>Quod</strong></span> <span class='ocrx_word' id='word_1_394' title='bbox 994 3565 1325 3622; x_wconf 88' lang='lat' dir='ltr'><strong>conditionis</strong></span> <span class='ocrx_word' id='word_1_395' title='bbox 1354 3576 1467 3634; x_wconf 89' lang='lat' dir='ltr'><strong>est,</strong></span> <span class='ocrx_word' id='word_1_396' title='bbox 1493 3569 1666 3635; x_wconf 82' lang='lat' dir='ltr'><strong>cadit;</strong></span> <span class='ocrx_word' id='word_1_397' title='bbox 1694 3573 1837 3641; x_wconf 88' lang='lat' dir='ltr'><strong>quod</strong></span> <span class='ocrx_word' id='word_1_398' title='bbox 1865 3572 2109 3641; x_wconf 68' lang='lat' dir='ltr'><strong>justilim,</strong></span> <span class='ocrx_word' id='word_1_399' title='bbox 2143 3590 2229 3628; x_wconf 77' lang='lat' dir='ltr'><strong>re-</strong></span> 
     </span>
    </p>
   </div>
   <div class='ocr_carea' id='block_1_53' title="bbox 623 3658 2225 3735">
    <p class='ocr_par' dir='ltr' id='par_1_53' title="bbox 623 3658 2225 3735">
     <span class='ocr_line' id='line_1_53' title="bbox 623 3658 2225 3735; baseline 0.004 -24"><span class='ocrx_word' id='word_1_400' title='bbox 623 3658 791 3726; x_wconf 77' lang='lat' dir='ltr'><strong>surgit</strong></span> <span class='ocrx_word' id='word_1_401' title='bbox 820 3673 835 3715; x_wconf 85' lang='lat'><strong>:</strong></span> <span class='ocrx_word' id='word_1_402' title='bbox 863 3661 1118 3729; x_wconf 80' lang='lat' dir='ltr'><strong>quoniam</strong></span> <span class='ocrx_word' id='word_1_403' title='bbox 1161 3659 1363 3732; x_wconf 90' lang='lat' dir='ltr'><strong>justum</strong></span> <span class='ocrx_word' id='word_1_404' title='bbox 1401 3660 1546 3716; x_wconf 91' lang='lat' dir='ltr'><strong>Deus</strong></span> <span class='ocrx_word' id='word_1_405' title='bbox 1593 3676 1698 3716; x_wconf 91' lang='lat' dir='ltr'><strong>non</strong></span> <span class='ocrx_word' id='word_1_406' title='bbox 1744 3663 2100 3735; x_wconf 85' lang='lat' dir='ltr'><strong>derelinquit,</strong></span> <span class='ocrx_word' id='word_1_407' title='bbox 2133 3667 2225 3719; x_wconf 81' lang='lat' dir='ltr'><strong>sed</strong></span> 
     </span>
    </p>
   </div>
   <div class='ocr_carea' id='block_1_54' title="bbox 621 3748 2226 3825">
    <p class='ocr_par' dir='ltr' id='par_1_54' title="bbox 621 3748 2226 3825">
     <span class='ocr_line' id='line_1_54' title="bbox 621 3748 2226 3825; baseline 0.007 -24"><span class='ocrx_word' id='word_1_408' title='bbox 621 3748 891 3819; x_wconf 81' lang='lat' dir='ltr'><strong>conﬁrmat</strong></span> <span class='ocrx_word' id='word_1_409' title='bbox 927 3767 1138 3805; x_wconf 82' lang='lat' dir='ltr'><strong>manum</strong></span> <span class='ocrx_word' id='word_1_410' title='bbox 1165 3753 1301 3819; x_wconf 84' lang='lat' dir='ltr'><strong>ejus.</strong></span> <span class='ocrx_word' id='word_1_411' title='bbox 1349 3754 1465 3820; x_wconf 86' lang='lat' dir='ltr'><strong>Qua</strong></span> <span class='ocrx_word' id='word_1_412' title='bbox 1498 3752 1707 3809; x_wconf 83' lang='lat' dir='ltr'><strong>ratione</strong></span> <span class='ocrx_word' id='word_1_413' title='bbox 1733 3770 1840 3809; x_wconf 88' lang='lat' dir='ltr'><strong>non</strong></span> <span class='ocrx_word' id='word_1_414' title='bbox 1881 3756 2098 3825; x_wconf 68' lang='lat' dir='ltr'><strong>pedem,</strong></span> <span class='ocrx_word' id='word_1_415' title='bbox 2129 3758 2226 3813; x_wconf 80' lang='lat' dir='ltr'><strong>sed</strong></span> 
     </span>
    </p>
   </div>
   <div class='ocr_carea' id='block_1_55' title="bbox 619 3842 2224 3921">
    <p class='ocr_par' dir='ltr' id='par_1_55' title="bbox 619 3842 2224 3921">
     <span class='ocr_line' id='line_1_55' title="bbox 619 3842 2224 3921; baseline 0.009 -29"><span class='ocrx_word' id='word_1_416' title='bbox 619 3856 838 3896; x_wconf 87' lang='lat' dir='ltr'><strong>manum</strong></span> <span class='ocrx_word' id='word_1_417' title='bbox 865 3842 1034 3897; x_wconf 84' lang='lat' dir='ltr'><strong>dixit?</strong></span> <span class='ocrx_word' id='word_1_418' title='bbox 1066 3842 1175 3921; x_wconf 50' lang='lat' dir='ltr'><strong>Nisi</strong></span> <span class='ocrx_word' id='word_1_419' title='bbox 1218 3847 1355 3900; x_wconf 79' lang='lat' dir='ltr'><strong>forte</strong></span> <span class='ocrx_word' id='word_1_420' title='bbox 1385 3858 1472 3911; x_wconf 84' lang='lat' dir='ltr'><strong>ea,</strong></span> <span class='ocrx_word' id='word_1_421' title='bbox 1496 3848 1749 3915; x_wconf 72' lang='lat' dir='ltr'><strong>quoniam</strong></span> <span class='ocrx_word' id='word_1_422' title='bbox 1789 3848 1880 3919; x_wconf 90' lang='lat' dir='ltr'><strong>qui</strong></span> <span class='ocrx_word' id='word_1_423' title='bbox 1911 3850 2083 3913; x_wconf 86' lang='lat' dir='ltr'><strong>cadit,</strong></span> <span class='ocrx_word' id='word_1_424' title='bbox 2119 3865 2224 3906; x_wconf 90' lang='lat' dir='ltr'><strong>non</strong></span> 
     </span>
    </p>
   </div>
   <div class='ocr_carea' id='block_1_56' title="bbox 619 3933 2228 4014">
    <p class='ocr_par' dir='ltr' id='par_1_56' title="bbox 619 3933 2228 4014">
     <span class='ocr_line' id='line_1_56' title="bbox 619 3933 2228 4014; baseline 0.009 -31"><span class='ocrx_word' id='word_1_425' title='bbox 619 3933 789 4003; x_wconf 84' lang='lat' dir='ltr'><strong>magis</strong></span> <span class='ocrx_word' id='word_1_426' title='bbox 813 3933 949 4003; x_wconf 83' lang='lat' dir='ltr'><strong>pede</strong></span> <span class='ocrx_word' id='word_1_427' title='bbox 978 3933 1196 4003; x_wconf 78' lang='lat' dir='ltr'><strong>labitur,</strong></span> <span class='ocrx_word' id='word_1_428' title='bbox 1228 3936 1323 3989; x_wconf 84' lang='lat' dir='ltr'><strong>Sed</strong></span> <span class='ocrx_word' id='word_1_429' title='bbox 1350 3937 1596 3993; x_wconf 89' lang='lat' dir='ltr'><strong>inlirmus</strong></span> <span class='ocrx_word' id='word_1_430' title='bbox 1623 3938 1833 3993; x_wconf 83' lang='lat' dir='ltr'><strong>lubrico</strong></span> <span class='ocrx_word' id='word_1_431' title='bbox 1852 3952 1999 4011; x_wconf 66' lang='lat' dir='ltr'><strong>saepe</strong></span> <span class='ocrx_word' id='word_1_432' title='bbox 2023 3940 2228 4014; x_wconf 83' lang='lat' dir='ltr'><strong>decipi-</strong></span> 
     </span>
    </p>
   </div>
   <div class='ocr_carea' id='block_1_57' title="bbox 616 4023 2223 4102">
    <p class='ocr_par' dir='ltr' id='par_1_57' title="bbox 616 4023 2223 4102">
     <span class='ocr_line' id='line_1_57' title="bbox 616 4023 2223 4102; baseline 0.011 -28"><span class='ocrx_word' id='word_1_433' title='bbox 616 4032 718 4089; x_wconf 84' lang='lat' dir='ltr'><strong>tur,</strong></span> <span class='ocrx_word' id='word_1_434' title='bbox 754 4025 836 4078; x_wconf 86' lang='lat' dir='ltr'><strong>vel</strong></span> <span class='ocrx_word' id='word_1_435' title='bbox 866 4023 1089 4081; x_wconf 87' lang='lat' dir='ltr'><strong>oll‘endit</strong></span> <span class='ocrx_word' id='word_1_436' title='bbox 1129 4028 1180 4080; x_wconf 88' lang='lat' dir='ltr'><strong>in</strong></span> <span class='ocrx_word' id='word_1_437' title='bbox 1223 4037 1410 4095; x_wconf 80' lang='lat' dir='ltr'><strong>petra;</strong></span> <span class='ocrx_word' id='word_1_438' title='bbox 1445 4027 1533 4084; x_wconf 87' lang='lat' dir='ltr'><strong>hic</strong></span> <span class='ocrx_word' id='word_1_439' title='bbox 1563 4040 1743 4086; x_wconf 91' lang='lat' dir='ltr'><strong>autem</strong></span> <span class='ocrx_word' id='word_1_440' title='bbox 1771 4032 1902 4102; x_wconf 87' lang='lat' dir='ltr'><strong>justi</strong></span> <span class='ocrx_word' id='word_1_441' title='bbox 1931 4046 2115 4090; x_wconf 86' lang='lat' dir='ltr'><strong>casum</strong></span> <span class='ocrx_word' id='word_1_442' title='bbox 2146 4038 2223 4092; x_wconf 90' lang='lat' dir='ltr'><strong>in-</strong></span> 
     </span>
    </p>
   </div>
   <div class='ocr_carea' id='block_1_58' title="bbox 615 4114 2224 4197">
    <p class='ocr_par' dir='ltr' id='par_1_58' title="bbox 615 4114 2224 4197">
     <span class='ocr_line' id='line_1_58' title="bbox 615 4114 2224 4197; baseline 0.011 -32"><span class='ocrx_word' id='word_1_443' title='bbox 615 4114 821 4184; x_wconf 85' lang='lat' dir='ltr'><strong>tellige,</strong></span> <span class='ocrx_word' id='word_1_444' title='bbox 846 4117 897 4171; x_wconf 88' lang='lat' dir='ltr'><strong>id</strong></span> <span class='ocrx_word' id='word_1_445' title='bbox 931 4126 1013 4172; x_wconf 83' lang='lat' dir='ltr'><strong>est</strong></span> <span class='ocrx_word' id='word_1_446' title='bbox 1036 4160 1050 4182; x_wconf 94' lang='lat'><strong>,</strong></span> <span class='ocrx_word' id='word_1_447' title='bbox 1074 4116 1336 4173; x_wconf 65' lang='lat' dir='ltr'><strong>fortioris.</strong></span> <span class='ocrx_word' id='word_1_448' title='bbox 1370 4114 1619 4191; x_wconf 78' lang='lat' dir='ltr'><strong>Denique</strong></span> <span class='ocrx_word' id='word_1_449' title='bbox 1647 4122 1713 4176; x_wconf 88' lang='lat' dir='ltr'><strong>de</strong></span> <span class='ocrx_word' id='word_1_450' title='bbox 1752 4124 1953 4194; x_wconf 75' lang='lat' dir='ltr'><strong>pupillo</strong></span> <span class='ocrx_word' id='word_1_451' title='bbox 1988 4128 2078 4197; x_wconf 87' lang='lat' dir='ltr'><strong>qui</strong></span> <span class='ocrx_word' id='word_1_452' title='bbox 2110 4128 2224 4183; x_wconf 81' lang='lat' dir='ltr'><strong>luc-</strong></span> 
     </span>
    </p>
   </div>
   <div class='ocr_carea' id='block_1_59' title="bbox 612 4207 2221 4289">
    <p class='ocr_par' dir='ltr' id='par_1_59' title="bbox 612 4207 2221 4289">
     <span class='ocr_line' id='line_1_59' title="bbox 612 4207 2221 4289; baseline 0.009 -30"><span class='ocrx_word' id='word_1_453' title='bbox 612 4213 776 4275; x_wconf 90' lang='lat' dir='ltr'><strong>tatur,</strong></span> <span class='ocrx_word' id='word_1_454' title='bbox 805 4207 852 4263; x_wconf 87' lang='lat' dir='ltr'><strong>si</strong></span> <span class='ocrx_word' id='word_1_455' title='bbox 898 4225 1040 4281; x_wconf 85' lang='lat' dir='ltr'><strong>genu</strong></span> <span class='ocrx_word' id='word_1_456' title='bbox 1096 4213 1298 4280; x_wconf 80' lang='lat' dir='ltr'><strong>lixerit,</strong></span> <span class='ocrx_word' id='word_1_457' title='bbox 1320 4213 1405 4269; x_wconf 91' lang='lat' dir='ltr'><strong>vel</strong></span> <span class='ocrx_word' id='word_1_458' title='bbox 1462 4215 1599 4283; x_wconf 90' lang='lat' dir='ltr'><strong>pede</strong></span> <span class='ocrx_word' id='word_1_459' title='bbox 1646 4216 1828 4285; x_wconf 85' lang='lat' dir='ltr'><strong>lapsus</strong></span> <span class='ocrx_word' id='word_1_460' title='bbox 1880 4217 2073 4284; x_wconf 84' lang='lat' dir='ltr'><strong>fuerit,</strong></span> <span class='ocrx_word' id='word_1_461' title='bbox 2125 4237 2221 4289; x_wconf 89' lang='lat' dir='ltr'><strong>pro</strong></span> 
     </span>
    </p>
   </div>
   <div class='ocr_carea' id='block_1_60' title="bbox 613 4298 2216 4378">
    <p class='ocr_par' dir='ltr' id='par_1_60' title="bbox 613 4298 2216 4378">
     <span class='ocr_line' id='line_1_60' title="bbox 613 4298 2216 4378; baseline 0.011 -31"><span class='ocrx_word' id='word_1_462' title='bbox 613 4298 760 4351; x_wconf 86' lang='lat' dir='ltr'><strong>victo</strong></span> <span class='ocrx_word' id='word_1_463' title='bbox 794 4298 1052 4366; x_wconf 86' lang='lat' dir='ltr'><strong>habetur;</strong></span> <span class='ocrx_word' id='word_1_464' title='bbox 1081 4302 1287 4357; x_wconf 85' lang='lat' dir='ltr'><strong>athleta</strong></span> <span class='ocrx_word' id='word_1_465' title='bbox 1332 4303 1421 4374; x_wconf 87' lang='lat' dir='ltr'><strong>qui</strong></span> <span class='ocrx_word' id='word_1_466' title='bbox 1458 4303 1701 4358; x_wconf 88' lang='lat' dir='ltr'><strong>luctandi</strong></span> <span class='ocrx_word' id='word_1_467' title='bbox 1738 4305 1989 4376; x_wconf 88' lang='lat' dir='ltr'><strong>peritiam</strong></span> <span class='ocrx_word' id='word_1_468' title='bbox 2022 4309 2216 4378; x_wconf 86' lang='lat' dir='ltr'><strong>habet,</strong></span> 
     </span>
    </p>
   </div>
   <div class='ocr_carea' id='block_1_61' title="bbox 613 4389 2219 4470">
    <p class='ocr_par' dir='ltr' id='par_1_61' title="bbox 613 4389 2219 4470">
     <span class='ocr_line' id='line_1_61' title="bbox 613 4389 2219 4470; baseline 0.011 -29"><span class='ocrx_word' id='word_1_469' title='bbox 613 4395 668 4442; x_wconf 90' lang='lat' dir='ltr'><strong>et</strong></span> <span class='ocrx_word' id='word_1_470' title='bbox 693 4389 760 4444; x_wconf 86' lang='lat' dir='ltr'><strong>ad</strong></span> <span class='ocrx_word' id='word_1_471' title='bbox 788 4402 1045 4448; x_wconf 83' lang='lat' dir='ltr'><strong>coronam</strong></span> <span class='ocrx_word' id='word_1_472' title='bbox 1094 4394 1363 4462; x_wconf 75' lang='lat' dir='ltr'><strong>luctatur,</strong></span> <span class='ocrx_word' id='word_1_473' title='bbox 1386 4395 1548 4449; x_wconf 90' lang='lat' dir='ltr'><strong>etiam</strong></span> <span class='ocrx_word' id='word_1_474' title='bbox 1578 4395 1767 4452; x_wconf 85' lang='lat' dir='ltr'><strong>volens</strong></span> <span class='ocrx_word' id='word_1_475' title='bbox 1807 4413 1946 4468; x_wconf 81' lang='lat' dir='ltr'><strong>genu</strong></span> <span class='ocrx_word' id='word_1_476' title='bbox 1995 4400 2129 4470; x_wconf 81' lang='lat' dir='ltr'><strong>ﬁgit,</strong></span> <span class='ocrx_word' id='word_1_477' title='bbox 2163 4418 2219 4459; x_wconf 88' lang='lat' dir='ltr'><strong>ut</strong></span> 
     </span>
    </p>
   </div>
   <div class='ocr_carea' id='block_1_62' title="bbox 611 4482 2218 4560">
    <p class='ocr_par' dir='ltr' id='par_1_62' title="bbox 611 4482 2218 4560">
     <span class='ocr_line' id='line_1_62' title="bbox 611 4482 2218 4560; baseline 0.012 -27"><span class='ocrx_word' id='word_1_478' title='bbox 611 4482 823 4549; x_wconf 82' lang='lat' dir='ltr'><strong>vincat;</strong></span> <span class='ocrx_word' id='word_1_479' title='bbox 855 4494 909 4541; x_wconf 92' lang='lat' dir='ltr'><strong>et</strong></span> <span class='ocrx_word' id='word_1_480' title='bbox 933 4487 976 4539; x_wconf 89' lang='lat' dir='ltr'><strong>si</strong></span> <span class='ocrx_word' id='word_1_481' title='bbox 1004 4486 1187 4557; x_wconf 69' lang='lat' dir='ltr'><strong>lapsus</strong></span> <span class='ocrx_word' id='word_1_482' title='bbox 1215 4488 1398 4553; x_wconf 88' lang='lat' dir='ltr'><strong>luerit,</strong></span> <span class='ocrx_word' id='word_1_483' title='bbox 1424 4504 1530 4544; x_wconf 89' lang='lat' dir='ltr'><strong>non</strong></span> <span class='ocrx_word' id='word_1_484' title='bbox 1559 4492 1891 4560; x_wconf 82' lang='lat' dir='ltr'><strong>excluditur;</strong></span> <span class='ocrx_word' id='word_1_485' title='bbox 1914 4504 1968 4550; x_wconf 88' lang='lat' dir='ltr'><strong>et</strong></span> <span class='ocrx_word' id='word_1_486' title='bbox 1993 4495 2040 4549; x_wconf 92' lang='lat' dir='ltr'><strong>si</strong></span> <span class='ocrx_word' id='word_1_487' title='bbox 2062 4497 2132 4551; x_wconf 90' lang='lat' dir='ltr'><strong>ab</strong></span> <span class='ocrx_word' id='word_1_488' title='bbox 2153 4515 2218 4554; x_wconf 91' lang='lat' dir='ltr'><strong>eo</strong></span> 
     </span>
    </p>
   </div>
   <div class='ocr_carea' id='block_1_63' title="bbox 2334 1898 3906 1969">
    <p class='ocr_par' dir='ltr' id='par_1_63' title="bbox 2334 1898 3906 1969">
     <span class='ocr_line' id='line_1_63' title="bbox 2334 1898 3906 1969; baseline 0.003 -17"><span class='ocrx_word' id='word_1_489' title='bbox 2334 1898 2604 1969; x_wconf 87' lang='lat' dir='ltr'><strong>relinquat</strong></span> <span class='ocrx_word' id='word_1_490' title='bbox 2628 1909 2806 1954; x_wconf 91' lang='lat' dir='ltr'><strong>tamen</strong></span> <span class='ocrx_word' id='word_1_491' title='bbox 2839 1898 3075 1954; x_wconf 86' lang='lat' dir='ltr'><strong>studium</strong></span> <span class='ocrx_word' id='word_1_492' title='bbox 3099 1900 3419 1956; x_wconf 76' lang='lat' dir='ltr'><strong>devotionis</strong></span> <span class='ocrx_word' id='word_1_493' title='bbox 3447 1909 3513 1956; x_wconf 89' lang='lat' dir='ltr'><strong>et</strong></span> <span class='ocrx_word' id='word_1_494' title='bbox 3543 1900 3707 1964; x_wconf 81' lang='lat' dir='ltr'><strong>ﬁdei,</strong></span> <span class='ocrx_word' id='word_1_495' title='bbox 3728 1900 3906 1957; x_wconf 58' lang='lat' dir='ltr'><strong>scire:-</strong></span> 
     </span>
    </p>
   </div>
   <div class='ocr_carea' id='block_1_64' title="bbox 2332 1992 3903 2064">
    <p class='ocr_par' dir='ltr' id='par_1_64' title="bbox 2332 1992 3903 2064">
     <span class='ocr_line' id='line_1_64' title="bbox 2332 1992 3903 2064; baseline 0.003 -20"><span class='ocrx_word' id='word_1_496' title='bbox 2332 1998 2441 2045; x_wconf 88' lang='lat' dir='ltr'><strong>tem</strong></span> <span class='ocrx_word' id='word_1_497' title='bbox 2492 2002 2696 2060; x_wconf 84' lang='lat' dir='ltr'><strong>teneat,</strong></span> <span class='ocrx_word' id='word_1_498' title='bbox 2747 1992 3117 2063; x_wconf 64' lang='lat' dir='ltr'><strong>paenitentiam</strong></span> <span class='ocrx_word' id='word_1_499' title='bbox 3160 2001 3365 2064; x_wconf 86' lang='lat' dir='ltr'><strong>gerat.</strong></span> <span class='ocrx_word' id='word_1_500' title='bbox 3416 2008 3591 2064; x_wconf 65' lang='lat' dir='ltr'><strong>smpe</strong></span> <span class='ocrx_word' id='word_1_501' title='bbox 3646 2008 3710 2047; x_wconf 81' lang='lat' dir='ltr'><strong>se</strong></span> <span class='ocrx_word' id='word_1_502' title='bbox 3754 2007 3903 2063; x_wconf 63' lang='lat' dir='ltr'><strong>repere,</strong></span> 
     </span>
    </p>
   </div>
   <div class='ocr_carea' id='block_1_65' title="bbox 2334 2083 3903 2156">
    <p class='ocr_par' dir='ltr' id='par_1_65' title="bbox 2334 2083 3903 2156">
     <span class='ocr_line' id='line_1_65' title="bbox 2334 2083 3903 2156; baseline 0.001 -20"><span class='ocrx_word' id='word_1_503' title='bbox 2334 2083 2463 2139; x_wconf 87' lang='lat' dir='ltr'><strong>ldeo</strong></span> <span class='ocrx_word' id='word_1_504' title='bbox 2503 2086 2800 2156; x_wconf 83' lang='lat' dir='ltr'><strong>interrogat</strong></span> <span class='ocrx_word' id='word_1_505' title='bbox 2853 2084 3046 2142; x_wconf 89' lang='lat' dir='ltr'><strong>Petrus</strong></span> <span class='ocrx_word' id='word_1_506' title='bbox 3083 2104 3096 2139; x_wconf 92' lang='lat'>:</span> <span class='ocrx_word' id='word_1_507' title='bbox 3132 2084 3197 2141; x_wconf 89' lang='lat' dir='ltr'><strong>Si</strong></span> <span class='ocrx_word' id='word_1_508' title='bbox 3247 2090 3560 2155; x_wconf 70' lang='lat' dir='ltr'><strong>peccaverit</strong></span> <span class='ocrx_word' id='word_1_509' title='bbox 3606 2085 3669 2139; x_wconf 85' lang='lat' dir='ltr'><strong>in</strong></span> <span class='ocrx_word' id='word_1_510' title='bbox 3711 2103 3787 2140; x_wconf 75' lang='lat' dir='ltr'><strong>tne</strong></span> <span class='ocrx_word' id='word_1_511' title='bbox 3824 2089 3903 2155; x_wconf 58' lang='lat' dir='ltr'><strong>per</strong></span> 
     </span>
    </p>
   </div>
   <div class='ocr_carea' id='block_1_66' title="bbox 2332 2177 3899 2252">
    <p class='ocr_par' dir='ltr' id='par_1_66' title="bbox 2332 2177 3899 2252">
     <span class='ocr_line' id='line_1_66' title="bbox 2332 2177 3899 2252; baseline 0.003 -25"><span class='ocrx_word' id='word_1_512' title='bbox 2332 2193 2497 2241; x_wconf 81' lang='lat' dir='ltr'><strong>meus,</strong></span> <span class='ocrx_word' id='word_1_513' title='bbox 2529 2178 2724 2247; x_wconf 86' lang='lat' dir='ltr'><strong>quoties</strong></span> <span class='ocrx_word' id='word_1_514' title='bbox 2749 2179 3005 2232; x_wconf 86' lang='lat' dir='ltr'><strong>remittam</strong></span> <span class='ocrx_word' id='word_1_515' title='bbox 3033 2178 3079 2231; x_wconf 83' lang='lat' dir='ltr'><strong>ei</strong></span> <span class='ocrx_word' id='word_1_516' title='bbox 3096 2195 3114 2243; x_wconf 68' lang='grc' dir='ltr'><em>ς</em></span> <span class='ocrx_word' id='word_1_517' title='bbox 3136 2194 3301 2249; x_wconf 88' lang='lat' dir='ltr'><strong>usque</strong></span> <span class='ocrx_word' id='word_1_518' title='bbox 3329 2177 3543 2249; x_wconf 83' lang='lat' dir='ltr'><strong>septies</strong></span> <span class='ocrx_word' id='word_1_519' title='bbox 3577 2177 3672 2252; x_wconf 71' lang='lat'><strong>(1!</strong></span> <span class='ocrx_word' id='word_1_520' title='bbox 3680 2179 3803 2232; x_wconf 78' lang='lat' dir='ltr'><strong>atth.</strong></span> <span class='ocrx_word' id='word_1_521' title='bbox 3826 2195 3899 2232; x_wconf 60' lang='lat' dir='ltr'><strong>me</strong></span> 
     </span>
    </p>
   </div>
   <div class='ocr_carea' id='block_1_67' title="bbox 2331 2267 3895 2341">
    <p class='ocr_par' dir='ltr' id='par_1_67' title="bbox 2331 2267 3895 2341">
     <span class='ocr_line' id='line_1_67' title="bbox 2331 2267 3895 2341; baseline 0 -20"><span class='ocrx_word' id='word_1_522' title='bbox 2331 2268 2392 2321; x_wconf 63' lang='grc' dir='ltr'><strong>ἓξ</strong></span> <span class='ocrx_word' id='word_1_523' title='bbox 2446 2279 2493 2323; x_wconf 89' lang='lat' dir='ltr'><strong>ct</strong></span> <span class='ocrx_word' id='word_1_524' title='bbox 2530 2270 2672 2341; x_wconf 67' lang='lat'><strong>2&#39;2)?</strong></span> <span class='ocrx_word' id='word_1_525' title='bbox 2702 2268 2768 2323; x_wconf 84' lang='lat' dir='ltr'><strong>Et</strong></span> <span class='ocrx_word' id='word_1_526' title='bbox 2797 2268 3075 2340; x_wconf 70' lang='lat' dir='ltr'><strong>respondit</strong></span> <span class='ocrx_word' id='word_1_527' title='bbox 3118 2267 3391 2324; x_wconf 87' lang='lat' dir='ltr'><strong>Dominus</strong></span> <span class='ocrx_word' id='word_1_528' title='bbox 3429 2287 3445 2322; x_wconf 91' lang='lat'>:</span> <span class='ocrx_word' id='word_1_529' title='bbox 3488 2268 3632 2323; x_wconf 81' lang='lat' dir='ltr'><strong>Non</strong></span> <span class='ocrx_word' id='word_1_530' title='bbox 3665 2269 3825 2324; x_wconf 56' lang='lat' dir='ltr'><strong>solum</strong></span> <span class='ocrx_word' id='word_1_531' title='bbox 3853 2288 3895 2321; x_wconf 57' lang='lat' dir='ltr'><strong>er</strong></span> 
     </span>
    </p>
   </div>
   <div class='ocr_carea' id='block_1_68' title="bbox 2333 2361 3879 2439">
    <p class='ocr_par' dir='ltr' id='par_1_68' title="bbox 2333 2361 3879 2439">
     <span class='ocr_line' id='line_1_68' title="bbox 2333 2361 3879 2439; baseline -0.001 -20"><span class='ocrx_word' id='word_1_532' title='bbox 2333 2366 2449 2432; x_wconf 88' lang='lat' dir='ltr'><strong>ties,</strong></span> <span class='ocrx_word' id='word_1_533' title='bbox 2470 2367 2561 2420; x_wconf 84' lang='lat' dir='ltr'><strong>sed</strong></span> <span class='ocrx_word' id='word_1_534' title='bbox 2590 2368 2742 2420; x_wconf 86' lang='lat' dir='ltr'><strong>etiam</strong></span> <span class='ocrx_word' id='word_1_535' title='bbox 2768 2366 3056 2439; x_wconf 86' lang='lat' dir='ltr'><strong>septuagies</strong></span> <span class='ocrx_word' id='word_1_536' title='bbox 3084 2365 3291 2434; x_wconf 85' lang='lat' dir='ltr'><strong>septies.</strong></span> <span class='ocrx_word' id='word_1_537' title='bbox 3328 2361 3409 2420; x_wconf 89' lang='lat' dir='ltr'><strong>Ut</strong></span> <span class='ocrx_word' id='word_1_538' title='bbox 3438 2363 3608 2419; x_wconf 87' lang='lat' dir='ltr'><strong>scias</strong></span> <span class='ocrx_word' id='word_1_539' title='bbox 3643 2373 3823 2419; x_wconf 79' lang='lat' dir='ltr'><strong>autem</strong></span> <span class='ocrx_word' id='word_1_540' title='bbox 3850 2379 3879 2417; x_wconf 70' lang='lat' dir='ltr'><strong>tr</strong></span> 
     </span>
    </p>
   </div>
   <div class='ocr_carea' id='block_1_69' title="bbox 2332 2455 3869 2528">
    <p class='ocr_par' dir='ltr' id='par_1_69' title="bbox 2332 2455 3869 2528">
     <span class='ocr_line' id='line_1_69' title="bbox 2332 2455 3869 2528; baseline -0.003 -17"><span class='ocrx_word' id='word_1_541' title='bbox 2332 2459 2558 2515; x_wconf 60' lang='lat' dir='ltr'><strong>athletae</strong></span> <span class='ocrx_word' id='word_1_542' title='bbox 2591 2473 2778 2513; x_wconf 83' lang='lat' dir='ltr'><strong>sumus</strong></span> <span class='ocrx_word' id='word_1_543' title='bbox 2810 2466 2869 2514; x_wconf 88' lang='lat' dir='ltr'><strong>et</strong></span> <span class='ocrx_word' id='word_1_544' title='bbox 2893 2457 3241 2528; x_wconf 87' lang='lat' dir='ltr'><strong>impellimur,</strong></span> <span class='ocrx_word' id='word_1_545' title='bbox 3274 2464 3332 2511; x_wconf 87' lang='lat' dir='ltr'><strong>et</strong></span> <span class='ocrx_word' id='word_1_546' title='bbox 3362 2455 3462 2510; x_wconf 89' lang='lat' dir='ltr'><strong>alii</strong></span> <span class='ocrx_word' id='word_1_547' title='bbox 3491 2465 3721 2521; x_wconf 84' lang='lat' dir='ltr'><strong>ruunt,</strong></span> <span class='ocrx_word' id='word_1_548' title='bbox 3746 2465 3799 2511; x_wconf 87' lang='lat' dir='ltr'><strong>et</strong></span> <span class='ocrx_word' id='word_1_549' title='bbox 3823 2458 3869 2525; x_wconf 65' lang='grc' dir='ltr'><strong>μὲι</strong></span> 
     </span>
    </p>
   </div>
   <div class='ocr_carea' id='block_1_70' title="bbox 2330 2545 3873 2621">
    <p class='ocr_par' dir='ltr' id='par_1_70' title="bbox 2330 2545 3873 2621">
     <span class='ocr_line' id='line_1_70' title="bbox 2330 2545 3873 2621; baseline -0.009 -16"><span class='ocrx_word' id='word_1_550' title='bbox 2330 2565 2438 2621; x_wconf 88' lang='lat' dir='ltr'><strong>que</strong></span> <span class='ocrx_word' id='word_1_551' title='bbox 2465 2549 2765 2617; x_wconf 84' lang='lat' dir='ltr'><strong>eliduntur,</strong></span> <span class='ocrx_word' id='word_1_552' title='bbox 2790 2549 2915 2604; x_wconf 89' lang='lat' dir='ltr'><strong>audi</strong></span> <span class='ocrx_word' id='word_1_553' title='bbox 2942 2549 3212 2604; x_wconf 82' lang='lat' dir='ltr'><strong>dicentem</strong></span> <span class='ocrx_word' id='word_1_554' title='bbox 3239 2564 3252 2600; x_wconf 90' lang='lat'><strong>:</strong></span> <span class='ocrx_word' id='word_1_555' title='bbox 3282 2545 3570 2619; x_wconf 78' lang='lat' dir='ltr'><strong>Suffulsit</strong></span> <span class='ocrx_word' id='word_1_556' title='bbox 3596 2546 3873 2601; x_wconf 66' lang='grc' dir='ltr'><strong>Βοηήηιιςε</strong></span> 
     </span>
    </p>
   </div>
   <div class='ocr_carea' id='block_1_71' title="bbox 2334 2638 3881 2714">
    <p class='ocr_par' dir='ltr' id='par_1_71' title="bbox 2334 2638 3881 2714">
     <span class='ocr_line' id='line_1_71' title="bbox 2334 2638 3881 2714; baseline -0.002 -19"><span class='ocrx_word' id='word_1_557' title='bbox 2334 2659 2422 2695; x_wconf 90' lang='lat' dir='ltr'><strong>nes</strong></span> <span class='ocrx_word' id='word_1_558' title='bbox 2455 2643 2544 2714; x_wconf 90' lang='lat' dir='ltr'><strong>qui</strong></span> <span class='ocrx_word' id='word_1_559' title='bbox 2584 2653 2761 2707; x_wconf 88' lang='lat' dir='ltr'><strong>ruunt,</strong></span> <span class='ocrx_word' id='word_1_560' title='bbox 2794 2652 2840 2695; x_wconf 88' lang='lat' dir='ltr'><strong>et</strong></span> <span class='ocrx_word' id='word_1_561' title='bbox 2883 2641 3093 2712; x_wconf 82' lang='lat' dir='ltr'><strong>corrigit</strong></span> <span class='ocrx_word' id='word_1_562' title='bbox 3131 2656 3310 2695; x_wconf 89' lang='lat' dir='ltr'><strong>omnes</strong></span> <span class='ocrx_word' id='word_1_563' title='bbox 3357 2640 3536 2695; x_wconf 80' lang='lat' dir='ltr'><strong>elisos</strong></span> <span class='ocrx_word' id='word_1_564' title='bbox 3562 2638 3759 2709; x_wconf 85' lang='lat' dir='ltr'><strong>(Psal.</strong></span> <span class='ocrx_word' id='word_1_565' title='bbox 3798 2653 3881 2694; x_wconf 64' lang='lat' dir='ltr'><strong>cx:</strong></span> 
     </span>
    </p>
   </div>
   <div class='ocr_carea' id='block_1_72' title="bbox 2334 2734 3895 2808">
    <p class='ocr_par' dir='ltr' id='par_1_72' title="bbox 2334 2734 3895 2808">
     <span class='ocr_line' id='line_1_72' title="bbox 2334 2734 3895 2808; baseline -0.002 -18"><span class='ocrx_word' id='word_1_566' title='bbox 2334 2734 2446 2808; x_wconf 78' lang='lat' dir='ltr'><strong>ii).</strong></span> <span class='ocrx_word' id='word_1_567' title='bbox 2482 2735 2637 2793; x_wconf 86' lang='lat' dir='ltr'><strong>Unde</strong></span> <span class='ocrx_word' id='word_1_568' title='bbox 2673 2747 2728 2793; x_wconf 92' lang='lat' dir='ltr'><strong>et</strong></span> <span class='ocrx_word' id='word_1_569' title='bbox 2759 2737 2874 2808; x_wconf 78' lang='lat' dir='ltr'><strong>ipse</strong></span> <span class='ocrx_word' id='word_1_570' title='bbox 2901 2737 2967 2791; x_wconf 91' lang='lat' dir='ltr'><strong>de</strong></span> <span class='ocrx_word' id='word_1_571' title='bbox 2992 2736 3065 2807; x_wconf 68' lang='lat' dir='ltr'><strong>{se</strong></span> <span class='ocrx_word' id='word_1_572' title='bbox 3093 2736 3223 2791; x_wconf 89' lang='lat' dir='ltr'><strong>dicit</strong></span> <span class='ocrx_word' id='word_1_573' title='bbox 3256 2734 3464 2803; x_wconf 86' lang='lat' dir='ltr'><strong>David,</strong></span> <span class='ocrx_word' id='word_1_574' title='bbox 3508 2736 3613 2791; x_wconf 79' lang='lat' dir='ltr'><strong>vel</strong></span> <span class='ocrx_word' id='word_1_575' title='bbox 3662 2734 3757 2793; x_wconf 86' lang='lat' dir='ltr'><strong>ille</strong></span> <span class='ocrx_word' id='word_1_576' title='bbox 3780 2737 3895 2806; x_wconf 85' lang='lat' dir='ltr'><strong>qui</strong></span> 
     </span>
    </p>
   </div>
   <div class='ocr_carea' id='block_1_73' title="bbox 2334 2826 3897 2903">
    <p class='ocr_par' dir='ltr' id='par_1_73' title="bbox 2334 2826 3897 2903">
     <span class='ocr_line' id='line_1_73' title="bbox 2334 2826 3897 2903; baseline -0.002 -22"><span class='ocrx_word' id='word_1_577' title='bbox 2334 2838 2490 2884; x_wconf 90' lang='lat' dir='ltr'><strong>cutus</strong></span> <span class='ocrx_word' id='word_1_578' title='bbox 2531 2837 2614 2884; x_wconf 89' lang='lat' dir='ltr'><strong>est</strong></span> <span class='ocrx_word' id='word_1_579' title='bbox 2661 2831 2713 2883; x_wconf 91' lang='lat' dir='ltr'><strong>in</strong></span> <span class='ocrx_word' id='word_1_580' title='bbox 2754 2829 3022 2903; x_wconf 83' lang='lat' dir='ltr'><strong>Propheta</strong></span> <span class='ocrx_word' id='word_1_581' title='bbox 3054 2845 3075 2885; x_wconf 90' lang='lat'><strong><em>:</em></strong></span> <span class='ocrx_word' id='word_1_582' title='bbox 3119 2826 3393 2897; x_wconf 82' lang='lat' dir='ltr'><strong>Impulsus</strong></span> <span class='ocrx_word' id='word_1_583' title='bbox 3433 2827 3738 2884; x_wconf 68' lang='lat' dir='ltr'><strong>subversas</strong></span> <span class='ocrx_word' id='word_1_584' title='bbox 3776 2843 3897 2882; x_wconf 60' lang='lat' dir='ltr'><strong>sui</strong></span> 
     </span>
    </p>
   </div>
   <div class='ocr_carea' id='block_1_74' title="bbox 2334 2916 3893 2990">
    <p class='ocr_par' dir='ltr' id='par_1_74' title="bbox 2334 2916 3893 2990">
     <span class='ocr_line' id='line_1_74' title="bbox 2334 2916 3893 2990; baseline -0.001 -20"><span class='ocrx_word' id='word_1_585' title='bbox 2334 2920 2564 2972; x_wconf 82' lang='lat' dir='ltr'><strong>caderem</strong></span> <span class='ocrx_word' id='word_1_586' title='bbox 2579 2930 2666 2987; x_wconf 85' lang='lat' dir='ltr'><strong>;et</strong></span> <span class='ocrx_word' id='word_1_587' title='bbox 2708 2916 2966 2976; x_wconf 89' lang='lat' dir='ltr'><strong>Dominus</strong></span> <span class='ocrx_word' id='word_1_588' title='bbox 3010 2919 3233 2990; x_wconf 82' lang='lat' dir='ltr'><strong>suscepit</strong></span> <span class='ocrx_word' id='word_1_589' title='bbox 3266 2934 3357 2973; x_wconf 86' lang='lat' dir='ltr'><strong>me</strong></span> <span class='ocrx_word' id='word_1_590' title='bbox 3396 2917 3602 2990; x_wconf 82' lang='lat' dir='ltr'><strong>(Psal.</strong></span> <span class='ocrx_word' id='word_1_591' title='bbox 3648 2920 3893 2983; x_wconf 49' lang='lat' dir='ltr'><strong>cunni:</strong></span> 
     </span>
    </p>
   </div>
   <div class='ocr_carea' id='block_1_75' title="bbox 2333 3007 3895 3082">
    <p class='ocr_par' dir='ltr' id='par_1_75' title="bbox 2333 3007 3895 3082">
     <span class='ocr_line' id='line_1_75' title="bbox 2333 3007 3895 3082; baseline -0.003 -17"><span class='ocrx_word' id='word_1_592' title='bbox 2333 3007 2492 3065; x_wconf 80' lang='lat' dir='ltr'><strong>Jesus</strong></span> <span class='ocrx_word' id='word_1_593' title='bbox 2530 3012 2675 3066; x_wconf 86' lang='lat' dir='ltr'><strong>enim</strong></span> <span class='ocrx_word' id='word_1_594' title='bbox 2715 3026 2819 3067; x_wconf 89' lang='lat' dir='ltr'><strong>non</strong></span> <span class='ocrx_word' id='word_1_595' title='bbox 2865 3011 3078 3079; x_wconf 89' lang='lat' dir='ltr'><strong>cecidit,</strong></span> <span class='ocrx_word' id='word_1_596' title='bbox 3109 3012 3204 3066; x_wconf 89' lang='lat' dir='ltr'><strong>sed</strong></span> <span class='ocrx_word' id='word_1_597' title='bbox 3255 3012 3549 3082; x_wconf 87' lang='lat' dir='ltr'><strong>impulsus</strong></span> <span class='ocrx_word' id='word_1_598' title='bbox 3604 3023 3717 3068; x_wconf 88' lang='lat' dir='ltr'><strong>est.</strong></span> <span class='ocrx_word' id='word_1_599' title='bbox 3763 3013 3895 3067; x_wconf 62' lang='lat' dir='ltr'><strong>Busa.</strong></span> 
     </span>
    </p>
   </div>
   <div class='ocr_carea' id='block_1_76' title="bbox 2333 3101 3891 3176">
    <p class='ocr_par' dir='ltr' id='par_1_76' title="bbox 2333 3101 3891 3176">
     <span class='ocr_line' id='line_1_76' title="bbox 2333 3101 3891 3176; baseline -0.003 -20"><span class='ocrx_word' id='word_1_600' title='bbox 2333 3116 2456 3156; x_wconf 90' lang='lat' dir='ltr'><strong>cum</strong></span> <span class='ocrx_word' id='word_1_601' title='bbox 2482 3103 2598 3173; x_wconf 90' lang='lat' dir='ltr'><strong>ipse</strong></span> <span class='ocrx_word' id='word_1_602' title='bbox 2624 3112 2906 3158; x_wconf 88' lang='lat' dir='ltr'><strong>convertat</strong></span> <span class='ocrx_word' id='word_1_603' title='bbox 2928 3103 3115 3167; x_wconf 85' lang='lat' dir='ltr'><strong>elisos,</strong></span> <span class='ocrx_word' id='word_1_604' title='bbox 3144 3102 3427 3172; x_wconf 86' lang='lat' dir='ltr'><strong>quomodo</strong></span> <span class='ocrx_word' id='word_1_605' title='bbox 3454 3104 3596 3174; x_wconf 83' lang='lat' dir='ltr'><strong>ipse</strong></span> <span class='ocrx_word' id='word_1_606' title='bbox 3624 3101 3891 3176; x_wconf 64' lang='lat' dir='ltr'><strong>potuitein‘</strong></span> 
     </span>
    </p>
   </div>
   <div class='ocr_carea' id='block_1_77' title="bbox 1315 3174 3890 3275">
    <p class='ocr_par' dir='ltr' id='par_1_77' title="bbox 1315 3174 3890 3275">
     <span class='ocr_line' id='line_1_77' title="bbox 1315 3174 3890 3275; baseline -0.001 -26"><span class='ocrx_word' id='word_1_607' title='bbox 1315 3174 1415 3265; x_wconf 84' lang='lat' dir='ltr'><strong>ipsi</strong></span> <span class='ocrx_word' id='word_1_608' title='bbox 1456 3194 1556 3250; x_wconf 89' lang='lat' dir='ltr'><strong>soli</strong></span> <span class='ocrx_word' id='word_1_609' title='bbox 1604 3194 1777 3266; x_wconf 77' lang='lat' dir='ltr'><strong>gloria</strong></span> <span class='ocrx_word' id='word_1_610' title='bbox 1815 3174 2072 3249; x_wconf 86' lang='lat' dir='ltr'><strong>virtutum</strong></span> <span class='ocrx_word' id='word_1_611' title='bbox 2108 3174 2300 3275; x_wconf 63' lang='lat' dir='ltr'><strong>jurec</strong></span> <span class='ocrx_word' id='word_1_612' title='bbox 2333 3193 2543 3250; x_wconf 85' lang='lat' dir='ltr'><strong>Justum</strong></span> <span class='ocrx_word' id='word_1_613' title='bbox 2578 3203 2786 3263; x_wconf 87' lang='lat' dir='ltr'><strong>autem,</strong></span> <span class='ocrx_word' id='word_1_614' title='bbox 2815 3211 2937 3250; x_wconf 89' lang='lat' dir='ltr'><strong>cum</strong></span> <span class='ocrx_word' id='word_1_615' title='bbox 2965 3194 3244 3261; x_wconf 86' lang='lat' dir='ltr'><strong>ceciderit,</strong></span> <span class='ocrx_word' id='word_1_616' title='bbox 3277 3210 3451 3264; x_wconf 84' lang='lat' dir='ltr'><strong>posse</strong></span> <span class='ocrx_word' id='word_1_617' title='bbox 3485 3206 3890 3268; x_wconf 58' lang='lat' dir='ltr'><strong>resurgentes:-</strong></span> 
     </span>
    </p>
   </div>
   <div class='ocr_carea' id='block_1_78' title="bbox 2334 3284 3886 3358">
    <p class='ocr_par' dir='ltr' id='par_1_78' title="bbox 2334 3284 3886 3358">
     <span class='ocr_line' id='line_1_78' title="bbox 2334 3284 3886 3358; baseline -0.003 -18"><span class='ocrx_word' id='word_1_618' title='bbox 2334 3295 2423 3341; x_wconf 88' lang='lat' dir='ltr'><strong>tur</strong></span> <span class='ocrx_word' id='word_1_619' title='bbox 2460 3286 2771 3357; x_wconf 86' lang='lat' dir='ltr'><strong>Scriptura,</strong></span> <span class='ocrx_word' id='word_1_620' title='bbox 2824 3301 2944 3356; x_wconf 73' lang='lat' dir='ltr'><strong>qum</strong></span> <span class='ocrx_word' id='word_1_621' title='bbox 2990 3286 3167 3341; x_wconf 85' lang='lat' dir='ltr'><strong>dicit:</strong></span> <span class='ocrx_word' id='word_1_622' title='bbox 3204 3284 3486 3355; x_wconf 83' lang='lat' dir='ltr'><strong>Numquid</strong></span> <span class='ocrx_word' id='word_1_623' title='bbox 3536 3289 3640 3358; x_wconf 86' lang='lat' dir='ltr'><strong>qui</strong></span> <span class='ocrx_word' id='word_1_624' title='bbox 3685 3288 3886 3349; x_wconf 73' lang='lat' dir='ltr'><strong>cadit,ses</strong></span> 
     </span>
    </p>
   </div>
   <div class='ocr_carea' id='block_1_79' title="bbox 2333 3382 3947 3458">
    <p class='ocr_par' dir='ltr' id='par_1_79' title="bbox 2333 3382 3947 3458">
     <span class='ocr_line' id='line_1_79' title="bbox 2333 3382 3947 3458; baseline -0.002 -20"><span class='ocrx_word' id='word_1_625' title='bbox 2333 3385 2546 3458; x_wconf 84' lang='lat' dir='ltr'><strong>adjiciet</strong></span> <span class='ocrx_word' id='word_1_626' title='bbox 2573 3395 2626 3439; x_wconf 88' lang='lat' dir='ltr'><strong>ut</strong></span> <span class='ocrx_word' id='word_1_627' title='bbox 2659 3393 2932 3455; x_wconf 84' lang='lat' dir='ltr'><strong>resurgat;</strong></span> <span class='ocrx_word' id='word_1_628' title='bbox 2955 3392 3042 3436; x_wconf 90' lang='lat' dir='ltr'><strong>aut</strong></span> <span class='ocrx_word' id='word_1_629' title='bbox 3080 3382 3168 3447; x_wconf 85' lang='lat' dir='ltr'><strong>qui</strong></span> <span class='ocrx_word' id='word_1_630' title='bbox 3200 3398 3416 3437; x_wconf 85' lang='lat' dir='ltr'><strong>aversus</strong></span> <span class='ocrx_word' id='word_1_631' title='bbox 3443 3385 3650 3450; x_wconf 78' lang='lat' dir='ltr'><strong>fuerit,</strong></span> <span class='ocrx_word' id='word_1_632' title='bbox 3684 3401 3769 3437; x_wconf 80' lang='lat' dir='ltr'><strong>nos</strong></span> <span class='ocrx_word' id='word_1_633' title='bbox 3786 3396 3877 3433; x_wconf 70' lang='grc' dir='ltr'><strong>νιτίτ·</strong></span> <span class='ocrx_word' id='word_1_634' title='bbox 3946 3382 3947 3435; x_wconf 57' lang='lat' dir='ltr'><strong>l</strong></span> 
     </span>
    </p>
   </div>
   <div class='ocr_carea' id='block_1_80' title="bbox 2331 3476 3864 3550">
    <p class='ocr_par' dir='ltr' id='par_1_80' title="bbox 2331 3476 3864 3550">
     <span class='ocr_line' id='line_1_80' title="bbox 2331 3476 3864 3550; baseline -0.001 -17"><span class='ocrx_word' id='word_1_635' title='bbox 2331 3477 2516 3533; x_wconf 81' lang='lat' dir='ltr'><strong>tetur?</strong></span> <span class='ocrx_word' id='word_1_636' title='bbox 2546 3478 2638 3533; x_wconf 70' lang='lat' dir='ltr'><strong>Va?</strong></span> <span class='ocrx_word' id='word_1_637' title='bbox 2664 3479 2729 3532; x_wconf 89' lang='lat' dir='ltr'><strong>iis</strong></span> <span class='ocrx_word' id='word_1_638' title='bbox 2776 3480 2865 3550; x_wconf 87' lang='lat' dir='ltr'><strong>qui</strong></span> <span class='ocrx_word' id='word_1_639' title='bbox 2893 3486 3189 3531; x_wconf 82' lang='lat' dir='ltr'><strong>avertuntur</strong></span> <span class='ocrx_word' id='word_1_640' title='bbox 3222 3478 3499 3532; x_wconf 81' lang='lat' dir='ltr'><strong>aversione</strong></span> <span class='ocrx_word' id='word_1_641' title='bbox 3532 3477 3802 3550; x_wconf 59' lang='lat' dir='ltr'><strong>impudica}</strong></span> <span class='ocrx_word' id='word_1_642' title='bbox 3820 3476 3864 3523; x_wconf 73' lang='grc' dir='ltr'><strong>έ-</strong></span> 
     </span>
    </p>
   </div>
   <div class='ocr_carea' id='block_1_81' title="bbox 2328 3572 3321 3646">
    <p class='ocr_par' dir='ltr' id='par_1_81' title="bbox 2328 3572 3321 3646">
     <span class='ocr_line' id='line_1_81' title="bbox 2328 3572 3321 3646; baseline -0.005 -16"><span class='ocrx_word' id='word_1_643' title='bbox 2328 3576 2397 3630; x_wconf 85' lang='lat' dir='ltr'><strong>cit</strong></span> <span class='ocrx_word' id='word_1_644' title='bbox 2430 3574 2681 3629; x_wconf 84' lang='lat' dir='ltr'><strong>Dominus</strong></span> <span class='ocrx_word' id='word_1_645' title='bbox 2712 3572 2929 3646; x_wconf 78' lang='lat' dir='ltr'><strong>(lerem.</strong></span> <span class='ocrx_word' id='word_1_646' title='bbox 2958 3586 3078 3641; x_wconf 80' lang='lat' dir='ltr'><strong>vnt,</strong></span> <span class='ocrx_word' id='word_1_647' title='bbox 3103 3573 3140 3627; x_wconf 78' lang='grc'><strong>4</strong></span> <span class='ocrx_word' id='word_1_648' title='bbox 3170 3580 3218 3626; x_wconf 84' lang='lat' dir='ltr'><strong>et</strong></span> <span class='ocrx_word' id='word_1_649' title='bbox 3241 3573 3321 3643; x_wconf 84' lang='lat'><strong>5).</strong></span> 
     </span>
    </p>
   </div>
   <div class='ocr_carea' id='block_1_82' title="bbox 2403 3662 3880 3736">
    <p class='ocr_par' dir='ltr' id='par_1_82' title="bbox 2403 3662 3880 3736">
     <span class='ocr_line' id='line_1_82' title="bbox 2403 3662 3880 3736; baseline -0.002 -15"><span class='ocrx_word' id='word_1_650' title='bbox 2403 3667 2491 3722; x_wconf 55' lang='grc' dir='ltr'><strong>ΒΞ.</strong></span> <span class='ocrx_word' id='word_1_651' title='bbox 2540 3667 2756 3723; x_wconf 88' lang='lat' dir='ltr'><strong>Utinam</strong></span> <span class='ocrx_word' id='word_1_652' title='bbox 2794 3665 3010 3736; x_wconf 87' lang='lat' dir='ltr'><strong>quidem</strong></span> <span class='ocrx_word' id='word_1_653' title='bbox 3058 3665 3423 3722; x_wconf 78' lang='lat' dir='ltr'><strong>ineluctabilis</strong></span> <span class='ocrx_word' id='word_1_654' title='bbox 3470 3676 3531 3724; x_wconf 89' lang='lat' dir='ltr'><strong>et</strong></span> <span class='ocrx_word' id='word_1_655' title='bbox 3584 3662 3880 3735; x_wconf 54' lang='lat' dir='ltr'><strong>insomniis</strong></span> 
     </span>
    </p>
   </div>
   <div class='ocr_carea' id='block_1_83' title="bbox 2328 3755 3885 3822">
    <p class='ocr_par' dir='ltr' id='par_1_83' title="bbox 2328 3755 3885 3822">
     <span class='ocr_line' id='line_1_83' title="bbox 2328 3755 3885 3822; baseline -0.001 -9"><span class='ocrx_word' id='word_1_656' title='bbox 2328 3760 2401 3813; x_wconf 88' lang='lat' dir='ltr'><strong>sit</strong></span> <span class='ocrx_word' id='word_1_657' title='bbox 2438 3757 2642 3814; x_wconf 65' lang='lat' dir='ltr'><strong>Christi</strong></span> <span class='ocrx_word' id='word_1_658' title='bbox 2682 3756 2910 3822; x_wconf 74' lang='lat' dir='ltr'><strong>athleta,</strong></span> <span class='ocrx_word' id='word_1_659' title='bbox 2935 3764 2987 3810; x_wconf 89' lang='lat' dir='ltr'><strong>et</strong></span> <span class='ocrx_word' id='word_1_660' title='bbox 3016 3755 3068 3811; x_wconf 94' lang='lat' dir='ltr'><strong>in</strong></span> <span class='ocrx_word' id='word_1_661' title='bbox 3111 3757 3257 3811; x_wconf 90' lang='lat' dir='ltr'><strong>omni</strong></span> <span class='ocrx_word' id='word_1_662' title='bbox 3289 3758 3493 3820; x_wconf 69' lang='lat' dir='ltr'><strong>mtate&#39;,</strong></span> <span class='ocrx_word' id='word_1_663' title='bbox 3524 3759 3583 3813; x_wconf 89' lang='lat' dir='ltr'><strong>in</strong></span> <span class='ocrx_word' id='word_1_664' title='bbox 3620 3758 3763 3814; x_wconf 76' lang='lat' dir='ltr'><strong>omni</strong></span> <span class='ocrx_word' id='word_1_665' title='bbox 3785 3756 3885 3805; x_wconf 53' lang='lat' dir='ltr'><strong>vim}</strong></span> 
     </span>
    </p>
   </div>
   <div class='ocr_carea' id='block_1_84' title="bbox 2328 3847 3881 3921">
    <p class='ocr_par' dir='ltr' id='par_1_84' title="bbox 2328 3847 3881 3921">
     <span class='ocr_line' id='line_1_84' title="bbox 2328 3847 3881 3921; baseline 0.001 -17"><span class='ocrx_word' id='word_1_666' title='bbox 2328 3865 2440 3906; x_wconf 88' lang='lat' dir='ltr'><strong>tum</strong></span> <span class='ocrx_word' id='word_1_667' title='bbox 2469 3865 2673 3921; x_wconf 82' lang='lat' dir='ltr'><strong>genere</strong></span> <span class='ocrx_word' id='word_1_668' title='bbox 2715 3848 3003 3919; x_wconf 80' lang='lat' dir='ltr'><strong>gloriosus,</strong></span> <span class='ocrx_word' id='word_1_669' title='bbox 3036 3850 3176 3904; x_wconf 89' lang='lat' dir='ltr'><strong>sicut</strong></span> <span class='ocrx_word' id='word_1_670' title='bbox 3205 3847 3297 3903; x_wconf 89' lang='lat' dir='ltr'><strong>ille</strong></span> <span class='ocrx_word' id='word_1_671' title='bbox 3334 3851 3413 3903; x_wconf 87' lang='lat' dir='ltr'><strong>ait</strong></span> <span class='ocrx_word' id='word_1_672' title='bbox 3440 3868 3455 3903; x_wconf 86' lang='lat'><strong>:</strong></span> <span class='ocrx_word' id='word_1_673' title='bbox 3487 3850 3615 3906; x_wconf 82' lang='lat' dir='ltr'><strong>Sed</strong></span> <span class='ocrx_word' id='word_1_674' title='bbox 3654 3853 3709 3906; x_wconf 81' lang='lat' dir='ltr'><strong>in</strong></span> <span class='ocrx_word' id='word_1_675' title='bbox 3733 3848 3881 3905; x_wconf 54' lang='lat' dir='ltr'><strong>omnii:</strong></span> 
     </span>
    </p>
   </div>
   <div class='ocr_carea' id='block_1_85' title="bbox 2327 3942 3883 4016">
    <p class='ocr_par' dir='ltr' id='par_1_85' title="bbox 2327 3942 3883 4016">
     <span class='ocr_line' id='line_1_85' title="bbox 2327 3942 3883 4016; baseline -0.003 -17"><span class='ocrx_word' id='word_1_676' title='bbox 2327 3962 2630 4013; x_wconf 78' lang='lat' dir='ltr'><strong>superamus</strong></span> <span class='ocrx_word' id='word_1_677' title='bbox 2655 3954 2866 4016; x_wconf 79' lang='lat' dir='ltr'><strong>propter</strong></span> <span class='ocrx_word' id='word_1_678' title='bbox 2891 3957 3004 3997; x_wconf 85' lang='lat' dir='ltr'><strong>eum</strong></span> <span class='ocrx_word' id='word_1_679' title='bbox 3028 3943 3114 4014; x_wconf 85' lang='lat' dir='ltr'><strong>qui</strong></span> <span class='ocrx_word' id='word_1_680' title='bbox 3144 3958 3237 3996; x_wconf 89' lang='lat' dir='ltr'><strong>nos</strong></span> <span class='ocrx_word' id='word_1_681' title='bbox 3263 3942 3453 3997; x_wconf 70' lang='lat' dir='ltr'><strong>dilexit</strong></span> <span class='ocrx_word' id='word_1_682' title='bbox 3470 3944 3670 4016; x_wconf 77' lang='lat' dir='ltr'><strong>(Rom.</strong></span> <span class='ocrx_word' id='word_1_683' title='bbox 3704 3960 3802 4007; x_wconf 82' lang='lat' dir='ltr'><strong>vni,</strong></span> <span class='ocrx_word' id='word_1_684' title='bbox 3821 3943 3883 3997; x_wconf 62' lang='grc' dir='ltr'><strong>ἱῗς</strong></span> 
     </span>
    </p>
   </div>
   <div class='ocr_carea' id='block_1_86' title="bbox 2327 4031 3883 4107">
    <p class='ocr_par' dir='ltr' id='par_1_86' title="bbox 2327 4031 3883 4107">
     <span class='ocr_line' id='line_1_86' title="bbox 2327 4031 3883 4107; baseline -0.001 -18"><span class='ocrx_word' id='word_1_685' title='bbox 2327 4036 2463 4104; x_wconf 85' lang='lat' dir='ltr'><strong>Quid</strong></span> <span class='ocrx_word' id='word_1_686' title='bbox 2506 4047 2583 4090; x_wconf 80' lang='lat' dir='ltr'><strong>est</strong></span> <span class='ocrx_word' id='word_1_687' title='bbox 2630 4036 2680 4087; x_wconf 91' lang='lat' dir='ltr'><strong>iu</strong></span> <span class='ocrx_word' id='word_1_688' title='bbox 2737 4034 3024 4086; x_wconf 79' lang='lat' dir='ltr'><strong>omnibus?</strong></span> <span class='ocrx_word' id='word_1_689' title='bbox 3066 4031 3204 4089; x_wconf 81' lang='lat' dir='ltr'><strong>Sunt</strong></span> <span class='ocrx_word' id='word_1_690' title='bbox 3261 4033 3488 4088; x_wconf 69' lang='lat' dir='ltr'><strong>athleta:</strong></span> <span class='ocrx_word' id='word_1_691' title='bbox 3550 4036 3649 4107; x_wconf 77' lang='lat' dir='ltr'><strong>qui</strong></span> <span class='ocrx_word' id='word_1_692' title='bbox 3701 4046 3883 4090; x_wconf 58' lang='lat' dir='ltr'><strong>recente</strong></span> 
     </span>
    </p>
   </div>
   <div class='ocr_carea' id='block_1_87' title="bbox 2294 4121 3947 4197">
    <p class='ocr_par' dir='ltr' id='par_1_87' title="bbox 2294 4121 3947 4197">
     <span class='ocr_line' id='line_1_87' title="bbox 2294 4121 3947 4197; baseline 0.008 -32"><span class='ocrx_word' id='word_1_693' title='bbox 2294 4128 2476 4197; x_wconf 55' lang='grc' dir='ltr'><strong>κρητιτί</strong></span> <span class='ocrx_word' id='word_1_694' title='bbox 2502 4170 2515 4187; x_wconf 75' lang='grc'><em>,</em></span> <span class='ocrx_word' id='word_1_695' title='bbox 2543 4125 2735 4194; x_wconf 63' lang='grc' dir='ltr'><strong>ριιιιθιιὶ</strong></span> <span class='ocrx_word' id='word_1_696' title='bbox 2757 4167 2769 4186; x_wconf 87' lang='grc'><em>,</em></span> <span class='ocrx_word' id='word_1_697' title='bbox 2799 4123 2933 4189; x_wconf 84' lang='lat' dir='ltr'><strong>viri;</strong></span> <span class='ocrx_word' id='word_1_698' title='bbox 2969 4123 3073 4177; x_wconf 88' lang='lat' dir='ltr'><strong>hoc</strong></span> <span class='ocrx_word' id='word_1_699' title='bbox 3103 4132 3214 4186; x_wconf 86' lang='lat' dir='ltr'><strong>est,</strong></span> <span class='ocrx_word' id='word_1_700' title='bbox 3243 4121 3456 4188; x_wconf 78' lang='grc' dir='ltr'><strong>παῖδες,</strong></span> <span class='ocrx_word' id='word_1_701' title='bbox 3488 4124 3711 4197; x_wconf 67' lang='grc' dir='ltr'><strong>ἐφήϐοι.</strong></span> <span class='ocrx_word' id='word_1_702' title='bbox 3740 4130 3876 4181; x_wconf 57' lang='lat' dir='ltr'><strong>enim:</strong></span> <span class='ocrx_word' id='word_1_703' title='bbox 3946 4121 3947 4147; x_wconf 30' lang='grc' dir='ltr'>ξ</span> 
     </span>
    </p>
   </div>
   <div class='ocr_carea' id='block_1_88' title="bbox 2323 4213 3890 4286">
    <p class='ocr_par' dir='ltr' id='par_1_88' title="bbox 2323 4213 3890 4286">
     <span class='ocr_line' id='line_1_88' title="bbox 2323 4213 3890 4286; baseline -0.004 -11"><span class='ocrx_word' id='word_1_704' title='bbox 2323 4219 2499 4275; x_wconf 77' lang='lat' dir='ltr'><strong>Etiam</strong></span> <span class='ocrx_word' id='word_1_705' title='bbox 2528 4217 2803 4286; x_wconf 42' lang='lat' dir='ltr'><strong>Sr&#39;riplttra</strong></span> <span class='ocrx_word' id='word_1_706' title='bbox 2833 4214 2931 4269; x_wconf 85' lang='lat' dir='ltr'><strong>has</strong></span> <span class='ocrx_word' id='word_1_707' title='bbox 2962 4215 3013 4268; x_wconf 93' lang='lat' dir='ltr'><strong>in</strong></span> <span class='ocrx_word' id='word_1_708' title='bbox 3046 4213 3404 4270; x_wconf 78' lang='lat' dir='ltr'><strong>luctatoribus</strong></span> <span class='ocrx_word' id='word_1_709' title='bbox 3434 4218 3600 4273; x_wconf 86' lang='lat' dir='ltr'><strong>novit</strong></span> <span class='ocrx_word' id='word_1_710' title='bbox 3630 4218 3890 4283; x_wconf 44' lang='lat' dir='ltr'><strong>aetatead—</strong></span> 
     </span>
    </p>
   </div>
   <div class='ocr_carea' id='block_1_89' title="bbox 2323 4307 3889 4384">
    <p class='ocr_par' dir='ltr' id='par_1_89' title="bbox 2323 4307 3889 4384">
     <span class='ocr_line' id='line_1_89' title="bbox 2323 4307 3889 4384; baseline -0.006 -16"><span class='ocrx_word' id='word_1_711' title='bbox 2323 4321 2480 4368; x_wconf 87' lang='lat' dir='ltr'><strong>cente</strong></span> <span class='ocrx_word' id='word_1_712' title='bbox 2528 4310 2697 4367; x_wconf 86' lang='lat' dir='ltr'><strong>David</strong></span> <span class='ocrx_word' id='word_1_713' title='bbox 2738 4328 2752 4364; x_wconf 90' lang='lat'><strong>:</strong></span> <span class='ocrx_word' id='word_1_714' title='bbox 2790 4307 2873 4364; x_wconf 85' lang='lat' dir='ltr'><strong>Ne</strong></span> <span class='ocrx_word' id='word_1_715' title='bbox 2910 4317 3112 4364; x_wconf 80' lang='lat' dir='ltr'><strong>avertas</strong></span> <span class='ocrx_word' id='word_1_716' title='bbox 3143 4309 3331 4379; x_wconf 77' lang='lat' dir='ltr'><strong>faciem</strong></span> <span class='ocrx_word' id='word_1_717' title='bbox 3378 4316 3531 4365; x_wconf 84' lang='lat' dir='ltr'><strong>tuam</strong></span> <span class='ocrx_word' id='word_1_718' title='bbox 3576 4330 3613 4366; x_wconf 83' lang='grc' dir='ltr'><em>α</em></span> <span class='ocrx_word' id='word_1_719' title='bbox 3665 4329 3812 4384; x_wconf 78' lang='lat' dir='ltr'><strong>puero</strong></span> <span class='ocrx_word' id='word_1_720' title='bbox 3838 4321 3889 4363; x_wconf 75' lang='lat' dir='ltr'><strong>tt:</strong></span> 
     </span>
    </p>
   </div>
   <div class='ocr_carea' id='block_1_90' title="bbox 2324 4400 3892 4477">
    <p class='ocr_par' dir='ltr' id='par_1_90' title="bbox 2324 4400 3892 4477">
     <span class='ocr_line' id='line_1_90' title="bbox 2324 4400 3892 4477; baseline -0.006 -16"><span class='ocrx_word' id='word_1_721' title='bbox 2324 4406 2497 4475; x_wconf 86' lang='lat' dir='ltr'><strong>(Psal.</strong></span> <span class='ocrx_word' id='word_1_722' title='bbox 2544 4421 2745 4467; x_wconf 77' lang='lat' dir='ltr'><strong>vam.</strong></span> <span class='ocrx_word' id='word_1_723' title='bbox 2795 4404 2920 4476; x_wconf 72' lang='lat'><strong>18);</strong></span> <span class='ocrx_word' id='word_1_724' title='bbox 2960 4410 3019 4458; x_wconf 76' lang='lat' dir='ltr'><strong>&#39;et</strong></span> <span class='ocrx_word' id='word_1_725' title='bbox 3050 4402 3261 4477; x_wconf 75' lang='lat' dir='ltr'><strong>juvenis</strong></span> <span class='ocrx_word' id='word_1_726' title='bbox 3302 4400 3417 4474; x_wconf 72' lang='lat' dir='ltr'><strong>fui,</strong></span> <span class='ocrx_word' id='word_1_727' title='bbox 3470 4414 3524 4457; x_wconf 90' lang='lat' dir='ltr'><strong>et</strong></span> <span class='ocrx_word' id='word_1_728' title='bbox 3570 4408 3728 4460; x_wconf 81' lang='lat' dir='ltr'><strong>senui</strong></span> <span class='ocrx_word' id='word_1_729' title='bbox 3770 4404 3892 4477; x_wconf 67' lang='grc' dir='ltr'><strong>(Ιπίη</strong></span> 
     </span>
    </p>
   </div>
   <div class='ocr_carea' id='block_1_91' title="bbox 2324 4493 3892 4572">
    <p class='ocr_par' dir='ltr' id='par_1_91' title="bbox 2324 4493 3892 4572">
     <span class='ocr_line' id='line_1_91' title="bbox 2324 4493 3892 4572; baseline -0.002 -18"><span class='ocrx_word' id='word_1_730' title='bbox 2324 4515 2458 4555; x_wconf 79' lang='lat' dir='ltr'><strong>vers.</strong></span> <span class='ocrx_word' id='word_1_731' title='bbox 2494 4500 2613 4572; x_wconf 74' lang='lat'><strong>9.5).</strong></span> <span class='ocrx_word' id='word_1_732' title='bbox 2649 4498 2801 4555; x_wconf 84' lang='lat' dir='ltr'><strong>Unde</strong></span> <span class='ocrx_word' id='word_1_733' title='bbox 2837 4508 2891 4553; x_wconf 89' lang='lat' dir='ltr'><strong>et</strong></span> <span class='ocrx_word' id='word_1_734' title='bbox 2918 4494 3156 4551; x_wconf 82' lang='lat' dir='ltr'><strong>Joannes</strong></span> <span class='ocrx_word' id='word_1_735' title='bbox 3187 4493 3263 4549; x_wconf 86' lang='lat' dir='ltr'><strong>ait</strong></span> <span class='ocrx_word' id='word_1_736' title='bbox 3293 4512 3307 4548; x_wconf 88' lang='lat'><strong>:</strong></span> <span class='ocrx_word' id='word_1_737' title='bbox 3337 4493 3533 4550; x_wconf 85' lang='lat' dir='ltr'><strong>Scriba</strong></span> <span class='ocrx_word' id='word_1_738' title='bbox 3574 4497 3739 4563; x_wconf 74' lang='lat' dir='ltr'><strong>vobis,</strong></span> <span class='ocrx_word' id='word_1_739' title='bbox 3764 4497 3892 4563; x_wconf 68' lang='lat' dir='ltr'><strong>putri:</strong></span> 
     </span>
    </p>
   </div>
   <div class='ocr_carea' id='block_1_92' title="bbox 606 4577 3890 4666">
    <p class='ocr_par' dir='ltr' id='par_1_92' title="bbox 606 4577 3890 4666">
     <span class='ocr_line' id='line_1_92' title="bbox 606 4577 3890 4666; baseline 0.007 -37"><span class='ocrx_word' id='word_1_740' title='bbox 606 4577 695 4649; x_wconf 89' lang='lat' dir='ltr'><strong>qui</strong></span> <span class='ocrx_word' id='word_1_741' title='bbox 724 4580 977 4649; x_wconf 87' lang='lat' dir='ltr'><strong>superior</strong></span> <span class='ocrx_word' id='word_1_742' title='bbox 1017 4583 1108 4646; x_wconf 78' lang='lat' dir='ltr'><strong>sit,</strong></span> <span class='ocrx_word' id='word_1_743' title='bbox 1142 4592 1456 4652; x_wconf 86' lang='lat' dir='ltr'><strong>prematur,</strong></span> <span class='ocrx_word' id='word_1_744' title='bbox 1481 4588 1733 4643; x_wconf 88' lang='lat' dir='ltr'><strong>manibus</strong></span> <span class='ocrx_word' id='word_1_745' title='bbox 1762 4596 1940 4645; x_wconf 90' lang='lat' dir='ltr'><strong>tamen</strong></span> <span class='ocrx_word' id='word_1_746' title='bbox 1966 4606 2028 4647; x_wconf 89' lang='lat' dir='ltr'><strong>se</strong></span> <span class='ocrx_word' id='word_1_747' title='bbox 2056 4593 2220 4653; x_wconf 75' lang='lat' dir='ltr'><strong>susti-</strong></span> <span class='ocrx_word' id='word_1_748' title='bbox 2244 4600 2296 4662; x_wconf 82' lang='grc' dir='ltr'><strong>Ι)</strong></span> <span class='ocrx_word' id='word_1_749' title='bbox 2320 4594 2444 4664; x_wconf 88' lang='lat' dir='ltr'><strong>quia</strong></span> <span class='ocrx_word' id='word_1_750' title='bbox 2481 4593 2788 4666; x_wconf 77' lang='lat' dir='ltr'><strong>cognovislis</strong></span> <span class='ocrx_word' id='word_1_751' title='bbox 2826 4599 3023 4659; x_wconf 86' lang='lat' dir='ltr'><strong>patrem</strong></span> <span class='ocrx_word' id='word_1_752' title='bbox 3066 4601 3088 4643; x_wconf 88' lang='lat'><strong><em>:</em></strong></span> <span class='ocrx_word' id='word_1_753' title='bbox 3120 4587 3287 4641; x_wconf 81' lang='lat' dir='ltr'><strong>scribo</strong></span> <span class='ocrx_word' id='word_1_754' title='bbox 3326 4589 3503 4654; x_wconf 85' lang='lat' dir='ltr'><strong>vobis,</strong></span> <span class='ocrx_word' id='word_1_755' title='bbox 3525 4592 3788 4661; x_wconf 80' lang='lat' dir='ltr'><strong>juvenes;</strong></span> <span class='ocrx_word' id='word_1_756' title='bbox 3811 4591 3890 4655; x_wconf 62' lang='lat' dir='ltr'><strong>erit</strong></span> 
     </span>
    </p>
   </div>
   <div class='ocr_carea' id='block_1_93' title="bbox 606 4673 2213 4749">
    <p class='ocr_par' dir='ltr' id='par_1_93' title="bbox 606 4673 2213 4749">
     <span class='ocr_line' id='line_1_93' title="bbox 606 4673 2213 4749; baseline 0.013 -29"><span class='ocrx_word' id='word_1_757' title='bbox 606 4684 762 4737; x_wconf 88' lang='lat' dir='ltr'><strong>nens,</strong></span> <span class='ocrx_word' id='word_1_758' title='bbox 783 4673 908 4743; x_wconf 86' lang='lat' dir='ltr'><strong>jure</strong></span> <span class='ocrx_word' id='word_1_759' title='bbox 934 4675 1210 4740; x_wconf 87' lang='lat' dir='ltr'><strong>decertat;</strong></span> <span class='ocrx_word' id='word_1_760' title='bbox 1237 4691 1335 4733; x_wconf 86' lang='lat' dir='ltr'><strong>nec</strong></span> <span class='ocrx_word' id='word_1_761' title='bbox 1366 4676 1609 4733; x_wconf 79' lang='lat' dir='ltr'><strong>aufertur</strong></span> <span class='ocrx_word' id='word_1_762' title='bbox 1636 4678 1881 4737; x_wconf 87' lang='lat' dir='ltr'><strong>bravium</strong></span> <span class='ocrx_word' id='word_1_763' title='bbox 1903 4724 1919 4749; x_wconf 95' lang='lat'><strong>,</strong></span> <span class='ocrx_word' id='word_1_764' title='bbox 1956 4683 2057 4738; x_wconf 85' lang='lat' dir='ltr'><strong>nisi</strong></span> <span class='ocrx_word' id='word_1_765' title='bbox 2098 4685 2213 4741; x_wconf 79' lang='lat' dir='ltr'><strong>fue-</strong></span> 
     </span>
    </p>
   </div>
   <div class='ocr_carea' id='block_1_94' title="bbox 606 4769 2214 4839">
    <p class='ocr_par' dir='ltr' id='par_1_94' title="bbox 606 4769 2214 4839">
     <span class='ocr_line' id='line_1_94' title="bbox 606 4769 2214 4839; baseline 0.01 -20"><span class='ocrx_word' id='word_1_766' title='bbox 606 4769 674 4823; x_wconf 90' lang='lat' dir='ltr'><strong>rit</strong></span> <span class='ocrx_word' id='word_1_767' title='bbox 718 4770 867 4828; x_wconf 80' lang='lat' dir='ltr'><strong>fusus</strong></span> <span class='ocrx_word' id='word_1_768' title='bbox 908 4771 959 4827; x_wconf 91' lang='lat' dir='ltr'><strong>in</strong></span> <span class='ocrx_word' id='word_1_769' title='bbox 991 4781 1233 4828; x_wconf 82' lang='lat' dir='ltr'><strong>ventrem</strong></span> <span class='ocrx_word' id='word_1_770' title='bbox 1261 4814 1276 4839; x_wconf 91' lang='lat'><strong>,</strong></span> <span class='ocrx_word' id='word_1_771' title='bbox 1304 4785 1393 4828; x_wconf 86' lang='lat' dir='ltr'><strong>aut</strong></span> <span class='ocrx_word' id='word_1_772' title='bbox 1425 4774 1695 4830; x_wconf 87' lang='lat' dir='ltr'><strong>distentus</strong></span> <span class='ocrx_word' id='word_1_773' title='bbox 1719 4776 1939 4833; x_wconf 87' lang='lat' dir='ltr'><strong>vinculo</strong></span> <span class='ocrx_word' id='word_1_774' title='bbox 1985 4779 2214 4837; x_wconf 83' lang='lat' dir='ltr'><strong>lacerto-</strong></span> 
     </span>
    </p>
   </div>
   <div class='ocr_carea' id='block_1_95' title="bbox 675 4917 2202 5000">
    <p class='ocr_par' dir='ltr' id='par_1_95' title="bbox 675 4917 2202 5000">
     <span class='ocr_line' id='line_1_95' title="bbox 675 4917 2202 5000; baseline 0.012 -34"><span class='ocrx_word' id='word_1_775' title='bbox 675 4917 851 5000; x_wconf 56' lang='lat' dir='ltr'><strong>eMss.</strong></span> <span class='ocrx_word' id='word_1_776' title='bbox 882 4918 1106 4990; x_wconf 87' lang='lat' dir='ltr'><strong>aliquot,</strong></span> <span class='ocrx_word' id='word_1_777' title='bbox 1131 4919 1398 4992; x_wconf 85' lang='lat' dir='ltr'><strong>indulgere</strong></span> <span class='ocrx_word' id='word_1_778' title='bbox 1422 4919 1741 4986; x_wconf 86' lang='lat' dir='ltr'><strong>delictis,....</strong></span> <span class='ocrx_word' id='word_1_779' title='bbox 1772 4925 2063 4983; x_wconf 83' lang='lat' dir='ltr'><strong>incentores</strong></span> <span class='ocrx_word' id='word_1_780' title='bbox 2111 4946 2202 5000; x_wconf 79' lang='lat' dir='ltr'><strong>pe-</strong></span> 
     </span>
    </p>
   </div>
   <div class='ocr_carea' id='block_1_96' title="bbox 605 4991 863 5045">
    <p class='ocr_par' dir='ltr' id='par_1_96' title="bbox 605 4991 863 5045">
     <span class='ocr_line' id='line_1_96' title="bbox 605 4991 863 5045; baseline 0.008 -2"><span class='ocrx_word' id='word_1_781' title='bbox 605 4991 863 5045; x_wconf 78' lang='lat' dir='ltr'><strong>stilentite.</strong></span> 
     </span>
    </p>
   </div>
   <div class='ocr_carea' id='block_1_97' title="bbox 677 5060 2205 5128">
    <p class='ocr_par' dir='ltr' id='par_1_97' title="bbox 677 5060 2205 5128">
     <span class='ocr_line' id='line_1_97' title="bbox 677 5060 2205 5128; baseline 0.007 -14"><span class='ocrx_word' id='word_1_782' title='bbox 677 5061 810 5115; x_wconf 51' lang='lat' dir='ltr'><strong>bllis~</strong></span> <span class='ocrx_word' id='word_1_783' title='bbox 840 5060 1131 5117; x_wconf 83' lang='lat' dir='ltr'><strong>admodum</strong></span> <span class='ocrx_word' id='word_1_784' title='bbox 1169 5062 1347 5118; x_wconf 78' lang='lat' dir='ltr'><strong>omnia</strong></span> <span class='ocrx_word' id='word_1_785' title='bbox 1390 5065 1441 5118; x_wconf 90' lang='lat' dir='ltr'><strong>in</strong></span> <span class='ocrx_word' id='word_1_786' title='bbox 1469 5065 1627 5128; x_wconf 67' lang='lat' dir='ltr'><strong>epist.</strong></span> <span class='ocrx_word' id='word_1_787' title='bbox 1659 5064 1723 5120; x_wconf 84' lang='lat' dir='ltr'><strong>ad</strong></span> <span class='ocrx_word' id='word_1_788' title='bbox 1755 5064 1916 5124; x_wconf 83' lang='lat' dir='ltr'><strong>Vere.</strong></span> <span class='ocrx_word' id='word_1_789' title='bbox 1956 5069 2101 5125; x_wconf 80' lang='lat' dir='ltr'><strong>Eccl.</strong></span> <span class='ocrx_word' id='word_1_790' title='bbox 2126 5071 2205 5125; x_wconf 85' lang='lat' dir='ltr'><strong>le.-</strong></span> 
     </span>
    </p>
   </div>
   <div class='ocr_carea' id='block_1_98' title="bbox 606 5133 2208 5210">
    <p class='ocr_par' dir='ltr' id='par_1_98' title="bbox 606 5133 2208 5210">
     <span class='ocr_line' id='line_1_98' title="bbox 606 5133 2208 5210; baseline 0.007 -26"><span class='ocrx_word' id='word_1_791' title='bbox 606 5133 897 5210; x_wconf 55' lang='lat' dir='ltr'><strong>gunturde</strong></span> <span class='ocrx_word' id='word_1_792' title='bbox 923 5133 1267 5210; x_wconf 78' lang='lat' dir='ltr'><strong>Sarmatione</strong></span> <span class='ocrx_word' id='word_1_793' title='bbox 1317 5151 1379 5189; x_wconf 84' lang='lat' dir='ltr'><strong>ac</strong></span> <span class='ocrx_word' id='word_1_794' title='bbox 1402 5137 1739 5210; x_wconf 85' lang='lat' dir='ltr'><strong>Barbatiano</strong></span> <span class='ocrx_word' id='word_1_795' title='bbox 1766 5141 2045 5196; x_wconf 64' lang='lat' dir='ltr'><strong>monachis</strong></span> <span class='ocrx_word' id='word_1_796' title='bbox 2076 5159 2208 5210; x_wconf 58' lang='lat' dir='ltr'><strong>apo.</strong></span> 
     </span>
    </p>
   </div>
   <div class='ocr_carea' id='block_1_99' title="bbox 609 5204 2211 5283">
    <p class='ocr_par' dir='ltr' id='par_1_99' title="bbox 609 5204 2211 5283">
     <span class='ocr_line' id='line_1_99' title="bbox 609 5204 2211 5283; baseline 0.006 -28"><span class='ocrx_word' id='word_1_797' title='bbox 609 5208 782 5283; x_wconf 79' lang='lat' dir='ltr'><strong>statis.</strong></span> <span class='ocrx_word' id='word_1_798' title='bbox 817 5204 881 5258; x_wconf 81' lang='lat' dir='ltr'><strong>Hi</strong></span> <span class='ocrx_word' id='word_1_799' title='bbox 914 5206 1176 5283; x_wconf 71' lang='lat' dir='ltr'><strong>siquidem</strong></span> <span class='ocrx_word' id='word_1_800' title='bbox 1214 5223 1358 5283; x_wconf 67' lang='lat' dir='ltr'><strong>cum</strong></span> <span class='ocrx_word' id='word_1_801' title='bbox 1379 5209 2012 5283; x_wconf 59' lang='lat' dir='ltr'><strong>disciplina:severioris</strong></span> <span class='ocrx_word' id='word_1_802' title='bbox 2041 5204 2211 5283; x_wconf 82' lang='lat' dir='ltr'><strong>impa-</strong></span> 
     </span>
    </p>
   </div>
   <div class='ocr_carea' id='block_1_100' title="bbox 610 5276 2212 5348">
    <p class='ocr_par' dir='ltr' id='par_1_100' title="bbox 610 5276 2212 5348">
     <span class='ocr_line' id='line_1_100' title="bbox 610 5276 2212 5348; baseline 0.01 -23"><span class='ocrx_word' id='word_1_803' title='bbox 610 5276 805 5329; x_wconf 87' lang='lat' dir='ltr'><strong>tientes</strong></span> <span class='ocrx_word' id='word_1_804' title='bbox 856 5277 1178 5348; x_wconf 70' lang='lat' dir='ltr'><strong>asceterinm</strong></span> <span class='ocrx_word' id='word_1_805' title='bbox 1225 5278 1627 5333; x_wconf 85' lang='lat' dir='ltr'><strong>Mediolanense</strong></span> <span class='ocrx_word' id='word_1_806' title='bbox 1680 5279 2051 5337; x_wconf 80' lang='lat' dir='ltr'><strong>deseruissent</strong></span> <span class='ocrx_word' id='word_1_807' title='bbox 2079 5327 2093 5348; x_wconf 92' lang='lat'><strong>,</strong></span> <span class='ocrx_word' id='word_1_808' title='bbox 2121 5276 2212 5341; x_wconf 54' lang='lat' dir='ltr'><strong>&#39;ac</strong></span> 
     </span>
    </p>
   </div>
   <div class='ocr_carea' id='block_1_101' title="bbox 611 5347 2268 5424">
    <p class='ocr_par' dir='ltr' id='par_1_101' title="bbox 611 5347 2268 5424">
     <span class='ocr_line' id='line_1_101' title="bbox 611 5347 2268 5424; baseline 0.008 -24"><span class='ocrx_word' id='word_1_809' title='bbox 611 5354 806 5424; x_wconf 73' lang='lat' dir='ltr'><strong>postea</strong></span> <span class='ocrx_word' id='word_1_810' title='bbox 845 5347 1001 5424; x_wconf 78' lang='lat' dir='ltr'><strong>petiti</strong></span> <span class='ocrx_word' id='word_1_811' title='bbox 1051 5348 1258 5424; x_wconf 81' lang='lat' dir='ltr'><strong>reditus</strong></span> <span class='ocrx_word' id='word_1_812' title='bbox 1308 5367 1336 5403; x_wconf 88' lang='lat' dir='ltr'><strong>a</strong></span> <span class='ocrx_word' id='word_1_813' title='bbox 1384 5361 1575 5424; x_wconf 76' lang='lat' dir='ltr'><strong>sancto</strong></span> <span class='ocrx_word' id='word_1_814' title='bbox 1626 5350 1881 5424; x_wconf 67' lang='lat' dir='ltr'><strong>Antistite</strong></span> <span class='ocrx_word' id='word_1_815' title='bbox 1931 5358 2204 5424; x_wconf 88' lang='lat' dir='ltr'><strong>repulsam</strong></span> <span class='ocrx_word' id='word_1_816' title='bbox 2264 5411 2268 5414; x_wconf 36' lang='lat'><strong>.</strong></span> 
     </span>
    </p>
   </div>
   <div class='ocr_carea' id='block_1_102' title="bbox 611 5416 2208 5492">
    <p class='ocr_par' dir='ltr' id='par_1_102' title="bbox 611 5416 2208 5492">
     <span class='ocr_line' id='line_1_102' title="bbox 611 5416 2208 5492; baseline 0.012 -27"><span class='ocrx_word' id='word_1_817' title='bbox 611 5418 755 5492; x_wconf 75' lang='lat' dir='ltr'><strong>passi</strong></span> <span class='ocrx_word' id='word_1_818' title='bbox 786 5416 1029 5492; x_wconf 83' lang='lat' dir='ltr'><strong>fuissent,</strong></span> <span class='ocrx_word' id='word_1_819' title='bbox 1068 5419 1315 5492; x_wconf 25' lang='lat' dir='ltr'><strong>ita‘hanc</strong></span> <span class='ocrx_word' id='word_1_820' title='bbox 1344 5422 1415 5473; x_wconf 87' lang='lat' dir='ltr'><strong>ob</strong></span> <span class='ocrx_word' id='word_1_821' title='bbox 1447 5422 1798 5490; x_wconf 82' lang='lat' dir='ltr'><strong>ignominiam</strong></span> <span class='ocrx_word' id='word_1_822' title='bbox 1834 5416 2113 5492; x_wconf 70' lang='lat' dir='ltr'><strong>exarsere,</strong></span> <span class='ocrx_word' id='word_1_823' title='bbox 2151 5439 2208 5484; x_wconf 89' lang='lat' dir='ltr'><strong>ut</strong></span> 
     </span>
    </p>
   </div>
   <div class='ocr_carea' id='block_1_103' title="bbox 613 5485 2209 5561">
    <p class='ocr_par' dir='ltr' id='par_1_103' title="bbox 613 5485 2209 5561">
     <span class='ocr_line' id='line_1_103' title="bbox 613 5485 2209 5561; baseline 0.014 -29"><span class='ocrx_word' id='word_1_824' title='bbox 613 5485 999 5561; x_wconf 68' lang='lat' dir='ltr'><strong>continentiam</strong></span> <span class='ocrx_word' id='word_1_825' title='bbox 1028 5529 1041 5550; x_wconf 90' lang='lat'><strong>,</strong></span> <span class='ocrx_word' id='word_1_826' title='bbox 1088 5488 1313 5557; x_wconf 77' lang='lat' dir='ltr'><strong>jejunio,</strong></span> <span class='ocrx_word' id='word_1_827' title='bbox 1353 5501 1412 5561; x_wconf 79' lang='lat' dir='ltr'><strong>et</strong></span> <span class='ocrx_word' id='word_1_828' title='bbox 1459 5485 1562 5548; x_wconf 73' lang='lat' dir='ltr'><strong>alia</strong></span> <span class='ocrx_word' id='word_1_829' title='bbox 1615 5494 1665 5546; x_wconf 89' lang='lat' dir='ltr'><strong>id</strong></span> <span class='ocrx_word' id='word_1_830' title='bbox 1712 5509 1882 5561; x_wconf 68' lang='lat' dir='ltr'><strong>genus</strong></span> <span class='ocrx_word' id='word_1_831' title='bbox 1924 5485 2209 5554; x_wconf 71' lang='lat' dir='ltr'><strong>monastici</strong></span> 
     </span>
    </p>
   </div>
   <div class='ocr_carea' id='block_1_104' title="bbox 617 5553 2209 5638">
    <p class='ocr_par' dir='ltr' id='par_1_104' title="bbox 617 5553 2209 5638">
     <span class='ocr_line' id='line_1_104' title="bbox 617 5553 2209 5638; baseline 0.011 -31"><span class='ocrx_word' id='word_1_832' title='bbox 617 5553 843 5638; x_wconf 71' lang='lat' dir='ltr'><strong>instituti</strong></span> <span class='ocrx_word' id='word_1_833' title='bbox 872 5553 1189 5638; x_wconf 60' lang='lat' dir='ltr'><strong>ornamenta</strong></span> <span class='ocrx_word' id='word_1_834' title='bbox 1216 5560 1463 5615; x_wconf 87' lang='lat' dir='ltr'><strong>bacchari</strong></span> <span class='ocrx_word' id='word_1_835' title='bbox 1496 5577 1657 5633; x_wconf 65' lang='lat' dir='ltr'><strong>atque</strong></span> <span class='ocrx_word' id='word_1_836' title='bbox 1683 5553 1923 5638; x_wconf 80' lang='lat' dir='ltr'><strong>insanire</strong></span> <span class='ocrx_word' id='word_1_837' title='bbox 1951 5553 2209 5638; x_wconf 82' lang='lat' dir='ltr'><strong>nusquam</strong></span> 
     </span>
    </p>
   </div>
   <div class='ocr_carea' id='block_1_105' title="bbox 620 5623 2213 5705">
    <p class='ocr_par' dir='ltr' id='par_1_105' title="bbox 620 5623 2213 5705">
     <span class='ocr_line' id='line_1_105' title="bbox 620 5623 2213 5705; baseline 0.012 -30"><span class='ocrx_word' id='word_1_838' title='bbox 620 5623 949 5705; x_wconf 72' lang='lat' dir='ltr'><strong>desinerent.</strong></span> <span class='ocrx_word' id='word_1_839' title='bbox 977 5629 1093 5705; x_wconf 79' lang='lat' dir='ltr'><strong>Qua</strong></span> <span class='ocrx_word' id='word_1_840' title='bbox 1127 5639 1348 5705; x_wconf 81' lang='lat' dir='ltr'><strong>propter</strong></span> <span class='ocrx_word' id='word_1_841' title='bbox 1376 5623 1661 5704; x_wconf 75' lang='lat' dir='ltr'><strong>utrumque</strong></span> <span class='ocrx_word' id='word_1_842' title='bbox 1693 5636 1797 5691; x_wconf 87' lang='lat' dir='ltr'><strong>hoc</strong></span> <span class='ocrx_word' id='word_1_843' title='bbox 1824 5638 1943 5691; x_wconf 81' lang='lat' dir='ltr'><strong>loco</strong></span> <span class='ocrx_word' id='word_1_844' title='bbox 1963 5623 2213 5704; x_wconf 27' lang='lat' dir='ltr'><strong>designat</strong></span> 
     </span>
    </p>
   </div>
   <div class='ocr_carea' id='block_1_106' title="bbox 620 5696 2214 5767">
    <p class='ocr_par' dir='ltr' id='par_1_106' title="bbox 620 5696 2214 5767">
     <span class='ocr_line' id='line_1_106' title="bbox 620 5696 2214 5767; baseline 0.012 -19"><span class='ocrx_word' id='word_1_845' title='bbox 620 5696 668 5748; x_wconf 92' lang='lat' dir='ltr'><strong>ri</strong></span> <span class='ocrx_word' id='word_1_846' title='bbox 703 5696 991 5767; x_wconf 85' lang='lat' dir='ltr'><strong>prudenter</strong></span> <span class='ocrx_word' id='word_1_847' title='bbox 1030 5696 1319 5756; x_wconf 80' lang='lat' dir='ltr'><strong>admodum</strong></span> <span class='ocrx_word' id='word_1_848' title='bbox 1351 5696 1661 5760; x_wconf 43' lang='lat' dir='ltr'><strong>t’ibserva&#39;vit</strong></span> <span class='ocrx_word' id='word_1_849' title='bbox 1704 5708 2041 5764; x_wconf 86' lang='lat' dir='ltr'><strong>llermannus</strong></span> <span class='ocrx_word' id='word_1_850' title='bbox 2078 5696 2214 5767; x_wconf 53' lang='lat' dir='ltr'><strong>Vitae</strong></span> 
     </span>
    </p>
   </div>
   <div class='ocr_carea' id='block_1_107' title="bbox 619 5766 2217 5851">
    <p class='ocr_par' dir='ltr' id='par_1_107' title="bbox 619 5766 2217 5851">
     <span class='ocr_line' id='line_1_107' title="bbox 619 5766 2217 5851; baseline 0.016 -38"><span class='ocrx_word' id='word_1_851' title='bbox 619 5766 1232 5851; x_wconf 35' lang='lat' dir='ltr'><strong>sanctiAnmbrosii,lib.‘</strong></span> <span class='ocrx_word' id='word_1_852' title='bbox 1249 5788 1341 5851; x_wconf 70' lang='lat' dir='ltr'><strong>vit,</strong></span> <span class='ocrx_word' id='word_1_853' title='bbox 1371 5788 1491 5851; x_wconf 71' lang='lat' dir='ltr'><strong>cap.</strong></span> <span class='ocrx_word' id='word_1_854' title='bbox 1514 5780 1573 5838; x_wconf 81' lang='grc'><strong>4,</strong></span> <span class='ocrx_word' id='word_1_855' title='bbox 1595 5786 1654 5832; x_wconf 82' lang='lat' dir='ltr'><strong>et</strong></span> <span class='ocrx_word' id='word_1_856' title='bbox 1672 5792 1739 5851; x_wconf 68' lang='lat' dir='ltr'><strong>ex</strong></span> <span class='ocrx_word' id='word_1_857' title='bbox 1763 5780 1964 5835; x_wconf 85' lang='lat' dir='ltr'><strong>nostris</strong></span> <span class='ocrx_word' id='word_1_858' title='bbox 1984 5783 2076 5851; x_wconf 83' lang='lat' dir='ltr'><strong>qui</strong></span> 
     </span>
    </p>
   </div>
   <div class='ocr_carea' id='block_1_108' title="bbox 622 5837 2215 5927">
    <p class='ocr_par' dir='ltr' id='par_1_108' title="bbox 622 5837 2215 5927">
     <span class='ocr_line' id='line_1_108' title="bbox 622 5837 2215 5927; baseline 0.016 -42"><span class='ocrx_word' id='word_1_859' title='bbox 622 5837 813 5887; x_wconf 82' lang='lat' dir='ltr'><strong>loriam</strong></span> <span class='ocrx_word' id='word_1_860' title='bbox 838 5837 1163 5895; x_wconf 79' lang='lat' dir='ltr'><strong>Henedictiui</strong></span> <span class='ocrx_word' id='word_1_861' title='bbox 1195 5837 1415 5897; x_wconf 77' lang='lat' dir='ltr'><strong>Ordinis</strong></span> <span class='ocrx_word' id='word_1_862' title='bbox 1441 5837 1733 5902; x_wconf 63' lang='lat' dir='ltr'><strong>vernaculo</strong></span> <span class='ocrx_word' id='word_1_863' title='bbox 1769 5837 2019 5906; x_wconf 58' lang='lat' dir='ltr'><strong>sermoni&quot;</strong></span> <span class='ocrx_word' id='word_1_864' title='bbox 2045 5837 2215 5927; x_wconf 73' lang='lat' dir='ltr'><strong>nupet&#39;</strong></span> 
     </span>
    </p>
   </div>
   <div class='ocr_carea' id='block_1_109' title="bbox 2321 4680 3891 4754">
    <p class='ocr_par' dir='ltr' id='par_1_109' title="bbox 2321 4680 3891 4754">
     <span class='ocr_line' id='line_1_109' title="bbox 2321 4680 3891 4754; baseline -0.007 -12"><span class='ocrx_word' id='word_1_865' title='bbox 2321 4689 2513 4742; x_wconf 77' lang='lat' dir='ltr'><strong>vicistis</strong></span> <span class='ocrx_word' id='word_1_866' title='bbox 2544 4684 2739 4740; x_wconf 86' lang='lat' dir='ltr'><strong>malum</strong></span> <span class='ocrx_word' id='word_1_867' title='bbox 2779 4699 2797 4740; x_wconf 89' lang='lat'><em>:</em></span> <span class='ocrx_word' id='word_1_868' title='bbox 2828 4682 2994 4738; x_wconf 81' lang='lat' dir='ltr'><strong>scribo</strong></span> <span class='ocrx_word' id='word_1_869' title='bbox 3040 4680 3201 4748; x_wconf 83' lang='lat' dir='ltr'><strong>vobis,</strong></span> <span class='ocrx_word' id='word_1_870' title='bbox 3231 4687 3445 4754; x_wconf 84' lang='lat' dir='ltr'><strong>patres;</strong></span> <span class='ocrx_word' id='word_1_871' title='bbox 3476 4686 3609 4753; x_wconf 83' lang='lat' dir='ltr'><strong>quia</strong></span> <span class='ocrx_word' id='word_1_872' title='bbox 3634 4684 3891 4753; x_wconf 64' lang='lat' dir='ltr'><strong>cognorim:</strong></span> 
     </span>
    </p>
   </div>
   <div class='ocr_carea' id='block_1_110' title="bbox 2320 4775 3890 4852">
    <p class='ocr_par' dir='ltr' id='par_1_110' title="bbox 2320 4775 3890 4852">
     <span class='ocr_line' id='line_1_110' title="bbox 2320 4775 3890 4852; baseline -0.006 -14"><span class='ocrx_word' id='word_1_873' title='bbox 2320 4800 2434 4838; x_wconf 85' lang='lat' dir='ltr'><strong>eum</strong></span> <span class='ocrx_word' id='word_1_874' title='bbox 2466 4782 2555 4852; x_wconf 86' lang='lat' dir='ltr'><strong>qui</strong></span> <span class='ocrx_word' id='word_1_875' title='bbox 2584 4793 2660 4836; x_wconf 85' lang='lat' dir='ltr'><strong>est</strong></span> <span class='ocrx_word' id='word_1_876' title='bbox 2690 4780 2750 4834; x_wconf 85' lang='lat' dir='ltr'><strong>ab</strong></span> <span class='ocrx_word' id='word_1_877' title='bbox 2780 4778 2929 4834; x_wconf 85' lang='lat' dir='ltr'><strong>initio</strong></span> <span class='ocrx_word' id='word_1_878' title='bbox 2957 4777 2999 4847; x_wconf 86' lang='grc' dir='ltr'>(ἰ</span> <span class='ocrx_word' id='word_1_879' title='bbox 3029 4775 3186 4832; x_wconf 77' lang='lat' dir='ltr'><strong>Joan.</strong></span> <span class='ocrx_word' id='word_1_880' title='bbox 3216 4789 3289 4844; x_wconf 86' lang='lat' dir='ltr'><strong>tt,</strong></span> <span class='ocrx_word' id='word_1_881' title='bbox 3325 4775 3394 4830; x_wconf 75' lang='grc'>12</span> <span class='ocrx_word' id='word_1_882' title='bbox 3417 4787 3467 4830; x_wconf 87' lang='lat' dir='ltr'><strong>et</strong></span> <span class='ocrx_word' id='word_1_883' title='bbox 3496 4779 3642 4850; x_wconf 85' lang='lat' dir='ltr'><strong>seq.)</strong></span> <span class='ocrx_word' id='word_1_884' title='bbox 3688 4780 3890 4834; x_wconf 71' lang='lat' dir='ltr'><strong>Malunt:</strong></span> 
     </span>
    </p>
   </div>
   <div class='ocr_carea' id='block_1_111' title="bbox 2307 4923 3875 5000">
    <p class='ocr_par' dir='ltr' id='par_1_111' title="bbox 2307 4923 3875 5000">
     <span class='ocr_line' id='line_1_111' title="bbox 2307 4923 3875 5000; baseline -0.008 -13"><span class='ocrx_word' id='word_1_885' title='bbox 2307 4932 2361 4987; x_wconf 92' lang='lat' dir='ltr'><strong>in</strong></span> <span class='ocrx_word' id='word_1_886' title='bbox 2417 4927 2595 4984; x_wconf 84' lang='lat' dir='ltr'><strong>lucem</strong></span> <span class='ocrx_word' id='word_1_887' title='bbox 2653 4926 2856 4982; x_wconf 86' lang='lat' dir='ltr'><strong>emisit.</strong></span> <span class='ocrx_word' id='word_1_888' title='bbox 2921 4923 3076 5000; x_wconf 85' lang='lat' dir='ltr'><strong>illum</strong></span> <span class='ocrx_word' id='word_1_889' title='bbox 3105 4923 3426 5000; x_wconf 55' lang='lat' dir='ltr'><strong>adisis,lib.</strong></span> <span class='ocrx_word' id='word_1_890' title='bbox 3459 4928 3502 4988; x_wconf 83' lang='lat' dir='ltr'><strong>i.</strong></span> <span class='ocrx_word' id='word_1_891' title='bbox 3559 4942 3691 5000; x_wconf 71' lang='lat' dir='ltr'><strong>cap.</strong></span> <span class='ocrx_word' id='word_1_892' title='bbox 3718 4930 3772 4993; x_wconf 78' lang='lat'><strong>5,</strong></span> <span class='ocrx_word' id='word_1_893' title='bbox 3799 4928 3875 5000; x_wconf 77' lang='lat'><strong>§5</strong></span> 
     </span>
    </p>
   </div>
   <div class='ocr_carea' id='block_1_112' title="bbox 2385 4996 3886 5073">
    <p class='ocr_par' dir='ltr' id='par_1_112' title="bbox 2385 4996 3886 5073">
     <span class='ocr_line' id='line_1_112' title="bbox 2385 4996 3886 5073; baseline -0.006 -17"><span class='ocrx_word' id='word_1_894' title='bbox 2385 5013 2406 5040; x_wconf 77' lang='grc' dir='ltr'><strong><em>ο</em></strong></span> <span class='ocrx_word' id='word_1_895' title='bbox 2434 5002 2576 5056; x_wconf 80' lang='lat' dir='ltr'><strong>Edit.</strong></span> <span class='ocrx_word' id='word_1_896' title='bbox 2608 5010 2735 5073; x_wconf 71' lang='lat' dir='ltr'><strong>vet.</strong></span> <span class='ocrx_word' id='word_1_897' title='bbox 2755 5007 2811 5073; x_wconf 85' lang='lat' dir='ltr'><strong>et</strong></span> <span class='ocrx_word' id='word_1_898' title='bbox 2841 5012 2972 5052; x_wconf 84' lang='lat' dir='ltr'><strong>mss.</strong></span> <span class='ocrx_word' id='word_1_899' title='bbox 3001 4998 3227 5073; x_wconf 80' lang='lat' dir='ltr'><strong>aliquot,</strong></span> <span class='ocrx_word' id='word_1_900' title='bbox 3260 4996 3405 5073; x_wconf 78' lang='lat' dir='ltr'><strong>Nam</strong></span> <span class='ocrx_word' id='word_1_901' title='bbox 3433 5014 3595 5073; x_wconf 75' lang='lat' dir='ltr'><strong>casus</strong></span> <span class='ocrx_word' id='word_1_902' title='bbox 3621 4996 3709 5054; x_wconf 70' lang='lat' dir='ltr'><strong>eos</strong></span> 
     </span>
    </p>
   </div>
   <div class='ocr_carea' id='block_1_113' title="bbox 2309 5068 3885 5147">
    <p class='ocr_par' dir='ltr' id='par_1_113' title="bbox 2309 5068 3885 5147">
     <span class='ocr_line' id='line_1_113' title="bbox 2309 5068 3885 5147; baseline -0.003 -22"><span class='ocrx_word' id='word_1_903' title='bbox 2309 5075 2576 5147; x_wconf 80' lang='lat' dir='ltr'><strong>appellant</strong></span> <span class='ocrx_word' id='word_1_904' title='bbox 2620 5071 2838 5133; x_wconf 85' lang='lat' dir='ltr'><strong>Latini;</strong></span> <span class='ocrx_word' id='word_1_905' title='bbox 2863 5068 3128 5147; x_wconf 47' lang='lat' dir='ltr'><strong>sedhedit.</strong></span> <span class='ocrx_word' id='word_1_906' title='bbox 3164 5084 3195 5122; x_wconf 91' lang='lat' dir='ltr'><strong>e</strong></span> <span class='ocrx_word' id='word_1_907' title='bbox 3224 5069 3445 5138; x_wconf 85' lang='lat' dir='ltr'><strong>regione</strong></span> <span class='ocrx_word' id='word_1_908' title='bbox 3477 5070 3530 5124; x_wconf 92' lang='lat' dir='ltr'><strong>in</strong></span> <span class='ocrx_word' id='word_1_909' title='bbox 3567 5068 3801 5147; x_wconf 70' lang='lat' dir='ltr'><strong>margini-</strong></span> <span class='ocrx_word' id='word_1_910' title='bbox 3823 5071 3885 5147; x_wconf 41' lang='lat' dir='ltr'><strong>inf</strong></span> 
     </span>
    </p>
   </div>
   <div class='ocr_carea' id='block_1_114' title="bbox 2311 5140 3883 5211">
    <p class='ocr_par' dir='ltr' id='par_1_114' title="bbox 2311 5140 3883 5211">
     <span class='ocr_line' id='line_1_114' title="bbox 2311 5140 3883 5211; baseline -0.005 -12"><span class='ocrx_word' id='word_1_911' title='bbox 2311 5140 2448 5202; x_wconf 71' lang='lat' dir='ltr'><strong>bent</strong></span> <span class='ocrx_word' id='word_1_912' title='bbox 2484 5145 2689 5197; x_wconf 84' lang='lat' dir='ltr'><strong>ruinam</strong></span> <span class='ocrx_word' id='word_1_913' title='bbox 2710 5184 2723 5205; x_wconf 91' lang='lat'><strong>,</strong></span> <span class='ocrx_word' id='word_1_914' title='bbox 2752 5157 2915 5211; x_wconf 83' lang='lat' dir='ltr'><strong>quam</strong></span> <span class='ocrx_word' id='word_1_915' title='bbox 2944 5140 3240 5193; x_wconf 78' lang='lat' dir='ltr'><strong>dictionem</strong></span> <span class='ocrx_word' id='word_1_916' title='bbox 3268 5155 3569 5211; x_wconf 80' lang='lat' dir='ltr'><strong>suppressa</strong></span> <span class='ocrx_word' id='word_1_917' title='bbox 3595 5140 3731 5199; x_wconf 73' lang='lat' dir='ltr'><strong>voce</strong></span> <span class='ocrx_word' id='word_1_918' title='bbox 3757 5143 3883 5196; x_wconf 63' lang='lat' dir='ltr'><strong>Latin</strong></span> 
     </span>
    </p>
   </div>
   <div class='ocr_carea' id='block_1_115' title="bbox 2317 5212 3881 5283">
    <p class='ocr_par' dir='ltr' id='par_1_115' title="bbox 2317 5212 3881 5283">
     <span class='ocr_line' id='line_1_115' title="bbox 2317 5212 3881 5283; baseline -0.006 -13"><span class='ocrx_word' id='word_1_919' title='bbox 2317 5220 2475 5270; x_wconf 72' lang='lat' dir='ltr'><strong>ltum.</strong></span> <span class='ocrx_word' id='word_1_920' title='bbox 2494 5218 2545 5270; x_wconf 92' lang='lat' dir='ltr'><strong>in</strong></span> <span class='ocrx_word' id='word_1_921' title='bbox 2564 5225 2765 5270; x_wconf 79' lang='lat' dir='ltr'><strong>textum</strong></span> <span class='ocrx_word' id='word_1_922' title='bbox 2786 5214 3076 5266; x_wconf 87' lang='lat' dir='ltr'><strong>transtulit.</strong></span> <span class='ocrx_word' id='word_1_923' title='bbox 3104 5212 3233 5265; x_wconf 86' lang='lat' dir='ltr'><strong>Mss.</strong></span> <span class='ocrx_word' id='word_1_924' title='bbox 3248 5227 3381 5266; x_wconf 83' lang='lat' dir='ltr'><strong>vero</strong></span> <span class='ocrx_word' id='word_1_925' title='bbox 3394 5224 3636 5283; x_wconf 84' lang='lat' dir='ltr'><strong>quatuor</strong></span> <span class='ocrx_word' id='word_1_926' title='bbox 3653 5217 3881 5271; x_wconf 75' lang='lat' dir='ltr'><strong>nobiscum</strong></span> 
     </span>
    </p>
   </div>
   <div class='ocr_carea' id='block_1_116' title="bbox 2318 5289 2547 5344">
    <p class='ocr_par' dir='ltr' id='par_1_116' title="bbox 2318 5289 2547 5344">
     <span class='ocr_line' id='line_1_116' title="bbox 2318 5289 2547 5344; baseline -0.013 0"><span class='ocrx_word' id='word_1_927' title='bbox 2318 5289 2547 5344; x_wconf 82' lang='lat' dir='ltr'><strong>faciunt.</strong></span> 
     </span>
    </p>
   </div>
   <div class='ocr_carea' id='block_1_117' title="bbox 2388 5354 3882 5424">
    <p class='ocr_par' dir='ltr' id='par_1_117' title="bbox 2388 5354 3882 5424">
     <span class='ocr_line' id='line_1_117' title="bbox 2388 5354 3882 5424; baseline -0.003 -11"><span class='ocrx_word' id='word_1_928' title='bbox 2388 5359 2503 5413; x_wconf 81' lang='lat' dir='ltr'><strong>dita</strong></span> <span class='ocrx_word' id='word_1_929' title='bbox 2547 5357 2677 5414; x_wconf 84' lang='lat' dir='ltr'><strong>edit.</strong></span> <span class='ocrx_word' id='word_1_930' title='bbox 2711 5371 2831 5412; x_wconf 90' lang='lat' dir='ltr'><strong>cum</strong></span> <span class='ocrx_word' id='word_1_931' title='bbox 2880 5363 3034 5424; x_wconf 88' lang='lat' dir='ltr'><strong>parte</strong></span> <span class='ocrx_word' id='word_1_932' title='bbox 3074 5370 3206 5409; x_wconf 70' lang='lat' dir='ltr'><strong>mss.</strong></span> <span class='ocrx_word' id='word_1_933' title='bbox 3237 5354 3355 5410; x_wconf 79' lang='lat' dir='ltr'><strong>Alia</strong></span> <span class='ocrx_word' id='word_1_934' title='bbox 3399 5370 3564 5423; x_wconf 87' lang='lat' dir='ltr'><strong>pars,</strong></span> <span class='ocrx_word' id='word_1_935' title='bbox 3594 5356 3704 5413; x_wconf 71' lang='lat' dir='ltr'><strong>Sed</strong></span> <span class='ocrx_word' id='word_1_936' title='bbox 3731 5356 3882 5412; x_wconf 73' lang='grc' dir='ltr'><strong>αἰαηυὶ</strong></span> 
     </span>
    </p>
   </div>
   <div class='ocr_carea' id='block_1_118' title="bbox 2318 5426 3877 5499">
    <p class='ocr_par' dir='ltr' id='par_1_118' title="bbox 2318 5426 3877 5499">
     <span class='ocr_line' id='line_1_118' title="bbox 2318 5426 3877 5499; baseline -0.001 -15"><span class='ocrx_word' id='word_1_937' title='bbox 2318 5433 2704 5498; x_wconf 77' lang='lat' dir='ltr'><strong>assignatur....</strong></span> <span class='ocrx_word' id='word_1_938' title='bbox 2735 5441 2783 5482; x_wconf 87' lang='lat' dir='ltr'><strong>ct</strong></span> <span class='ocrx_word' id='word_1_939' title='bbox 2812 5430 3035 5482; x_wconf 79' lang='lat' dir='ltr'><strong>secundo</strong></span> <span class='ocrx_word' id='word_1_940' title='bbox 3064 5429 3274 5499; x_wconf 68' lang='lat' dir='ltr'><strong>fugerit.</strong></span> <span class='ocrx_word' id='word_1_941' title='bbox 3319 5426 3449 5482; x_wconf 84' lang='lat' dir='ltr'><strong>Utra</strong></span> <span class='ocrx_word' id='word_1_942' title='bbox 3481 5429 3652 5483; x_wconf 89' lang='lat' dir='ltr'><strong>lectio</strong></span> <span class='ocrx_word' id='word_1_943' title='bbox 3686 5433 3877 5499; x_wconf 84' lang='lat' dir='ltr'><strong>sit</strong></span> 
     </span>
    </p>
   </div>
   <div class='ocr_carea' id='block_1_119' title="bbox 2316 5498 3877 5571">
    <p class='ocr_par' dir='ltr' id='par_1_119' title="bbox 2316 5498 3877 5571">
     <span class='ocr_line' id='line_1_119' title="bbox 2316 5498 3877 5571; baseline -0.001 -16"><span class='ocrx_word' id='word_1_944' title='bbox 2316 5503 2588 5571; x_wconf 88' lang='lat' dir='ltr'><strong>ponenda,</strong></span> <span class='ocrx_word' id='word_1_945' title='bbox 2612 5501 2917 5565; x_wconf 79' lang='lat' dir='ltr'><strong>ambiguum</strong></span> <span class='ocrx_word' id='word_1_946' title='bbox 2949 5510 3053 5553; x_wconf 86' lang='lat' dir='ltr'><strong>est.</strong></span> <span class='ocrx_word' id='word_1_947' title='bbox 3071 5498 3394 5552; x_wconf 85' lang='lat' dir='ltr'><strong>Ohscnritas</strong></span> <span class='ocrx_word' id='word_1_948' title='bbox 3423 5513 3612 5571; x_wconf 84' lang='lat' dir='ltr'><strong>autem</strong></span> <span class='ocrx_word' id='word_1_949' title='bbox 3647 5504 3764 5555; x_wconf 87' lang='lat' dir='ltr'><strong>inde</strong></span> <span class='ocrx_word' id='word_1_950' title='bbox 3780 5498 3877 5571; x_wconf 77' lang='lat' dir='ltr'><strong>sub-</strong></span> 
     </span>
    </p>
   </div>
   <div class='ocr_carea' id='block_1_120' title="bbox 2317 5570 3872 5639">
    <p class='ocr_par' dir='ltr' id='par_1_120' title="bbox 2317 5570 3872 5639">
     <span class='ocr_line' id='line_1_120' title="bbox 2317 5570 3872 5639; baseline -0.004 -12"><span class='ocrx_word' id='word_1_951' title='bbox 2317 5570 2490 5627; x_wconf 81' lang='lat' dir='ltr'><strong>oritur</strong></span> <span class='ocrx_word' id='word_1_952' title='bbox 2512 5615 2525 5637; x_wconf 91' lang='lat'><strong>,</strong></span> <span class='ocrx_word' id='word_1_953' title='bbox 2568 5572 2710 5639; x_wconf 88' lang='lat' dir='ltr'><strong>quod</strong></span> <span class='ocrx_word' id='word_1_954' title='bbox 2760 5586 2946 5626; x_wconf 82' lang='lat' dir='ltr'><strong>verum</strong></span> <span class='ocrx_word' id='word_1_955' title='bbox 2986 5586 3203 5623; x_wconf 82' lang='lat' dir='ltr'><strong>sensum</strong></span> <span class='ocrx_word' id='word_1_956' title='bbox 3238 5570 3526 5637; x_wconf 79' lang='lat' dir='ltr'><strong>agonistici</strong></span> <span class='ocrx_word' id='word_1_957' title='bbox 3562 5574 3701 5627; x_wconf 84' lang='lat' dir='ltr'><strong>illius</strong></span> <span class='ocrx_word' id='word_1_958' title='bbox 3728 5570 3872 5625; x_wconf 71' lang='lat' dir='ltr'><strong>veriti.</strong></span> 
     </span>
    </p>
   </div>
   <div class='ocr_carea' id='block_1_121' title="bbox 2317 5643 3870 5715">
    <p class='ocr_par' dir='ltr' id='par_1_121' title="bbox 2317 5643 3870 5715">
     <span class='ocr_line' id='line_1_121' title="bbox 2317 5643 3870 5715; baseline -0.006 -15"><span class='ocrx_word' id='word_1_959' title='bbox 2317 5648 2610 5715; x_wconf 79' lang='lat' dir='ltr'><strong>assignatus</strong></span> <span class='ocrx_word' id='word_1_960' title='bbox 2637 5645 2752 5697; x_wconf 86' lang='lat' dir='ltr'><strong>sive</strong></span> <span class='ocrx_word' id='word_1_961' title='bbox 2786 5644 3117 5715; x_wconf 83' lang='lat' dir='ltr'><strong>assignatur_,</strong></span> <span class='ocrx_word' id='word_1_962' title='bbox 3146 5643 3422 5715; x_wconf 78' lang='lat' dir='ltr'><strong>cognitum</strong></span> <span class='ocrx_word' id='word_1_963' title='bbox 3468 5658 3575 5697; x_wconf 87' lang='lat' dir='ltr'><strong>non</strong></span> <span class='ocrx_word' id='word_1_964' title='bbox 3607 5644 3870 5698; x_wconf 76' lang='lat' dir='ltr'><strong>liaheaums.</strong></span> 
     </span>
    </p>
   </div>
   <div class='ocr_carea' id='block_1_122' title="bbox 2317 5696 3947 5785">
    <p class='ocr_par' dir='ltr' id='par_1_122' title="bbox 2317 5696 3947 5785">
     <span class='ocr_line' id='line_1_122' title="bbox 2317 5696 3947 5785; baseline -0.004 -16"><span class='ocrx_word' id='word_1_965' title='bbox 2317 5696 2675 5783; x_wconf 48' lang='lat' dir='ltr'><strong>sagittam.</strong></span> <span class='ocrx_word' id='word_1_966' title='bbox 2696 5696 2876 5770; x_wconf 75' lang='lat' dir='ltr'><strong>tamen</strong></span> <span class='ocrx_word' id='word_1_967' title='bbox 2894 5696 2969 5768; x_wconf 59' lang='lat' dir='ltr'><strong>Ex</strong></span> <span class='ocrx_word' id='word_1_968' title='bbox 2989 5696 3132 5767; x_wconf 70' lang='lat' dir='ltr'><strong>serie</strong></span> <span class='ocrx_word' id='word_1_969' title='bbox 3150 5696 3414 5785; x_wconf 59' lang='lat' dir='ltr'><strong>orationis</strong></span> <span class='ocrx_word' id='word_1_970' title='bbox 3434 5728 3534 5767; x_wconf 80' lang='lat' dir='ltr'><strong>eos</strong></span> <span class='ocrx_word' id='word_1_971' title='bbox 3548 5696 3660 5771; x_wconf 66' lang='lat' dir='ltr'><strong>asa</strong></span> <span class='ocrx_word' id='word_1_972' title='bbox 3681 5696 3872 5785; x_wconf 78' lang='lat' dir='ltr'><strong>potuisse</strong></span> <span class='ocrx_word' id='word_1_973' title='bbox 3946 5696 3947 5755; x_wconf 62' lang='lat'>1</span> 
     </span>
    </p>
   </div>
   <div class='ocr_carea' id='block_1_123' title="bbox 2317 5784 3947 5859">
    <p class='ocr_par' dir='ltr' id='par_1_123' title="bbox 2317 5784 3947 5859">
     <span class='ocr_line' id='line_1_123' title="bbox 2317 5784 3947 5859; baseline -0.007 -17"><span class='ocrx_word' id='word_1_974' title='bbox 2317 5788 2607 5859; x_wconf 79' lang='lat' dir='ltr'><strong>assignatos</strong></span> <span class='ocrx_word' id='word_1_975' title='bbox 2632 5828 2648 5853; x_wconf 94' lang='lat'><strong>,</strong></span> <span class='ocrx_word' id='word_1_976' title='bbox 2681 5789 2773 5855; x_wconf 88' lang='lat' dir='ltr'><strong>qui</strong></span> <span class='ocrx_word' id='word_1_977' title='bbox 2800 5787 2911 5855; x_wconf 84' lang='lat' dir='ltr'><strong>jam</strong></span> <span class='ocrx_word' id='word_1_978' title='bbox 2944 5787 2997 5840; x_wconf 94' lang='lat' dir='ltr'><strong>in</strong></span> <span class='ocrx_word' id='word_1_979' title='bbox 3028 5794 3227 5859; x_wconf 79' lang='lat' dir='ltr'><strong>terram</strong></span> <span class='ocrx_word' id='word_1_980' title='bbox 3259 5784 3461 5859; x_wconf 71' lang='lat' dir='ltr'><strong>deiecti</strong></span> <span class='ocrx_word' id='word_1_981' title='bbox 3495 5784 3757 5857; x_wconf 72' lang='lat' dir='ltr'><strong>utinquam</strong></span> <span class='ocrx_word' id='word_1_982' title='bbox 3780 5796 3867 5838; x_wconf 81' lang='lat' dir='ltr'><strong>mor</strong></span> <span class='ocrx_word' id='word_1_983' title='bbox 3946 5826 3947 5849; x_wconf 33' lang='grc' dir='ltr'><strong>η</strong></span> 
     </span>
    </p>
   </div>
   <div class='ocr_carea' id='block_1_124' title="bbox 2325 5856 3861 5930">
    <p class='ocr_par' dir='ltr' id='par_1_124' title="bbox 2325 5856 3861 5930">
     <span class='ocr_line' id='line_1_124' title="bbox 2325 5856 3861 5930; baseline -0.005 -20"><span class='ocrx_word' id='word_1_984' title='bbox 2325 5856 2575 5912; x_wconf 69' lang='lat' dir='ltr'><strong>Vincendi</strong></span> <span class='ocrx_word' id='word_1_985' title='bbox 2605 5866 2969 5930; x_wconf 74' lang='lat' dir='ltr'><strong>spectatorum</strong></span> <span class='ocrx_word' id='word_1_986' title='bbox 3002 5856 3171 5910; x_wconf 76' lang='lat' dir='ltr'><strong>oculis</strong></span> <span class='ocrx_word' id='word_1_987' title='bbox 3199 5870 3259 5909; x_wconf 81' lang='lat' dir='ltr'><strong>ac</strong></span> <span class='ocrx_word' id='word_1_988' title='bbox 3296 5856 3522 5913; x_wconf 81' lang='lat' dir='ltr'><strong>nutibus</strong></span> <span class='ocrx_word' id='word_1_989' title='bbox 3549 5856 3861 5929; x_wconf 72' lang='lat' dir='ltr'><strong>signabantur.</strong></span> 
     </span>
    </p>
   </div>
  </div>
