4048 6388
204 369 316 426 995

202 580 557 648 votionisqne
581 591 860 650 processu.
894 577 1164 633 Virlutum
1197 592 1324 648 ergo
1351 577 1489 642 istte,
1521 590 1624 630 non
1659 574 1810 628 inﬁr~

201 673 414 726 mitatis
447 679 635 727 anates
680 679 843 735 sunt;
892 685 1068 739 neque
1094 670 1239 726 enim
1271 669 1392 724 sine
1433 667 1638 722 virtute
1682 681 1814 738 puer

200 771 316 830 est,
353 763 446 832 qui
492 763 751 833 cognovit
791 761 1005 818 Patrem
1059 761 1226 817 Deum
1269 761 1547 816 virtutum.
1592 759 1672 814 Ex
1720 759 1816 814 illo

203 867 380 924 puero
421 855 506 910 isti
538 865 668 911 sunt
714 854 897 924 pueri,
929 852 1022 924 qui
1051 854 1198 921 prius
1224 866 1384 924 quam
1425 850 1592 908 sciret
1618 863 1816 906 vocare

203 954 442 1017 patrem,
486 955 578 1000 aut
623 955 877 1011 matrem,
905 943 1110 1014 accepit
1157 943 1410 998 virtutem
1459 942 1735 1008 Damasci,
1763 948 1818 996 et

202 1039 380 1110 spolia
413 1039 693 1098 Samarize.
727 1041 846 1111 Ipse
886 1049 970 1096 est
1010 1055 1141 1108 puer
1172 1039 1262 1109 qui
1310 1050 1469 1095 natus
1495 1048 1578 1096 est
1619 1037 1775 1093 nobis
1797 1080 1811 1102 ,

205 1132 353 1190 ﬁlius
374 1133 464 1204 qui
497 1132 654 1189 datus
682 1141 767 1188 est
787 1132 962 1200 nobis,
993 1133 1146 1205 cujus
1169 1133 1506 1203 principatus
1531 1147 1694 1204 super
1710 1133 1816 1186 hu-

203 1242 390 1284 meros
421 1229 556 1297 ejus.
586 1227 706 1296 Ipse
742 1241 840 1283 nos
864 1227 1049 1282 docuit
1089 1224 1372 1294 pueritiam
1409 1241 1532 1282 esse
1561 1227 1814 1281 virtutem

204 1317 397 1372 dicens
421 1335 436 1371 :
465 1317 634 1373 Sinite
654 1334 855 1388 pueros,
882 1328 928 1372 et
958 1317 1113 1372 nolite
1139 1334 1224 1371 eos
1245 1315 1513 1387 prohibere
1535 1316 1604 1370 ad
1625 1333 1705 1372 me
1730 1333 1814 1372 ve-

204 1409 322 1463 uire
341 1407 492 1480 (an.
511 1425 638 1464 xvm
655 1451 669 1476 ,
698 1409 808 1480 16).
836 1409 902 1464 Et
919 1409 1046 1464 alibi
1079 1427 1092 1464 :
1118 1411 1302 1476 Amen,
1324 1427 1494 1478 amen,
1518 1410 1632 1465 dico
1645 1409 1814 1474 vobis,

209 1503 310 1556 nisi
332 1503 560 1557 conversi
580 1504 811 1574 fueritis,
841 1512 888 1556 et
916 1501 1223 1572 efﬁciamini
1257 1503 1390 1556 sicut
1417 1519 1545 1572 puer
1561 1502 1677 1567 iste,
1714 1518 1819 1558 non

213 1594 534 1650 intrabilisin
551 1611 764 1667 regnum
779 1596 1022 1651 caelorum
1041 1594 1255 1666 (Matth.
1280 1611 1428 1662 xvm,
1448 1593 1528 1666 5).
1549 1594 1668 1665 Ipsa
1687 1612 1820 1664 quo-

215 1705 317 1758 que
350 1687 594 1759 corporis
621 1687 933 1743 fortitudine
972 1689 1122 1757 pueri
1165 1688 1477 1758 plerumque
1517 1689 1662 1742 viros
1703 1689 1819 1742 vin-

216 1787 360 1834 cunt.
401 1780 468 1834 Et
509 1779 694 1849 utique
737 1781 783 1834 si
823 1790 1037 1835 aetatem
1091 1781 1333 1849 pueritia:
1379 1773 1812 1851 consideremus,

1271 366 1337 422 lN
1378 337 1702 422 ps‘ALMus-t
1747 363 1959 420 xxxvi
2005 359 2430 419 ENABItATlO.

205 485 394 554 itaque
417 484 480 537 ad
507 491 686 554 patres
713 483 952 539 scribens
973 524 986 548 ,
1019 489 1257 538 maturos
1284 481 1533 552 designat
1562 479 1682 535 ﬁdei
1713 479 1807 534 do-
1843 487 1885 543 Α

3410 357 3514 416 994

1988 479 2076 534 56.
2119 479 2243 534 Hmc
2282 481 2460 534 omnia
2490 477 2784 532 certamina
2835 477 3000 531 subiit
3043 476 3241 531 Paulus
3291 486 3516 546 aposto-

1919 571 2038 636 lus,
2087 573 2226 627 sicut
2271 573 2388 642 ipse
2435 572 2789 626 demonstrat.
2825 571 3008 640 Itaque
3057 571 3224 625 dicit:
3261 571 3518 638 Quoniam

1917 682 2018 720 non
2051 675 2122 720 est
2151 666 2294 720 nobis
2332 665 2450 736 pale
2479 665 2720 720 adversus
2750 680 2954 718 carnem
2979 671 3024 717 et
3063 664 3366 735 sanguinem
3387 679 3406 728 ;
3431 663 3520 718 sed

1917 759 2162 813 adversus
2209 759 2469 826 principes
2510 768 2557 812 et
2610 766 2918 830 potestates,
2961 767 3009 812 et
3059 757 3148 827 (ut
3199 755 3521 826 compendio

1920 855 2061 926 utar)
2089 855 2333 909 adversus
2372 853 2625 925 nequitias
2655 853 2915 926 spiritales
2960 849 3177 920 (Ep/tes.
3210 867 3294 917 γι,
3321 849 3432 920 12).
3464 848 3520 905 In

1919 944 2124 1001 Latinis
2177 946 2448 1018 plerisque
2498 946 2812 1002 colluctatio
2845 947 3151 1016 reperitur,
3203 944 3257 998 in
3315 942 3520 1000 GI‘IBCiS

1918 1041 2169 1096 ouinibus
2198 1043 2335 1102 πάλη
2359 1042 2649 1109 scribitur;
2674 1042 2809 1101 πάλη
2831 1041 2975 1096 enim
3005 1039 3348 1105 Graecorum,
3381 1039 3519 1094 lucta

1917 1142 2000 1189 est
2029 1133 2365 1191 Latinorum.
2403 1137 2467 1190 Et
2498 1152 2626 1192 vere
2656 1137 2811 1205 pale;
2850 1136 2974 1206 quia
3001 1149 3129 1190 caro
3166 1141 3222 1189 et
3263 1132 3478 1202 sanguis
3503 1171 3521 1197 ,

1919 1243 1972 1284 et
2003 1231 2254 1302 nequitiw
2279 1230 2574 1300 spiritales'
2594 1231 2849 1302 patientia
2881 1241 2936 1287 et
2965 1228 3297 1285 continentia
3328 1241 3524 1296 corpo-

1919 1322 2026 1388 ris,
2068 1332 2123 1379 et
2166 1325 2330 1378 animi
2381 1324 2755 1379 moderatione
2792 1333 3135 1393 superantur.
3178 1321 3296 1384 ira,
3330 1320 3517 1388 furor,

1919 1415 2126 1483 caedes,
2161 1432 2307 1470 arma
2342 1428 2467 1471 sunt
2496 1415 2719 1470 diaboli.
2754 1415 2891 1472 Alibi
2921 1430 3132 1486 quoque
3161 1414 3332 1485 plagis
3355 1427 3522 1482 supra

1921 1508 2138 1562 modum
2185 1522 2386 1562 enisum
2418 1524 2478 1564 se
2520 1523 2641 1564 esse
2683 1507 2952 1578 significat
2995 1507 3182 1561 dicens
3209 1523 3222 1561 :
3254 1504 3320 1559 In
3350 1504 3520 1576 plagis

1920 1619 2077 1672 supra
2107 1601 2340 1668 modum,
2377 1603 2430 1655 in
2457 1601 2706 1656 mortibus
2732 1603 3022 1672 frequenter
3043 1599 3061 1671 (
3083 1600 3124 1654 ll
3147 1597 3264 1652 Cor.
3293 1613 3374 1662 χι,
3398 1595 3519 1669 23).

1921 1695 2310 1767 Hierosolymis
2339 1705 2517 1749 autem
2551 1696 2744 1766 pugnis
2774 1710 2832 1750 se
2863 1709 2985 1750 €330
3030 1708 3343 1764 percussuro
3370 1708 3385 1755 ;
3429 1689 3521 1748 ubi

1920 1806 2044 1846 cum
2095 1790 2582 1847 intervenientibus
2634 1791 2930 1856 militibus,
2978 1788 3270 1860 aliquando
3309 1802 3522 1843 cessas-

213 1890 319 1928 non
352 1881 530 1943 potest
561 1887 691 1941 puer
718 1881 810 1927 aut
839 1888 994 1928 usum
1027 1889 1244 1930 onmem
1264 1873 1537 1941 scire,aut
1559 1875 1666 1930 vim
1682 1875 1813 1930 sub-

1931 1897 2046 1940 sent
2069 1885 2238 1942 Juda-i
2271 1893 2554 1951 percutere
2583 1884 2806 1940 Paulum
2827 1927 2839 1949 ,
2873 1887 2990 1954 ipse
3023 1883 3260 1954 pontifex
3285 1884 3522 1938 Auanias

211 1969 294 2023 ire
329 1967 587 2024 luctandi.
625 1965 883 2022 Novintus
913 1975 1092 2022 tamen
1136 1966 1280 2037 quod
1323 1965 1638 2034 frequenter
1668 1967 1818 2035 pueri

210 2076 352 2129 quos
381 2075 489 2115 non
521 2066 774 2130 poterant
799 2069 1042 2130 portare,
1072 2058 1236 2130 θοι
1260 2058 1526 2114 vicerunt.
1560 2059 1710 2116 Adeo
1740 2057 1820 2113 vi-

206 2167 308 2222 gor
343 2150 510 2206 animi
545 2149 914 2206 inﬁrmitatem
942 2149 1190 2206 excludit
1214 2151 1409 2205 tetatis.

282 2243 375 2298 55.
406 2242 606 2310 Quales
635 2251 816 2298 autem
849 2243 1022 2313 pueri,
1056 2242 1190 2298 tales
1220 2251 1275 2298 et
1310 2242 1530 2314 ephebi,
1564 2244 1665 2298 hoc
1694 2253 1777 2299 est
1799 2286 1814 2312 ,

209 2337 501 2407 spiritales.
528 2336 687 2394 Novit
713 2337 995 2409 Scriptura
1022 2337 1421 2395 adolescentem
1453 2336 1678 2394 Paulum
1704 2337 1816 2408 jam

211 2434 520 2502 proximum
547 2431 892 2488 conversioni
938 2432 1074 2503 (Act.
1120 2447 1231 2497 vn,
1273 2430 1404 2504 57);
1453 2435 1600 2487 novit
1629 2439 1685 2487 et
1713 2431 1821 2486 Eu-

213 2529 434 2597 thycum
481 2525 917 2592 adolescentem,
969 2525 1060 2595 qui
1105 2539 1229 2581 cum
1278 2523 1625 2582 sermonibus
1668 2524 1820 2583 Pauli

218 2622 455 2676 intentus
483 2619 743 2685 haereret,
774 2633 967 2675 somno
998 2620 1171 2672 victus
1197 2618 1264 2674 de
1291 2620 1503 2675 tritecto
1533 2618 1726 2674 cecidit
1765 2627 1822 2674 et

221 2717 510 2772 resurrexit
540 2714 679 2787 (Act.
707 2730 776 2770 xx
798 2756 814 2781 ,
837 2711 925 2785 9);
961 2715 1108 2769 novit
1133 2720 1189 2770 et
1215 2712 1478 2770 Joannem
1507 2713 1824 2770 adolescen-

221 2822 328 2868 tcm
355 2813 408 2868 in
433 2811 632 2868 Christi
664 2821 883 2882 pectore
910 2810 1315 2867 recumbentem
1344 2807 1528 2882 (Joan.
1555 2825 1673 2874 xm,
1700 2808 1819 2880 9.5),

215 2906 306 2976 qui
351 2914 456 2961 tam
488 2905 655 2978 fortis.
687 2903 820 2972 fuit,
854 2915 910 2959 ut
951 2905 1383 2975 persecutionem
1416 2921 1521 2961 non
1561 2905 1816 2970 timeret,

217 3003 418 3058 malum
448 3001 706 3057 vinceret.
742 2999 841 3058 llic
871 3008 956 3056 est
1001 3016 1135 3071 puer
1161 3001 1248 3070 qui
1293 3011 1502 3069 patrem
1533 2999 1820 3067 genitalem

216 3099 438 3170 reliquit
477 3096 694 3166 (Matth.
737 3111 818 3164 tv,
849 3094 976 3169 20),
1005 3106 1224 3153 secutus
1251 3095 1462 3150 Patrem
1506 3109 1628 3150 eum
1662 3107 1822 3161 quem

214 3191 471 3262 cognovit
498 3200 794 3257 aeternum;
826 3188 1144 3246 adolescens
1170 3189 1396 3246 amicms
1424 3188 1651 3244 sindone
1671 3231 1686 3254 ,
1721 3188 1825 3242 Do-

220 3288 424 3343 minum
451 3287 778 3358 sequebatur
809 3295 1052 3356 tempore
1083 3285 1348 3356 passionis
1369 3328 1382 3349 ,
1425 3285 1512 3356 qui
1559 3300 1655 3339 sua
1701 3299 1821 3337 ont-

219 3385 302 3436 nia
335 3381 705 3451 dereliquerat
748 3379 944 3453 (Marc.
987 3396 1104 3442 xiv,
1143 3379 1276 3450 Si);
1325 3379 1621 3445 maturior,
1658 3381 1821 3433 Deum

218 3473 455 3533 Verbum
503 3475 554 3530 in
589 3475 852 3547 principio
900 3475 1016 3545 ipso
1055 3489 1268 3544 semper
1293 3473 1480 3543 {fuisse
1509 3483 1673 3542 atque
1703 3486 1824 3527 esse

213 3568 473 3639 cegnovit
502 3567 682 3641 (Joan.
711 3585 758 3633 ι,
793 3569 818 3622 1
848 3578 893 3622 et
921 3567 1013 3638 2),
1045 3580 1099 3623 et
1131 3583 1351 3624 manere
1388 3568 1439 3623 iu
1469 3583 1528 3622 se
1557 3566 1820 3637 probavit.

290 3665 382 3719 5i.
423 3661 583 3718 Viros
610 3677 823 3733 quoque
850 3661 1128 3732 Scriptura
1159 3676 1258 3716 nos
1285 3659 1472 3716 docuit
1510 3659 1784 3730 spiritales
1803 3701 1819 3728 ,

212 3761 406 3830 Agabo
433 3761 697 3832 preplteta
729 3760 980 3816 dicente:
1020 3759 1201 3814 Virum
1242 3761 1378 3814 hunc
1415 3743 1564 3832 cujus
1593 3767 1662 3813 est
1690 3775 1826 3812 zona

215 3854 350 3922 lucc,
377 3854 448 3909 sic
474 3853 759 3924 alligabunt
785 3851 959 3907 Judwi
986 3852 1039 3905 in
1063 3851 1384 3906 Hierusalem
1415 3850 1550 3924 (Act.
1578 3866 1689 3917 XXI,
1711 3847 1820 3920 li).

221 3946 291 4000 Et
341 3945 530 4001 Festus
561 3945 637 4000 ait
662 3963 676 3999 :
713 3943 806 3999 Vir
827 3944 1040 4015 quidam
1063 3953 1136 3999 est
1162 3945 1367 4000 relictus
1389 3961 1421 3998 a
1448 3941 1624 3998 Felice
1653 3944 1706 3995 in
1733 3958 1825 3995 cu-

213 4035 388 4092 slodia
420 4035 558 4108 (Act.
584 4053 712 4103 xxv,
746 4036 860 4108 M).
893 4037 1035 4094 Ante
1082 4039 1391 4107 passionem
1436 4051 1589 4092 suam
1625 4033 1826 4090 Paulus

214 4129 540 4186 adolescens
571 4129 800 4195 dicitur,
835 4131 884 4184 in
933 4129 1186 4202 passione
1215 4145 1312 4186 sua
1344 4129 1424 4186 vir
1455 4128 1821 4198 signiﬁcatur,

215 4225 312 4292 qui
341 4239 502 4279 cursu
539 4234 947 4291 consummato,
977 4230 1127 4280 esset
1169 4223 1281 4294 jam
1314 4223 1594 4296 proximus
1622 4222 1689 4277 ad
1733 4235 1826 4277 co-

217 4332 434 4374 ronam.

428 4410 789 4485 Cognovimus
836 4420 1028 4469 aetates
1076 4428 1178 4485 pro
1227 4411 1334 4469 ﬁde
1377 4421 1434 4470 et
1472 4423 1497 4452 ιι
1538 4411 1828 4468 devotione

218 4515 534 4576 certantes,
573 4521 966 4578 cognoscamus
1011 4506 1177 4564 etiam
1224 4521 1422 4578 genera
1467 4508 1827 4564 certaminum

217 4601 581 4672 singulorum.
616 4601 745 4659 Htcc
773 4616 988 4673 quoque
1032 4600 1328 4672 Scriptura:
1366 4615 1467 4658 nos
1509 4601 1705 4658 doceat
1751 4607 1832 4658 te-

220 4711 349 4752 nor.
383 4694 438 4750 lu
468 4695 571 4752 hoc
595 4696 775 4768 itaque
801 4696 1047 4754 sreculari
1071 4711 1248 4767 agone
1268 4695 1360 4752 alii
1387 4703 1550 4764 sunt,
1577 4694 1668 4766 qui
1699 4694 1829 4748 sim-
1852 4729 1906 4789 Β

221 4789 352 4858 plici
385 4788 616 4858 quodam
647 4795 704 4844 et
743 4787 981 4860 legitimo
1022 4803 1217 4858 genere
1246 4788 1553 4854 luctantur,
1594 4797 1647 4842 et
1690 4786 1825 4858 liga-

224 4883 366 4937 turis
411 4889 618 4937 tantum
667 4882 913 4950 corporis
953 4889 1202 4947 certant,
1233 4880 1525 4936 verberare
1568 4895 1678 4934 non
1729 4893 1829 4934 no-

224 4987 396 5040 runt,
447 4975 539 5045 qui
587 4974 877 5046 palestritaa
924 4983 1223 5038 vocantur;
1256 4973 1350 5029 alii
1397 4973 1488 5044 qui
1534 4973 1736 5028 ca‘dem
1779 4983 1834 5027 et

230 5069 470 5141 pulveris
493 5068 696 5138 jactum
722 5067 750 5106 ι»
775 5069 1141 5126 membrorum
1173 5066 1401 5123 nexibus
1432 5067 1688 5130 miscent,
1718 5081 1836 5122 om-

230 5163 288 5219 ni
319 5162 419 5216 sibi
449 5162 767 5219 verberandi
792 5162 913 5233 jure
943 5162 1207 5234 permisso
1232 5177 1244 5214 :
1279 5170 1301 5199 ο
1325 5173 1461 5231 quos
1493 5158 1838 5230 pammacha—

233 5257 348 5313 rios
380 5266 603 5324 vocant,
638 5271 703 5312 eo
732 5256 874 5327 quod
901 5256 1079 5312 omnis
1111 5254 1220 5311 litis
1244 5263 1301 5309 et
1325 5268 1518 5324 pugnae
1545 5253 1836 5310 adversum

235 5367 298 5407 se
343 5351 577 5407 habeant
604 5360 966 5422 potestatem;
1015 5352 1104 5406 alii
1139 5350 1230 5422 qui
1275 5347 1512 5407 cestibus
1553 5348 1840 5404 adversum

237 5459 300 5500 se
338 5445 673 5512 decernunt,
703 5455 758 5500 et
795 5444 1102 5501 dilaceratis
1150 5443 1417 5516 capitibus
1439 5485 1453 5511 ,
1483 5441 1836 5499 cruciantur:

241 5538 295 5593 hi
323 5540 515 5598 πύκται
544 5542 812 5597 feruntur.

319 5713 343 5740 ει
373 5704 448 5759 Ita
478 5703 636 5759 Rom.
679 5703 809 5761 edit.
859 5719 980 5760 cum
1028 5718 1122 5760 sex
1168 5719 1298 5761 mss.
1339 5703 1462 5761 Vet.
1510 5714 1688 5761 autem
1719 5719 1845 5761 cum

245 5775 386 5852 Vict.
438 5786 492 5831 et
535 5774 691 5832 Colb.
743 5776 1006 5852 devotione
1051 5777 1358 5832 certantium
1401 5795 1420 5831 :
1467 5794 1841 5852 cognoscamus

249 5849 400 5922 etiam
425 5852 707 5922 certamina
735 5849 1072 5922 singulorum.

321 5920 348 5960 ι)
378 5921 513 5993 Reg.
548 5920 668 5978 cod.
687 5965 702 5990 ,
732 5920 1075 5980 meinbrorunt
1105 5922 1298 5980 nisibus
1326 5923 1556 5980 miscent.

1919 1979 2395 2036 circumstantibus
2421 1980 2583 2050 jussit
2609 1991 2892 2051 percutere
2921 1995 2981 2033 os
3005 1982 3120 2049 ejus
3141 2021 3155 2046 ,
3180 1980 3267 2045 eui
3297 1992 3523 2048 respon-

1919 2073 1998 2128 dit
2024 2073 2318 2144 Apostolus
2346 2090 2359 2127 :
2391 2073 2948 2146 Percuteretejncipiet
2981 2071 3140 2138 Deus,
3173 2073 3346 2142 paries
3369 2070 3518 2126 deal-

1921 2167 2052 2220 bate.
2085 2165 2154 2220 'Et
2191 2177 2249 2222 tu
2280 2167 2462 2222 sedens
2490 2168 2694 2234 iudicas
2752 2184 2832 2222 me
2885 2167 3168 2222 secundum
3210 2163 3434 2238 Legem,
3473 2172 3525 2222 et

1921 2271 2065 2316 extra
2091 2261 2280 2334 Legem
2297 2261 2450 2334 jubes
2479 2279 2558 2316 me
2594 2264 2791 2331 percuti
2832 2261 2970 2332 (Act.
3017 2276 3182 2326 χχιιι,
3219 2261 3314 2333 3)?
3353 2261 3526 2317 Scivit

1922 2351 2164 2422 profecto
2193 2353 2419 2410 referire
2442 2395 2459 2420 ,
2487 2353 2580 2423 qui
2605 2354 2855 2423 graviore
2882 2367 3061 2424 pugno
3091 2353 3399 2423 pontiﬁcem
3429 2367 3522 2409 re-

1923 2448 2190 2517 percussit
2215 2463 2228 2513 ;
2262 2448 2375 2517 ipse
2401 2447 2542 2504 enim
2583 2447 2942 2518 corporaliter
2971 2460 3145 2503 catsus
3173 2453 3259 2502 est
3283 2463 3296 2499 :
3330 2445 3408 2502 illi
3437 2459 3525 2504 re-

1924 2537 2046 2594 tulit
2096 2538 2237 2608 quod
2283 2539 2338 2595 in
2390 2541 2626 2595 animam
2679 2547 3136 2611 percateretur‘a
3178 2538 3417 2594 Christo.
3465 2539 3527 2597 in

1923 2633 2094 2701 prima
2125 2646 2339 2703 quoque
2375 2633 2608 2705 epistola
2653 2635 2720 2689 ad
2758 2633 3070 2690 Corinthios
3106 2633 3352 2690 scribens
3389 2637 3466 2691 ait
3500 2649 3519 2692 :

1925 2723 2038 2794 Ego
2069 2725 2232 2796 igitur
2259 2727 2335 2781 sic
2363 2743 2542 2795 curro,
2577 2742 2682 2781 non
2712 2735 2766 2780 ut
2795 2727 2848 2781 in
2878 2727 3128 2780 incertum
3151 2741 3172 2781 .'
3211 2727 3286 2781 sic
3324 2725 3523 2798 enitor,

1925 2835 2027 2872 non
2055 2828 2110 2874 ut
2133 2835 2257 2874 aera
2283 2820 2483 2875 credens
2511 2819 2554 2890 (Ι
2579 2817 2702 2875 Cor.
2726 2835 2801 2887 tx,
2828 2816 2941 2890 16).
2971 2819 3124 2887 Quod
3149 2818 3343 2876 Latine
3368 2819 3525 2890 dixit,

1926 2914 2110 2983 enitor,
2133 2915 2298 2990 802
2321 2915 2508 2972 Graece
2529 2916 2626 2984 ait,
2643 2918 2898 2972 πυκτεὺω.
2925 2915 2994 2971 Ει
3021 2931 3148 2970 vere
3175 2917 3328 2989 quasi
3353 2914 3530 2971 bonus

1927 3019 2080 3082 pycta
2109 3053 2122 3076 ,
2151 3027 2257 3064 non
2299 3026 2480 3066 aerem
2501 3053 2516 3076 ,
2546 3009 2643 3067 sed
2681 3010 2860 3066 aerias
2889 3017 3188 3078 potestates
3211 3019 3266 3067 et
3313 3009 3531 3068 Judaeu-

1926 3120 2044 3157 rum
2086 3105 2260 3174 capita
2305 3105 2660 3171 verberabat;
2694 3106 2817 3176 quia
2863 3112 3026 3174 caput
3062 3105 3302 3162 omnium
3342 3103 3528 3163 Jesum

1931 3197 2218 3252 Dominum
2248 3213 2355 3254 non
2386 3197 2678 3254 habebant.
2727 3199 2783 3253 ln
2816 3200 2963 3254 omni
3002 3197 3186 3269 itaque
3232 3199 3531 3258 certamine

1929 3293 2221 3364 Apostolus
2250 3305 2334 3349 est
2379 3293 2666 3365 probatus,
2701 3295 2793 3366 qui
2839 3294 3004 3350 etiam
3042 3311 3301 3351 coronam
3338 3311 3534 3352 cursus

1928 3385 2284 3441 consummati
2315 3386 2542 3457 accepit.
2577 3386 2732 3443 Unde
2770 3397 2826 3444 et
2865 3388 2980 3454 ipse
3023 3388 3099 3444 ait
3123 3405 3144 3448 .‘
3189 3386 3377 3444 Omnia
3410 3404 3535 3457 pos-

1927 3495 2040 3532 sunt
2065 3479 2117 3532 in
2145 3496 2202 3533 eo
2230 3479 2316 3549 qui
2345 3496 2426 3535 nte
2453 3479 2710 3550 confortat
2743 3478 3004 3552 (Philipp.
3029 3496 3109 3548 tv,
3135 3480 3246 3554 i5).

1999 3573 2089 3627 57.
2132 3571 2305 3628 liabet
2331 3583 2385 3628 et
2412 3571 2680 3641 Christus,
2707 3574 2798 3645 qui
2827 3573 2879 3630 in
2913 3573 3134 3644 pueritia
3163 3589 3260 3631 sua
3291 3574 3393 3632 sevi
3417 3588 3535 3634 ma-

1927 3670 2076 3720 turos
2101 3665 2358 3732 vicerint;
2390 3675 2447 3720 ut
2481 3666 2666 3722 Daniel
2694 3681 2830 3736 puer
2855 3665 3050 3737 Spiritu
3076 3667 3256 3724 valido
3285 3667 3532 3725 seniores

1926 3758 2048 3814 illos
2074 3761 2352 3831 redarguit
2386 3760 2698 3816 Judaeorum
2725 3804 2740 3828 ,
2773 3770 2828 3818 et
2873 3761 2940 3817 de
2968 3762 3204 3818 victoria:
3227 3764 3352 3832 jure
3380 3763 3534 3833 deje-

1927 3851 2003 3906 cit
2030 3851 2086 3906 in
2119 3867 2371 3909 mortem.
2405 3855 2576 3910 liabet
2601 3864 2656 3910 et
2681 3855 2848 3922 alios,
2878 3857 2967 3926 qui
2997 3857 3312 3935 priusquam
3345 3871 3534 3914 nasce-

1928 3956 2116 4002 rentur
2135 3990 2150 4014 ,
2181 3948 2232 4003 in
2262 3949 2450 4004 matris
2480 3960 2671 4005 ventre
2701 3949 2883 4006 luctati
2912 3959 3057 4004 sunt.
3091 3951 3334 4022 Denique
3361 3950 3534 4012 Jacob

1931 4040 2153 4096 fratrem
2199 4042 2568 4112 supplantavit
2615 4042 2788 4109 Esau,
2829 4054 2883 4099 ct
2926 4042 3128 4098 malum
3168 4044 3334 4110 vicit;
3368 4053 3533 4116 atque

1929 4134 2000 4189 ita
2028 4135 2096 4190 de
2127 4144 2283 4191 utero
2312 4136 2501 4191 matris
2538 4133 2740 4204 exivit,
2772 4147 2831 4191 ut
2857 4135 3102 4192 victoria:
3131 4137 3344 4208 insigne
3373 4152 3534 4194 mou-

1930 4237 2164 4296 straret,
2199 4240 2253 4286 et
2283 4231 2474 4302 pedem
2521 4231 2752 4286 senioris
2777 4230 3066 4303 degeneris
3099 4234 3272 4289 victor
3299 4234 3533 4290 inverte-

1930 4328 2034 4376 ret.
2063 4322 2365 4380 llieremias
2408 4324 2465 4379 in
2511 4324 2664 4378 vulva
2714 4327 2904 4379 matris
2950 4327 3319 4384 sanctiﬁcatus
3357 4337 3439 4384 est
3476 4335 3536 4384 et

1932 4415 2211 4484 probatus.
2243 4415 2479 4474 Joannes
2508 4416 2751 4489 Baptista
2778 4416 3084 4488 Principem
3113 4421 3304 4492 agonis
3341 4419 3530 4476 huma-

1932 4513 1986 4565 ni
2013 4556 2026 4579 ,
2060 4511 2569 4584 prmmiatoremque
2599 4511 2952 4580 luctantium,
2982 4512 3211 4570 necdum
3251 4523 3409 4571 natus
3439 4531 3532 4570 ve-

1933 4605 2078 4661 nisse
2115 4604 2408 4678 cognovit,
2435 4615 2600 4677 atque
2627 4607 2679 4661 in
2716 4615 2870 4662 utero
2908 4608 3099 4662 matris
3139 4607 3398 4664 exsiliens
3433 4608 3538 4678 pie

1932 4700 2178 4756 bravium
2224 4700 2582 4758 confessionis
2608 4701 2859 4758 emeruit.
2890 4700 3060 4758 Recte
3098 4701 3212 4771 jam
3243 4711 3368 4757 tunc
3394 4700 3539 4758 desi-

1932 4801 2125 4864 gnatus
2164 4801 2248 4850 est
2283 4793 2352 4850 ad
2381 4808 2661 4862 coronam,
2690 4793 2784 4865 qui
2828 4803 2957 4849 ante
2987 4808 3178 4849 omnes
3225 4793 3292 4848 ad
3331 4790 3539 4849 Christi

1933 4902 2160 4958 agonem
2191 4886 2317 4942 ﬁdei
2359 4887 2514 4943 teStis
2557 4896 2613 4940 et
2658 4901 2837 4958 praeco
2883 4885 3096 4942 virtutis
3135 4901 3293 4942 suum
3336 4903 3536 4944 nomen

1935 4981 2225 5037 obtulerat.
2257 4982 2439 5038 Bonus
2469 4996 2679 5052 pra:co,
2707 4983 2798 5053 qui
2844 4981 2912 5037 ad
2951 4991 3229 5038 certamen
3274 4981 3413 5038 alios
3441 4997 3539 5038 ex-

1941 5075 2158 5130 citabat.
2191 5075 2260 5130 Et
2288 5089 2416 5131 vere
2445 5074 2619 5132 bonus
2660 5089 2868 5145 prteco;
2901 5075 2990 5146 qui
3021 5085 3128 5130 tam
3169 5090 3362 5146 magna
3407 5091 3542 5134 voce

1943 5167 2228 5233 clamavit,
2263 5179 2319 5221 ut
2349 5167 2416 5222 ad
2448 5166 2566 5238 ejus
2595 5182 2790 5223 sonum
2834 5175 3045 5224 secreta
3083 5168 3327 5225 caelestia
3372 5167 3544 5226 resul-

1945 5269 2144 5317 tarent.
2172 5261 2315 5330 Quid
2347 5263 2548 5317 multa?
2571 5261 2794 5317 Terram
2827 5260 3022 5326 movit,
3050 5260 3252 5320 ctelum
3279 5260 3542 5332 implevit.

1945 5354 2180 5426 Ideoque
2211 5355 2361 5411 vocis
2389 5370 2587 5411 nornen
2618 5354 2861 5424 accepit;
2895 5355 3018 5425 quia
3045 5352 3284 5410 Verbum
3317 5353 3413 5409 Dei
3440 5369 3545 5412 vox

1947 5457 2158 5504 sacrata
2197 5450 2510 5519 praecessit,
2551 5447 3006 5520 quemadmodum
3052 5447 3170 5518 ipse
3215 5463 3316 5504 nos
3357 5447 3546 5504 docuit

1951 5543 2177 5600 dicens:
2206 5541 2320 5616 Ego
2357 5561 2456 5600 vox
2491 5542 2763 5600 clamantis
2803 5543 2858 5598 in
2895 5542 3094 5620 deserto
3138 5537 3316 5614 (Ioan.
3346 5556 3400 5608 ι,
3427 5539 3547 5614 25).

2031 5719 2052 5746 ο
2084 5705 2286 5764 Omnes
2313 5707 2445 5763 edit.
2470 5748 2486 5772 ,
2533 5723 2660 5779 quos
2689 5704 3019 5780 παμμάχούς
3058 5712 3333 5780 vocapt._._..
3364 5703 3549 5780 capiti-

1952 5780 2418 5908 bus‘cruentantur
2457 5795 2476 5836 :
2521 5773 2710 5838 omnes
2758 5773 3115 5838 iu'ss."sallem
3159 5773 3352 5834 Gallic.
3399 5773 3457 5833 ut
3491 5775 3548 5834 in

1957 5863 2042 5910 lex
2075 5869 2130 5910 u.
