4048 6388
549 277 656 354 eos
986 273 990 277 ’
1905 285 2114 346 SANC'l

2219 277 2515 356 multost:
3759 317 3865 376 sse

543 396 696 460 pExit
725 395 828 452 hoc
855 396 1040 452 Esaias
1067 396 1332 468 preplicta
1367 413 1380 450 :
1413 398 1479 452 de
1509 410 1570 452 se
1597 397 1798 453 dictum
1831 400 1932 456 iste
1964 402 2144 458 lirma-
2171 410 2218 468 Α
2247 406 2500 467 Numeris
2525 414 2667 482 quod
2711 428 2896 474 rursus
2937 417 3150 493 Moyses
3183 425 3416 496 tetigerit
3460 438 3675 500 petram
3707 432 3860 502 virga

545 492 622 544 vit
661 490 831 562 (Euri.
859 508 960 557 χι,
988 491 1064 561 5).
1101 491 1416 547 Audivimus
1449 493 1576 562 quid
1611 492 1748 548 dixit
1775 510 1994 565 pricco:
2027 497 2138 552 Pa-

537 593 650 636 rate
675 583 810 636 uiam
837 582 1074 650 Domini,
1105 592 1268 637 rectas
1293 584 1450 654 facile
1485 584 1692 639 semitas
1730 586 1842 656 ejus
1872 586 2052 656 (Ioan.
2081 605 2098 644 ι
2122 632 2138 660 ,

541 673 659 744 23).
683 675 808 733 llaec
825 684 908 730 est
933 691 1031 729 vox
1061 675 1350 744 singularis
1373 687 1426 730 et
1449 677 1590 740 sola,
1614 686 1721 732 tam
1746 694 1973 748 sonora,
1993 691 2052 735 ut
2071 682 2140 736 ab

539 769 792 824 omnibus
819 768 1127 837 audiretur;
1161 779 1268 824 tam
1301 768 1505 837 dulcis,
1531 779 1588 824 ut
1615 773 1994 828 universorum
2017 790 2136 830 cor-

536 861 601 916 da
635 862 917 917 mulceret.
947 865 1085 920 Istos
1115 878 1246 934 ergo
1276 863 1507 918 athletas
1547 879 1672 918 suos
1717 865 1972 921 Dominus
2000 884 2135 923 con-

535 953 771 1010 firmavit
799 965 854 1011 ut
883 957 1198 1023 vincerent;
1233 973 1524 1027 numquam
1564 957 1708 1013 enim
1738 974 1866 1015 suos
1898 960 2132 1028 deserit,

532 1058 586 1102 et
613 1047 886 1118 relinquit.

606 1143 694 1198 58.
739 1143 919 1214 (Vcrs.
947 1141 1066 1216 25.)
1093 1143 1160 1198 Et
1188 1143 1310 1199 ideo
1340 1143 1550 1200 addidit
1578 1143 1847 1215 PrOpbeta
1873 1162 1886 1198 ε
1918 1145 2134 1200 Juvenis

532 1233 610 1302 fni
630 1274 646 1298 ,
677 1245 725 1288 et
751 1237 938 1290 senui:
965 1236 1042 1290 sic
1067 1235 1282 1303 Latini;
1313 1236 1476 1307 aliqui
1517 1251 1696 1292 autem
1727 1238 1882 1308 juxta
1912 1237 2134 1296 Graecos

529 1315 732 1381 habent
757 1345 770 1380 :
798 1327 1016 1383 Juvenis
1041 1329 1120 1401 fui
1140 1371 1156 1397 ,
1187 1331 1371 1385 etenim
1398 1331 1576 1398 senui,
1604 1341 1649 1384 et
1680 1347 1781 1384 non
1809 1330 1915 1385 vidi
1935 1334 2132 1398 iustum

528 1420 866 1488 derelictum,
908 1438 1002 1476 nec
1037 1439 1208 1476 semen
1252 1425 1364 1494 ejus
1409 1440 1640 1492 quwrens
1671 1440 1878 1495 panem.
1912 1423 2131 1496 Simpli-

529 1514 667 1569 citer
697 1515 789 1585 qui
821 1516 934 1571 vult
979 1517 1315 1588 intelligere,
1352 1529 1508 1588 patet
1548 1533 1741 1573 sensus
1765 1561 1780 1586 ,
1819 1520 1962 1590 quod
2006 1521 2130 1576 vita:

527 1629 642 1669 sua:
675 1621 923 1685 tempore
959 1614 1129 1670 David
1161 1633 1266 1670 non
1300 1615 1495 1671 viderit
1535 1616 1740 1686 justum
1787 1616 2125 1672 derelictum.

525 1707 636 1768 Sed
669 1708 770 1761 hoc
809 1718 864 1762 et
895 1708 1071 1762 brevis
1103 1709 1363 1778 temporis
1401 1717 1524 1776 est,
1557 1719 1611 1763 et
1655 1707 2011 1774 incredibile;
2056 1709 2128 1762 si-

2246 499 2444 572 (Num.
2491 520 2556 558 xx
2584 547 2598 571 ,
2649 507 2707 562 ll
2735 507 2790 580 ),
2843 518 2896 566 et
2937 515 3280 573 scaturiverit
3321 499 3753 594 aquaipatribus
3795 499 3864 580 ad

2247 594 2580 690 bibendum;
2605 603 2869 670 praeclare
2895 605 3185 682 Apostolus
3214 612 3318 670 hoc
3345 616 3744 690 interpretatus
3779 630 3868 676 est

2241 685 2427 744 dicens
2453 707 2468 742 :
2508 688 2753 748 Bibebant
2782 706 2952 752 autem
2977 699 3042 754 de
3067 705 3394 775 censequenti
3421 685 3510 764 eos
3538 721 3698 780 petra
3723 728 3739 777 ;
3771 730 3867 783 pe-

2240 791 2322 878 tra
2343 793 2512 837 autem
2533 796 2643 841 erat
2673 787 2908 846 Christus
2929 792 2982 865 (Ι
3006 792 3125 850 Cor.
3152 815 3187 853 ι
3205 841 3221 868 ,
3251 799 3332 873 4).
3361 802 3488 860 Illos
3517 805 3695 878 igitur
3723 823 3868 878 que-

2239 874 2421 943 rulos,
2461 879 2585 934 illos
2623 898 3060 958 murmurantes,
3091 889 3217 947 illos
3259 874 3690 964 praivaricantes
3715 874 3868 967 ,ἰδ-

2239 981 2361 1020 men
2396 985 2502 1024 non
2530 971 2816 1030 deserebat
2846 977 3108 1038 Dominus
3131 1025 3148 1051 ,
3189 986 3282 1040 sed
3317 991 3681 1061 sequebatur.
3715 995 3866 1062 Quid

2237 1061 2305 1160 de
2341 1063 2456 1118 Elia
2495 1076 2551 1122 et
2600 1067 2800 1127 Elismo
2837 1072 3044 1142 dicam,
3086 1079 3283 1150 quibus
3319 1099 3416 1154 per
3457 1085 3682 1142 deserta
3725 1103 3866 1160 gn-

2235 1155 2514 1216 dientibus
2540 1163 2662 1232 equi
2691 1164 2760 1220 de
2785 1167 2928 1223 ctelo
2949 1210 2964 1234 ,
2997 1180 3052 1227 et
3089 1172 3280 1244 igneus
3323 1191 3515 1232 currus
3557 1155 3868 1236 occurrit!

2234 1248 2518 1318 Quomodo
2559 1255 2852 1314 derelictus
2887 1261 3074 1332 Elias,
3103 1268 3193 1336 qui
3222 1278 3308 1323 est
3346 1271 3606 1327 invitatus
3629 1289 3664 1327 a
3697 1274 3869 1330 Chri-

2233 1351 2318 1396 sto
2357 1343 2577 1416 (Mauli.
2616 1365 2745 1414 xvn,
2777 1349 3175 1428 5)?quomodo
3199 1361 3497 1420 derelictus
3547 1366 3602 1420 in
3647 1369 3866 1434 terris,

2233 1437 2324 1506 qui
2365 1448 2550 1516 raptus
2594 1442 2662 1496 ad
2707 1445 2954 1502 caelum?
2990 1452 3263 1519 quomodo
3305 1469 3512 1526 egenus
3561 1468 3614 1513 et
3667 1460 3866 1515 nudus

2237 1541 2294 1587 et
2341 1534 2550 1603 inanis,
2596 1539 2688 1608 qui
2723 1542 2990 1612 geminati
3021 1545 3247 1615 spiritus
3277 1548 3654 1608 hiereditatem
3689 1555 3864 1617 disci-

2227 1627 2361 1696 pulo
2389 1629 2679 1702 dereliquit
2703 1651 2718 1699 ;
2761 1645 2820 1691 ut
2849 1652 2952 1692 una
2983 1641 3239 1698 melolide
3263 1643 3444 1704 haeres
3469 1647 3717 1706 donatus
3749 1651 3856 1705 llu-

2234 1721 2353 1774 vios
2380 1723 2637 1786 sisteret.
2687 1726 2980 1786 Jordanem
3028 1745 3312 1792 revocaret
3355 1741 3412 1793 in
3458 1741 3664 1798 fontem
3695 1784 3712 1806 .
3761 1758 3853 1799 re-

524 1799 744 1869 quidem
775 1800 978 1854 multos
1005 1801 1248 1856 videmus
1273 1800 1329 1856 in
1355 1803 1556 1856 saeculo
1581 1801 1754 1867 iustos
1796 1803 1864 1856 ab
1893 1803 2125 1856 bomini-
2155 1817 2206 1880 Β
2230 1827 2354 1882 gum
2385 1819 2655 1872 exercitus
2683 1833 2934 1890 pascere;
2963 1825 3018 1882 ίη
3049 1828 3270 1886 deserto
3291 1872 3306 1897 ,
3335 1841 3392 1887 ej
3417 1843 3613 1903 ροωω
3652 1799 3846 1891 siue”-

524 1891 625 1948 bus
652 1893 952 1965 derelinqui
974 1936 989 1962 ,
1022 1895 1235 1965 quando
1265 1911 1359 1949 eos
1393 1895 1560 1966 aliqui
1599 1897 1902 1966 potentium
1941 1911 2127 1966 persc-

525 1998 793 2054 quuntur;
835 1998 889 2042 et
930 1988 1107 2042 nullus
1136 1989 1201 2043 ad
1235 2004 1328 2043 eos
1367 1988 1534 2044 audet
1580 1989 1876 2054 accedere,
1905 2005 2029 2044 cum
2071 1990 2124 2044 in

521 2080 719 2156 timore
762 2091 850 2138 aut
892 2083 944 2137 in
992 2082 1190 2154 injuria
1231 2084 1426 2139 viderit
1470 2085 1812 2140 constitutos.
1841 2083 1995 2140 Unde
2023 2083 2126 2140 Job

521 2175 691 2232 dicit:
723 2173 944 2233 Fratres
984 2181 1083 2233 mei
1113 2180 1483 2244 discesserunt,
1517 2189 1834 2252 agnoverunt
1859 2190 2126 2234 extraneos

524 2272 687 2342 magis
715 2289 870 2343 quam
901 2289 979 2327 me
1002 2289 1021 2327 :
1052 2274 1206 2328 amici
1234 2275 1335 2328 mei
1364 2273 1792 2329 immisericordes
1819 2274 1940 2343 facti
1968 2285 2123 2342 sunt;

515 2374 569 2428 et
606 2366 692 2434 qui
737 2382 817 2419 me
860 2375 1147 2432 noverant,
1187 2367 1333 2420 obliti
1363 2376 1480 2422 sunt
1526 2383 1711 2421 nomen
1754 2383 1924 2422 meum
1968 2365 2122 2438 (Job.

519 2474 644 2536 xix,
676 2461 788 2528 15).
821 2460 986 2515 David
1031 2476 1246 2532 quoque
1275 2475 1382 2516 non
1414 2463 1590 2516 solum
1631 2461 1952 2516 destitutum
1979 2478 1994 2526 ;
2026 2463 2122 2518 sed

517 2553 681 2606 etiam
719 2549 1090 2622 impugnatum
1125 2569 1184 2608 se
1235 2553 1301 2608 ab
1329 2554 1559 2622 ;amicis
1599 2564 1653 2609 et
1711 2554 1971 2623 proximis
2013 2553 2125 2610 cla-

519 2651 668 2696 mat:
702 2642 903 2708 Amici,
935 2644 1146 2714 inquit,
1176 2646 1277 2698 mei
1301 2654 1348 2698 et
1373 2647 1595 2716 proximi
1621 2647 1720 2702 mei
1744 2648 2015 2702 adversum
2044 2663 2124 2702 me

515 2719 1059 2807 appropinquaverunt
1085 2735 1257 2808 (Psal.
1283 2753 1504 2806 xxxv",
1537 2738 1648 2810 ιε).
1682 2740 1822 2810 Ergo
1851 2740 1896 2795 si
1935 2741 1988 2793 in
2020 2739 2123 2795 hoc

511 2827 714 2881 smculo
768 2829 1113 2898 reperiuntur
1165 2830 1293 2896 justi
1349 2829 1637 2896 derelicti,
1689 2833 1966 2902 quomodo
2017 2833 2119 2888 sibi

507 2923 782 2978 contraria
823 2922 957 2978 dixit
1005 2923 1218 2990 David;
1277 2924 1381 2978 nisi
1436 2925 1709 2997 intelligas
1755 2927 1906 2997 quod
1941 2925 2122 2996 justus

509 3015 610 3069 etsi
649 3015 704 3068 in
745 3018 946 3070 saeculo
986 3015 1419 3088 derelinquitur,
1452 3034 1483 3071 a
1516 3017 1746 3072 Domino
1786 3029 1965 3074 tamen
2011 3034 2118 3073 non

509 3102 938 3178 derclinquitur?
965 3106 1148 3178 Neque
1171 3109 1314 3162 enim
1341 3108 1444 3163 Job
1470 3125 1590 3163 cum
1618 3120 1767 3165 esset
1795 3109 1850 3164 in
1878 3120 2121 3166 stercore

2227 1907 2374 1962 tibus
2409 1910 2790 1969 ministraret?
2834 1915 2917 1976 Ad
2961 1917 3081 1986 ejus
3119 1921 3407 1980 arbitriqu
3437 1925 3508 1981 de
3537 1927 3684 1984 celo
3709 1943 3835 1998 pro—

2224 1997 2470 2060 ﬂuebant
2499 2007 2695 2074 pocula
2717 2050 2734 2072 ,
2761 2009 2818 2066 in
2845 2012 3009 2068 terris
3035 2017 3238 2072 mortui
3276 2021 3664 2089 resurgebant.

2231 2095 2393 2150 modo
2423 2098 2721 2158 derelictus
2745 2112 2836 2160 est
2862 2105 3120 2174 Eiisaaus,
3148 2111 3240 2180 qui
3277 2125 3400 2170 cum
3427 2113 3700 2186 Syrorum
3730 2118 3842 2172 val-

2229 2186 2373 2243 latus
2411 2201 2560 2246 esset
2601 2196 2880 2264 exercitu,
2917 2209 2978 2256 ut
3024 2204 3271 2272 captivus
3315 2218 3608 2277 raperetur
3651 2211 3722 2268 ad
3753 2226 3844 2268 re-

2226 2297 2350 2352 gem
2366 2324 2388 2347 .,
2419 2283 2634 2342 dicente
2669 2287 2818 2352 Giezi
2859 2305 3059 2348 servo:
3095 2294 3346 2363 Domine.
3376 2299 3501 2368 quid
3539 2303 3838 2372 (Mus,

2223 2378 2303 2432 ait
2341 2392 2359 2430 :
2401 2375 2531 2432 Noli
2575 2379 2783 2446 timere,
2843 2385 3086 2454 quoniam
3135 2389 3307 2457 plures
3357 2391 3631 2446 nobiseum
3674 2376 3836 2463 ἐπει,

2223 2483 2380 2538 quam
2407 2484 2526 2522 cum
2557 2472 2684 2528 illis.
2715 2471 2784 2528 Et
2817 2474 2953 2531 dixit
2976 2493 2995 2532 :
3024 2477 3272 2549 Domine,
3305 2485 3449 2553 aperi
3477 2486 3670 2542 oculos
3693 2491 3837 2561 ejus,

2225 2571 2284 2613 ut
2310 2562 2498 2618 videat.
2526 2565 2596 2619 Et
2625 2569 2791 2637 aperti
2815 2585 2936 2626 sunt
2961 2574 3100 2628 oculi
3133 2579 3250 2648 ejus
3269 2619 3283 2642 ,
3313 2589 3358 2632 et
3382 2580 3509 2634 vidit
3533 2594 3778 2638 montem
3797 2595 3833 2636 et

2217 2655 2401 2716 omnia
2431 2656 2483 2709 in
2511 2660 2730 2713 circuitu
2757 2662 2901 2732 equis
2929 2664 3218 2721 innumeris
3255 2679 3300 2722 et
3325 2671 3616 2727 calestibus
3645 2677 3830 2746 repleta

2227 2745 2510 2840 legionibus
2541 2751 2632 2820 (ιν
2666 2751 2795 2826 Reg.
2826 2772 2876 2810 vt
2897 2797 2913 2823 ,
2944 2757 3010 2812 16
3037 2769 3088 2814 et
3116 2761 3228 2831 17).
3261 2762 3460 2820 Paulus
3483 2745 3721 2839 quoque
3747 2773 3830 2840 qui

2226 2837 2399 2908 dixit,
2435 2845 2692 2912 periculis
2723 2847 2776 2902 in
2805 2851 2972 2918 mari,
3003 2854 3262 2924 periculis
3281 2856 3339 2912 in
3369 2837 3593 2916 deserto
3623 2837 3690 2917 se

2219 2930 2482 3001 jactatum
2513 2935 2594 3008 (ll
2623 2937 2743 2992 Cor.
2771 2955 2860 3006 xi,
2887 2941 2981 3016 ‘26)
3000 2985 3014 3011 ,
3044 2952 3220 3002 tamen
3250 2949 3367 3024 ipse
3397 2952 3732 3010 testiﬁcatus
3755 2966 3835 3013 est

2224 3025 2451 3081 dicens:
2487 3029 2548 3084 Si
2583 3029 2727 3086 Deus
2773 3050 2870 3105 pro
2908 3037 3087 3102 nobis,
3128 3040 3242 3109 quis
3269 3052 3450 3098 contra
3489 3062 3590 3099 nos
3631 3048 3832 3118 (Rom.

2225 3133 2353 3184 vni,
2389 3119 2533 3194 51)?
2573 3121 2717 3194 Ergo
2754 3127 2798 3179 si
2842 3127 2933 3183 ille
2969 3130 3292 3208 derelictus,
3333 3144 3387 3190 et
3423 3135 3724 3196 destitutus
3766 3142 3836 3197 ab

500 3199 655 3294 (Job.
684 3219 755 3270 ιι,
788 3204 847 3269 5)
873 3245 887 3269 ,
929 3218 957 3257 a
1002 3203 1229 3258 Domino
1256 3203 1550 3260 derelictus
1578 3211 1698 3269 est,
1729 3219 1888 3275 quem
1941 3206 1994 3258 in
2024 3218 2120 3258 an-
2146 3203 2192 3268 C
2227 3211 2538 3269 hominibus
2558 3256 2572 3280 ,
2605 3217 2746 3286 apud
2777 3219 2946 3276 Deum
2974 3223 3214 3280 abundat
3243 3199 3297 3282 et
3337 3229 3582 3298 proﬂuit.
3615 3232 3751 3288 Nam
3777 3244 3832 3290 et

506 3296 748 3366 gelorum
781 3296 1014 3352 concilio
1057 3297 1318 3353 Dominus
1363 3299 1476 3368 ipse
1519 3315 1614 3353 sua
1643 3314 1776 3355 voce
1817 3299 2109 3367 laudabat,

497 3369 665 3456 'qnctn
701 3390 893 3444 tentari
927 3403 1115 3458 passus
1155 3401 1278 3456 est,
1313 3399 1371 3444 ut
1401 3402 1725 3456 coronaret;
1756 3391 2108 3446 tentationem

505 3493 686 3535 autem
718 3481 772 3535 in
805 3495 1002 3550 corpus
1033 3480 1216 3545 dedit,
1247 3482 1300 3535 in
1330 3481 1566 3535 animam
1599 3482 1906 3552 denegavit.
1945 3481 2108 3554 803

508 3576 617 3633 Nec
645 3577 938 3634 derelictus
971 3579 1138 3633 David
1178 3580 1262 3634 cui
1309 3596 1533 3651 regnum
1574 3581 1759 3646 dedit,
1811 3591 1868 3635 ut
1910 3584 2108 3652 populo

505 3677 801 3750 imperaret
845 3677 1056 3731 electo:
1096 3692 1254 3747 quem
1305 3677 1718 3746 parricidalibus
1763 3679 1962 3748 prteliis
2010 3695 2107 3750 ap-

493 3749 765 3843 petitum,
800 3770 950 3841 regni
981 3769 1064 3825 sui
1110 3769 1394 3841 depulsum
1441 3771 1675 3838 ﬁnibus,
1709 3772 1950 3828 victoria:
1984 3773 2108 3844 jure

503 3861 761 3918 restituit.
807 3862 913 3932 Ipsi
944 3877 1160 3934 quoque
1207 3861 1408 3930 Jacob,
1455 3864 1597 3920 Elias
1643 3873 1699 3921 et
1744 3867 2005 3935 Elisaens,
2054 3878 2106 3923 et

503 3954 740 4012 Joannes
767 3955 1007 4027 Baptista
1029 3999 1044 4023 ,
1079 3965 1134 4010 ct
1162 3958 1343 4012 exteri
1375 3958 1464 4027 qui
1506 3959 1558 4012 in
1601 3961 1841 4028 caprinis
1881 3961 2106 4029 pellibus

503 4049 904 4104 circumeuntes
929 4049 1187 4104 errabant
1208 4050 1263 4104 in
1297 4049 1698 4117 solitudinibus,
1724 4061 1780 4108 et
1808 4055 2104 4120 montibus,

503 4155 557 4197 et
588 4141 899 4210 Speluncis,
929 4153 983 4197 et
1013 4141 1180 4198 foveis
1211 4151 1400 4210 terrae,
1429 4143 1556 4201 licet
1583 4144 1813 4202 ludibria
1844 4147 2012 4201 multa
2053 4155 2109 4202 et

497 4235 696 4289 acerba
727 4233 988 4305 supplicia
1021 4237 1282 4291 tolerasse
1308 4237 1622 4304 videantur;
1667 4250 1844 4294 tamen
1877 4256 1983 4294 non
2013 4240 2108 4295 de-

501 4329 679 4386 relicti
720 4340 866 4384 sunt.
913 4329 1190 4401 Siquidem
1229 4346 1349 4385 cum
1384 4331 1606 4387 fratrem
1656 4331 1867 4402 fugeret
1895 4333 2063 4389 Jacob
2089 4377 2102 4400 ,

2218 3304 2361 3359 Elias
2386 3308 2678 3364 destitutus
2709 3323 2859 3381 erat,
2890 3315 2961 3369 ita
2993 3326 3052 3371 ut
3077 3317 3284 3374 diceret
3313 3338 3324 3374 :
3361 3321 3585 3380 Domine
3605 3366 3624 3394 ,
3653 3329 3828 3397 accipe

2207 3400 2439 3467 animam
2487 3420 2650 3458 meam
2717 3406 2822 3479 (ill
2863 3409 2994 3482 Reg.
3039 3428 3126 3466 xxx
3153 3455 3168 3480 ,
3206 3415 3310 3485 4);
3349 3425 3406 3472 et
3456 3427 3635 3476 tamen
3673 3421 3818 3492 vige-

2210 3497 2305 3552 bat
2349 3500 2490 3568 apud
2524 3500 2693 3557 Deum
2721 3543 2736 3570 ,
2770 3511 2829 3558 ut
2858 3505 2987 3576 ipsis
3017 3518 3161 3566 esset
3197 3511 3413 3581 regibus
3440 3515 3630 3572 virtute
3654 3516 3802 3572 terri-

2217 3588 2364 3644 bilis.

2283 3684 2374 3740 59.
2416 3685 2699 3754 Quomodo
2729 3691 2944 3762 juvenis
2971 3693 3077 3750 hoc
3127 3695 3300 3754 David
3347 3701 3530 3770 potuit
3575 3717 3818 3774 compre-

2218 3779 2505 3834 hendere?
2554 3781 2778 3839 Juvenis
2831 3786 2975 3841 enim
3025 3790 3196 3860 magis
3247 3794 3616 3864 temporalia,
3663 3813 3817 3864 quam

2209 3883 2411 3928 aeterna
2437 3876 2782 3944 considerat;
2813 3880 2935 3950 quia
2976 3893 3107 3939 aetas
3148 3899 3210 3940 ea
3243 3888 3548 3958 propendet
3573 3891 3646 3944 ad
3672 3891 3816 3944 vitia.

2207 3962 2316 4020 Sed
2353 3977 2479 4022 sunt
2509 3969 2724 4039 quidam
2753 3971 2806 4026 in
2829 3973 3120 4043 juventute
3150 3992 3314 4034 senes
3335 4023 3351 4047 ,
3385 3991 3438 4036 et
3469 3981 3566 4038 alii
3595 3984 3814 4053 juvenes

2208 4058 2261 4110 in
2294 4068 2597 4117 senectute.
2630 4062 2802 4131 Sunt,
2844 4069 3098 4138 inquam,
3127 4071 3229 4125 viri
3267 4088 3494 4143 quorum
3527 4078 3701 4132 animi
3735 4093 3806 4132 se-

2209 4153 2395 4207 nilium
2423 4157 2689 4226 gravitate
2716 4169 3048 4228 censentur,
3075 4163 3128 4217 in
3156 4164 3353 4236 quibus
3375 4167 3545 4242 804
3568 4178 3711 4225 aetas
3735 4185 3810 4224 se-

2209 4247 2443 4302 nectutis
2476 4249 2549 4304 sit
2585 4252 2694 4304 vita
2740 4252 3118 4320 immaculata,
3171 4257 3222 4310 in
3265 4259 3458 4328 quibus
3513 4249 3697 4331 vigeat
3744 4263 3816 4316 in-

2206 4357 2340 4398 cana
2371 4345 2659 4415 prudentia
2687 4363 2702 4401 :
2733 4349 2908 4417 qualis
2952 4358 3069 4404 erat
3097 4351 3400 4409 Hieremias
3424 4396 3440 4420 ,
3473 4357 3565 4426 qui
3616 4373 3736 4412 cum
3760 4372 3817 4412 se

489 4428 558 4496 ,ει
589 4438 682 4492 per
725 4421 939 4476 deserta
985 4423 1330 4479 incomitatus
1368 4435 1614 4491 erraret,
1661 4423 2020 4491 obdormivit,
2051 4437 2104 4481 Cl
2195 4437 2456 4504 juvenem
2497 4443 2746 4496 conlujlu
2783 4456 3117 4499 memoraret
3162 4449 3335 4502 anatis
3359 4490 3374 4510 ο
3408 4459 3463 4506 οι
3490 4421 3598 4521 ‘per
3619 4452 3818 4522 juveu-

500 4530 729 4586 surgens
756 4515 888 4570 vidit
928 4514 1000 4570 ibi
1049 4517 1445 4572 multitudinem
1477 4519 1715 4573 ccelcstis
1761 4519 1966 4574 militia:
1993 4563 2006 4586 ,
2050 4530 2102 4575 et

497 4699 579 4776 2).
610 4701 726 4756 Non
769 4703 901 4756 satis
933 4701 1030 4756 luit
1065 4712 1302 4756 castrum
1330 4718 1562 4770 vocare;
1598 4705 1692 4760 sed
1731 4715 1908 4760 castra
1932 4747 1948 4772 ,
1980 4722 2100 4776 qua:

501 4804 664 4848 tanta:
713 4794 1042 4850 multitudini
1073 4795 1449 4850 convenirent.
1479 4795 1640 4853 Vides
1669 4814 1799 4870 ergo
1842 4801 1967 4870 quia
2011 4816 2100 4855 so-

487 4873 610 4944 ium
641 4903 700 4945 se
727 4889 981 4960 putabat,
1010 4895 1066 4944 et
1089 4897 1264 4942 castra
1295 4905 1421 4944 eum
1451 4891 1690 4966 crelestis
1718 4893 1988 4947 exercitus
2013 4911 2101 4950 sc-

476 4961 841 5054 :quebantur;
903 4983 1042 5038 sicut
1101 4982 1152 5056 (Ι
1181 4981 1301 5039 Cor.
1347 5001 1410 5052 x,
1457 4984 1521 5060 4)
1562 4997 1615 5042 et
1661 4963 1840 5058 patres
1884 5001 2098 5046 nostros

471 5065 699 5150 Moysis
743 5085 1022 5146 tempore,
1056 5092 1126 5131 ne
1169 5079 1223 5131 in
1250 5075 1468 5133 deserto
1511 5079 1760 5146 sitirent,
1804 5089 1954 5150 petra
2003 5082 2098 5154 (ut

496 5170 758 5239 scriptum
805 5169 921 5238 est)
947 5168 1294 5239 sequebatur.
1327 5167 1462 5226 Nam
1492 5185 1614 5225 cum
1645 5173 1694 5225 in
1727 5173 1912 5229 Exodo
1950 5175 2096 5247 lege-

471 5251 666 5320 rimus
693 5263 888 5335 (Exod.
915 5278 1021 5318 xvii
1046 5304 1061 5326 ,
1093 5263 1148 5334 6)
1179 5263 1323 5334 quod
1360 5265 1580 5322 sitiente
1607 5267 1805 5338 populo
1826 5311 1840 5336 ,
1876 5285 2094 5340 percus-

492 5359 564 5416 sit
595 5358 808 5430 Moyses
854 5356 1002 5427 virga
1051 5365 1298 5425 petram,
1335 5363 1390 5412 et
1432 5371 1570 5428 aqua
1616 5357 1812 5427 ﬂuxit,
1858 5369 1912 5418 et
1960 5363 2094 5417 bibit

489 5451 726 5524 populus
763 5448 894 5516 Dei;
940 5448 1132 5503 iterum
1181 5448 1232 5502 in
1271 5446 1511 5505 Levitico
1557 5451 1842 5522 legerimus
1865 5495 1881 5522 ,
1911 5455 1999 5510 vel
2035 5457 2088 5512 in

567 5614 593 5642 ⁸
624 5605 778 5660 Hunc
805 5603 982 5674 locum
1012 5599 1324 5674 memoriter
1347 5600 1532 5657 citavit
1550 5601 1901 5674 Ambrosius;
1929 5621 2088 5674 quan-

493 5676 782 5748 doquidem
809 5671 977 5748 Jacob
1247 5673 1480 5748 tratum
1509 5690 1572 5728 ea
1601 5673 1790 5728 tribuit
1811 5715 1824 5738 ,
1853 5669 1974 5744 qua:
2016 5679 2084 5734 ab

465 5744 653 5806 'eo'in
695 5747 920 5817 patriam
957 5744 1227 5817 redeunte
1269 5744 1410 5799 dicta
1453 5753 1848 5800 memorantur.
1897 5752 1964 5800 At
2009 5748 2085 5804 ibi

493 5823 656 5878 etiam
677 5814 941 5890 reperitur
959 5814 1136 5885 aliqua
1164 5817 1424 5883 varietas;
1446 5829 1568 5874 cum
1593 5830 1708 5886 pro,
1734 5827 1902 5872 castra
1917 5819 2085 5892 Ange-

2189 4539 2376 4601 _tutem
2402 4545 2725 4600 excusaret,
2773 4539 2916 4607 quod
2948 4538 3278 4608 prmdicandi
3317 4541 3493 4613 impar
3522 4543 3706 4600 ofﬁcio
3738 4546 3816 4601 vi-

481 4609 608 4684 _ait:
643 4607 740 4662 llic
761 4610 904 4664 locus
931 4620 1184 4665 uocatura
1209 4620 1380 4665 castra
1401 4611 1716 4684 Angelorum
1738 4612 1892 4686 (Gen.
1913 4629 2064 4668 xxxii
2083 4657 2096 4681 ,
2126 4623 2180 4684 Ῑ)
2205 4624 2427 4680 deret."
2447 4669 2462 4691 ,
2487 4629 2562 4682 an,
2591 4630 2668 4685 iui
2703 4607 2959 4688 υοιηίηιιέ
2983 4651 3000 4689 ε
3037 4635 3164 4692 Νοιε
3207 4607 3422 4694 dicere}
3450 4638 3586 4705 ρηία
3602 4643 3812 4714 juveni,

2203 4733 2294 4788 ego
2337 4734 2491 4784 sum;
2528 4723 2769 4790 quoniam
2799 4725 2867 4778 ad
2910 4743 3082 4782 omnes
3127 4729 3194 4782 ad
3235 4747 3581 4804 quoscumque
3624 4735 3811 4788 misero

2203 4823 2284 4878 te,
2328 4813 2491 4868 abibis
2535 4813 2746 4888 (Jerem.
2789 4834 2837 4885 ι,
2877 4818 2954 4893 7).
2995 4819 3071 4878 Ita
3111 4824 3366 4894 juvenem
3405 4843 3516 4883 non
3563 4829 3809 4898 putavit,

2199 4920 2361 4974 quem
2391 4917 2575 4976 aptum
2608 4911 2942 4981 prophetica:
2969 4917 3156 4984 gratia:
3177 4915 3476 4986 judicabat.
3508 4918 3658 4974 Talis
3681 4935 3811 4990 ergo

2194 4994 2411 5066 juvenis
2459 4997 2560 5054 fuit
2606 5000 2775 5058 David
2800 5044 2816 5067 ,
2855 5006 2947 5074 qui
2997 5016 3289 5066 renovatus
3331 5019 3515 5078 esset,
3554 5019 3613 5066 et
3647 5011 3812 5067 reﬂo-

2200 5088 2434 5158 ruisset,
2469 5101 2524 5145 ut
2555 5095 2671 5162 ipse
2703 5093 2839 5149 dixit
2865 5094 3040 5166 (Psal.
3067 5114 3137 5155 cu
3158 5142 3172 5164 ,
3201 5099 3291 5168 5),
3326 5102 3478 5160 velut
3497 5103 3807 5175 aquilazju-

2199 5191 2394 5240 ventus
2437 5199 2553 5240 sua.
2585 5184 2677 5242 Sic
2709 5201 2842 5260 ergo
2883 5192 3108 5256 intelligi
3147 5204 3409 5264 oportet:
3438 5194 3658 5252 Juvenis
3687 5200 3766 5269 fui
3781 5215 3804 5264 ;

2196 5275 2290 5330 sed
2322 5280 2688 5342 sanctilicatus
2709 5327 2724 5352 .
2755 5285 2850 5342 sed
2884 5288 3147 5359 propheta
3177 5289 3230 5345 in
3259 5289 3519 5361 gentibus
3549 5292 3758 5362 positus
3781 5334 3797 5361 ,

2195 5371 2285 5439 qui
2321 5371 2430 5442 jam
2473 5389 2688 5445 possem
2738 5381 2890 5452 regni
2937 5383 3178 5440 cmlestis
3215 5396 3555 5442 sacramenta
3595 5402 3798 5458 cogno-

2195 5479 2382 5532 scere,
2409 5476 2464 5523 et
2494 5486 2620 5526 vera
2647 5476 2870 5544 praemia
2897 5478 3245 5534 considerare
3269 5479 3496 5551 iustitia:
3524 5499 3537 5535 :
3571 5482 3664 5540 sed
3696 5499 3795 5537 non

2195 5614 2592 5709 Ἦμιζὶηέξξ
2617 5621 2810 5709 interp.
2840 5625 3098 5709 habeant,
3124 5632 3424 5709 παρεμβρλιύ
3447 5641 3576 5694 Θεοῦ
3615 5633 3743 5696 αὕτη
3771 5653 3787 5689 ε

2189 5699 2294 5755 qua
2329 5691 2382 5743 in
2415 5689 2647 5765 tertioue
2693 5689 2823 5765 ipsis
2853 5701 2995 5754 sacri
3024 5689 3270 5758 omnium
3301 5689 3784 5764 idiom—atumvcodi-

2193 5773 2283 5814 ces
2311 5763 2674 5818 consentiunt.
