4042 6378
93 360 223 414 .997
1227 361 1293 417 IN
1332 359 1658 418 PSALEIUM
1699 359 1918 418 XXXVI
1957 362 2380 420 ENARRATIO.
3337 363 3448 420 900

99 475 226 528 uidi
253 479 486 549 justum
522 480 839 536 derelictam.
865 487 892 517 ⁸
928 479 1124 536 Postea
1155 492 1368 549 quoque
1403 476 1534 532 alibi
1565 485 1621 531 et
1647 493 1749 531 usu
1778 480 1828 540 Α
1855 477 2082 533 fecerint
2109 499 2122 534 :
2157 482 2227 534 ita
2256 495 2442 535 semen
2470 477 2702 534 Abralttc
2741 489 2864 534 sunt
2890 521 2904 546 ,
2936 488 2990 534 et
3029 481 3168 534 inter
3198 478 3336 536 lilios
3365 496 3450 535 re-

93 566 446 626 roboratus
473 581 527 628 et
565 587 824 636 munere,
857 570 1119 641 acquisivi
1166 572 1497 626 btcretnenta
1534 567 1750 639 sapien—
1852 575 2156 644 cipiuntur,
2198 578 2288 647 qui
2319 591 2456 648 opus
2494 577 2610 647 ejus
2648 575 2943 634 eﬂ'cccrint.
2980 576 3174 632 Verum
3216 577 3453 632 Abrahte

95 662 236 715 tite.
273 663 501 720 Eadem
529 665 674 720 circa
699 666 903 735 justum
930 665 1041 720 visa
1069 673 1154 720 est
1175 663 1310 718 mihi
1339 663 1506 732 gratia
1538 676 1753 733 peruu—
1845 681 2035 720 semen
2079 668 2255 735 Elius,
2289 669 2371 726 cui
2417 671 2639 741 angelus
2669 671 2925 726 alimenta
2953 671 3227 740 praebebat
3256 712 3270 736 ,
3301 679 3356 724 et
3394 669 3451 723 in

89 771 284 815 .nere.
1849 759 2050 814 virtute
2100 776 2239 816 esca:
2309 763 2452 817 illius
2501 763 2853 834 quadraginta
2906 763 3116 817 dierum
3167 762 3455 817 curriculis

191 855 298 910 60.
348 856 789 926 Explanavimus
809 898 822 920 ,
863 864 928 910 ut
957 855 1234 926 potuimus
1253 895 1268 920 ,
1300 851 1574 924 quomodo
1603 850 1753 907 dixe—
1843 850 2179 907 -atnbulabat.
2209 852 2328 908 Non
2353 855 2667 925 requirebat
2697 857 2852 911 istam
2885 856 3132 926 corporis
3162 854 3322 926 hujus
3360 855 3458 910 ali-

107 948 192 1001 rit
223 965 240 1002 :
275 949 513 1008 Iuvenis
540 953 654 1021 fui;
677 951 774 1007 sed
803 951 1075 1020 quomodo
1101 947 1410 1005 addiderit:
1448 947 1654 1002 Etenim
1677 962 1755 1002 se
1853 945 2090 1000 moniam
2134 960 2321 1001 verum
2369 965 2553 1005 semen
2585 950 2817 1004 Abralue
2840 992 2854 1015 ,
2901 950 2986 1004 cui
3036 963 3204 1019 panes
3245 949 3458 1005 defere-

104 1047 221 1096 .uui
244 1085 262 1108 ,
297 1045 742 1101 consideremus.
784 1044 932 1098 Bona
974 1043 1269 1112 juventus,
1301 1041 1398 1096 sed
1437 1041 1631 1095 melior
1669 1054 1755 1094 se—

116 1146 378 1202 nectus;
411 1139 502 1208 qui
525 1139 674 1192 enim
704 1152 872 1208 usque
896 1138 952 1192 in
983 1136 1145 1193 linem
1177 1135 1636 1207 perseveraverit,
1664 1133 1755 1192 llic

114 1231 325 1284 salvus
381 1232 506 1285 erit.
552 1229 707 1286 Unde
755 1246 862 1286 non
913 1230 1282 1300 perfunctorie
1327 1228 1401 1284 de
1443 1227 1753 1298 patriarcha

112 1324 426 1378 Abraham
463 1326 670 1380 dictum
707 1335 792 1381 est
834 1324 992 1397 (Gen.
1030 1341 1166 1388 xxv,
1201 1322 1300 1396 8),
1339 1322 1484 1394 quod
1523 1321 1756 1377 nutritus

100 1424 281 1470 esset
339 1417 400 1470 in
447 1427 731 1473 senectute
769 1418 936 1474 bona.
979 1417 1050 1472 Et
1087 1417 1326 1472 Joannes
1374 1430 1544 1471 senex
1583 1413 1757 1483 coepit

100 1508 394 1564 scribere
423 1511 777 1582 Evangelium
800 1553 815 1577 ,
848 1511 932 1566 vel
977 1509 1283 1580 Epistolas,
1316 1508 1408 1578 qui
1435 1522 1561 1563 cum
1615 1504 1758 1561 relu-
1852 1522 2161 1564 messorum
2202 1509 2380 1578 epulis
2407 1509 2768 1564 vehebantur.
2801 1511 2893 1565 Est
2933 1525 3064 1582 ergo
3097 1512 3247 1581 punis
3285 1510 3464 1580 Ange-

107 1611 286 1669 εει-(ξι
362 1604 674 1673 apostolum
733 1618 793 1658 se
858 1603 1104 1659 scribere
1127 1643 1144 1669 ,
1201 1601 1474 1657 seniorem
1539 1597 1760 1668 scripsit
1855 1600 2034 1656 lorum
2063 1643 2076 1667 ,
2109 1618 2269 1673 quem
2297 1605 2648 1660 manducavit
2682 1607 2878 1672 homo;
2907 1608 2989 1662 sic
3015 1608 3161 1662 enim
3201 1607 3464 1675 scriptum

99 1693 134 1765 .(
154 1692 358 1762 Epist.
407 1712 442 1751 ιι
489 1708 535 1750 et
574 1698 717 1768 tu);
782 1711 882 1752 nec
927 1695 1108 1750 minor
1151 1704 1235 1750 est
1280 1694 1616 1758 aestimatus,
1665 1693 1752 1748 cui
1859 1705 1943 1748 est
1989 1713 2008 1750 -:
2070 1694 2271 1751 Panem
2321 1699 2625 1770 angelorum
2685 1702 3016 1755 manducavit
3075 1700 3228 1755 homo
3275 1697 3464 1770 (Psal.

111 1785 144 1825 δ
170 1803 410 1859 cygnea
459 1790 708 1858 quedam
742 1789 1261 1859 suppeteretgratia
1285 1788 1603 1842 senectutis.
1638 1786 1758 1854 lpse
1862 1802 2038 1842 Lxxvn
2061 1830 2076 1855 ,
2105 1788 2220 1859 25).
2251 1790 2352 1846 ilic
2377 1803 2466 1846 est
2483 1793 2677 1861 patris,
2701 1793 2769 1848 de
2796 1809 2904 1864 quo
2945 1793 3081 1848 dixit
3114 1792 3281 1847 David
3315 1809 3328 1845 :
3359 1789 3470 1844 Do—

116 1881 237 1936 Vas
287 1884 591 1939 electionis
638 1883 929 1938 dominica:
975 1882 1224 1937 scribens
1262 1881 1329 1935 ad
1381 1881 1757 1936 Philemonem
1787 1881 1836 1944 B
1863 1881 2035 1933 munis
2059 1882 2227 1949 pascit
2259 1898 2376 1949 me,
2413 1895 2460 1938 et
2504 1885 2638 1939 nihil
2684 1884 2812 1939 mihi
2841 1887 3045 1941 deerit:
3072 1887 3130 1940 in
3173 1885 3287 1940 loco
3315 1884 3471 1939 viridi

115 1976 243 2029 ait:
281 1974 431 2029 Cum
453 1977 526 2029 sis
575 1975 724 2044 talis,
752 1985 809 2030 ut
847 1975 1050 2029 Paulus
1097 1990 1251 2029 senet:
1271 2016 1284 2039 ,
1331 1991 1469 2028 nunc
1509 1984 1682 2026 autem
1707 1981 1759 2026 et
1859 1971 1930 2025 ibi
1957 1975 2349 2030 me'aellooauit.
2379 1976 2552 2047 Super
2573 1993 2763 2048 aquam
2801 1979 3096 2048 refectionis
3124 1979 3359 2034 educavit
3383 1993 3469 2030 me

113 2068 345 2123 vinctus
394 2069 589 2124 Christi
618 2068 743 2124 less
765 2112 781 2136 ,
811 2073 1019 2124 obsecro
1049 2080 1095 2123 te
1131 2085 1225 2141 pro
1269 2084 1381 2122 meo
1421 2068 1531 2137 ﬁlio
1551 2109 1567 2132 ,
1613 2083 1759 2133 quem
1853 2064 2039 2134 (Psal.
2065 2081 2206 2133 χχιι,
2237 2066 2315 2139 2).
2348 2068 2528 2124 Bonus
2551 2069 2720 2125 David
2749 2070 2932 2126 docuit
2959 2088 3046 2126 me
3075 2087 3270 2142 panem
3297 2086 3468 2142 ange-

121 2163 286 2231 θετηυὶ
313 2163 377 2216 in
412 2162 664 2227 vinculis,
695 2161 940 2217 Onesimo
967 2161 1216 2232 (Philem.
1239 2201 1251 2224 ,
1280 2162 1314 2217 9
1343 2169 1388 2214 et
1419 2159 1531 2230 l0).
1559 2159 1760 2214 Volcae
1864 2155 2072 2225 lorum,
2115 2168 2170 2213 et
2207 2161 2324 2230 ipse
2363 2174 2455 2217 Ite
2493 2162 2678 2218 docuit
2719 2179 2910 2235 aquam
2959 2163 3295 2220 refectionis.
3343 2164 3472 2220 llam

115 2257 322 2328 itaque
371 2257 457 2311 illi
504 2258 796 2327 plurimum
842 2257 1090 2323 deferre,
1124 2256 1334 2312 "seniori
1381 2255 1551 2310 Pmtlo
1596 2270 1718 2309 eum
1742 2295 1758 2321 ,
1863 2256 2086 2309 reiectio
2113 2255 2373 2324 spiritalis
2401 2267 2519 2325 est,
2551 2259 2672 2314 haec
2695 2258 2926 2314 reiectio
2954 2261 3172 2329 requies
3199 2271 3283 2315 est
3310 2274 3465 2315 men-

121 2365 240 2403 non
274 2352 476 2421 juveni
505 2351 874 2421 comparavit;
904 2360 955 2405 et
995 2349 1069 2404 ibi
1100 2365 1158 2404 se
1199 2363 1384 2404 senem
1411 2362 1538 2403 esse
1566 2347 1761 2416 gloria-
1863 2345 1934 2399 tis
1954 2346 2212 2402 internae.
2239 2348 2392 2404 Dona
2433 2364 2604 2421 aqua,
2635 2367 2760 2422 quae
2799 2361 3078 2422 peccatum
3102 2354 3286 2420 lavat,
3319 2368 3474 2408 mun-

117 2453 220 2498 tns
247 2455 344 2500 est
370 2487 386 2512 ,
418 2445 506 2500 ubi
540 2445 653 2516 jam
677 2445 739 2499 in
768 2445 997 2500 vinculis
1025 2443 1327 2498 tenebatur.
1361 2442 1428 2496 Et
1458 2441 1638 2496 vide-te
1679 2440 1763 2494 di-
1863 2437 1960 2494 dat
1987 2441 2245 2496 interna.
2269 2443 2401 2511 Quae
2427 2445 2498 2498 sit
2542 2460 2679 2516 aqua
2711 2447 2857 2513 haec,
2884 2445 3191 2502 audiamus.
3222 2447 3286 2502 Si
3322 2449 3434 2518 quis
3456 2490 3472 2516 ,

123 2539 449 2604 stantiam;
482 2541 800 2595 adolescens
830 2538 1276 2609 signiﬁcatusest
1299 2538 1358 2591 .in
1387 2535 1610 2590 alterius
1640 2548 1764 2604 pas-
1858 2532 2074 2602 inquit,
2111 2535 2259 2602 sitit,
2289 2537 2462 2590 ueniat
2495 2540 2571 2591 ad
2603 2555 2690 2593 me
2713 2580 2727 2605 ,
2771 2550 2822 2593 et
2857 2538 3021 2594 bibat.
3061 2539 3168 2605 Qui
3210 2540 3374 2596 credit
3420 2542 3478 2596 in

126 2633 340 2697 sione,
367 2648 533 2687 senex
564 2634 616 2688 in
645 2648 742 2687 sua
765 2633 904 2706 (Act.
929 2649 1034 2696 vn,
1063 2633 1183 2700 57).
1214 2631 1292 2686 Ibi
1325 2639 1384 2686 ιιι
1403 2630 1760 2696 adolescens,
1866 2642 1981 2693 me,
2027 2628 2166 2680 sicut
2217 2629 2340 2683 dicit
2390 2630 2667 2700 Scriptum
2691 2673 2706 2698 ,
2756 2634 2976 2703 [lumina
3025 2633 3090 2687 de
3133 2644 3309 2688 uentre
3357 2636 3473 2706 ejus

127 2727 269 2792 quia
298 2725 618 2782 Judzeorum
646 2728 970 2783 vestimenta
997 2727 1292 2792 set-Vahal;
1326 2725 1412 2780 hic
1437 2740 1606 2780 senex
1626 2767 1640 2790 ,
1673 2725 1765 2780 ubi
1861 2718 2029 2787 ﬂuent
2051 2735 2206 2782 aaut:
2233 2725 2378 2776 vitta.
2413 2722 2526 2778 Hoc
2553 2735 2724 2778 autem
2753 2726 2955 2780 dicebat
2979 2726 3040 2781 de
3063 2726 3264 2797 Spiritu
3284 2769 3299 2793 ,
3327 2745 3475 2797 quem

129 2819 222 2872 sui
265 2821 521 2889 corporis
554 2822 784 2876 exuvias
815 2820 1069 2875 exuebat.
1106 2821 1352 2889 Denique
1379 2829 1434 2874 et
1457 2819 1653 2874 Petrus
1695 2820 1765 2873 ibi

1881 2810 2464 2886 Encipiebantaccipere,
2493 2817 2583 2887 qui
2605 2819 2851 2873 cndituri
2879 2829 3022 2872 erant
3047 2821 3101 2872 in
3132 2837 3245 2874 eum
3287 2819 3470 2892 (λοισι.

131 2928 314 2969 senex
365 2913 564 2970 dicitur
587 2957 600 2982 ,
631 2916 717 2971 ubi
744 2925 1021 2972 certamen
1054 2923 1140 2970 est
1171 2915 1478 2985 passi-onis:
1510 2915 1636 2967 Cum
1671 2917 1766 2985 ju-

1881 2919 1976 2967 t'u,
2007 2905 2075 2958 57
2102 2915 2157 2958 ιιι
2191 2915 2348 2977 seq.).
2385 2908 2531 2980 Ergo
2561 2925 2664 2967 nec
2691 2912 2796 2968 hoc
2847 2928 3020 2983 parte,
3051 2929 3152 2970 nec
3199 2929 3336 2986 aqua
3386 2929 3474 2971 re-

135 3009 260 3063 nior
281 3050 300 3076 ,
339 3011 551 3080 inquit,
583 3027 752 3078 esses,
783 3011 1024 3083 cingebat
1058 3021 1104 3064 te
1123 3052 1137 3074 ,
1163 3019 1214 3062 et
1236 3007 1540 3064 ambulabat
1566 3006 1653 3060 ubi
1682 3023 1764 3061 ro-

1881 2997 2121 3053 lectionis
2151 3000 2354 3071 indiget
2377 3002 2556 3072 justus
2578 3046 2593 3071 ,
2621 3007 2706 3060 cui
2729 3005 2978 3077 Spiritus
3015 3018 3233 3064 sanctus
3269 3019 3352 3065 est
3379 3025 3475 3066 reo

131 3103 326 3162 lebas:
354 3119 471 3156 cum
497 3113 668 3159 autem
713 3105 945 3159 senueris
965 3145 981 3172 ,
1010 3103 1254 3158 extendes
1297 3118 1485 3155 manus
1533 3110 1675 3167 tuas,
1719 3111 1769 3153 et
1863 3092 2028 3161 Quies
2053 3103 2109 3146 et
2141 3094 2386 3149 refectio.

135 3194 285 3248 alius
321 3202 374 3248 te
401 3194 603 3267 cinget,
635 3205 684 3250 et
713 3198 865 3251 ducet
903 3213 1008 3268 quo
1050 3208 1109 3250 ,ιιι
1161 3211 1265 3249 non
1315 3196 1408 3248 vis.
1447 3193 1559 3247 Hoc
1596 3203 1770 3247 autem
1941 3185 2034 3240 61.
2068 3186 2248 3257 (Vera.
2281 3187 2402 3260 26.)
2430 3189 2714 3257 Quomodo
2741 3207 2924 3249 autem
2950 3197 3149 3266 poterit
3179 3197 3425 3269 indigere
3454 3240 3469 3262 ,

127 3284 279 3337 dixit
301 3325 318 3348 ,
351 3285 654 3357 significans
679 3302 785 3358 qua
813 3297 979 3342 morte
1017 3286 1398 3355 clari/imitante
1439 3295 1566 3340 esset
1602 3283 1775 3339 Deum
1797 3280 1848 3342 Ε
1879 3278 1972 3348 (illi
1992 3288 2097 3331 ιοια
2115 3281 2200 3333 die
2220 3281 2557 3338 ιηίεενειαω
2582 3287 2779 3355 fenerat
2800 3288 2829 3341 θ
2854 3288 2998 3355 Quid
3027 3299 3109 3345 est
3136 3290 3289 3361 tquod
3323 3289 3477 3346 fene-

135 3376 336 3440 (Joan.
383 3392 510 3442 xxi,
559 3377 668 3449 l8).
703 3382 1154 3435 Antecertamen
1201 3380 1387 3449 j'unior
1432 3377 1660 3441 dicitur,
1707 3377 1764 3431 in
1876 3381 1958 3425 rat
1972 3372 2342 3441 justnstNon
2371 3390 2490 3443 tes,
2545 3393 2653 3433 non
2717 3379 2917 3435 ferrum
2945 3422 2958 3446 ,
2991 3399 3100 3436 non
3147 3382 3476 3452 phtmbum:

136 3470 457 3525 certamine
505 3485 672 3527 senex
699 3513 714 3539 ,
755 3474 848 3544 qui
903 3489 1066 3528 omne
1110 3481 1384 3527 certamen
1432 3471 1765 3541 impleverit.
1877 3465 1972 3520 sed
2003 3474 2286 3535 argentum
2319 3468 2426 3538 igni
2457 3471 2850 3526 examinatum.
2892 3472 3006 3528 Hoc
3033 3473 3210 3530 defert
3229 3476 3297 3530 ad
3325 3491 3480 3532 men-

123 3565 263 3618 ,uoc
291 3580 428 3635 ergo
455 3565 588 3622 dicit
627 3567 793 3623 David
826 3569 920 3625 ille
947 3571 1233 3640 juventute
1277 3568 1539 3634 bellator,
1584 3569 1635 3623 in
1677 3583 1765 3623 se-
1875 3573 1991 3616 Satn
2015 3559 2258 3626 Domini,
2286 3562 2551 3618 etdividit
2578 3565 2984 3636 requirentibus
3011 3583 3026 3620 :
3062 3570 3147 3623 cui
3178 3585 3360 3638 unam,
3383 3570 3480 3625 cui

142 3668 378 3712 ﬂeetute
425 3659 684 3728 paciﬁcus
729 3679 742 3716 :
790 3660 1049 3728 Ismenis,
1083 3664 1293 3732 inquit,
1331 3663 1456 3732 fui;
1501 3663 1596 3718 sed
1640 3663 1771 3717 nolo
1873 3651 2036 3717 duas,
2055 3654 2139 3707 cui
2167 3655 2405 3726 quinque
2427 3671 2581 3711 muas
2603 3659 2846 3729 quotidie
2865 3660 3157 3728 dividit,'et
3182 3679 3476 3734 numquam

142 3766 236 3804 me
279 3751 458 3807 adhuc
499 3752 758 3821 juvenem
807 3767 972 3826 putes
1020 3774 1032 3808 ε
1084 3755 1291 3810 Ειεηίηι
1339 3757 1525 3820 sema,
1564 3767 1616 3810 τι
1665 3772 1771 3810 mm
1877 3746 2079 3801 delicit.
2103 3747 2212 3803 Sed
2265 3749 2656 3806 feneratiouent
2703 3753 3010 3808 audivimus
3035 3755 3089 3809 in
3122 3755 3261 3826 Lege
3279 3771 3478 3826 repre-

139 3844 255 3897 vidi
289 3845 494 3911 justum
528 3846 834 3901 derelictum
854 3889 870 3914 ,
900 3866 991 3903 nec
1020 3865 1194 3904 semen
1236 3853 1350 3922 ejus
1398 3864 1631 3919 querens
1671 3864 1768 3917 pa-
1877 3845 2128 3909 hensam,
2160 3845 2376 3901 dicente
2405 3847 2589 3918 Moyse
2616 3865 2630 3900 :
2675 3847 3080 3923 Nonfensrabis
3103 3849 3281 3923 (Deut.
3313 3867 3442 3906 xxtu
3463 3897 3479 3922 ,

141 3951 290 3989 nem.
1880 3935 1994 4007 19).
2022 3934 2229 4006 Duplex
2253 3947 2338 3993 est
2361 3938 2627 3996 feneratio
2659 3959 2675 3993 :
2707 3958 2808 3996 una
2837 3946 3113 4014 pecunia,
3139 3945 3312 4002 altera
3353 3961 3483 4015 gra-

223 4027 320 4083 61.
360 4027 514 4095 Quod
542 4041 628 4086 est
655 4045 844 4086 semen
868 4031 1046 4100 justi!
1078 4033 1302 4087 Abrahae
1329 4033 1484 4087 dictae
1507 4042 1627 4087 sunt
1654 4049 1774 4102 pro-
1879 4029 1990 4083 tiae.
2036 4029 2223 4085 Divide
2267 4039 2586 4103 utramque;
2621 4035 2755 4104 quia
2804 4036 3068 4106 scriptum
3095 4045 3182 4092 est
3211 4054 3226 4090 :
3251 4036 3314 4092 Si
3335 4050 3482 4092 recte

141 4123 459 4190 missiones,
503 4134 550 4179 et
577 4127 761 4180 semini
799 4129 955 4200 ejus;
1002 4145 1107 4182 non
1150 4126 1315 4181 dicit:
1347 4125 1415 4180 Et
1453 4126 1767 4192 ominibus,
1881 4120 2092 4188 offeras,
2113 4139 2216 4176 non
2234 4135 2368 4178 recte
2383 4125 2608 4189 dividas,
2623 4129 2884 4196 peccasti:
2907 4128 3285 4202 quiesce(Gen.
3313 4145 3385 4197 tv,
3401 4130 3480 4204 7).

143 4227 414 4287 tamquam
441 4219 496 4272 in
523 4221 700 4275 multis
724 4239 743 4288 ;
773 4223 865 4274 sed
891 4223 1028 4276 sicut
1074 4223 1129 4277 in
1161 4238 1265 4277 uno
1287 4239 1306 4275 :
1337 4221 1405 4275 Et
1431 4223 1614 4276 semini
1639 4232 1730 4276 tuo
1755 4265 1771 4289 ,

1884 4214 1950 4268 Et
1977 4224 2030 4268 tu
2053 4225 2203 4270 recte
2228 4216 2436 4284 divide,
2466 4234 2534 4273 ne
2562 4234 2777 4289 pecces.
2807 4221 2922 4291 Ipse
2967 4222 3180 4294 Moyses
3210 4223 3403 4280 doceat
3429 4233 3488 4282 te

147 4313 293 4380 quod
308 4323 385 4367 est
407 4300 640 4370 Clu-istm
662 4313 861 4387 (Galat.
887 4332 943 4372 ιιι
963 4358 976 4382 ,
1005 4317 1116 4389 16).
1141 4317 1282 4373 Λιιάὶ
1303 4318 1431 4388 justi
1455 4332 1662 4373 semen.
1683 4317 1773 4372 Fi-

1883 4307 2149 4376 dividere,
2186 4311 2279 4381 qui
2327 4311 2607 4367 admonuit
2648 4323 2797 4370 recte
2849 4314 3242 4383 dividendum;
3273 4328 3295 4356 ε
3325 4327 3384 4372 ιιι
3403 4334 3488 4374 se-

142 4405 267 4458 lioli
309 4406 412 4460 mei
432 4448 446 4469 ,
477 4421 606 4477 quos
631 4425 726 4480 ego
756 4411 989 4480 parturio
1006 4453 1019 4477 ,
1052 4411 1217 4466 donec
1255 4411 1504 4481 [onustm
1543 4411 1773 4466 Christus

1883 4403 2086 4472 quaris,
2111 4403 2258 4474 quod
2285 4403 2422 4460 Abel
2449 4404 2586 4476 egit,
2607 4407 2702 4477 qui
2729 4415 2877 4464 recte
2897 4407 3086 4464 divisit
3107 4426 3121 4462 :
3145 4408 3322 4480 fugias
3343 4411 3487 4481 quod

148 4500 204 4551 in
235 4500 376 4552 vobis
417 4497 614 4570 (Galat.
648 4517 733 4569 tv,
767 4503 882 4573 19).
914 4501 984 4558 Ει
1011 4519 1150 4559 nunc
1181 4505 1229 4560 si
1278 4506 1400 4567 quis
1425 4519 1489 4558 ex
1516 4505 1770 4574 gentibus

1881 4493 2016 4550 Cain
2043 4495 2314 4565 parricida
2361 4497 2511 4564 fecit,
2551 4500 2642 4570 qui
2698 4511 2847 4556 recte
2895 4500 3140 4558 dividere
3185 4503 3486 4558 nesciebat.

159 4595 389 4648 veniens
417 4609 706 4651 sermonen
735 4597 919 4652 audiat
948 4609 1197 4654 nostrum
1218 4641 1233 4666 ,
1257 4609 1311 4656 et
1341 4599 1603 4654 Dominus
1623 4599 1773 4669 juva-

1888 4588 2086 4644 Dividit
2107 4604 2238 4660 ergo
2266 4589 2502 4661 Spiritus
2527 4604 2750 4648 sanctus
2768 4594 3090 4660 divisiones,
3121 4595 3214 4666 qui
3235 4607 3492 4667 operatur

153 4700 214 4739 re
239 4685 523 4756 dignetur,
551 4697 611 4742 ιιι
631 4689 895 4745 formetur
922 4689 1174 4748 Christus
1195 4693 1461 4749 inanimo
1487 4693 1636 4762 ejus,
1657 4708 1776 4764 quo
1802 4683 2062 4748 Domnia
2095 4683 2344 4739 dividens
2377 4684 2606 4755 singulis
2633 4695 2797 4755 prout
2825 4688 2978 4742 vult:
3021 4689 3113 4744 ille
3157 4698 3318 4757 prout
3351 4688 3488 4753 vult,

154 4788 344 4847 partus
391 4777 512 4834 ﬁdei
561 4779 739 4840 ferat;
785 4798 970 4838 semen
1004 4786 1052 4839 ei
1099 4784 1355 4839 Christus
1401 4787 1522 4840 erit.
1557 4784 1674 4839 Illic
1721 4785 1773 4838 in
1880 4787 1936 4830 ιιι
1985 4785 2144 4846 prout
2185 4785 2358 4842 potes,
2395 4787 2553 4844 prout
2585 4779 2802 4848 ingenio
2827 4782 2996 4836 vales.
3043 4780 3230 4835 Divitle
3271 4783 3488 4848 quando

151 4880 407 4943 utroque.
440 4873 711 4929 Abraham
741 4876 923 4946 itaque
949 4886 1003 4932 et
1038 4879 1419 4949 generationis
1460 4885 1777 4948 pateret-at
1881 4868 1991 4923 Lex
2021 4868 2088 4922 de
2109 4867 2344 4936 pecunia
2373 4867 2552 4936 dicat,
2594 4870 2814 4941 quando
2847 4871 2916 4926 de
2932 4873 3134 4942 gratia.
3159 4872 3313 4928 Dixit
3339 4874 3485 4929 enim

1853 1039 2050 1095 bantur
2073 1039 2144 1094 de
2183 1041 2347 1095 ctelo.
2389 1042 2632 1114 Denique
2670 1045 2815 1099 corvi
2848 1044 2896 1098 ei
2923 1043 3295 1114 quotidianum
3323 1055 3456 1097 con-

1851 1134 2053 1188 vivium
2093 1135 2493 1191 ministrabant.
2539 1138 2615 1194 Ita
2657 1140 2871 1211 indigus
2917 1150 3034 1194 erat
3069 1140 3313 1196 omnium
3339 1183 3352 1203 ,
3402 1147 3462 1193 ut

1856 1227 1992 1281 nihil
2025 1227 2249 1283 haberet
2295 1243 2489 1293 suum,
2540 1241 2593 1284 et
2640 1231 2952 1288 mittebatur
2997 1243 3053 1286 ut
3093 1233 3300 1288 victum
3343 1231 3462 1286 aliis

1857 1318 2160 1389 largiretur.
2192 1321 2395 1376 Verum
2435 1337 2624 1378 semen
2673 1323 2901 1392 Daniel,
2948 1325 3038 1380 cui
3087 1326 3231 1380 inter
3277 1325 3463 1380 leones

1859 1414 2038 1484 posito
2067 1431 2221 1472 aerea
2248 1415 2457 1472 fercula
2489 1431 2584 1487 per
2613 1417 2866 1473 Hahacue
2905 1421 3227 1490 prophetam
3263 1421 3460 1474 referta

155 4969 448 5023 secundum
491 4967 657 5043 805
703 4985 922 5026 carnem
951 5013 966 5036 ,
996 4981 1050 5026 et
1096 4974 1142 5027 is
1173 4973 1265 5042 qui
1296 4971 1521 5026 verbum
1559 4969 1778 5025 Domini

155 5058 206 5114 in
243 5060 549 5128 pectoribus
573 5063 843 5132 justorum
875 5062 1081 5134 primus
1109 5063 1393 5120 infuderit.
1424 5064 1492 5118 Et
1523 5063 1644 5118 ideo
1673 5063 1779 5119 hoc

159 5168 341 5209 semen
373 5155 606 5210 Abrahae
637 5171 804 5226 panes
836 5159 969 5213 istos
1000 5158 1202 5229 quibus
1251 5157 1561 5227 praebeatur
1587 5171 1783 5225 corpo-

158 5245 288 5299 ralis
310 5247 563 5300 alimonia
589 5287 607 5311 ,
637 5262 744 5301 non
790 5250 1058 5320 requirit;
1101 5251 1232 5321 quia
1261 5248 1422 5302 habet
1450 5262 1642 5316 panem
1668 5246 1784 5316 jus-

164 5338 288 5393 titiae
315 5381 328 5404 ,
361 5340 450 5410 qui
481 5339 767 5396 descendit
796 5342 865 5398 de
902 5343 1043 5398 coelo
1089 5343 1275 5414 (Joan.
1326 5357 1448 5408 vut,
1479 5339 1597 5412 39).
1631 5341 1784 5396 Sicut

161 5433 302 5485 enim
334 5440 599 5504 negantur
632 5432 722 5487 lilii
762 5427 996 5489 Abrahze
1048 5437 1141 5506 qui
1188 5452 1352 5507 opera
1388 5432 1625 5490 Abraha:
1675 5449 1780 5489 non

235 5551 260 5616 ξ
290 5543 435 5599 Edit.
462 5541 655 5607 Rouu,
695 5543 883 5598 Postea
913 5559 1122 5616 quoque
1146 5549 1336 5611 senui;
1363 5546 1522 5600 idest
1545 5585 1558 5608 ,
1601 5555 1647 5598 et
1666 5559 1783 5598 mu

163 5614 460 5680 roboratus,
488 5624 595 5668 etc.
623 5616 877 5682 Optimus
921 5614 1138 5672 sensus.
1189 5617 1296 5674 Sed
1349 5618 1397 5673 ei
1442 5625 1621 5670 tamen
1664 5625 1781 5670 aut.

165 5684 294 5739 edit.
324 5701 388 5740 ac
416 5699 548 5740 mss.
575 5699 768 5740 omnes
807 5687 1114 5743 reclamant
1138 5727 1159 5755 ,
1187 5699 1420 5759 quorum
1447 5700 1780 5744 consensum

171 5768 338 5810 SCCllll
366 5771 572 5811 sumus.

237 5826 264 5864 δ
294 5825 595 5899 Cymaea...
619 5830 794 5909 gratis
831 5831 1107 5909 “uastatis
1129 5871 1160 5909 η
1187 5830 1348 5892 idest
1371 5873 1388 5896 ,
1433 5830 1652 5888 suavior
1696 5843 1781 5909 se-

174 5909 391 5965 nectus;
421 5911 488 5955 ex
515 5899 788 5954 communi
822 5899 1029 5958 scilicet
1074 5899 1271 5973 eri-ore
1305 5913 1548 5959 veterum
1563 5914 1634 5970 ,~a
1661 5903 1782 5970 qui-

1883 4961 1977 5013 tibi
2014 4979 2025 5012 :
2072 4957 2356 5015 Fenerabis
2396 4963 2653 5032 gentibus,
2686 4967 2838 5036 cujus
2869 4961 3125 5019 Dominus
3163 4981 3353 5020 usuras
3381 4969 3491 5022 exi-

1883 5054 1957 5126 git
1987 5073 2000 5107 :
2031 5062 2084 5106 tu
2105 5065 2274 5107 autem
2299 5071 2400 5108 non
2426 5057 2741 5111 mutuaberis
2771 5055 2951 5126 (Deut.
2977 5075 3067 5123 xv,
3094 5055 3175 5131 6.)
3207 5059 3299 5114 Est
3321 5065 3375 5114 et
3398 5076 3490 5131 pe-

1887 5149 2046 5205 cunia
2076 5149 2303 5214 fenoris,
2335 5157 2420 5204 est
2454 5159 2512 5205 et
2541 5150 2738 5220 gratia,
2780 5148 2940 5219 cujus
2984 5149 3248 5208 Dominus
3299 5168 3492 5207 usuras

1887 5243 2092 5314 exigit;
2121 5242 2352 5314 pecunia
2387 5241 2610 5308 fenoris,
2636 5255 2710 5295 tes
2747 5241 2929 5307 habet,
2952 5244 3131 5313 gratia
3165 5243 3322 5300 ﬁdem
3365 5261 3496 5301 cnn-

1893 5339 2012 5393 lert.
2044 5335 2311 5392 Fenerato
2356 5351 2486 5407 ergo
2531 5333 2697 5407 806
2747 5332 2908 5389 fidem
2961 5335 3232 5406 gentibus,
3285 5347 3342 5391 ut
3395 5338 3494 5393 tibi

1893 5430 2131 5488 abundet
2156 5429 2324 5500 gratia
2349 5447 2363 5482 :
2397 5437 2450 5483 tu
2473 5436 2650 5482 autem
2676 5426 2787 5481 noli
2817 5427 3054 5483 mutuari
3081 5428 3235 5498 quasi
3261 5427 3490 5500 indigus,

1888 5543 1992 5598 bus
2021 5540 2178 5613 cygni
2211 5539 2312 5593 sub
2333 5543 2588 5613 mortem
2626 5534 3002 5589 imminentem
3045 5539 3270 5591 suavius
3299 5554 3499 5613 canere

1887 5605 2295 5670 asserebantur.
2325 5607 2435 5665 Sed
2465 5605 2569 5661 hoc
2597 5621 2805 5661 merum
2837 5619 2961 5662 esse
2989 5619 3358 5665 commentum
3382 5612 3494 5681 jam

1889 5684 2148 5760 difﬁtetttr
2176 5695 2356 5760 nemo.
2877 5746 2911 5760 Α.

1961 5769 1983 5796 ο
2014 5755 2244 5820 Codices
2273 5751 2484 5824 aliquot
2514 5765 2675 5824 mqu
2701 5751 2963 5824 exarati:
2988 5753 3327 5824 ,ιιι-,πεφιαὼ
3356 5757 3496 5824 quod

1891 5827 2014 5883 Abel
2036 5811 2281 5900 quirem
2305 5811 2480 5876 diuisit
2506 5838 2524 5877 .-
2559 5819 2734 5893 fugias
2751 5811 2896 5891 quod
2921 5817 3052 5880 ccta
3071 5811 3499 5900 erai,’,panietaa

1885 5907 2018 5966 «at,
2050 5896 2145 5969 ‘qui
2161 5906 2319 5964 recte,
2348 5902 2455 5958 etc.
