4042 6378
697 321 804 380 999

2047 325 2294 384 SANCTI
2333 323 2666 382 annnosu
3801 337 3866 392 ,ω

695 441 790 496 Sed
819 443 978 512 quasi
1005 441 1154 496 dives
1182 450 1236 496 et
1285 441 1526 512 locuples
1563 441 1824 498 fanerato.
1877 441 2166 498 Feneravit
2189 445 2286 500 Pe-
2313 451 2362 510 Α
2391 443 2569 510 testia,
2600 453 2654 496 ct
2683 443 2866 498 divina
2897 445 3036 499 intra
3067 459 3128 500 se
3143 445 3330 500 volvat
3357 443 3606 508 oracula,
3631 453 3818 516 atqueat!
3841 473 3868 508 fg

697 541 832 598 trus,
869 533 1130 590 feueravit
1163 534 1380 600 Paulus,
1411 533 1686 590 fcttcravit
1713 535 1950 590 Joannes
1981 535 2292 606 Evangelis-

697 635 771 690 ta,
805 627 888 680 vel
925 635 948 663 ³
981 635 1226 696 uterque,
1265 637 1320 682 et
1371 645 1474 682 non
1513 627 1742 698 iudiguit
1767 643 1782 694 ;
1809 627 1914 682 hoc
1953 639 2056 694 cst,
2085 631 2294 684 fenera-

699 727 824 772 runt
855 718 1138 788 pecuniam
1165 717 1398 786 Christi,
1433 735 1540 774 non
1573 720 1888 776 fencrarunt
1921 721 2176 790 pecunias
2227 720 2294 776 ad

693 827 932 866 usuram.
963 811 1172 868 Fenera
1201 829 1352 884 ergo,
1383 823 1438 872 et
1463 813 1574 868 noli
1603 813 1870 870 desistere
1891 815 2160 870 fenerare.
2183 817 2296 870 Au-

693 905 778 958 dis
803 905 928 974 qttid
959 905 1104 960 dicat
1134 907 1412 976 Seriptura
1445 925 1458 960 :
1489 905 1624 963 Tota
1663 909 1746 962 die
1772 909 2044 962 miseretur
2073 921 2122 964 et
2155 913 2296 980 ferte-

693 1008 794 1052 rat.
827 999 1016 1056 Justus
1045 1015 1140 1070 per
1163 1000 1306 1056 diem
1359 1000 1586 1068 fenerat,
1619 1017 1816 1056 avarus
1847 1003 1898 1056 in
1925 1011 2082 1058 nocte
2109 1019 2124 1066 ;
2175 1021 2296 1072 gra-

689 1094 758 1148 tia
791 1093 935 1150 enim
969 1095 1103 1150 lucis
1141 1107 1244 1161 est,
1269 1096 1494 1152 avaritia
1525 1105 1708 1153 autem
1741 1113 1904 1152 usura
1947 1099 2294 1152 tenebrarum

689 1199 792 1243 est.
825 1187 894 1244 Et
921 1188 1044 1244 ideo
1073 1205 1258 1244 semen
1289 1189 1589 1246 fettcrantis
1617 1189 1774 1244 ﬁdem
1823 1191 1876 1246 in
1923 1189 2298 1246 benedictione

688 1281 814 1350 crit,
847 1281 1050 1338 habens
1077 1285 1264 1354 utique
1281 1284 1562 1354 prtctnium
1591 1283 2001 1340 benedictionis.

767 1377 856 1432 6'5.
888 1376 1067 1448 (νει-ε.
1095 1377 1188 1442 27,
1219 1377 1314 1444 28,
1345 1377 1466 1448 29.)
1502 1377 1724 1432 Declina
1751 1395 1784 1432 a
1809 1379 1976 1444 malo,
2009 1389 2056 1432 et
2095 1383 2178 1449 {ac
2209 1379 2300 1432 ho-

695 1486 860 1536 rtum;
905 1469 932 1512 δ
963 1481 1012 1524 et
1061 1471 1294 1526 iuhabita
1343 1471 1398 1525 in
1441 1473 1630 1526 stccula
1677 1473 2006 1527 swculorum.
2043 1471 2296 1540 Quoniam

697 1561 954 1618 Dominus
993 1575 1132 1618 amat
1151 1563 1440 1637 judicium,
1488 1575 1538 1620 et
1567 1583 1668 1620 non
1707 1567 2024 1634 derelinquat
2049 1575 2256 1619 sanctos
2277 1581 2296 1619 :

693 1657 748 1710 in
771 1667 1020 1712 reteruum
1047 1657 1508 1712 conseruabuntur.
1541 1656 1736 1728 Injusti
1763 1667 1934 1712 autem
1966 1659 2246 1726 punientur
2277 1699 2292 1723 ,

693 1761 740 1804 et
755 1767 924 1806 semen
955 1751 1226 1822 impiorum
1249 1750 1453 1822 peribit.
1482 1751 1512 1806 J
1523 1753 1620 1806 usti
1641 1751 1940 1806 haereditate
1967 1749 2298 1818 possidebunt

2395 551 2518 606 qua:
2547 537 2920 605 complaceant
2943 537 3080 604 Deo,
3109 554 3266 592 suum
3301 537 3566 592 informet
3591 537 3790 594 aﬂ'ectum
3813 561 3820 596 :
3841 561 3870 596 5-:

2395 627 2682 684 meditatus
2713 629 2766 682 in
2821 627 2984 700 Lege,
3017 645 3120 684 nec
3171 631 3280 684 ulla
3309 646 3438 685 eum
3487 630 3690 684 Domini
3725 635 3870 690 mantis:

2399 731 2756 792 praetereant;
2789 735 2812 760 ο
2843 737 3020 779 motus
3075 725 3240 780 divini
3291 725 3638 782 Sacramenti
3681 741 3876 794 cegmsrst

2397 819 2638 889 Denique
2679 819 2878 874 abhinc
2925 819 3032 874 vidi
3059 821 3112 874 in
3155 822 3452 891 prmceptis
3491 829 3720 876 sanctum
3747 822 3880 890 Prug-is

2401 925 2508 969 tam
2559 929 2846 982 assurgere
2877 931 2892 966 :
2925 913 2996 968 0s
3024 915 3160 988 justi
3199 915 3550 968 meditabitur
3591 915 3880 982 sapientium

2399 1006 2578 1078 lingua
2599 1011 2716 1078 ejus
2738 1005 2972 1076 loquetur
2989 1007 3274 1078 judicium.
3311 1004 3426 1060 Lex
3451 1003 3556 1058 Dei
3597 1007 3696 1078 ejus
3735 1007 3776 1058 is
3807 1027 3884 1062 tua

2399 1101 2562 1172 ἱρείη-ι
2589 1118 2607 1154 :
2648 1117 2738 1154 nec
2781 1099 3066 1164 (lanmabit,
3093 1099 3256 1170 807
3289 1099 3470 1168 inquit
3503 1139 3520 1164 ,
3563 1115 3678 1152 eum
3721 1097 3874 1152 Donusa

2399 1211 2520 1250 cum
2550 1195 2874 1265 judicabitur
2895 1197 2996 1248 illi.
3043 1194 3304 1266 Exspecta
3357 1193 3672 1256 Dominum,
3711 1205 3748 1246 et
3779 1209 3884 1248 milia

2401 1293 2534 1346 riam
2567 1291 2680 1362 ejus
2709 1311 2728 1358 ;
2759 1303 2804 1344 et
2835 1289 3078 1344 exultabit
3110 1301 3176 1352 te,
3211 1299 3268 1344 ut
3291 1289 3606 1344 haereditate
3627 1289 3886 1354 possideam-

2399 1401 2512 1438 ram
2541 1401 2560 1438 :
2577 1401 2694 1438 cum
2717 1386 2958 1452 perierint
2979 1393 3270 1455 peccatores
3287 1381 3518 1436 ridebis.
3555 1379 3666 1432 Vidi
3689 1382 3886 1448 impleru-

2403 1479 2774 1548 perexaltatum
2797 1489 2844 1530 et
2869 1479 3120 1532 eleuatum
3137 1477 3274 1531 ultra
3296 1475 3486 1530 cedrus
3509 1473 3720 1540 Libani;
3743 1487 3776 1530 ct
3795 1489 3886 1530 una

2401 1575 2472 1638 vi,
2503 1583 2550 1628 et
2573 1591 2688 1628 ecce
2713 1591 2814 1626 non
2839 1583 2970 1636 erat;
3001 1583 3048 1626 et
3077 1571 3290 1641 quaesivi
3321 1587 3466 1636 eum,
3493 1581 3544 1624 et
3563 1585 3662 1623 non
3683 1579 3742 1622 est
3767 1569 3884 1622 ἰηιςιω

2402 1667 2541 1721 locus
2579 1667 2711 1738 ejus.
2779 1665 3072 1734 Superiora
3123 1663 3354 1718 moralia
3383 1705 3399 1726 ,
3461 1663 3588 1718 inec
3633 1661 3884 1728 intelliglria

2401 1759 2554 1826 thd
2585 1767 2670 1812 est
2694 1759 2824 1828 justi
2847 1775 2908 1812 os
2921 1757 3064 1828 quod
3097 1755 3458 1810 meditabitur
3497 1753 3880 1824 snpientiamﬁss

690 1853 923 1912 terram;
951 1845 1376 1900 etinhabitabunt
1405 1845 1458 1900 in
1480 1845 1728 1902 secutum
1749 1845 1928 1900 siccati
1956 1861 2110 1914 super
2159 1859 2291 1898 eam.
2327 1853 2374 1916 Β
2399 1845 2674 1900 interioris
2699 1845 2972 1898 hominis?
2999 1842 3114 1896 Duo
3143 1851 3272 1896 sunt
3297 1843 3450 1896 enim
3481 1839 3882 1906 hominesinsént-

699 1936 795 1992 llis
823 1938 1108 1994 versiculis
1145 1939 1484 1994 demonstrat
1509 1938 1780 2006 Propheta
1832 1937 1978 2008 quod
2025 1937 2298 2006 pertinea-

697 2045 818 2086 mus
837 2031 906 2086 ad
935 2033 1243 2096 Dominum,
1277 2041 1332 2088 et
1353 2033 1470 2104 ipse
1491 2031 1696 2088 arbiter
1725 2031 2140 2102 cogitationum.
2167 2045 2298 2100 ope-

697 2125 1074 2196 rationumque
1102 2135 1412 2182 nostrarum
1434 2127 1528 2192 sit,
1553 2126 2023 2196 spectansmerita
2053 2124 2296 2194 singulo-

696 2233 818 2276 rum
843 2261 859 2286 ,
889 2219 980 2290 qui
1008 2219 1140 2276 nihil
1163 2219 1282 2275 sine
1309 2219 1516 2290 judicio
1545 2221 1690 2291 agit;
1723 2219 1820 2275 sed
1847 2218 2018 2274 malos
2047 2227 2100 2274 et
2125 2218 2298 2274 bonos

695 2321 848 2368 actus
871 2311 1076 2384 judicio
1101 2312 1380 2368 discernit.
1411 2312 1797 2370 Declinandum
1825 2327 1958 2383 ergo
1982 2319 2067 2366 est
2095 2325 2122 2364 a
2155 2310 2300 2364 male

702 2417 758 2465 et
783 2405 1094 2462 faciendum
1115 2415 1202 2462 est
1223 2406 1448 2462 bonum.
1497 2404 1577 2462 Ne
1605 2403 1744 2460 bona
1789 2405 2040 2472 malaque
2067 2401 2296 2458 confun—

698 2499 817 2563 das,
847 2499 997 2569 prius
1017 2507 1181 2554 estut
1208 2498 1436 2554 crimine
1461 2513 1648 2554 careas
1679 2507 1903 2568 ;postea
1953 2506 2014 2551 ut
2035 2497 2298 2552 innocen-

697 2591 788 2648 tiae
817 2590 1048 2648 fructum
1080 2589 1316 2656 deferas,
1345 2605 1454 2662 quo
1479 2591 1656 2661 possis
1679 2605 1802 2644 esse
1835 2599 2144 2660 perpetuus.
2177 2587 2298 2643 Noli

699 2697 888 2756 putare
913 2687 1057 2757 quod
1085 2685 1256 2740 Deum
1281 2697 1370 2741 tua
1399 2695 1618 2756 peccata
1649 2694 2012 2756 praetereant;
2047 2685 2128 2740 sic
2147 2684 2294 2740 enim

699 2778 942 2850 plerique
961 2778 1232 2836 labuntur.
1265 2777 1388 2850 Ipse
1417 2779 1670 2834 universa
1693 2777 1872 2833 cernit
1894 2787 1950 2832 et
1977 2777 2226 2842 damnat,
2243 2785 2300 2832 ct

701 2869 992 2944 impiorum
1045 2887 1236 2928 semen
1280 2871 1640 2933 exterminat;
1687 2887 1872 2927 semen
1931 2871 2116 2943 utique
2187 2885 2297 2926 non

698 2967 998 3038 corporalis
1025 2965 1414 3036 generationis,
1439 2965 1538 3022 sed
1569 2965 1763 3020 mentis
1785 2965 2012 3020 internae
2037 2963 2296 3034 etimpie~

697 3061 822 3116 tatis
844 3061 1247 3118 successionem
1273 3059 1416 3133 (Job.
1453 3059 1590 3130 1,·1).
1627 3057 1760 3114 Nam
1791 3057 2096 3129 ntiqueJob
2121 3057 2190 3112 de
2211 3073 2298 3112 se-

695 3156 840 3212 mine
863 3155 1007 3212 Esau
1034 3157 1254 3229 gcnitus
1277 3156 1576 3226 Scriptum
1609 3153 1994 3210 testificatione
2025 3151 2294 3224 signatur.

2403 1938 2468 1994 lis
2503 1953 2680 1993 :unus
2719 1937 2988 2000 interior,
3039 1936 3180 1990 alter
3205 1935 3500 1998 exterior;
3547 1932 3760 1988 interior

2401 2049 2522 2102 quae
2547 2033 2744 2086 tuentis
2777 2041 2920 2096 sunt,
2951 2045 3072 2101 quae
3099 2027 3298 2084 tuentis
3317 2039 3450 2084 sunt
3473 2027 3878 2098 loquiturzettsu

2399 2147 2522 2200 qua:
2589 2139 2716 2185 sunt
2769 2129 3032 2199 corporis.
3081 2127 3290 2182 Tamen
3365 2127 3676 2182 adveniens
3743 2123 3876 2176 Βυιιις-

2401 2233 2692 2292 utrumqnc
2709 2221 3020 2290 cottjunxit;
3053 2229 3107 2274 et
3139 2219 3278 2274 duos
3307 2219 3364 2274 in
3403 2235 3520 2274 uno
3563 2217 3768 2272 homine
3795 2235 3872 2268 ιτ·-

2399 2315 2522 2382 dit;
2555 2331 2622 2370 ne
2650 2314 2878 2370 diversis
2897 2329 3018 2368 sese
3049 2313 3372 2384 intpugnent
3393 2313 3662 2372 motibus.
3713 2310 3788 2365 sed
3895 2383 3897 2386 Ι

2401 2425 2518 2464 cem
2541 2409 2644 2463 sibi
2683 2407 3024 2463 voluntatum
3046 2423 3266 2462 suarum
3297 2409 3522 2463 unitate
3551 2407 3812 2462 sociemur.
3831 2407 3844 2452 '..
3895 2389 3897 2430 ¹

2401 2521 2458 2558 os
2481 2505 2612 2572 justi
2641 2503 2970 2558 meditabitur
2999 2503 3332 2574 sapientiam.
3364 2501 3494 2558 lam
3521 2502 3670 2558 enim
3695 2511 3744 2555 et
3773 2500 3850 2566 ipsu-

2401 2597 2570 2651 terior
2598 2595 2762 2651 homo
2787 2595 2918 2668 justi
2941 2593 2994 2650 in
3027 2595 3306 2650 interioris
3331 2595 3584 2650 hominis
3605 2593 3856 2648 transfusu-

2399 2691 2738 2762 disciplinam
2771 2709 2784 2744 :
2827 2699 2882 2747 et
2915 2691 2970 2746 in
3007 2689 3126 2760 ejus
3169 2691 3562 2746 conformatus
3605 2701 3860 2744 naturain:

2399 2784 2514 2838 sius
2541 2795 2760 2838 exercet
2789 2783 2970 2838 ofﬁcia
3000 2825 3014 2850 ,
3049 2793 3108 2838 ut
3133 2799 3266 2839 caro
3297 2783 3610 2840 meditetur
3635 2783 3758 2852 quod
3789 2795 3868 2832 nm:

2401 2877 2632 2930 internae
2658 2887 2762 2932 est.
2795 2875 2904 2932 Sed
2935 2891 3002 2930 ne
3035 2875 3136 2931 hoc
3187 2875 3522 2932 incredibile
3577 2875 3670 2930 tibi
3713 2875 3858 2926 \‘ldrztt‘

2399 2971 2524 3024 audi
2553 2971 2872 3038 Apostolum
2897 2970 3172 3025 dicentem
3197 2967 3432 3040 (Philip.
3461 2987 3548 3036 tu,
3571 2965 3899 3038 2i)qnialm:

2401 3079 2502 3116 nus
2525 3071 2550 3110 8
2579 3061 2738 3117 Jesus
2781 3059 3180 3132 transﬁgurav'tt
3199 3076 3402 3131 corpus
3435 3059 3750 3118 humilitatis
3763 3071 3864 3112 nostri
3897 3051 3899 3070 ’

2401 3167 2458 3212 ut
2481 3157 2764 3211 conformo
2795 3154 2954 3212 fieret
2983 3157 3198 3226 corpori
3227 3155 3426 3224 gloria:
3457 3171 3602 3210 sum.
3651 3153 3758 3219 Quis
3781 3157 3872 3202 tui—2i

689 3249 974 3317 Quomodo
994 3264 1125 3322 ergo
1155 3264 1342 3306 semen
1373 3247 1516 3304 Esau
1543 3246 1707 3320 periit
1735 3247 1790 3302 in
1817 3245 1942 3312 Job,
1961 3261 2086 3300 cum
2115 3251 2296 3298 tantus
2325 3247 2372 3309 C
2401 3249 2587 3306 dicere
2623 3264 2843 3304 carnem
2879 3249 3000 3304 sine
3027 3258 3250 3320 peccato
3271 3290 3288 3312 ,
3319 3263 3556 3304 carnem
3585 3255 3870 3314 assumptum!

690 3342 794 3400 iste
817 3342 897 3400 vir
925 3343 1110 3408 fuerit,
1141 3353 1200 3396 ut
1227 3351 1516 3398 venturum
1547 3341 1600 3396 in
1635 3349 1808 3398 terras
1831 3339 2118 3392 Dominum
2149 3351 2290 3408 prte—

685 3437 916 3500 videret,
937 3437 1028 3508 qui
1053 3449 1234 3494 cetum
1259 3436 1416 3492 istius
1432 3435 1614 3490 saeculi
1637 3435 1914 3492 diabolum
1935 3433 2254 3503 subjugaret
2269 3435 2292 3482 1'

691 3535 830 3606 Ergo
861 3533 964 3590 hoc
992 3533 1288 3604 quaeritur,
1317 3548 1387 3586 ne
1411 3531 1612 3586 malitia
1641 3528 2050 3584 transfundatur
2081 3528 2132 3581 in
2191 3541 2286 3596 po-

685 3641 882 3686 steros.
939 3629 1054 3683 lloc
1087 3641 1183 3698 per
1229 3625 1572 3694 baptismatis
1597 3631 1996 3678 sacramentum
2033 3617 2288 3674 Christus

685 3731 962 3794 operatur,
1001 3729 1059 3776 ut
1081 3729 1248 3776 exuat
1289 3717 1668 3786 unusquisque
1711 3714 1854 3786 quod
1883 3723 2042 3768 natus
2073 3721 2176 3777 est,
2207 3711 2292 3766 in-

688 3818 818 3875 duat
870 3815 1013 3889 quod
1063 3823 1286 3872 renatus
1317 3831 1332 3869 :
1361 3811 1453 3868 ﬁat
1483 3821 1506 3851 °
1535 3827 1640 3866 non
1671 3809 1888 3865 familia:
1939 3810 2142 3872 heres,
2191 3804 2287 3862 sed

685 3913 913 3985 gratim;
945 3919 1006 3968 ut
1025 3917 1346 3982 perpetuum
1369 3905 1704 3964 domicilium
1749 3901 2096 3958 habitationis
2127 3909 2286 3956 mter-

685 4020 770 4062 nte
792 4003 892 4060 sibi
925 4003 1096 4070 possit
1121 4005 1420 4074 acquirere.
1445 3999 1546 4070 Qui
1569 4011 1746 4054 autem
1772 3997 2013 4053 habitare
2031 3993 2291 4050 meruerit

685 4099 738 4154 in
765 4097 1021 4153 sazculum
1053 4095 1262 4162 sreculi,
1284 4103 1340 4152 et
1365 4095 1484 4165 ipse
1505 4090 1884 4149 honoriﬁcabit
1909 4089 2080 4144 Deum
2109 4088 2164 4144 in
2188 4103 2288 4146 sre-

687 4189 806 4244 cula
841 4189 1193 4244 saeculorum.

757 4281 848 4338 64.
883 4280 1063 4354 (Vers.
1089 4281 1160 4336 50
1187 4289 1242 4334 et
1267 4279 1448 4349 seqq.)
1491 4277 1593 4334 Ubi
1621 4275 1920 4332 moralibus
1964 4275 2166 4344 justum
2207 4274 2288 4328 in—

687 4374 862 4432 stituit
887 4373 1211 4444 disciplinis,
1233 4381 1294 4426 ut
1309 4373 1488 4444 qualis
1511 4371 1738 4428 deberet
1763 4385 1886 4426 esse
1901 4411 1916 4436 ,
1943 4379 1996 4425 te
2017 4371 2240 4424 doceret
2271 4410 2284 4432 ,

689 4482 880 4539 quteve
907 4475 1054 4523 esset
1079 4465 1334 4536 perfectae
1371 4463 1543 4520 forma
1571 4463 1797 4533 justitiae
1825 4480 1842 4528 ;
1871 4463 1938 4517 ad
1958 4461 2285 4532 sapientiam

688 4572 744 4619 et
767 4561 796 4602 ά
838 4562 1174 4618 theoremata
1195 4569 1433 4614 mentem
1467 4557 1582 4613 vult
1602 4557 1722 4628 ejus
1749 4571 2038 4626 assurgere
2069 4575 2086 4623 ;
2118 4565 2284 4612 etex-

2399 3343 2640 3414 Virgine,
2661 3357 2879 3400 carnem
2911 3343 3118 3414 Spiritu
3145 3343 3240 3398 Dei
3267 3343 3322 3397 in
3351 3343 3592 3400 Mariam
3625 3351 3864 3412 superinu-

2399 3447 2450 3493 ιθ
2495 3449 2844 3510 εεηθηιιειιιι.
2875 3455 2996 3510 qua:
3031 3439 3084 3492 in
3127 3437 3276 3492 nullo
3303 3437 3696 3508 discrepas-ﬁta
3727 3429 3858 3500 suis!

2395 3533 2722 3600 disciplinis,
2757 3533 3034 3588 interioris
3067 3531 3302 3588 hominis
3330 3543 3620 3591 exsortem
3651 3527 3852 3588 miserm-

2395 3635 2532 3690 tum,
2569 3641 2670 3682 nec
2691 3625 2744 3682 in
2779 3643 2910 3682 usus
2935 3625 3054 3696 ejus
3088 3626 3324 3682 transire
3375 3627 3656 3694 potuisse;
3689 3625 3862 3682 cunni-ii1

2393 3719 2669 3774 hominem
2697 3719 2858 3776 fuerit
2901 3719 3046 3790 quod
3087 3727 3231 3774 ιιιιιιιι
3263 3720 3384 3789 ejus
3411 3721 3738 3776 sanabuntur
3753 3711 3868 3780 τξτίέλι

2393 3811 2553 3868 caecis
2601 3811 2993 3868 refundebatur
3037 3824 3312 3882 aspectus,
3367 3815 3578 3870 mortui
3613 3807 3870 3878 resurgo-eui?

2393 3904 2780 3974 δοιηυθῐϐιιιιτι·
2807 3921 2936 3976 ergo
2961 3909 3224 3978 scriptum
3252 3917 3336 3962 est
3367 3925 3382 3960 :
3405 3925 3466 3962 os
3505 3908 3643 3982 justi
3669 3897 3870 3959 utetitaiiu'

2391 3999 2740 4070 sapientiam;
2769 4015 2836 4054 eo
2863 3999 3006 4070 quod
3053 4009 3196 4054 totus
3242 4001 3406 4054 homo
3437 4001 3514 4054 sit
3555 3995 3801 4069 spiritalis.
3827 4001 3870 4040 ιιτί

2391 4091 2582 4163 utique
2621 4102 2874 4148 terrenus
2907 4107 2922 4145 :
2957 4093 3134 4162 qualis
3163 4092 3309 4147 enim
3343 4103 3626 4160 terrenus,
3651 4091 3758 4147 tales
3775 4093 3872 4140 ulc-

2393 4187 2508 4240 reni
2535 4201 2548 4250 ;
2575 4191 2633 4240 et
2657 4185 2834 4256 qualis
2859 4185 3128 4250 ctelestis,
3163 4185 3298 4241 tales
3323 4195 3378 4241 et
3405 4189 3680 4244 cmlestes.
3708 4181 3814 4238 Absit
3839 4187 3876 4222 u-

2387 4293 2458 4350 go
2487 4289 2736 4334 terrenus
2756 4319 2772 4346 ,
2801 4281 3066 4334 remansit
3091 4279 3350 4336 cmlestis.
3385 4279 3630 4350 Ideoque
3669 4279 3714 4332 in
3739 4277 3876 4336 tempus

2393 4373 2771 4441 Redemptoris
2797 4373 3046 4429 referens
3069 4373 3340 4443 Propheta
3361 4413 3378 4439 ,
3423 4371 3753 4431 meditabitur,
3777 4359 3856 4414 dixit

2391 4465 2518 4520 licet
2549 4481 2690 4520 unus
2717 4485 2748 4520 c
2775 4465 3052 4536 pluribus,
3073 4467 3372 4530 meditatur,
3407 4465 3702 4536 scripserit.
3737 4459 3810 4514 Nec
3831 4453 3877 4500 si

2391 4559 2632 4615 horreta
2671 4575 2878 4628 sensu;
2923 4561 3047 4632 quia
3103 4559 3500 4632 prophetarum
3551 4555 3742 4632 spiritui
3783 4553 3874 4602 futui!

688 4659 818 4739 citat
842 4658 961 4731 ejus
985 4653 1368 4720 intentionem,
1399 4661 1462 4708 ut
1486 4661 1694 4722 spectet
1723 4651 1932 4707 intento
1977 4649 2144 4707 corde
2173 4665 2286 4708 coe-
2313 4641 2366 4706 D
2393 4666 2490 4724 pro
2523 4653 2884 4724 praesentibus
2913 4663 3062 4710 sunt.
3105 4653 3212 4710 Alii
3244 4663 3436 4724 putant
3473 4667 3544 4711 os
3581 4665 3672 4724 pro
3697 4633 3878 4704 ineundi

763 4856 788 4884 λ
807 4843 1052 4912 Uterque,
1069 4835 1338 4912 nimirum
1367 4835 1710 4906 Evangelista
1741 4847 1794 4912 et
1815 4835 2075 4912 Baptista.

761 4918 792 4958 δ
823 4909 982 4972 Rom.
1013 4911 1150 4970 edit.
1183 4911 1323 4964 hunc
1350 4921 1591 4972 versom,
1637 4924 1700 4962 ac
1727 4909 1797 4964 ‘29
1843 4911 1912 4963 ita
1947 4919 2285 4974 mutaverat,

691 4989 831 5046 utin
863 4989 966 5042 hoc
991 4991 1218 5054 poneret
1247 5000 1260 5054 ι
1297 4979 1364 5034 Ει
1410 4979 1646 5054 inhabita
1689 4981 1744 5054 in
1786 4981 2036 5034 saxulum
2062 4983 2240 5036 stcculi
2268 4997 2289 5046 ;

691 5063 745 5120 in
765 5061 858 5118 illo
887 5051 1067 5113 autent
1103 5073 1116 5108 :
1149 5053 1216 5108 Et
1237 5051 1652 5118 honoriﬁcabunt
1685 5051 1848 5106 Deum
1877 5054 1934 5107 in
1973 5055 2166 5107 stccula
2195 5067 2314 5107 δίε-⁸

691 5135 947 5190 culorum.
981 5125 1132 5184 Haud
1165 5126 1329 5180 dubie
1355 5123 1420 5178 ad
1451 5122 1504 5177 id
1553 5136 1893 5192 respexerat.
1945 5125 2091 5192 quod
2139 5125 2286 5179 infra

691 5207 964 5279 legimus:
999 5198 1340 5279 Quid-autem
1393 5195 1625 5250 habitare
1662 5196 1908 5279 meruerit
1951 5195 2284 5279 stecttluut

690 5265 887 5339 ιιὲἱιιιί,
919 5265 1037 5330 etcf
1059 5269 1163 5326 Sed
1198 5269 1300 5324 hoc
1320 5279 1506 5322 contra
1535 5277 1736 5324 mss.et
1763 5275 1876 5322 vet.
1906 5265 2036 5320 edit.
2056 5283 2285 5324 consen-

691 5365 812 5406 sum
847 5359 1034 5418 parum
1063 5341 1246 5396 valere
1276 5341 1672 5394 existimamus.

767 5453 789 5480 ι·
821 5439 961 5496 Edit.
997 5451 1059 5490 ac
1087 5449 1216 5490 mss.
1250 5431 1387 5486 Vict.
1413 5441 1468 5487 et.
1495 5429 1672 5494 Colb.,
1707 5429 1798 5500 [iul
1825 5429 2292 5556 nonéamulazhtc-

767 5530 791 5556 ιι
821 5513 910 5556 ..τά
938 5508 1135 5556 ararim.
1163 5504 1348 5556 Codex
1377 5503 1494 5556 Vat.
1523 5518 1646 5556 cum
1674 5503 1914 5556 nuiuane
1993 5501 2136 5556 allic.
2161 5545 2174 5556 .
2199 5503 2292 5556 fuit

693 5527 795 5580 res.
821 5513 910 5592 εεά
938 5508 1136 5592 statim:
1163 5504 1348 5592 cases
1377 5503 1496 5592 tu:
1522 5518 1653 5592 εαξη
1669 5501 2136 5592 ειιίιξειιιεςέίιέξὲε-
2161 5503 2292 5592 ιβαε

695 5573 798 5638 ποιεί
827 5573 1056 5652 familia,
1087 5585 1206 5652 etc.
1221 5575 1410 5652 Melius
1434 5591 1450 5640 ;
1479 5575 1570 5652 hic
1596 5575 1742 5652 enim
1773 5573 1991 5640 generis
2019 5573 2136 5628 sive
2163 5589 2291 5629 suc-

695 5643 959 5710 cessionis
985 5648 1292 5710 hatredtbus
1311 5645 1560 5702 baeredes
1581 5643 1767 5716 gratia:
1794 5652 2162 5716 opponuntur.

729 5816 743 5830 ο
765 5743 794 5783 (ι
825 5744 1178 5808 Theoremata,
1207 5741 1396 5830 iduest,
1422 5737 1900 5809 contemplationis
1931 5748 2248 5808 argumenta
2271 5781 2284 5805 ,

699 5816 836 5884 sive,
879 5825 938 5871 ut
959 5824 1175 5880 vocant,
1215 5813 1450 5884 objecta.

775 5901 799 5928 ο
825 5887 948 5947 Yet.
977 5887 1107 5946 edit.
1141 5901 1206 5945 ac
1231 5899 1362 5945 mss.
1387 5883 1528 5941 Vict.
1571 5891 1627 5940 et
1659 5879 1840 5950 Colb.,
1894 5879 2082 5938 Nodos
2122 5880 2284 5940 diuini

2399 4837 2710 4892 sacramenti
2763 4853 3034 4908 cognosce.
3069 4835 3248 4908 Rom.
3283 4834 3462 4890 Motus
3503 4829 3878 4908 diuiuijam'ffif

2397 4925 2663 4980 cognosce.
2699 4893 2849 4964 Mss."
2865 4925 2956 4964 sex
2983 4907 3116 4980 utin
3151 4917 3297 4962 textu
3325 4949 3340 4972 ,
3369 4908 3474 4980 nisi
3503 4903 3768 4980 ιιιιοάιῖεε.
3793 4893 3876 4980 illis:

2397 4977 2737 5034 sacramenta.
2775 4981 2922 5034 llaud
2955 4979 3158 5034 scimus
3187 4995 3254 5034 an
3283 4977 3535 5034 omnium
3561 4977 3751 5048 Optime.
3775 4977 3878 5048 ιιξξέίς

2394 5067 2488 5108 Sus
2513 5053 2602 5108 ille
2633 5051 2938 5106 efﬁciatur:
2971 5051 3224 5107 Motionis
3251 5063 3416 5122 atque
3441 5039 3748 5122 operationis
3767 5039 3874 5092 diutis“

2394 5125 2652 5196 mysteria
2677 5133 2996 5194 cognoscat.

2465 5214 2485 5254 τ
2519 5215 2661 5270 Edit.
2721 5225 2828 5270 vet.
2882 5231 2947 5271 ac
2998 5217 3158 5272 Rom.
3189 5231 3314 5272 cum
3363 5231 3498 5272 mss.
3539 5201 3872 5278 Octb-39‘???"

2393 5287 2492 5342 uisi
2517 5289 2730 5344 interior
2752 5289 2926 5343 homo.
2965 5271 3094 5343 Mss.
3127 5289 3233 5344 duo
3261 5271 3386 5342 Vat.
3417 5271 3473 5344 et
3489 5271 3721 5358 quinque
3738 5271 3872 5358 (ξᾷυίῗς

2397 5359 2496 5412 nisi
2523 5360 2782 5414 interioris
2808 5359 3052 5414 hominis.
3085 5359 3254 5416 Bene.
3291 5359 3388 5416 Hic
3416 5349 3565 5415 enim
3585 5349 3874 5426 subintcliigrfi:

2394 5429 2520 5505 dum
2576 5449 2655 5496 os,
2685 5437 2828 5505 quod
2861 5432 3129 5505 superiori
3157 5415 3318 5505 versu
3351 5415 3664 5505 expressum
3697 5415 3870 5505 (ἷξε

2395 5493 2675 5558 omittatur
2699 5493 2754 5558 in
2777 5493 3006 5575 Vietfet
3035 5502 3194 5564 Colb.
3217 5504 3388 5560 Porro
3415 5493 3447 5558 ὁ
3479 5493 3870 5575 superioribuij

2395 5575 2546 5628 sibus
2573 5587 2680 5630 tres
2708 5576 2776 5630 ab
2802 5574 2924 5629 aliis
2941 5577 3166 5632 avulsus
3195 5575 3354 5632 Rom.
3377 5575 3512 5631 edit.
3539 5565 3656 5630 alibi
3681 5565 3872 5636 trait-imi"

2389 5655 2572 5713 serat,
2611 5661 2749 5718 quos
2785 5646 3030 5717 priorum
3067 5647 3200 5704 edit.
3245 5663 3310 5704 ac
3349 5663 3488 5704 mss.
3525 5647 3692 5704 forma
3721 5635 3864 5692 restitu-

2391 5733 2538 5772 mus.

2463 5821 2502 5938 sl
2529 5811 2654 5870 Mss.
2709 5812 2942 5884 aliquot,
2981 5813 3381 5888 transﬁgurauit
3425 5831 3610 5888 corpus
3649 5795 3864 5863 “minus

2463 5901 2482 5938 s
2505 5901 2598 5938 rat.

2390 5901 2598 5940 κοιινω.
