4042 6378
75 304 257 363 1001
1163 302 1231 360 ΙΝ
1270 296 1598 360 ΡΞΑΙΜΗΜ
1638 293 1752 359 ΧΧῖ

1858 301 1861 359 ἶ
1898 296 2321 360 ENARRATIO.
3297 300 3436 360 1002

75 428 296 472 ctum.
333 415 569 472 Pulchre
598 420 776 471 autem
807 414 950 471 istud
981 416 1230 486 exposuit
1253 415 1410 471 nobis
1435 424 1457 451 ἰ
1483 414 1736 470 Salomon
1765 418 1814 475 Α
1842 413 2061 470 Christo
2086 417 2344 487 loquaris,
2381 413 2508 486 quia
2533 413 2616 468 via
2648 411 2895 468 Christus
2923 420 3026 469 est.
3055 411 3111 468 ln
3137 410 3223 468 via
3249 413 3442 485 loque—

75 509 318 566 dicens
353 527 367 564 :
418 510 670 564 Narratio
702 511 836 583 justi
867 525 1066 581 semper
1101 509 1390 579 sapientia:
1424 509 1608 563 stultus
1637 524 1730 560 au—
1834 526 1894 565 re
1926 511 2040 576 tibi,
2073 512 2296 582 loquere
2321 510 2561 567 Christo.
2587 507 2727 563 Audi
2756 507 3028 577 quomodo
3066 508 3145 562 illi
3175 508 3434 577 loquaris.

76 613 219 657 tem
243 603 389 657 sicut
419 602 545 656 luna
573 611 805 656 mutatur
835 599 1024 674 (Eccli.
1057 617 1226 666 xxvu,
1250 598 1362 672 J12);
1395 599 1447 654 id
1477 610 1560 654 est
1584 596 1730 670 quod
1841 603 1996 671 Volo,
2029 605 2224 674 inquit,
2255 608 2390 660 viros
2406 607 2460 660 in
2486 603 2627 658 omni
2671 603 2784 657 loco
2811 620 2983 670 orare,
3009 604 3235 658 levantes
3279 619 3437 672 puras

76 711 270 767 saepe
326 695 599 761 varietur,
637 709 737 750 nec
764 695 817 750 in
849 710 948 749 sua
975 703 1285 765 perseveret
1334 691 1636 757 sententia,
1679 698 1735 746 et
1835 711 2022 750 manus
2050 699 2158 751 sine
2186 697 2266 751 ira
2286 708 2334 752 et
2357 694 2786 767 disceptatione(l
2817 694 2950 749 Tim.
2981 711 3040 761 ιι,
3072 693 3436 768 8).Loquere,

77 799 406 860 tamquam
454 788 507 843 in
537 786 778 844 tenebris
818 788 1000 843 lumen
1025 789 1277 843 videatur
1299 783 1598 848 oﬁ'undere,
1636 798 1734 839 nec
1836 802 1869 842 ο
1897 788 2087 856 homo,
2115 789 2424 855 dormitans,
2454 806 2520 844 ne
2552 789 2648 843 tibi
2684 803 2910 843 somnus
2941 790 3136 843 mortis
3185 788 3440 857 obrepat.

79 889 340 936 tenere.
1837 879 1984 937 Audi
2005 882 2278 952 quomodo
2310 882 2613 939 dormitaus
2652 884 2893 956 loquaris
2924 901 2937 938 :
2972 883 3031 938 Si
3063 883 3251 938 dedero
3293 899 3434 937 som-

186 976 288 1032 65.
323 974 410 1032 Sit
444 988 575 1047 ergo
603 975 704 1031 tibi
733 988 950 1044 semper
978 974 1034 1029 in
1059 972 1228 1029 corde
1253 981 1309 1028 et
1332 987 1430 1028 ore
1457 971 1736 1028 meditatio
1838 991 1961 1030 num
1983 975 2142 1029 oculis
2164 976 2288 1030 meis
2309 985 2356 1030 et
2382 976 2640 1045 palpebris
2653 979 2780 1031 meis
2804 976 3217 1031 dormitationent
3242 976 3442 1043 ;donec

84 1068 442 1141 sapientire,
473 1080 528 1126 et
558 1070 742 1141 lingua
770 1078 860 1124 tua
903 1070 1155 1140 loquatur
1191 1068 1480 1139 judicium,
1527 1070 1613 1123 lex
1639 1067 1736 1122 Dei
1839 1069 2096 1125 inveniam
2141 1069 2313 1124 locum
2359 1067 2622 1136 Domino,
2678 1070 3069 1125 tabernaculum
3110 1068 3219 1123 Deo
3267 1066 3434 1122 Jacob

85 1163 193 1216 tui
216 1162 275 1216 in
313 1162 484 1218 corde
514 1170 604 1217 tuo
636 1163 726 1218 sit.
788 1161 914 1217 Ideo
944 1160 1042 1217 tibi
1086 1159 1220 1217 dicit
1273 1161 1552 1232 Scriptura
1584 1177 1598 1214 :
1636 1159 1740 1214 ιο·
1843 1162 1962 1232 (Ps.
1986 1178 2173 1228 cxxxt,
2196 1162 2293 1216 det
2319 1160 2404 1235 5).
2427 1161 2857 1218 Vincenaturam
2888 1162 3189 1233 diligentia,
3212 1160 3444 1216 exclude

87 1256 298 1326 σείει-ξε
349 1256 406 1309 in
459 1255 568 1310 illis
617 1255 796 1310 sedens
852 1255 909 1309 in
961 1254 1115 1308 domo
1147 1296 1162 1319 ν
1224 1254 1496 1308 ambulans
1541 1254 1596 1307 in
1629 1253 1734 1320 via.
1843 1259 2091 1330 corporis
2113 1274 2384 1314 somnum.
2419 1256 2674 1312 Naturam
2707 1259 2863 1312 nobis
2907 1257 3140 1312 tormare
3182 1273 3287 1312 non
3320 1270 3446 1325 pos-

99 1347 449 1415 dormitans,
501 1345 972 1419 resurgens(Dcul.
1013 1362 1088 1412 vr,
1143 1345 1222 1415 7).
1280 1345 1586 1417 Loquamur
1611 1359 1740 1415 ergo
1844 1369 2052 1421 sumus,
2100 1367 2387 1424 possumus
2426 1351 2783 1420 diligentiam.
2831 1350 3004 1405 Homo
3070 1359 3189 1404 erat
3240 1347 3443 1401 David:

94 1441 424 1498 Dominum
495 1440 722 1508 Jesum;
771 1441 904 1513 quia
952 1443 1066 1513 ipse
1112 1450 1198 1497 est
1251 1441 1527 1512 Sapientia
1555 1482 1571 1509 ,
1626 1442 1742 1511 ipse
1845 1446 2156 1518 indulgebat
2183 1444 2384 1515 aliquid
2429 1459 2619 1500 somno
2648 1459 2745 1514 per
2776 1451 3028 1507 noctem;
3062 1442 3156 1497 sed
3188 1441 3445 1496 exclude-

89 1543 202 1591 est
220 1535 471 1592 Verbum
493 1546 548 1591 et
568 1534 807 1592 Verbum
840 1536 958 1592 Dei.
988 1536 1120 1592 Nam
1143 1545 1197 1592 et
1218 1536 1321 1593 hoc
1345 1537 1607 1608 scriptum
1627 1549 1739 1593 est:
1845 1539 1938 1596 bat
1964 1555 2234 1607 Somnum,
2251 1539 2438 1594 iuvans
2466 1553 2561 1608 per
2589 1536 2834 1606 singulas
2862 1535 3262 1591 nocteslectum
3283 1547 3444 1587 suum

94 1629 299 1700 Aperi
329 1646 392 1686 os
418 1640 569 1686 tuum
602 1631 768 1687 verbo
801 1631 917 1685 Dei.
954 1630 1131 1701 Ipsum
1160 1632 1370 1702 spirat,
1404 1631 1498 1702 qui
1530 1645 1742 1687 sermo-
1849 1643 1904 1689 et
1929 1632 2182 1706 lacrymis
2208 1632 2437 1703 irrigans
2457 1638 2686 1686 stratum
2714 1645 2893 1685 suum.
2927 1628 3052 1684 ldeo
3085 1643 3293 1683 memor
3328 1635 3448 1681 erat

95 1738 221 1779 nes
251 1722 376 1793 ejus
424 1732 670 1790 resonat,
693 1734 749 1780 et
799 1722 967 1779 verba
993 1722 1308 1779 meditatur.
1341 1723 1525 1794 Ipsum
1577 1723 1746 1796 808
1850 1727 1904 1782 iu
1935 1737 2109 1782 stratu
2135 1742 2233 1782 suo
2262 1740 2480 1796 semper
2507 1725 2722 1780 Domini
2751 1726 2858 1792 sui,
2890 1734 2944 1780 et
2978 1724 3028 1778 in
3064 1724 3180 1794 ipso
3221 1722 3456 1778 medita-

108 1831 360 1888 semper
391 1817 694 1888 loquamur.
729 1817 863 1871 Cum
907 1818 975 1872 de
1006 1817 1270 1886 sapientia
1303 1815 1594 1886 loquimur,
1630 1817 1746 1886 ipse
1774 1830 1824 1892 Β
1849 1821 2041 1888 batur;
2066 1830 2124 1876 ut
2150 1821 2448 1876 diluculum
2480 1819 2828 1890 praeveniret,
2861 1820 2990 1874 etin
3024 1816 3264 1874 tenebris
3286 1816 3335 1871 ei
3383 1815 3445 1869 il-

99 1921 207 1968 est
237 1929 254 1965 :
283 1927 412 1967 cum
436 1911 505 1966 de
534 1911 734 1966 virtute
766 1910 1188 1982 quuimur,ipse
1213 1919 1298 1966 est
1322 1925 1475 1966 :cum
1498 1909 1566 1966 de
1581 1909 1742 1980 juSIi-
1849 1912 2418 1970 lucesseretChristus
2440 1913 2627 1968 dicens
2655 1930 2668 1965 :
2697 1912 2866 1984 Surge
2894 1914 2979 1978 qui
3001 1912 3202 1966 dormis
3225 1909 3446 1983 (Ephes.

102 2007 193 2063 tia
219 2007 520 2079 loquimur,
539 2008 654 2077 ipse
676 2016 924 2063 estzcum
950 2004 1018 2061 de
1036 2020 1168 2076 pace
1198 2005 1485 2076 loquimur,
1504 2006 1738 2076 ipseest:
1846 2025 1900 2074 v,
1919 2007 2032 2081 14).
2052 2006 2168 2062 Non
2194 2009 2246 2062 in
2273 2006 2524 2063 omnibus
2547 2005 2662 2062 haec
2677 2007 2851 2077 gratia
2876 2015 2981 2071 est,
3004 2005 3101 2062 sed
3133 2013 3308 2075 potest
3328 2017 3451 2058 esse

105 2116 248 2156 cum
275 2099 347 2156 de
367 2099 687 2167 veritate,et
709 2099 907 2163 vita,et
924 2097 1294 2170 redemptione
1319 2097 1607 2169 loquimur,
1626 2098 1742 2169 ipse
1846 2111 1901 2157 et
1931 2103 1982 2155 iu
2014 2101 2260 2172 pluribus
2289 2100 2586 2168 diligentia.
2616 2098 2692 2154 Ne
2717 2097 2880 2169 igitur
2896 2107 3180 2166 exspectes
3209 2107 3268 2149 ιιι
3297 2095 3450 2149 exci-

108 2202 228 2250 est.
267 2192 434 2264 Aperi
463 2207 526 2249 os
555 2200 706 2247 tuum
722 2191 816 2246 Dei
841 2192 1029 2257 verbo,
1059 2176 1318 2261 scriptum
1344 2201 1463 2247 est:
1485 2201 1539 2246 tu
1563 2191 1738 2261 aperi,

1858 2205 1924 2252 Let
1953 2206 2005 2253 te
2026 2196 2274 2252 Christus
2301 2213 2314 2263 ;
2351 2195 2446 2250 sed
2473 2195 2651 2264 potius
2679 2191 2953 2248 Christum
2979 2191 3176 2247 excita.
3229 2187 3448 2244 Excitat

107 2284 218 2340 ille
244 2286 524 2355 loquetur.
548 2283 678 2339 Ideo
703 2283 842 2338 dixit
868 2282 1040 2338 David
1065 2299 1078 2335 :
1114 2283 1338 2336 Audiam
1357 2282 1481 2353 quid
1505 2283 1743 2352 loquatur
1847 2307 1972 2348 eum
2003 2293 2097 2363 qui
2126 2292 2193 2348 de
2221 2291 2340 2362 ipso
2360 2289 2660 2344 (im-mirans
2690 2288 2909 2358 ρυείιηι,
2932 2286 2990 2342 Si
3023 2296 3078 2340 ιιι
3108 2285 3256 2341 illum
3300 2282 3451 2338 εκεῖ-

104 2383 171 2434 in
202 2395 290 2434 me
319 2379 570 2434 Dominus
596 2377 716 2450 (Ps.
751 2393 968 2442 Lxxxw,
1000 2377 1078 2450 9).
1104 2377 1172 2432 Et
1198 2378 1316 2448 ipse
1351 2376 1444 2432 Dei
1473 2375 1644 2431 Filius
1659 2375 1744 2431 di-
1847 2387 2070 2454 taveris,
2093 2396 2148 2442 et
2172 2386 2288 2456 ipse
2311 2383 2480 2458 809
2510 2395 2563 2438 te
2589 2383 2852 2438 excitabit
2871 2397 2901 2435 a
2925 2395 3140 2445 somno,
3159 2376 3450 2434 resuscita-

108 2475 202 2529 cit.
234 2491 250 2528 :
284 2473 441 2546 Aperi
467 2491 523 2529 os
547 2484 690 2529 tuum
709 2517 722 2541 ,
746 2483 793 2529 et
816 2473 1106 2547 adimplebo
1132 2474 1267 2528 illud
1294 2472 1413 2545 (Ps.
1438 2489 1606 2537 Lxxx,
1624 2471 1738 2544 11).

1858 2482 1927 2537 bit
1952 2497 1982 2536 a
2015 2489 2191 2536 morte
2218 2478 2408 2533 dicens
2459 2475 2557 2532 tibi
2589 2493 2602 2528 :
2636 2473 2873 2546 Exsurge
2904 2490 2935 2526 a
2966 2472 3181 2526 mortuis
3227 2467 3454 2540 (Ibia.).

113 2569 244 2626 Sed
291 2586 402 2624 non
445 2585 636 2626 omnes
669 2580 725 2625 ut
778 2570 1037 2627 Salomon
1068 2577 1295 2639 possunt
1345 2570 1626 2640 percipere
1657 2583 1743 2622 sa-
1847 2574 1981 2628 Cum
2011 2585 2202 2641 surges
2222 2585 2354 2641 ergo
2381 2570 2463 2625 vel
2495 2567 2964 2638 resurges,ipsum
2990 2565 3239 2634 loquere,
3273 2571 3330 2616 ut
3350 2562 3454 2615 iut-

113 2661 358 2733 ιιῑθηιίω
397 2662 780 2732 Ρθτῖεοιίοηειη
805 2678 821 2728 ;
850 2678 958 2717 non
986 2677 1180 2718 omnes
1220 2671 1280 2716 υῑ
1305 2663 1518 2717 Daniel-
1556 2660 1745 2717 Omni-
1848 2665 1998 2736 pleas
2015 2663 2158 2736 quod
2177 2663 2401 2733 iuberis.
2422 2661 2560 2717 Audi
2586 2658 2859 2730 quomodo
2885 2667 2936 2713 te
2957 2656 3206 2712 Christus
3228 2655 3454 2709 excitet.

129 2755 248 2810 bus
272 2762 456 2812 tamen
488 2771 588 2826 pro
631 2754 992 2826 possibilitate
1046 2754 1348 2810 infunditur
1384 2755 1611 2826 spiritus
1660 2769 1749 2811 sa—
1851 2758 2045 2814 Anima
2073 2767 2160 2812 tua
2191 2756 2360 2812 dicit:
2394 2752 2507 2810 Vox
2532 2755 2710 2826 fratris
2768 2754 2866 2807 mei
2916 2753 3086 2823 pulsat
3128 2749 3196 2804 ad
3241 2751 3454 2816 ianuam

127 2848 384 2918 Ρίθῐηίεὲἓ
417 2847 512 2904 Sed
538 2849 789 2904 omnibus
814 2849 903 2919 qui
925 2847 1115 2903 ﬁdeles
1145 2855 1289 2903 sunt.
1314 2848 1372 2904 Si
1399 2847 1615 2914 credas,
1647 2849 1746 2902 ba-
1852 2851 2025 2925 (Cant.
2057 2868 2111 2919 v,
2137 2851 2198 2922 2)
2227 2869 2244 2918 ;
2275 2859 2330 2906 et
2356 2847 2606 2905 Christus
2632 2849 2708 2903 ait
2736 2865 2750 2903 :
2782 2847 2938 2915 Aperi
2966 2847 3114 2913 mihi,
3144 2861 3291 2900 soror
3320 2861 3452 2909 utea,

101 2941 104 2943 λ
131 2942 241 2997 bes
270 2940 523 3012 spiritum
553 2941 837 3011 sapientia
866 2957 882 3007 ;
926 2939 1051 2996 ideo
1074 2939 1300 3009 Sapiens
1325 2941 1459 2995 dicit
1491 2957 1503 2992 :
1538 2938 1749 2994 Credidi
1852 2961 2063 3015 sponsa.
2100 2941 2532 3012 Audiquomodo
2563 2950 2619 2996 tu
2649 2940 2951 2995 exsuscites
2973 2937 3270 2994 Christum.
3324 2936 3457 2990 Ani-

135 3043 356 3106 prOpter
375 3034 512 3104 quod
537 3034 738 3089 locutus
769 3049 886 3088 sum
914 3031 1036 3105 (Ps.
1065 3048 1188 3088 cxv.
1224 3031 1335 3104 10).
1355 3030 1490 3087 Cum
1504 3031 1751 3088 credide—
1855 3053 1940 3092 ma
1973 3035 2107 3091 dicit
2135 3053 2148 3090 :
2177 3034 2430 3106 Adjuravi
2457 3049 2544 3088 vos
2574 3074 2589 3100 ,
2633 3033 2760 3102 ﬁlia:
2786 3030 3134 3092 Hierusalem,
3168 3030 3212 3084 si
3234 3027 3456 3081 suscita-

138 3125 249 3193 ris,
275 3125 512 3197 accipies
540 3125 802 3198 loquendi
827 3125 1082 3197 gratiam.
1116 3125 1185 3179 Et
1238 3125 1329 3196 qui
1359 3123 1559 3192 credit,
1607 3123 1754 3180 redi-
1854 3128 2026 3183 veritis
2054 3139 2100 3182 et
2135 3126 2557 3181 resuscitaveritis
2584 3123 2888 3178 charitatem
2909 3122 3084 3193 (Cant.
3111 3137 3192 3185 ιιι,
3219 3119 3457 3191 5).Cha-

140 3219 346 3287 mitur;
392 3229 448 3276 et
484 3220 575 3292 qui
603 3228 741 3284 orat,
774 3218 1057 3276 redimitur
1084 3235 1100 3274 :
1132 3219 1176 3274 si
1210 3219 1298 3290 pie
1328 3218 1576 3274 intendat
1628 3233 1752 3274 ora—
1775 3228 1821 3293 ο
1856 3221 1992 3277 ritas
2012 3221 2261 3277 Christus
2276 3227 2380 3275 est.
2404 3218 2544 3273 Audi
2577 3219 2740 3273 etiam
2772 3214 3046 3288 quomodo
3067 3214 3345 3270 dormiens
3376 3212 3458 3267 lo-

142 3312 409 3380 tionibus,
432 3321 491 3369 et
517 3313 572 3367 in
600 3313 848 3368 oratione
872 3312 1122 3368 assiduus
1148 3311 1238 3379 sit,
1263 3311 1407 3368 diem
1431 3311 1744 3382 praeveniat,

141 3415 364 3465 noctem
387 3406 717 3478 frequentet,
738 3406 765 3446 ι’
796 3406 898 3462 soli
921 3407 1216 3462 matutinus
1245 3414 1520 3473 occurrat,
1552 3415 1748 3463 utaute

147 3503 273 3572 ipse
298 3499 636 3558 illuminetur
663 3516 692 3554 a
718 3498 960 3567 Christo,
987 3515 1146 3571 quam
1177 3507 1324 3555 terra
1352 3501 1484 3556 solis
1515 3509 1742 3567 exortu;

147 3605 210 3652 et
247 3596 332 3666 qui
362 3595 543 3667 psallit
580 3593 866 3651 redimitur
896 3609 911 3660 ;
952 3604 1006 3650 et
1031 3593 1124 3665 qui
1149 3593 1531 3665 compungitur
1557 3636 1573 3662 ,
1602 3591 1749 3650 redi-

149 3691 342 3746 mitur.

229 3784 318 3841 66.
355 3783 484 3840 Ideo
513 3799 728 3855 semper
780 3782 1046 3838 meditare
1070 3823 1084 3848 ,
1117 3797 1333 3853 semper
1379 3782 1602 3853 loquere
1628 3795 1749 3853 qum

154 3879 252 3935 Dei
275 3887 418 3944 sunt,
442 3877 622 3931 sedens
649 3877 707 3929 in
735 3875 906 3930 domo.
934 3875 1159 3930 Domum
1191 3890 1483 3945 possumus
1499 3875 1749 3945 accipere

163 3971 488 4039 Ecclesium,
517 3985 807 4042 possumus
833 3969 1083 4040 accipere
1108 3969 1329 4025 domum
1354 3970 1669 4026 interiorem
1694 3971 1749 4025 in

156 4065 343 4133 nobis,
363 4073 424 4120 ut
442 4064 582 4120 intra
606 4077 706 4119 nos
740 4063 1042 4132 loquamur.
1081 4061 1284 4118 Sedent
1308 4061 1516 4132 judices
1541 4064 1593 4118 in
1620 4061 1749 4120 Hie-

156 4158 389 4214 rusalem
405 4173 420 4226 ;
435 4157 694 4214 sederunt
705 4155 863 4212 sedes
875 4155 928 4211 in
943 4154 1142 4226 judicio
1156 4173 1171 4222 ;
1186 4155 1324 4211 sedit
1338 4156 1751 4228 etiamjudicum

157 4250 470 4318 concilium,
507 4258 564 4307 et
584 4249 705 4306 libri
727 4249 901 4322 aperti
919 4257 1064 4304 sunt.
1083 4248 1372 4320 Prophetia
1397 4249 1527 4305 dicit
1554 4238 1587 4304 z'
1603 4250 1670 4306 Et
1699 4261 1753 4306 tu

161 4361 280 4400 cum
292 4343 502 4400 consilio
513 4343 686 4399 omnia
701 4341 976 4415 fae(Eccli.
992 4357 1159 4409 χχιιι,
1172 4340 1266 4413 24)
1277 4339 1672 4414 .(]ιιω,(ιοιιεί1ἰο
1684 4345 1752 4402 de

160 4439 316 4496 factis
329 4441 432 4495 tuis
438 4439 642 4512 judica,
657 4453 779 4495 cum
794 4437 1020 4494 consilio
1031 4437 1216 4494 vinum
1228 4436 1377 4506 bibe,
1389 4453 1511 4494 cum
1525 4440 1752 4497 consilio

162 4535 407 4604 loquere;
429 4544 487 4589 ut
503 4533 728 4605 eﬂ'ugias
750 4541 1052 4604 peccatum,
1072 4547 1142 4589 ne
1161 4531 1368 4588 incidas
1391 4547 1487 4604 per
1516 4533 1754 4590 multilo-

1853 3317 2038 3386 quaris
2063 3332 2076 3368 :
2108 3313 2218 3386 Ego
2249 3315 2448 3369 dormio
2475 3323 2526 3370 et
2547 3329 2635 3368 cor
2655 3328 2823 3368 meum
2849 3312 3030 3382 vigilat
3062 3311 3082 3384 (
3113 3310 3263 3364 Cant.
3290 3327 3344 3377 v,
3369 3305 3453 3379 2).

1851 3409 1980 3466 llatae
2017 3409 2379 3466 communiter
2403 3426 2417 3462 :
2446 3408 2636 3464 attolle
2665 3422 2810 3464 nunc
2837 3406 2997 3479 paulo
3023 3406 3186 3462 altius
3213 3415 3453 3461 mentem

1854 3514 2022 3561 tuam.

1923 3598 2013 3655 67.
2055 3597 2304 3670 Loquere
2329 3597 2508 3653 sedens
2526 3598 2582 3653 in
2610 3597 2761 3652 domo
2785 3639 2798 3664 ,
2823 3597 2876 3651 in
2904 3595 3006 3652 hac
3026 3594 3271 3652 terrestri
3295 3595 3459 3650 domo

1851 3690 2012 3762 hujus
2040 3691 2389 3748 habitationis
2411 3733 2426 3759 ,
2457 3706 2578 3762 qua:
2606 3690 2953 3757 dissolvitur,
2997 3689 3050 3744 in
3081 3704 3185 3760 qua
3215 3688 3462 3759 peregri-

1852 3801 2045 3840 namur
2073 3801 2101 3838 a
2135 3784 2384 3840 Domino.
2427 3783 2484 3839 In
2523 3800 2750 3853 corpore
2781 3785 2924 3838 enim
2971 3781 3074 3836 isto
3114 3781 3300 3851 positi,
3331 3781 3458 3834 dum

1851 3878 2218 3948 supervestire
2243 3879 2414 3948 magis
2441 3893 2602 3948 quam
2630 3890 2731 3931 nos
2748 3875 3055 3946 exspoliare
3072 3876 3341 3941 volumus,
3366 3890 3461 3929 ex-

1852 3971 2097 4027 sulamus
2127 3988 2155 4025 a
2183 3971 2422 4038 Christo,
2452 3981 2506 4027 et
2532 3971 2769 4042 graviter
2812 3967 3237 4040 ingemiscimus.
3272 3967 3329 4022 lu
3359 3967 3461 4023 hac

1854 4064 2050 4120 sedens
2087 4080 2216 4136 ergo
2254 4062 2516 4120 confitere
2559 4068 2779 4134 peccata
2823 4072 2949 4130 tua;
2980 4063 3108 4132 quia
3160 4060 3380 4125 sedisti,
3409 4067 3464 4115 et

1855 4172 1964 4212 non
1990 4157 2208 4224 stetisti,
2238 4165 2292 4212 et
2322 4171 2431 4211 non
2461 4155 2643 4210 dixisti
2671 4172 2683 4208 :
2711 4155 2917 4210 Stantes
2945 4163 3091 4208 erant
3119 4153 3269 4223 pedes
3300 4151 3464 4207 nostri

1854 4251 1910 4305 in
1952 4251 2097 4304 atriis
2133 4239 2253 4313 tuis,
2291 4248 2618 4305 Hierusalem
2663 4247 2837 4318 (Psal.
2883 4263 3029 4315 cxxr,
3075 4247 3156 4319 9.).
3207 4247 3460 4318 Loquere

1855 4345 2050 4416 magis,
2083 4352 2137 4400 et
2167 4342 2277 4398 noli
2315 4343 2590 4398 occultare
2618 4340 2849 4404 delicta;
2884 4340 3109 4412 loquere
3131 4341 3364 4397 sedens:
3399 4349 3461 4395 ut

1857 4439 2044 4494 audias
2091 4437 2362 4494 dicentem
2411 4452 2426 4490 :
2481 4436 2692 4510 Surgite
2744 4445 3014 4508 postquam
3058 4434 3318 4501 sederitis,
3366 4435 3458 4504 qui

1857 4533 2185 4589 manducatis
2216 4549 2400 4603 panem
2429 4531 2625 4586 doloris
2654 4531 2826 4602 (Psal.
2874 4546 3060 4597 cxxvr,
3093 4529 3172 4600 9.).
3206 4530 3460 4600 Loquere

164 4629 366 4700 quium.
396 4628 594 4684 Sedens
623 4627 845 4698 loquere
867 4633 1068 4693 tecum,
1100 4626 1256 4698 quasi
1304 4625 1394 4698 qui
1421 4625 1664 4697 judices:
1689 4628 1745 4682 in
1769 4630 1904 4706 Din
1931 4631 2012 4685 vin
2050 4629 2341 4698 ambulans,
2384 4627 2437 4684 id
2467 4637 2574 4695 est,
2605 4643 2835 4698 carpens
2873 4629 2996 4683 vitae
3029 4628 3183 4682 istius
3211 4640 3455 4681 cursum.

169 4724 248 4778 via
283 4723 522 4794 loquere,
556 4737 626 4778 ne
655 4737 907 4792 umquam
929 4735 1113 4777 vaces.
1131 4718 1191 4776 In
1210 4719 1297 4776 via
1325 4721 1587 4793 loqueris,
1618 4722 1663 4778 si
1682 4720 1737 4778 in

240 4919 266 4947 ει
303 4905 564 4963 Mirabere
585 4903 815 4960 forsitan
844 4899 1285 4976 Ecclesiasticum
1316 4903 1403 4976 hic
1431 4913 1488 4960 et
1505 4903 1756 4976 sequenti

176 4978 462 5052 psalmoiu
493 4993 637 5052 vers.
673 4976 763 5052 12_
791 4973 1070 5052 salomoni
1101 4973 1397 5052 adjudieari
1428 4973 1614 5052 ;_cur_it
1647 4991 1753 5052 non

175 5043 344 5109 solum
373 5048 709 5121 Augustinus
731 5047 810 5121 de
831 5045 937 5121 hoc
958 5046 1101 5121 sicut
1121 5043 1178 5121 et
1203 5043 1272 5100 de
1305 5045 1445 5121 libro
1462 5047 1756 5121 sapientia:

175 5115 587 5194 scripserit'lib.
632 5135 740 5194 xyll
777 5119 841 5173 de
881 5115 1030 5194 Civil.
1051 5115 1181 5194 Dei,
1211 5131 1329 5186 cap.
1359 5115 1462 5194 ἃς),
1484 5116 1631 5194 ΔΝοη
1656 5135 1756 5194 au-

180 5188 402 5250 tem-esse
420 5194 590 5262 ipsius
613 5233 629 5255 ,
651 5191 958 5262 Salomonis
989 5189 1217 5262 scilicet.
1242 5205 1356 5262 non_
1371 5188 1607 5262 dubitant
1629 5189 1758 5262 _do_c-

184 5268 358 5332 tiores;
379 5257 473 5319 sed
494 5273 547 5318 et
569 5261 889 5319 Ambrosius
919 5261 1057 5332 ipse,
1079 5259 1174 5332 lib.
1199 5275 1218 5313 ι
1238 5258 1302 5314 de
1327 5257 1595 5332 Interpell.
1613 5259 1755 5332 Job),

181 5353 294 5407 cap.
320 5339 371 5392 3.
391 5351 538 5390 num.
555 5334 611 5400 6,
627 5332 896 5407 eumdem
917 5331 1605 5407 Ecclesiasticurn_testatur
1619 5331 1759 5407 scri-

183 5401 321 5479 ptum
364 5407 531 5461 fuisse
559 5404 830 5479 a_Sirach.
859 5401 1057 5479 Verum
1089 5418 1211 5457 cum
1240 5402 1314 5457 illi
1351 5401 1664 5479 Salomonis
1695 5403 1757 5456 ti-

187 5473 344 5534 tulum
385 5477 678 5546 imposuit,
713 5473 763 5530 id
809 5473 936 5528 fecit
963 5482 1333 5546 eopermotus
1360 5473 1503 5543 quod
1545 5483 1754 5546 propter

188 5551 360 5621 eloquii
405 5543 567 5621 verba
611 5545 1047 5621 suntAugustiui
1075 5545 1196 5621 loco
1236 5545 1425 5621 citato,
1452 5543 1756 5621 nonnullam

189 5616 584 5683 similitudinem,
615 5629 668 5670 ut
716 5616 1013 5671 Salomonis
1052 5616 1275 5682 dicatur,
1302 5617 1517 5670 obtinuit
1543 5631 1758 5669 consue-

193 5694 342 5759 tudo;
395 5691 481 5746 vel
526 5689 668 5759 quod
714 5687 1404 5759 enuidentexsententiis
1449 5685 1758 5742 Salomonis

194 5755 556 5832 compilaverit'
588 5759 742 5816 Iesus
771 5757 912 5811 ﬁlius
929 5755 1138 5832 Sirach.
1171 5757 1326 5823 Quod
1345 5768 1523 5813 autem
1554 5765 1762 5832 Spectat

198 5835 260 5893 ad
280 5825 386 5906 ejus
406 5832 802 5896 auctoritatem,
831 5829 1079 5899 quamvis
1109 5843 1216 5882 non
1234 5841 1448 5900 semper
1467 5837 1615 5884 tanta
1640 5825 1763 5884 fue-

707 5923 984 5984 Ρλτιιοι..
1029 5917 1206 5983 XIV.

1847 4724 1945 4781 llic
1973 4724 2218 4795 loquere,
2252 4739 2320 4779 ne
2350 4721 2465 4778 illic
2493 4722 2862 4789 obmutescas,
2893 4722 3035 4778 sicut
3065 4721 3156 4776 ille
3185 4719 3455 4776 obmutuit

1855 4903 1928 4958 rit
1969 4903 2021 4957 in
2073 4901 2328 4958 orientali
2359 4901 2603 4958 Ecclesia
2626 4944 2641 4969 ,
2691 4902 2981 4958 maximam
3015 4911 3197 4956 tamen
3231 4914 3448 4971 semper

1852 4977 2018 5029 fuisse
2046 4975 2096 5027 in
2123 4973 2450 5029 occidentali
2496 4985 2731 5040 constat,
2757 4983 2869 5027 tum
2902 4989 2970 5027 ex
3003 4973 3120 5028 loco
3151 4974 3439 5042 Augustini

1850 5045 2234 5118 jam_laudato,
2267 5056 2376 5100 tum
2404 5061 2473 5102 ex
2497 5063 2561 5102 eo
2591 5046 2732 5117 quod
2761 5045 2933 5118 ipsum
2964 5043 3308 5118 Ambrosius,
3345 5043 3442 5118 lib.

1859 5114 1922 5172 de
1944 5115 2093 5172 Bono
2125 5115 2330 5179 Mortis,
2363 5133 2484 5188 cap.
2506 5119 2561 5182 8,
2592 5114 2740 5188 tium.
2771 5116 2868 5183 35;
2899 5115 2962 5169 de
3001 5114 3125 5169 Elia
3153 5125 3200 5188 et
3231 5115 3444 5186 Jejunio

1859 5205 1982 5252 cap.
2015 5189 2104 5250 18,
2125 5205 2274 5243 num.
2297 5188 2386 5253 67,
2412 5185 2466 5244 et
2495 5189 2548 5243 in
2591 5187 2732 5242 Psal.
2759 5203 2944 5249 cxvnt,
2981 5203 3146 5242 serm.
3170 5185 3261 5254 20,
3292 5185 3444 5242 \‘ers.

1863 5261 1988 5333 155,
2015 5274 2177 5333 atque
2196 5260 2324 5333 alibi
2353 5274 2662 5333 numquam
2673 5274 2784 5333 _n0n
2812 5260 3235 5333 proauthentico
3263 5259 3447 5333 habet.

1865 5330 2104 5390 Uberius
2137 5334 2205 5388 de
2255 5331 2360 5388 hoc
2386 5331 2577 5387 eodem
2629 5330 2771 5384 libro
2818 5331 3151 5400 disputatum
3211 5331 3452 5400 reperies

1863 5404 2005 5474 apttd
2036 5406 2312 5471 Huetium,
2336 5404 2390 5458 in
2420 5404 2700 5474 Demonst.
2721 5399 2926 5472 Evang}
2952 5417 3106 5474 prop.
3127 5399 3246 5474 4_de
3268 5399 3450 5454 Eccle-

1855 5470 2084 5538 siastico,
2119 5493 2266 5530 num.
2296 5470 2346 5539 l,
2374 5475 2407 5529 6
2434 5483 2486 5528 et
2509 5487 2624 5540 seq.
2643 5471 2851 5528 Videsis
2874 5470 3036 5528 etiam
3055 5470 3126 5526 VB.
3153 5470 3440 5538 Thomam,

1853 5561 1873 5600 ι
1894 5561 1947 5615 p.
1981 5563 2036 5616 q.
2066 5548 2155 5609 89,
2182 5561 2238 5601 a.
2262 5546 2313 5608 8,
2341 5546 2405 5616 ad
2427 5547 2480 5598 2.
2510 5543 2641 5598 Item
2658 5543 2777 5606 2-2,
2808 5560 2863 5614 q.
2897 5544 3022 5608 174,
3049 5559 3101 5598 a.
3131 5541 3188 5608 4,
3217 5543 3282 5596 ad
3312 5541 3368 5608 4,
3391 5552 3447 5598 et

1859 5614 2077 5673 Patrem
2109 5617 2313 5672 Nicolai
2339 5614 2405 5668 ad
2426 5622 2713 5682 utrumque
2743 5615 2942 5670 locum.

1932 5687 1959 5726 ι’
1988 5689 2065 5743 lta
2091 5689 2222 5742 edit.
2251 5695 2304 5740 et
2339 5687 2490 5753 pauci
2521 5701 2651 5739 mss.
2678 5685 2782 5740 Alii
2811 5687 3000 5756 majori
3041 5699 3289 5756 numero,
3319 5685 3443 5740 solis

1864 5762 2128 5813 matutinis
2153 5767 2406 5811 occurrat.
2436 5755 2588 5810 Haud
2619 5757 2838 5822 male,si
2871 5755 3051 5813 tuente
3080 5755 3440 5827 suppleveris,

1864 5831 2049 5896 radiis,
2074 5829 2236 5895 horis,
2257 5829 2339 5883 vel
2367 5827 2494 5899 quid
2518 5827 2714 5884 simile.

2911 5920 2991 5983 32
