4042 6378
68 297 246 362 11·υῦ
1162 299 1225 354 ΙΝ
1267 297 1592 359 PSALMUH
1637 292 1717 349 Π

1825 294 1858 356 1
1897 293 2322 360 ΕΝΑΒΒΑΤΙΟ.
3274 295 3414 358 1006

156 414 270 467 72.
306 414 482 472 Grave
513 414 615 472 hoc
647 416 937 486 judicium,
969 433 1089 476 cum
1121 417 1380 478 Demittus
1407 416 1474 472 de
1503 429 1562 472 se
1585 428 1711 482 pos-
1741 416 1789 478 Α
1819 413 1962 468 enim
1989 412 2260 484 iustorum
2279 414 2646 470 remuneratio
2667 414 2794 482 erit,
2816 426 2940 472 cum
2961 411 3228 486 judicium
3253 414 3420 473 luerit

63 505 238 561 tulat
301 518 487 564 contra
535 509 808 566 hominem
852 510 1106 580 iudicari.
1138 508 1275 578 Quid
1303 508 1447 566 enim
1480 520 1707 576 respon-
1813 504 1882 560 de
1908 505 2122 562 meritis
2169 504 2479 576 impiorum.
2511 505 2616 562 Sed
2670 522 2775 562 non
2821 519 2928 562 uno
2955 521 3156 578 genere
3186 521 3420 576 pereunt

63 595 230 651 deas
291 602 361 665 ei,
396 603 483 672 qui
514 601 768 662 universa
793 603 891 658 tibi
915 603 1166 669 contulit,
1211 600 1466 658 erunibus
1491 609 1541 654 te
1563 613 1706 672 prae-
1809 606 2150 666 peccatores.
2176 601 2314 656 Ante
2339 599 2437 656 tibi
2463 610 2717 672 pereunt,
2747 601 2788 654 si
2813 615 3000 655 eorum
3028 604 3329 672 potentiam
3359 613 3420 658 et

66 690 227 743 fecit
255 707 277 760 _;
305 693 536 761 subjecit
579 693 675 748 tibi
708 693 1016 768 )Egyptios,
1062 695 1128 750 ad
1161 708 1296 765 quos
1325 693 1522 764 hospes
1547 691 1708 750 adve-
1810 689 2030 746 divitias
2058 706 2163 746 non
2189 693 2402 750 mireris
2437 712 2448 745 :
2481 693 2526 748 si
2555 709 2663 748 non
2699 702 2749 750 te
2799 703 3014 758 moveat
3041 711 3163 752 cum
3197 711 3290 751 eos
3315 694 3416 751 bo-

64 796 267 837 neras
303 825 317 849 ,
367 785 695 842 insectantes
744 795 930 855 postea
989 786 1122 840 mari
1177 783 1386 840 mersit.
1438 781 1536 840 lllc
1586 792 1708 838 tuos
1811 781 2060 848 tioribus,
2095 783 2302 850 liberis,
2352 785 2539 842 amicis
2581 785 2857 841 abundare
2909 786 3256 858 cognoveris.
3295 787 3422 844 Haec

64 877 310 934 delevit
343 880 736 958 hostes,atque
767 882 1052 944 subvertit,
1081 881 1169 936 ille
1199 889 1252 936 te
1274 877 1479 936 creavit
1499 887 1552 934 et
1577 892 1706 932 cou-
1811 874 1957 930 enim
2015 875 2202 932 saeculi
2253 889 2419 946 sunt,
2474 887 2529 934 et
2575 880 2838 936 saeculum
2887 881 3132 936 saeculari
3175 879 3424 951 subiacet

64 971 262 1038 didit,
313 974 401 1028 ille
433 989 533 1028 suo
563 976 826 1046 Sanguine
875 987 926 1032 te
970 974 1237 1042 redemit;
1273 986 1327 1030 et
1355 984 1406 1028 tu
1431 971 1603 1030 tradis
1633 981 1705 1040 te,
1812 967 2132 1036 malignitati
2169 977 2264 1024 ;et
2292 971 2549 1038 princeps
2599 973 2784 1030 mundi
2812 970 2879 1028 iis
2909 973 2997 1045 qui
3025 973 3125 1030 sibi
3148 974 3416 1044 serviunt,

67 1074 132 1116 ut
162 1065 391 1118 servias
417 1065 536 1136 eius
578 1066 794 1124 inimico
823 1068 836 1120 !
865 1065 963 1121 llle
1013 1067 1106 1124 tibi
1147 1067 1327 1122 omnia
1365 1073 1584 1136 peccata
1635 1063 1708 1118 di-
1811 1061 2000 1128 favet;
2036 1059 2335 1116 secundum
2385 1063 2514 1118 illud
2552 1082 2564 1116 :
2597 1064 2786 1121 Omnia
2839 1066 2931 1122 tibi
2958 1065 3111 1131 dabo,
3168 1069 3212 1121 si
3243 1069 3419 1136 proci—

63 1155 272 1222 misit,
308 1167 364 1213 et
393 1166 446 1214 tu
493 1158 740 1234 graviora
768 1159 1064 1214 committis
1093 1160 1106 1214 !
1157 1158 1328 1214 Vocat
1359 1167 1432 1224 te,
1463 1157 1514 1214 in
1562 1155 1705 1226 judi-
1812 1152 1936 1207 deus
1966 1153 2262 1210 adoraveris
2313 1170 2391 1209 me
2418 1155 2636 1228 (Matth.
2665 1174 2737 1226 tv,
2769 1157 2848 1231 9).
2881 1159 3018 1226 Quid
3049 1161 3246 1232 quasvis
3273 1171 3328 1215 ut
3359 1177 3420 1218 ea

66 1249 240 1302 cium
280 1251 488 1315 venies,
519 1251 643 1322 quid
677 1265 1040 1324 responsurus
1072 1265 1133 1306 es
1159 1250 1228 1318 ei,
1260 1250 1349 1326 qui
1377 1250 1476 1304 nisi
1511 1250 1704 1304 iterum
1814 1245 1907 1300 tibi
1935 1245 2153 1314 dentur,
2179 1263 2302 1302 cum
2349 1243 2465 1316 ipse
2512 1249 2710 1322 impius
2757 1252 2846 1320 qui
2875 1251 2985 1314 dat,
3019 1253 3073 1308 in
3101 1255 3182 1310 eis
3212 1253 3419 1310 diutius

68 1343 181 1397 tibi
213 1342 414 1407 donet,
438 1343 671 1414 peristi?
697 1345 929 1416 Ideoque
959 1345 1150 1400 videns
1180 1353 1401 1399 sanctus
1425 1343 1590 1398 David
1612 1344 1709 1402 hac
1811 1351 1936 1391 esse
1966 1353 2073 1393 non
2107 1339 2315 1412 pessit?
2343 1337 2562 1394 Transit
2604 1342 2766 1398 etiam
2802 1343 2939 1412 ipse,
2969 1345 3243 1414 quomodo
3300 1362 3424 1417 pos-

69 1435 339 1508 quadam
371 1447 395 1474 ει
445 1438 752 1493 moralitate
809 1437 900 1494 Dei
941 1437 1174 1508 amplius
1202 1453 1260 1494 se
1288 1435 1526 1508 gravari,
1557 1432 1705 1503 judi-
1813 1439 2070 1486 suntnon
2106 1432 2340 1490 transire
2379 1450 2497 1503 qua:
2543 1435 2816 1492 contulit?
2842 1436 2922 1494 Tu
2975 1439 3138 1494 modo
3165 1450 3423 1498 constan-

71 1531 240 1585 cium
295 1531 512 1608 refugit,
567 1531 997 1588 misericordiam
1046 1532 1217 1604 poscit
1262 1530 1451 1592 dicens
1486 1526 1595 1582 :Et
1646 1545 1706 1582 ne

71 1622 259 1674 intres
285 1623 338 1676 in
363 1623 623 1693 judicium
653 1639 771 1677 cum
809 1640 952 1678 servo
994 1632 1082 1678 tuo
1107 1640 1124 1688 ;
1149 1622 1392 1696 quoniam
1423 1638 1524 1673 non
1543 1618 1705 1692 justi-

73 1715 350 1786 ﬁcabilur
381 1716 434 1768 in
473 1725 748 1788 conspectu
774 1727 860 1772 tuo
905 1717 1069 1772 onmis
1091 1717 1259 1770 vivens
1284 1714 1401 1787 (Ps.
1438 1729 1601 1778 CXLII,
1627 1711 1704 1784 Ξ).

1813 1528 1922 1576 tem
1959 1524 2195 1580 animum
2228 1539 2378 1596 gere,
2407 1525 2669 1596 justitiam
2714 1537 2858 1596 tene,
2909 1545 3072 1588 nemo
3102 1541 3154 1594 te
3181 1542 3420 1603 moveat,

1812 1623 1867 1672 et
1898 1615 2109 1672 videbis
2141 1616 2277 1674 nihil
2299 1633 2420 1676 esse
2443 1619 2688 1696 impium.

1883 1709 1974 1761 7T.
1992 1708 2175 1776 (Vers.
2199 1711 2313 1780 35.)
2331 1710 2717 1781 Deniqneaudi
2737 1712 3009 1769 dicentem
3031 1734 3041 1769 :
3067 1715 3417 1792 Vidiimpium

74 1809 410 1865 (Zontitetur
437 1826 494 1866 se
538 1811 588 1865 in
645 1811 881 1866 tenebris
908 1813 1049 1868 sicut
1078 1821 1346 1870 niortttnm
1379 1809 1562 1864 smculi
1603 1807 1710 1863 col—

1825 1803 2273 1867 tuperexaltatum,
2298 1813 2346 1857 et
2382 1803 2631 1860 eleuatum
2683 1824 2839 1880 super
2882 1808 3062 1868 cedros
3107 1809 3318 1868 Libani.
3352 1813 3419 1865 Et

77 1903 366 1958 locatum.
422 1906 588 1960 Caute
632 1903 770 1957 sicut
834 1912 1104 1958 mortuum
1152 1901 1336 1957 sreculi
1369 1901 1548 1966 dixit,
1595 1915 1702 1954 non

81 2005 425 2060 mortuum;
458 2012 564 2050 non
608 1996 752 2051 enim
805 1997 1000 2056 mortui
1052 1995 1236 2052 smculi
1289 2005 1437 2059 sunt,
1472 1994 1558 2064 qui
1589 2008 1704 2046 mo-

83 2090 323 2143 riuntur
359 2089 410 2142 in
440 2088 698 2153 Christo;
737 2088 810 2142 illi
853 2098 1032 2142 autem
1083 2099 1212 2146 sunt
1254 2087 1449 2142 mortui
1495 2085 1699 2152 smcnli,

90 2183 184 2252 qui
211 2198 438 2238 onmem
465 2182 622 2237 vitatu
659 2197 809 2236 suam
842 2198 1000 2252 quam
1033 2181 1285 2238 vixerunt
1317 2179 1370 2233 in
1394 2179 1617 2243 steculo,
1655 2179 1704 2231 in

89 2277 333 2331 interitu
365 2289 418 2332 ct
447 2286 617 2331 morte
645 2277 1003 2336 constituunt.
1033 2275 1101 2330 Et
1125 2277 1246 2331 ideo
1275 2275 1426 2348 quasi
1449 2275 1708 2342 despera-

86 2379 184 2424 tns
245 2371 316 2424 ad
377 2370 671 2424 remedium
721 2368 960 2440 confugit
989 2370 1175 2424 dicens
1209 2387 1220 2422 :
1250 2367 1362 2422 Clto
1395 2366 1582 2421 exaudi
1610 2383 1703 2429 me,

87 2463 370 2530 Domine;
397 2467 512 2536 quin
543 2465 726 2536 defecit
775 2465 985 2538 Spiritus
1033 2481 1173 2518 meus
1205 2461 1396 2532 (Ibid,
1432 2462 1505 2532 7).
1563 2459 1711 2516 Talis

87 2557 251 2610 enim
278 2556 466 2625 judicii
497 2557 772 2628 proposita
811 2556 915 2612 sibi
963 2555 1238 2612 oblatione
1269 2555 1487 2619 defecit,
1520 2555 1571 2608 in
1603 2569 1712 2626 quo

48 2641 58 2646 ’
90 2649 474 2703 examinanda
502 2649 700 2704 veritas
720 2650 862 2704 foret
913 2651 1113 2722 potius,
1145 2666 1304 2722 quam
1334 2647 1710 2704 misericordia

48 2729 56 2744 ’
92 2739 472 2796 cctifel't'nda.

180 2831 501 2890 7'5.Tamen
530 2843 637 2888 tam
675 2834 793 2903 pius
821 2844 903 2889 est
926 2834 1206 2900 Dominus,
1235 2843 1292 2886 ut
1318 2834 1418 2888 etsi
1454 2832 1716 2902 ncmoju-

97 2923 386 2980 Stilicetttr
415 2925 465 2978 in
497 2936 788 2996 conspectu
817 2926 932 2996 ejus
962 2928 1151 2982 vivens
1183 2925 1329 2997 (quis
1360 2926 1500 2979 cnim
1529 2941 1716 2996 quani-

99 3017 191 3070 vis
216 3016 400 3083 justus
423 3035 526 3070 non
558 3017 824 3074 obnoxius
871 3027 954 3073 est
986 3028 1206 3088 peccato
1236 3036 1249 3084 ;
1299 3029 1390 3071 aut
1413 3019 1567 3084 cujus
1595 3015 1717 3072 talis

48 3119 54 3124 '
101 3120 192 3163 est
229 3109 360 3171 vita,
387 3119 438 3162 ut
463 3109 620 3178 digna
651 3109 927 3180 jndit'etur
955 3111 1048 3164 Dei
1076 3108 1498 3178 similitudine?)
1532 3110 1717 3178 utique

52 3209 54 3212 ’
102 3202 175 3255 ad
210 3201 504 3272 imaginem
538 3211 591 3256 et
612 3203 1020 3256 similitudinem
1049 3202 1140 3256 Dei
1172 3201 1347 3258 factus
1375 3201 1555 3261 debet,
1582 3203 1717 3254 sicut

50 3305 54 3312 '
105 3295 265 3349 Deus
295 3295 384 3364 qui
415 3297 534 3349 sine
566 3305 788 3363 peccato
822 3306 926 3357 est,
963 3293 1032 3347 ita
1063 3295 1184 3348 etis
1213 3294 1300 3364 qui
1332 3293 1397 3347 ad
1428 3293 1715 3363 imaginem

106 3390 237 3459 ejus
262 3400 363 3450 est.
381 3389 497 3444 sine
523 3399 744 3458 peccato
767 3404 908 3444 esse.
930 3391 1045 3455 Qun
1077 3406 1204 3456 ergo
1233 3389 1425 3460 dignus
1447 3395 1529 3442 est
1562 3401 1718 3458 paena

108 3484 206 3553 qui
235 3484 464 3553 gratiam
497 3493 694 3536 tantam
724 3484 1014 3538 Dominicu:
1059 3484 1408 3551 onerationis,
1442 3491 1495 3535 et
1536 3481 1722 3535 simili-

50 3589 58 3594 "
113 3576 365 3631 tudinem
394 3575 562 3634 divini
612 3576 827 3632 decoris
878 3577 1098 3631 amisit?
1129 3576 1232 3631 Sed
1263 3577 1383 3646 quia
1411 3575 1721 3629 misericors

50 3683 52 3688 ‘
112 3681 227 3737 est,
258 3671 469 3725 etiamsi
495 3674 610 3742 ipse
636 3688 695 3726 se
718 3670 921 3742 judicio
948 3669 1198 3739 subjiciat
1225 3686 1238 3732 ;
1285 3669 1491 3739 justum
1539 3677 1716 3722 tamen

115 3780 230 3819 non
258 3764 486 3832 iudicat,
519 3764 611 3818 sed
641 3764 920 3834 iniustum.
945 3764 1102 3819 Justn
1128 3765 1318 3832 parcit,
1347 3764 1500 3838 quasi
1533 3761 1720 3817 condi-

117 3857 290 3910 tionis
319 3858 611 3928 l'ragilitale
641 3859 881 3928 peccanti
914 3875 927 3911 :
961 3858 1217 3926 injustnm
1252 3857 1424 3928 punit,
1457 3856 1606 3924 quasi
1635 3855 1721 3924 qui

118 3947 430 4002 detestetur
459 3950 746 4024 ingratum.
774 3949 977 4003 Deinde
1033 3947 1245 4002 etiamsi
1269 3945 1294 3983 δ
1325 3947 1490 4000 multa
1523 3946 1722 4000 habeas

119 4043 558 4111 Operajustitiae,
598 4042 702 4096 noli
756 4058 876 4100 esse
905 4041 1193 4111 impatiens
1251 4054 1413 4111 atque
1442 4055 1717 4110 arrogans,

120 4153 234 4206 quo
267 4137 483 4205 praemia
517 4136 606 4199 tibi
630 4135 853 4208 justitia:
886 4136 937 4188 in
977 4135 1079 4188 hoc.
1105 4134 1304 4188 sa‘culo
1330 4131 1606 4188 existimes
1634 4132 1726 4184 lla-

121 4229 372 4299 gitanda,
423 4238 514 4282 aut
544 4227 764 4298 indigne
821 4227 913 4281 tibi
953 4227 1178 4284 adversa
1230 4225 1493 4282 accidisse
1545 4224 1724 4298 aliqua

124 4320 502 4390 conqueraris.
537 4317 805 4388 Quamdiu
835 4319 977 4372 enim
1016 4318 1168 4381 vivis,
1203 4329 1476 4370 certamen
1513 4315 1604 4369 tibi
1634 4315 1727 4369 de-

125 4415 312 4480 betur,
343 4429 448 4468 non
479 4413 781 4483 prteminm.

201 4507 297 4561 74.
330 4504 662 4578 (Vers.34.)
709 4505 976 4574 Exspecta
1022 4519 1154 4574 ergo
1197 4503 1282 4558 vel
1329 4503 1722 4568 anxitiatorem,

1807 1894 2041 1959 transivi,
2068 1903 2113 1949 et
2134 1911 2248 1950 ecce
2269 1911 2371 1948 non
2393 1907 2522 1952 erat.
2546 1897 2667 1954 Vidi
2694 1916 2816 1957 eum
2841 1901 2892 1956 in
2922 1902 3127 1962 saeculo
3154 1902 3281 1970 hoc,
3312 1904 3419 1960 vidi

1806 1989 1980 2046 oculis
2010 1989 2258 2061 corporis
2291 2007 2305 2054 ;
2338 1991 2445 2048 vidi
2478 1993 2640 2050 etiam
2680 1994 2974 2066 iactantem
3033 2013 3117 2064 se,
3147 2007 3201 2056 et
3231 2014 3424 2069 super-

1809 2083 2139 2138 exaltantem
2171 2085 2516 2142 sermonibus
2566 2087 2705 2154 suis,
2737 2090 3096 2146 a‘stimantetn
3122 2107 3182 2147 se
3219 2093 3422 2164 aliquid

1807 2189 1953 2240 esse,
1983 2174 2076 2244 qui
2109 2177 2238 2232 nihil
2290 2188 2393 2233 est.
2423 2179 2708 2246 Quomodo
2763 2197 2822 2238 se
2871 2185 3290 2256 supereniltat?
3317 2185 3426 2242 Po-

1811 2287 1950 2336 nam,
1978 2271 2170 2339 inquit,
2198 2271 2436 2328 thronum
2459 2289 2626 2330 meum
2653 2291 2806 2346 super
2827 2276 2984 2332 nubes
3002 2294 3021 2331 :
3053 2287 3101 2334 et
3123 2294 3211 2333 ero
3233 2279 3426 2334 similis

1811 2363 2079 2418 Altissimo
2105 2361 2273 2420 (Esai.
2322 2380 2434 2430 xiv,
2485 2363 2597 2438 14).
2629 2365 2850 2422 Exaltat
2877 2387 2959 2432 se,
2995 2379 3051 2426 ut
3081 2371 3274 2428 videas
3310 2387 3434 2430 eum

1811 2457 1953 2514 sicut
1994 2456 2187 2512 cedros
2239 2457 2430 2514 Libani
2488 2461 2925 2528 superestiltatas
2970 2473 3073 2522 :et
3124 2465 3258 2534 ipsa:
3307 2465 3428 2522 alta:

1812 2557 1961 2611 sunt,
1994 2559 2048 2604 et
2074 2549 2126 2606 in
2153 2560 2339 2607 monte
2373 2562 2497 2608 sunt
2520 2553 2808 2610 altissimo.
2838 2556 3032 2614 Merito
3071 2572 3205 2628 ergo
3235 2575 3425 2631 super-

1815 2642 2073 2704 exaltatae
2096 2653 2245 2712 sunt,
2270 2653 2325 2701 et
2352 2646 2785 2714 superesaltatns
2813 2647 3030 2708 videtur
3073 2649 3299 2722 impius,
3331 2652 3425 2722 qui

1814 2751 1876 2794 se
1906 2737 1957 2794 in
1988 2738 2080 2792 illo
2103 2747 2290 2796 monte
2335 2739 2640 2808 constituit,
2669 2740 2738 2800 de
2780 2757 2886 2815 quo
2913 2743 3174 2813 scriptum
3205 2753 3327 2799 est:
3365 2745 3426 2802 Si

1818 2829 2100 2885 habueritis
2147 2831 2301 2900 fidem
2361 2834 2492 2886 sicut
2541 2850 2761 2902 granum
2803 2835 3025 2904 sinapis,
3069 2836 3249 2892 dicetis
3309 2837 3430 2892 huic

1818 2921 1981 2978 monti
2011 2937 2028 2974 :
2061 2920 2287 2986 Tollere,
2317 2933 2361 2978 et
2388 2923 2587 2992 jactare
2617 2926 2667 2976 in
2719 2942 2863 2982 mare
2889 2925 3108 3000 (Matth.
3143 2943 3282 2993 xvu,
3311 2929 3424 3002 19).

1821 3011 1987 3068 Huic.
2011 3011 2154 3068 Cui?
2187 3014 2485 3084 Dremonio,
2519 3016 2716 3084 inquit,
2741 3033 2768 3070 a
2795 3035 2900 3086 quo
2930 3018 3032 3075 istc
3061 3020 3280 3076 invasus
3310 3021 3431 3078 {tte-

1820 3114 1902 3156 rat
1932 3114 1982 3159 et
2009 3119 2335 3176 Oppressus,
2361 3123 2520 3178 quem
2550 3109 2818 3164 miramini
2851 3125 2975 3168 esse
3003 3123 3274 3170 sanatum.
3302 3112 3430 3169 Ideo

1822 3197 2143 3253 charitatem
2169 3199 2340 3270 magis
2364 3198 2526 3254 habet
2557 3201 2609 3255 in
2640 3200 2886 3268 Christo,
2917 3220 3078 3275 quam
3099 3215 3426 3276 potestatem

1822 3289 1875 3342 in
1908 3290 2142 3350 diabolo.
2175 3293 2336 3350 Vides
2364 3295 2589 3352 cedrum
2639 3297 2691 3350 in
2720 3308 2906 3358 monte
2936 3299 3205 3358 altissimo
3237 3318 3431 3374 super-

1819 3384 2108 3442 cxaltatam
2138 3402 2152 3450 ;
2176 3387 2272 3442 sed
2299 3397 2460 3444 vento
2485 3387 2882 3458 frangitur,sed
2907 3393 3013 3464 igni
3038 3395 3309 3461 exuritur,
3334 3396 3430 3453 scd

1819 3486 2087 3534 vetustate
2115 3479 2470 3538 dissolvitur:
2505 3483 2575 3536 ita
2605 3490 2690 3540 est
2719 3484 2868 3540 dives
2898 3484 2952 3542 in
2987 3486 3211 3544 sarculo.
3242 3487 3438 3560 Fulget

1820 3571 2039 3641 quidem
2070 3573 2363 3644 splendore
2391 3577 2625 3648 quodam
2651 3578 2838 3648 gratiae
2877 3581 3158 3638 saecularis
3185 3594 3242 3640 ut
3272 3582 3433 3644 Liba—

1823 3679 1944 3732 nus,
1978 3665 2142 3722 nixus
2169 3677 2250 3722 est
2279 3668 2465 3724 mundi
2501 3672 2764 3742 potentia,
2805 3673 2999 3743 opibus
3021 3684 3076 3734 et
3100 3674 3306 3733 divitiis
3335 3694 3427 3734 ex-

1821 3757 2004 3810 soltat.
2037 3757 2266 3815 Videtur
2323 3760 2414 3814 tibi
2449 3762 2652 3833 aliquid
2694 3779 2838 3831 esse,
2889 3778 3181 3842 antequam
3239 3767 3426 3826 diettS'

1823 3847 2102 3904 Transiens
2149 3851 2328 3905 videbo
2377 3851 2573 3923 (Exod.
2607 3871 2698 3922 ιιι,
2736 3856 2812 3926 5).
2844 3857 2994 3916 Sicut
3025 3861 3168 3916 enim
3214 3860 3429 3931 Moyses

1823 3941 2007 3994 animo
2036 3949 2090 3994 et
2120 3954 2301 3996 mente
2341 3945 2593 4000 transivit
2619 3948 2944 4016 tnatcrialia,
2973 3959 3028 4004 ct
3054 3951 3222 4006 Deum
3250 3952 3381 4008 vidit
3410 3970 3423 4006 :

1825 4035 1894 4088 ita
1923 4046 1975 4089 et
2002 4047 2052 4089 tu
2085 4037 2125 4094 si
2157 4045 2401 4091 transeas
2451 4039 2599 4105 hinc,
2643 4041 2710 4098 ad
2747 4042 2837 4096 Dei
2865 4044 3093 4114 gratiam
3139 4046 3426 4120 vestigium

1826 4130 2690 4192 tutementisattollcus,videbis
2747 4150 2869 4190 eum
2922 4136 3054 4192 nihil
3103 4153 3224 4192 esse
3253 4139 3344 4212 qui
3377 4140 3428 4200 in

1831 4219 1928 4273 hac
1963 4230 2104 4273 terra
2148 4221 2249 4276 sibi
2298 4224 2705 4294 potentissimus
2735 4225 3043 4284 videbatur.
3077 4228 3204 4286 ideo
3233 4232 3427 4286 anima:

1829 4320 1934 4364 tua:
1962 4312 2112 4380 dicit,
2147 4313 2314 4368 menti
2363 4326 2467 4370 tute
2513 4315 2647 4370 dicit
2686 4317 2829 4374 Deus
2865 4317 3096 4375 Verbnrn
3124 4337 3139 4376 :
3170 4321 3304 4378 Ades
3331 4323 3430 4378 huc

1829 4425 1861 4462 α
1891 4407 2110 4473 Libano,
2143 4427 2356 4480 sponsa,
2383 4411 2508 4465 ades
2531 4412 2632 4466 huc
2652 4430 2685 4466 α
2707 4411 2905 4468 Libano
2932 4414 3211 4470 :transibis
3239 4426 3286 4470 et
3311 4433 3426 4487 per-

1829 4505 2068 4559 transibis
2115 4506 2289 4578 (Cant.
2328 4523 2398 4573 iv,
2428 4507 2506 4576 8).
2556 4507 2611 4564 Si
2669 4519 2916 4566 transeas
2966 4514 3271 4580 saecularia,
3311 4530 3432 4585 pcr-

128 4601 215 4656 vel
269 4608 731 4654 remuneratorem
769 4594 1052 4653 Dominum
1080 4615 1095 4650 :
1125 4595 1191 4649 Et
1218 4595 1418 4649 custodi
1441 4595 1548 4648 vias
1570 4595 1682 4663 ejus
1708 4609 1724 4657 ;
1752 4628 1806 4689 D
1833 4597 2084 4652 transibis
2109 4596 2174 4652 ad
2206 4598 2534 4667 paradisum.
2567 4599 2704 4656 Audi
2739 4612 3136 4660 transeuntem.
3172 4605 3431 4663 Memento

132 4695 236 4749 hoc
259 4701 343 4748 est
369 4703 682 4763 exspectare
701 4702 752 4747 et
771 4692 887 4762 ejus
910 4706 1068 4762 quem
1090 4689 1512 4760 exspectandum
1545 4696 1721 4756 putas,

133 4787 388 4842 tuandata
414 4800 758 4842 conservare.
796 4786 906 4839 Etsi
940 4784 1266 4848 conteraris,
1299 4784 1400 4838 etsi
1447 4782 1727 4849 allligaris.

131 4881 238 4935 etsi
265 4877 584 4946 :egritudine
603 4875 843 4941 delicias,
877 4887 1055 4930 tamen
1079 4883 1333 4958 exspecta
1356 4875 1522 4945 813
1542 4873 1727 4927 Domi-

137 4987 292 5038 num,
315 4978 370 5025 et
395 4985 501 5024 non
527 4978 580 5024 te
607 4967 903 5024 confundet
927 4980 1072 5036 spes.

209 5064 301 5119 75.
333 5063 526 5118 Veniet
569 5062 853 5126 Dominus,
879 5070 925 5114 et
963 5058 1208 5114 exaltabit
1251 5067 1318 5123 te,
1348 5067 1403 5110 ut
1431 5057 1730 5110 hwreditate

141 5158 402 5227 possideas
432 5166 636 5210 terram.
659 5154 852 5224 Liquet
870 5151 1206 5223 superiorem
1225 5164 1348 5205 esse
1369 5159 1592 5212 terram,
1627 5163 1732 5203 non

142 5249 298 5304 istam
321 5251 373 5303 in
402 5249 541 5303 valle
566 5259 868 5310 terrenam;
893 5245 986 5301 sed
1011 5246 1156 5300 illam
1184 5260 1306 5314 qua:
1328 5253 1411 5298 est
1441 5244 1735 5310 repromis-

139 5342 312 5398 sionis
327 5350 547 5396 aeterna:
575 5342 626 5394 in
657 5355 759 5411 qua
809 5341 1136 5410 quicumque
1179 5337 1552 5403 constituitur,
1587 5336 1735 5389 exal-

147 5445 288 5490 tatur
319 5452 347 5488 ι
376 5435 626 5489 Domino.

219 5529 304 5591 '16.
348 5525 553 5582 Videbis
590 5539 770 5582 autem
813 5542 928 5578 cum
959 5524 1200 5592 perierint
1246 5533 1535 5596 peccatores
1563 5532 1733 5586 ;tunc

224 5702 245 5730 "
291 5691 604 5757 Horatiana,
634 5690 686 5746 id
711 5700 811 5752 est,
840 5706 936 5746 usu
989 5687 1402 5747 consuetudinis
1451 5702 1516 5743 ac
1569 5687 1739 5742 moris

155 5763 366 5823 humani
401 5779 507 5832 quo
541 5779 602 5820 se
627 5761 780 5825 nobis
807 5761 952 5820 Deus
981 5759 1379 5832 accommodat.

223 5834 248 5871 δ
274 5829 692 5904 Ωοάίιιιιὶιιιῃυθ
740 5832 958 5896 Gallic.,
995 5832 1212 5884 multam
1260 5829 1448 5884 habeas
1485 5832 1542 5883 in
1583 5845 1742 5900 opera

1830 4689 1950 4754 mei,
1981 4687 2348 4756 Domine,cum
2378 4693 2574 4748 veneris
2601 4694 2656 4748 in
2677 4709 2891 4772 regnum
2919 4706 3063 4752 tuum
3095 4695 3248 4772 (Luc.
3276 4715 3429 4766 χχιιι,

1829 4782 1942 4850 «62).
1972 4781 2110 4835 Audi
2137 4783 2329 4836 iterum
2364 4794 2834 4854 pertransenntetn
2863 4805 2876 4844 :
2912 4787 3093 4854 Amen,
3127 4806 3275 4844 amen
3315 4789 3432 4844 dico

1825 4878 1936 4944 tibi,
1963 4880 2116 4933 hodie
2141 4896 2332 4932 mecum
2362 4883 2462 4936 eris
2486 4882 2536 4936 in
2566 4882 2810 4956 paradiso
2833 4883 3024 4953 (Ibid.,
3056 4881 3173 4955 45).

1905 4971 1994 5026 78.
2027 4973 2165 5039 Quid
2193 4983 2275 5028 est
2310 4995 2322 5030 :
2359 4974 2492 5030 Ecce
2522 4994 2622 5032 non
2654 4987 2784 5032 erat.
2839 4975 2896 5032 In
2952 4979 3220 5050 principio
3251 4983 3436 5056 utique

1834 5066 2071 5121 Verbum
2101 5079 2242 5122 erat.
2269 5069 2336 5122 Et
2378 5071 2467 5141 qui
2511 5070 2745 5126 Verbum
2801 5071 2996 5137 videt,
3030 5073 3118 5140 qui
3162 5077 3434 5146 particeps

1835 5156 1997 5212 Verbi
2022 5169 2125 5219 est,
2153 5160 2331 5230 utique
2358 5169 2415 5215 et
2438 5160 2554 5230 ipse
2580 5171 2659 5215 est
2685 5179 2699 5226 ;
2751 5163 2871 5232 quia
2905 5162 3145 5217 Verbum
3171 5167 3263 5221 Dei
3289 5185 3428 5222 scm-

1835 5264 1932 5319 per
1973 5259 2078 5314 est,
2117 5261 2172 5307 et
2201 5269 2378 5308 scrrnn
2411 5253 2502 5324 qui
2557 5253 2623 5307 de
2674 5254 2791 5321 ipso
2817 5263 2920 5319 est,
2952 5270 3057 5309 non
3105 5267 3187 5313 est
3219 5259 3350 5315 :Est
3381 5273 3433 5317 ct

1834 5359 1942 5397 non
1974 5361 1989 5409 ;
2023 5346 2153 5400 sed:
2191 5346 2324 5415 Est;
2375 5359 2429 5402 et
2463 5356 2642 5400 manet
2687 5347 2738 5400 itt
2768 5361 2833 5400 eo
2853 5347 2945 5417 qui
2972 5351 3215 5417 sequitur
3243 5354 3429 5409 Deum.

1833 5435 1936 5506 Qui
1960 5448 2136 5492 autem
2175 5440 2347 5494 nescit
2379 5438 2638 5503 Verbum,
2674 5455 2779 5492 non
2811 5447 2897 5493 est
2926 5482 2939 5505 ,
2967 5443 3091 5509 quia
3121 5460 3229 5499 non
3254 5447 3436 5504 adhtr-

1836 5537 1923 5583 ret
1949 5531 1998 5584 ei
2023 5532 2113 5600 qui
2143 5533 2276 5586 dixit
2305 5549 2317 5584 :
2353 5531 2463 5602 Ego
2513 5547 2627 5584 sum
2682 5533 2772 5599 qui
2810 5549 2920 5586 sum
2955 5533 3155 5605 (Exod.
3187 5555 3269 5606 ιιι,
3321 5543 3433 5616 14).

1839 5694 2116 5822 justitia'ien,
2144 5693 2252 5748 noli
2301 5709 2412 5748 esse
2439 5694 2706 5764 impatiens
2729 5706 2878 5766 atque
2903 5713 3153 5772 arrogans
3185 5707 3275 5777 qui
3304 5725 3437 5777 pm.

1846 5781 1972 5822 mia.
1995 5780 2030 5821 θ
2087 5805 2099 5819 .

1846 5781 1972 5834 mia,
1995 5780 2099 5822 elo.
