4042 6378
696 305 838 364 1007

2037 298 2279 357 SANCTI
2315 297 2640 359 AMBROSII
3807 310 3871 368 liii

695 423 864 496 813
879 420 977 490 Qui
999 428 1183 476 autem
1204 418 1444 475 adhaeret
1465 418 1538 484 ei,
1561 431 1698 473 unus
1720 416 1940 488 spiritus
1959 416 2182 472 est.Uhi
2203 432 2292 471 au-
2317 416 2365 478 Α
2396 424 2454 469 ut
2478 415 2718 470 doctum.
2745 416 3050 490 Interrogas
3067 417 3192 488 quid
3215 417 3428 474 sentiat
3458 434 3472 469 :
3504 416 3759 489 respondet
3773 437 3878 479 Erras.

698 531 810 574 tem
825 517 1072 588 spiritus,
1091 516 1160 572 ibi
1179 526 1231 571 et
1250 516 1376 570 vita.
1390 514 1519 570 Ideo
1533 514 1625 569 tibi
1641 513 2057 584 dicitScriptura
2071 513 2138 568 dc
2151 514 2289 568 Deo:

703 612 809 680 Qui
852 610 1075 680 viviﬁcat
1103 618 1352 676 mortuos,
1385 616 1432 662 et
1459 616 1604 662 vocat
1628 625 1688 662 ea
1716 624 1833 679 qua:
1871 625 1973 662 non
1999 616 2137 671 sunt,
2163 619 2295 661 tam-

697 721 851 776 quam
871 720 931 759 ea
953 719 1066 775 qua:
1085 714 1204 758 sunt
1235 701 1410 775 (Rom.
1441 718 1516 769 tv,
1549 703 1612 757 i7
1637 701 1656 773 )
1682 719 1696 768 ;
1728 701 1829 758 hoc
1854 710 1957 768 est,
1983 710 2142 756 vocat
2161 715 2294 771 gen-

697 807 781 854 tes
807 813 926 870 qua:
950 813 1059 852 non
1089 807 1265 862 erant,
1285 806 1555 866 tamquam
1580 796 1837 867 populum
1867 811 2022 850 suum
2041 794 2133 864 qui
2155 801 2293 857 erat;

695 902 849 950 erant
883 893 1026 949 enim
1075 903 1257 963 patres
1310 892 1504 959 nostri,
1557 891 1648 962 qni
1688 899 1845 946 erant
1891 890 2046 946 electi
2090 888 2203 942 Dei.
2231 886 2299 941 Et

693 985 822 1040 alibi
843 985 1072 1042 dicitur:
1090 984 1335 1058 Cognovit
1352 983 1608 1040 Dominus
1637 985 1724 1054 qui
1746 993 1865 1038 sunt
1886 983 2048 1054 ipsius
2076 981 2142 1054 (ll
2157 979 2294 1035 Tim.

691 1095 752 1144 ιι,
784 1079 875 1151 t9)
907 1098 922 1145 ;
956 1097 1062 1135 non
1094 1078 1376 1152 cognoscit
1391 1093 1488 1134 eos
1513 1078 1602 1148 qui
1656 1093 1764 1132 non
1796 1084 1942 1132 sunt.
1986 1075 2054 1130 Et
2102 1072 2302 1128 Esther

693 1172 773 1227 ait
796 1190 810 1226 :
843 1170 968 1228 Non
994 1173 1083 1227 des
1105 1174 1302 1242 virgam
1319 1171 1464 1242 regni
1491 1171 1564 1224 tui
1591 1171 1655 1223 iis
1677 1169 1764 1240 qui
1792 1185 1895 1223 non
1922 1177 2040 1222 sunt
2063 1164 2295 1237 (Esther.

695 1281 809 1332 xiv,
835 1264 947 1338 11).
984 1265 1150 1321 [lecte
1178 1279 1310 1336 ergo
1336 1265 1516 1333 justus
1545 1263 1677 1319 dicit
1709 1279 1722 1316 :
1756 1261 1823 1316 Et
1855 1260 2089 1326 transivi,
2117 1270 2162 1314 et
2187 1275 2302 1314 ecce

695 1376 800 1414 non
830 1367 982 1423 erat;
1015 1359 1118 1414 hoc
1148 1368 1256 1425 est,
1289 1358 1397 1412 vidi
1426 1371 1550 1411 eum
1604 1354 2074 1426 superexaltatum
2126 1353 2179 1407 in
2201 1368 2302 1408 sa:-

693 1453 840 1520 culo,
856 1459 1148 1522 antequam
1173 1449 1582 1506 considerarem
1606 1450 1728 1520 quia
1753 1447 1890 1503 nihil
1910 1457 1995 1503 est
2017 1446 2298 1502 saeculum.

691 1543 799 1602 Ubi
830 1555 1010 1600 autem
1040 1544 1266 1599 transivi
1314 1553 1496 1598 mente
1521 1557 1688 1613 supra
1714 1540 1997 1606 mundum,
2032 1537 2143 1594 vidi
2172 1540 2300 1608 quia

687 1638 802 1709 jam
838 1654 948 1694 non
989 1647 1124 1707 erat,
1156 1638 1250 1710 qui
1305 1646 1431 1693 ante
1483 1644 1601 1692 erat
1644 1633 2082 1706 superexaltatus
2112 1633 2166 1686 in
2199 1629 2301 1686 hoc

694 1734 923 1790 mundo.

765 1829 858 1885 79.
891 1828 957 1883 Et
994 1837 1049 1882 tu
1069 1868 1085 1894 ,
1113 1828 1159 1881 si
1182 1825 1361 1898 justus
1392 1840 1482 1894 es,
1509 1825 1678 1880 transi
1699 1839 1728 1877 a
1752 1821 2111 1894 praesentibus
2141 1819 2208 1874 ad
2231 1833 2294 1874 ea

695 1935 820 1995 qua:
847 1919 1026 1975 futura
1055 1886 1213 1986 sunt',
1236 1927 1290 1975 et
1307 1919 1617 1974 transibunt
1639 1917 1732 1972 tibi
1753 1886 2064 1988 praesentia.
2100 1911 2297 1967 Caelum
2325 1886 2372 1948 Β

693 2021 741 2067 et
763 2022 900 2066 terra
923 2012 1249 2077 transibunt;
1278 2013 1428 2064 verba
1467 2019 1643 2065 autem
1673 2025 1786 2063 mea
1816 2024 1920 2062 non
1964 2005 2299 2076 praeteribunt

693 2103 910 2175 (Matth.
938 2120 1082 2171 xxtv,
1097 2104 1213 2175 55).
1237 2103 1394 2160 Justo
1412 2120 1543 2175 ergo
1565 2102 1747 2160 omnia
1767 2111 2072 2156 transeunt.
2098 2099 2301 2154 Trans-

690 2199 737 2254 it
765 2199 982 2270 impius,
1007 2197 1204 2254 similis
1246 2199 1472 2253 vanitati
1495 2207 1609 2260 est,
1639 2207 1693 2252 et
1723 2194 1840 2250 dies
1867 2194 1984 2266 ejus
2010 2193 2153 2248 sicut
2177 2208 2299 2247 um—

689 2291 788 2348 bra
818 2300 1167 2363 praetereunt.
1199 2289 1309 2347 Nec
1332 2291 1506 2346 solum
1533 2297 1866 2359 pr:ctereunt
1889 2286 2036 2356 justo
2064 2299 2302 2356 prtesen-

691 2383 912 2450 tia;sed
943 2385 1105 2439 etiam
1134 2399 1258 2438 cum
1282 2382 1348 2438 ad
1373 2398 1434 2438 ea
1459 2397 1580 2452 qua:
1607 2389 1734 2436 sunt
1753 2379 1952 2446 futura,
1983 2377 2299 2443 intenderit,

687 2477 802 2548 jam
847 2478 948 2533 ista
993 2485 1343 2547 praetereunt.
1376 2475 1511 2530 Vide
1537 2473 1811 2544 quomodo
1831 2472 1981 2542 justo
2011 2471 2300 2541 praesentia

689 2571 1028 2642 praeteriere.
1062 2569 1261 2640 Utique
1292 2568 1631 2638 temporibus
1681 2565 1847 2622 David
1895 2563 2170 2635 propheta:
2199 2563 2304 2632 Sy-

689 2677 900 2733 nagoga
925 2670 1071 2727 erat,
1103 2661 1350 2716 Ecclesia
1377 2676 1444 2715 ex
1465 2659 1719 2731 gentibus
1749 2673 1857 2712 non
1882 2665 2001 2712 erat
2029 2673 2042 2710 :
2075 2665 2129 2711 et
2157 2654 2302 2710 idem

693 2754 894 2809 futuris
950 2753 1101 2824 quasi
1167 2754 1524 2823 praesentibus
1572 2750 1747 2807 dicit:
1781 2749 2073 2805 Benedicite
2131 2759 2302 2820 gentes

693 2847 864 2905 Deum
891 2858 1124 2904 nostrum
1152 2847 1324 2918 (Psal.
1360 2863 1464 2902 va
1484 2889 1498 2914 ,
1524 2846 1610 2917 8).
1637 2844 1844 2900 Deinde
1869 2859 2030 2914 supra
2061 2843 2137 2896 ait
2161 2859 2174 2895 :
2206 2843 2302 2895 As-

692 2945 865 3000 cendit
895 2942 1038 2999 Deus
1081 2945 1135 2997 in
1166 2943 1480 3016 jubilatione
1511 2939 1688 3011 (Psal.
1715 2955 1838 2995 XLVI
1859 2981 1873 3005 ,
1905 2938 1984 3010 6).
2030 2937 2305 2993 Transivit

693 3037 938 3110 perﬁdiae
968 3047 1193 3094 ventura
1243 3048 1488 3108 tempora
1511 3078 1526 3102 ,
1577 3051 1683 3090 non
1715 3044 1876 3089 aetate
1900 3075 1913 3099 ,
1953 3032 2051 3088 sed
2083 3039 2302 3100 mente;

691 3143 746 3190 et
770 3134 1225 3190 resurrectionem
1249 3131 1463 3187 Domini
1482 3130 1652 3184 multo
1674 3137 1798 3199 post
1815 3127 2020 3183 saeculo
2038 3124 2301 3192 futuram,

691 3229 782 3299 pia
816 3228 942 3283 ﬁdei
994 3227 1284 3284 devotione
1322 3224 1620 3281 celebravit
1662 3222 1852 3279 dicens
1886 3240 1899 3275 :
1937 3219 2154 3276 Psatlite
2190 3220 2302 3275 Deo

688 3333 885 3388 nostro,
913 3321 1152 3391 psallite;
1173 3319 1378 3391 psallite
1394 3317 1520 3388 Regi
1542 3326 1739 3381 nostro,
1771 3313 1977 3384 psallite
2009 3311 2297 3385 (Ibid.,7).

691 3411 859 3482 Quasi
890 3412 1179 3466 interesset
1211 3410 1344 3481 ipsis
1393 3407 1594 3464 Christi
1636 3417 1693 3462 et
1738 3404 2000 3461 Ecclesiae
2047 3403 2304 3473 nuptialis

690 3505 904 3574 copula:
927 3504 1314 3568 sacramentis,
1349 3503 1420 3556 ita
1456 3499 1711 3570 tripudiat
1741 3508 1796 3553 et
1823 3497 2043 3569 gaudet.
2068 3496 2302 3552 Causam

689 3613 908 3670 quoque
956 3596 1288 3653 celebritatis
1331 3596 1602 3665 expressit
1643 3593 1834 3648 dicens
1864 3612 1876 3647 :
1909 3591 2163 3665 Regnavit
2196 3591 2305 3645 Do-

695 3695 868 3748 minus
891 3709 1042 3761 super
1063 3707 1267 3746 omnem
1287 3701 1476 3745 terram
1498 3688 1680 3760 (Ibid.,
1709 3689 1786 3759 8).
1818 3687 1958 3758 Ergo
1980 3687 2024 3741 si
2047 3701 2146 3742 nos
2162 3701 2302 3759 prae-

693 3793 1004 3849 tereamus,
1035 3792 1091 3839 et
1119 3784 1212 3839 illa
1248 3783 1576 3854 praeteriisse
1597 3797 1715 3852 qua:
1749 3780 1925 3835 futura
1955 3789 2115 3847 sunt,
2149 3779 2302 3836 nobis

693 3879 985 3944 videntur;
1008 3887 1068 3933 ut
1088 3878 1132 3931 si
1161 3876 1214 3931 in
1249 3873 1552 3947 navigando
1592 3885 1790 3930 terram
1817 3883 2126 3944 praetereas,
2156 3872 2303 3928 illam

695 3987 913 4044 quoque
953 3971 1141 4028 videas
1184 3969 1497 4040 praeterire,
1541 3977 1595 4023 et
1636 3967 1789 4038 quasi
1829 3983 1857 4021 a
1905 3976 1958 4022 te
1997 3965 2299 4022 discedere.

695 4063 855 4135 Saepe
877 4072 1078 4130 nautae,
1114 4061 1348 4117 maxime
1375 4061 1800 4131 intempestate,
1834 4058 2047 4130 fugiunt
2077 4068 2300 4125 terram;

693 4167 750 4214 et
773 4168 950 4213 tamen
981 4173 1104 4213 cum
1146 4170 1268 4212 eam
1317 4153 1526 4226 fugiunt
1572 4153 1920 4224 navigantes,
1953 4151 2069 4222 ipsa
2123 4151 2303 4223 potius

695 4251 885 4321 fugere
909 4249 1126 4306 videtur
1157 4265 1186 4304 a
1228 4248 1627 4320 navigantibus.
1667 4245 1738 4301 Et
1770 4257 1826 4300 ttt
1853 4247 1896 4300 si
1936 4245 2108 4317 fugias
2148 4261 2305 4300 mun-

693 4344 824 4400 dum
855 4343 1034 4410 hunc,
1067 4352 1122 4398 et
1149 4343 1266 4411 ipse
1295 4350 1349 4394 te
1397 4339 1650 4408 eﬁugict;
1693 4338 1739 4392 si
1781 4347 2072 4408 praetereas
2103 4346 2302 4392 terram

698 4437 872 4502 hanc,
905 4445 960 4490 et
988 4435 1104 4504 ipsa
1129 4443 1181 4489 te
1213 4430 1536 4503 praeteribit.
1565 4429 1634 4484 Et
1665 4437 1719 4482 tu
1752 4430 1806 4483 in
1846 4431 1982 4484 mari
2023 4428 2126 4484 hoc
2153 4427 2305 4483 navi-

696 4546 825 4603 gas,
855 4539 910 4586 et
960 4529 1013 4583 in
1068 4529 1169 4583 hoc
1217 4526 1417 4582 saeculo
1462 4524 1718 4588 ﬁuctuas;
1749 4525 1872 4594 fuge
1911 4534 2142 4589 terram,
2171 4539 2301 4580 saxa

699 4623 896 4690 habet,
924 4621 1132 4694 lapides
1164 4620 1358 4686 habet;
1383 4619 1523 4675 sicut
1545 4618 1802 4688 scriptum
1831 4625 1917 4674 est
1947 4636 1960 4671 :
1988 4617 2214 4688 Lapides
2239 4619 2304 4673 de

694 4717 782 4774 via
812 4716 1046 4788 projicite
1070 4711 1245 4788 (Esai.
1277 4729 1410 4778 uti,
1445 4711 1557 4783 10).
1608 4711 1666 4767 Si
1711 4711 1932 4767 festines
1979 4728 2073 4782 per
2095 4714 2300 4768 aerium

697 4816 807 4870 hoc
838 4810 1164 4884 profundum
1194 4807 1262 4864 ad
1312 4817 1526 4878 portum
1555 4805 1752 4862 divina:
1791 4806 2084 4863 voluntatis
2105 4850 2120 4874 ,
2147 4807 2300 4864 vide-

699 4906 784 4963 bis
815 4906 911 4960 tibi
937 4905 1053 4960 htec
1083 4903 1261 4959 omnia
1294 4900 1645 4974 praeteriisse.
1695 4901 1834 4970 Quid
1886 4902 2030 4958 enim
2073 4903 2303 4959 interest

698 5009 881 5057 utrum
914 4999 1302 5072 praeterierint,
1333 5013 1401 5051 an
1447 4995 1540 5052 tibi
1589 5013 1652 5052 ea
1682 4996 1890 5067 iudices
1941 4997 2302 5067 praeteriisse?

772 5114 862 5169 80.
894 5112 991 5166 Est
1017 5120 1071 5166 et
1115 5111 1255 5166 alius
1301 5109 1497 5180 impius
1548 5109 1639 5178 qui
1687 5109 1896 5164 videtur
1951 5111 2217 5166 exaltatus
2247 5119 2302 5167 et

700 5207 942 5264 elevatus
984 5221 1148 5277 super
1192 5204 1387 5261 cedros
1437 5203 1665 5267 Libani;
1699 5211 1756 5258 et
1783 5204 1827 5259 si
1878 5212 2122 5261 transeas
2146 5247 2160 5273 ,
2191 5221 2298 5260 non

701 5303 834 5369 erit,
868 5315 971 5356 nec
1000 5299 1178 5354 locum
1225 5297 1343 5368 ejus
1384 5297 1653 5352 invenies.
1698 5295 1836 5352 Vide
1884 5297 2015 5352 mihi
2063 5298 2299 5354 scribam

699 5392 980 5449 Judaicum
1019 5390 1335 5447 reddentem
1364 5390 1561 5445 seriem
1594 5398 1836 5445 veterum
1866 5389 2297 5460 Scripturarum,

702 5488 796 5544 sed
820 5505 930 5543 non
959 5495 1311 5558 sequentem;
1336 5484 1491 5540 audis
1510 5483 1633 5555 quia
1655 5482 1814 5539 labiis
1844 5483 2049 5552 reddit,
2084 5485 2302 5544 miraris

776 5675 802 5702 δ
830 5666 1154 5720 Psalterium
1171 5663 1368 5726 Graec"
1387 5663 1621 5736 φύλασσε
1638 5668 1871 5722 ἀκακίαν.
1892 5663 2082 5729 Hebr..
2099 5666 2300 5722 custodi

701 5737 978 5808 integrum,
1011 5736 1062 5791 id
1092 5745 1195 5803 est,
1231 5735 1614 5808 integritatem.
1646 5735 1772 5808 Syr.
1804 5777 1819 5791 .
1855 5776 1912 5808 ..
1945 5777 1958 5789 .
1989 5737 2297 5808 simplicita-

705 5805 827 5864 tem.
860 5807 1069 5863 Arab...
1096 5845 1111 5862 .
1147 5847 1161 5862 .
1195 5805 1660 5862 mansuetudinem.
1689 5805 1858 5865 Multa
1887 5807 2032 5880 Lat.,
2160 5810 2297 5866 veri-

2327 4682 2382 4743 D
2414 4635 2656 4706 perﬁdiae
2683 4648 2987 4707 peccatum.
3018 4641 3095 4696 Ea
3117 4640 3468 4710 delebuntur,
3497 4652 3552 4698 ut
3578 4653 3670 4696 non
3699 4631 3789 4687 sint.

2395 507 2525 564 dum
2556 507 2828 575 litteram,
2871 510 3140 581 percurrit
3187 511 3512 567 historiam.
3561 511 3878 581 Superesaltus

2397 602 2614 658 videtur
2657 603 2751 659 tibi
2807 615 2860 660 et
2895 606 3171 674 elevatus,
3203 607 3248 661 si
3271 604 3458 679 ειη,
3507 605 3721 661 litteram
3756 613 3872 680 regis;

2399 695 2590 753 Transi
2618 698 2683 753 ad
2728 699 3140 770 intelligentiam
3184 701 3527 772 spiritalem,
3558 700 3674 772 quia
3699 701 3783 758 Lex

2400 792 2526 847 talis
2547 805 2664 858 est;
2695 793 2844 850 vides
2874 795 3024 850 illum
3053 795 3186 851 nihil
3216 810 3367 860 esse,
3405 807 3526 850 tum
3554 795 3713 851 dicis:

2399 886 2540 958 pium
2557 889 3020 959 superexaltatum.
3055 927 3070 941 .
3110 927 3124 942 .
3163 930 3175 943 .
3204 900 3252 944 et
3274 890 3530 954 transivi,
3549 899 3598 943 et
3613 906 3713 944 ecce
3733 908 3804 944 non

2401 989 2448 1033 et
2475 981 2685 1050 quaesivi
2711 997 2844 1046 eum,
2871 990 2917 1035 et
2946 998 3046 1036 non
3082 994 3156 1038 est
3177 983 3425 1038 inventus
3448 984 3597 1037 locus
3622 987 3738 1057 ejus.

2400 1085 2523 1127 eum
2555 1072 2641 1126 ubi
2686 1088 2808 1129 esse
2838 1073 3134 1142 debuerat,
3166 1075 3258 1130 ubi
3295 1077 3416 1129 vita
3461 1084 3552 1131 est
3577 1093 3590 1128 :
3619 1091 3712 1130 non
3737 1077 3890 1132 illumu-

2401 1167 2545 1222 veni.
2578 1166 2693 1222 Non
2717 1176 2836 1223 erat
2857 1168 2959 1231 ibi.
2994 1167 3084 1223 ubi
3113 1168 3218 1222 vita
3245 1177 3406 1233 erat;
3433 1167 3568 1238 quia
3597 1177 3795 1226 mortuus
3815 1184 3888 1232 ent,

2403 1271 2457 1316 et
2479 1262 2599 1317 ideo
2632 1277 2730 1318 nec
2759 1262 2913 1319 locus
2937 1262 3058 1333 ejus
3099 1263 3357 1318 inventus
3399 1271 3511 1320 est.
3545 1263 3672 1330 Quis
3692 1265 3801 1319 enim
3820 1282 3889 1319 mc:-

2402 1356 2480 1410 tni
2513 1354 2694 1422 locus,
2719 1357 2809 1427 qui
2841 1372 2950 1411 non
2982 1365 3128 1422 erat,
3153 1373 3254 1412 nec
3278 1357 3383 1412 fuit
3413 1358 3888 1429 umquamﬁonera

2403 1448 2502 1502 fuit
2526 1490 2541 1516 ,
2573 1449 2665 1519 qui
2699 1450 2753 1504 in
2794 1450 2973 1505 littera
3001 1460 3151 1515 erat;
3180 1451 3362 1507 littera
3409 1450 3566 1506 enim
3595 1452 3787 1512 occidit,

2404 1552 2490 1598 tus
2517 1551 2695 1599 autem
2718 1543 2976 1602 viviﬁcat.
2996 1545 3228 1614 Quaesivi
3251 1561 3390 1617 ergo
3415 1561 3575 1612 eum,
3601 1555 3656 1600 ut
3679 1545 3882 1602 invenires,

2404 1637 2494 1693 ille
2513 1652 2572 1693 se
2603 1653 2712 1693 non
2742 1639 2994 1708 praebuit,
3020 1648 3081 1694 ut
3105 1640 3476 1704 inveniretur;
3502 1639 3608 1695 hoc
3629 1650 3730 1705 est,
3750 1655 3881 1710 quas:

2403 1728 2549 1784 volui
2591 1741 2954 1787 convertere:
3006 1731 3097 1788 ille
3142 1747 3200 1788 se
3248 1732 3388 1788 mihi
3437 1731 3688 1804 prabere
3712 1732 3899 1804 noluit:

2405 1833 2833 1879 converteretur.
2863 1823 2988 1879 Feci
3012 1841 3134 1896 quae
3171 1835 3330 1880 erant
3374 1825 3800 1892 querentiszille

2401 1917 2478 1985 git
2504 1933 2590 1984 ea,
2626 1935 2747 1990 qua:
2770 1934 2894 1976 esse
2921 1920 3218 1976 debuerant
3239 1922 3602 1978 revertentis.
3629 1921 3815 1993 Denique
3830 1929 3877 1976 a-

2405 2026 2491 2066 ma
2518 2027 2639 2083 quae
2666 2013 2911 2068 converti
2954 2014 3088 2078 vult,
3115 2013 3353 2070 Verbum
3407 2016 3674 2086 requirit;
3703 2025 3748 2069 et
3767 2020 3872 2069 cnes.

2402 2107 2637 2174 venerit,
2669 2106 2836 2164 dicit:
2867 2107 3028 2163 Tenui
3054 2126 3190 2176 eum,
3223 2120 3401 2164 etnon
3425 2109 3688 2162 dimittam
3709 2109 3867 2176 enatis:

2401 2217 2484 2268 tu,
2513 2200 2621 2274 h),
2675 2201 2777 2258 hoc
2824 2212 2939 2270 est,
2995 2203 3086 2259 Dei
3131 2203 3362 2270 Filium,
3421 2205 3519 2259 Dei
3561 2202 3784 2259 Verbum.
3816 2204 3863 2271 is

2403 2305 2545 2350 stum
2577 2304 2755 2350 autem
2785 2295 2880 2367 qui
2911 2297 3088 2351 sanari
3134 2297 3344 2359 noluit,
3372 2296 3611 2368 quaesivi
3642 2311 3775 2358 eum,
3795 2307 3858 2349 eu:

2403 2386 2614 2452 inveni;
2647 2398 2701 2444 et
2723 2388 2845 2443 ideo
2873 2404 2978 2443 non
3010 2389 3162 2444 illum
3186 2389 3445 2444 imiteris.

2477 2480 2568 2535 81.
2605 2478 2787 2551 (Vers.
2820 2479 2940 2550 57.)
2972 2479 3184 2536 Custodi
3206 2481 3596 2546 innocentiam,
3620 2489 3665 2534 et
3692 2480 3785 2534 side
3811 2496 3840 2530 ι

2406 2582 2580 2628 tatem.
2606 2573 2709 2640 Qui
2739 2573 2974 2630 custodit
3025 2575 3400 2630 innocentiam
3430 2617 3447 2643 ,
3491 2575 3774 2646 equitatem
3798 2589 3847 2626 te,

2402 2667 2659 2736 quoniam
2704 2667 2794 2736 qui
2848 2666 3083 2723 mundus
3111 2676 3229 2735 est,
3272 2667 3450 2723 Deum
3483 2666 3798 2735 videt,cujus
3814 2667 3856 2729 vi:

2403 2769 2548 2814 recta
2572 2767 2685 2825 est,
2719 2767 2775 2814 et
2818 2769 2962 2816 recta
2985 2761 3226 2828 justitia;
3253 2770 3315 2817 ut
3338 2769 3638 2818 aversetur
3672 2775 3749 2816 eos
3775 2758 3859 2827 quis

2405 2851 2727 2908 clinaverint
2755 2851 2823 2906 ad
2873 2853 3050 2908 studia
3106 2855 3422 2924 pravitatis.
3480 2855 3632 2910 Bona
3673 2853 3862 2907 innueram.

2404 2961 2524 3016 qua:
2555 2947 2721 3002 Deum
2752 2946 2919 3002 videt.
2953 2957 2978 2984 ει
3018 2947 3260 3022 Denique
3284 2950 3376 3006 alii
3431 2956 3719 3021 posuerunt
3743 2945 3862 3000 :Cuat

2406 3039 2798 3110 perfectionem;
2831 3040 3100 3110 perfectus
3126 3055 3210 3099 est
3237 3027 3382 3100 enim
3409 3046 3512 3114 qui
3541 3042 3762 3098 malitiam
3779 3041 3864 3094 nesci

2406 3150 2507 3189 nec
2531 3135 2713 3190 dolum
2745 3136 2911 3191 novit.
2943 3136 3071 3192 Ideo
3112 3138 3288 3210 inquit
3318 3158 3332 3193 :
3364 3138 3592 3195 Custodi
3625 3137 3862 3211 parum:

2405 3227 2524 3295 quia
2561 3237 2682 3281 sunt
2704 3229 2936 3299 reliquit:
2957 3232 3151 3286 homini
3177 3233 3419 3303 pacifica.
3470 3232 3718 3303 Reliquiae
3736 3228 3860 3281 dicam:

2407 3319 2644 3376 hominis
2685 3322 2756 3377 de
2785 3337 3014 3393 corpore
3052 3326 3282 3394 mortui,
3331 3326 3404 3383 de
3453 3327 3576 3398 ejus
3618 3322 3780 3381 exuviis.
3801 3317 3855 3370 iis
3898 3309 3899 3376 i

2406 3413 2668 3482 reliquiae,
2697 3415 2821 3484 quia
2845 3426 2966 3485 post
2995 3427 3222 3472 mortem
3274 3418 3520 3474 hominis
3547 3416 3850 3478 videnturass-

2406 3519 2555 3571 esse;
2586 3517 2877 3576 supersunt
2907 3507 3051 3563 enim
3084 3525 3205 3581 quae
3232 3522 3531 3567 servantur
3561 3510 3625 3565 ad
3653 3505 3838 3564 resumis

2407 3612 2551 3652 nem.
2575 3599 2802 3668 Oportet
2825 3602 2970 3655 enim
2986 3600 3087 3656 hoc
3100 3602 3467 3673 corruptibile
3486 3603 3702 3659 induere
3713 3601 3849 3657 inanti

2405 3695 2611 3752 tionem
2630 3705 2686 3752 et
2707 3697 2809 3752 hoc
2837 3700 3066 3754 mortale
3099 3700 3324 3756 induere
3355 3688 3855 3758 immortalitatem}?!a

2405 3786 2579 3857 magis
2623 3787 2870 3860 reliquia:
2923 3801 3052 3846 sunt
3098 3790 3336 3848 hominis
3377 3810 3508 3865 spes
3562 3783 3856 3849 resurrectio“!

2403 3887 2460 3933 et
2500 3877 2635 3936 ﬁdes
2678 3882 3076 3951 conversionis,
3099 3892 3154 3938 et
3176 3883 3347 3955 gratia
3370 3884 3698 3948 dilectionis;
3724 3873 3852 3948 qum!ita

2404 3971 2558 4046 impii
2603 3989 2711 4030 non
2776 3987 3067 4048 resurgunt
3098 3978 3150 4034 in
3193 3978 3497 4048 judicium;
3537 3978 3638 4034 vita
3672 3983 3792 4030 autem
3809 3965 3857 4020 lt‘r

2405 4075 2582 4122 torum
2612 4077 2736 4122 nota
2771 4081 2857 4125 est
2888 4070 3031 4140 Deo,
3059 4081 3115 4127 et
3137 4071 3342 4142 judicio
3366 4072 3581 4130 Domini
3605 4063 3854 4138 comprobata.

2405 4159 2542 4217 Huic
2585 4163 2706 4218 loco
2731 4163 2957 4234 pulchre
3005 4165 3137 4222 illud
3168 4168 3423 4223 convenit
3451 4166 3686 4237 Reliquit:
3707 4152 3858 4215 suum
3898 4159 3899 4210 ι

2405 4255 2703 4312 electionem
2715 4259 2900 4329 gratia:
2913 4259 3071 4316 salute
3085 4263 3237 4331 facta
3248 4272 3366 4316 sunt
3381 4261 3562 4335 (Rom.
3589 4274 3652 4325 χι,
3674 4252 3733 4326 5).

2477 4355 2566 4410 82.
2595 4355 2777 4428 (Vers.
2825 4356 2959 4429 38.)
3003 4356 3202 4432 Injusti
3245 4366 3421 4414 autem
3468 4338 3859 4431 disperibunltt'm

2404 4447 2635 4519 reliIIuia:
2680 4450 2959 4522 impiorum
2995 4431 3294 4507 interibunt.
3325 4451 3602 4508 Justorum
3627 4439 3799 4513 τειὶαυίε
3812 4431 3859 4481 ’π’
3898 4467 3899 4522 l

2407 4549 2548 4598 tutes
2596 4553 2722 4599 sunt
2775 4563 2789 4599 :
2840 4546 3126 4618 impiorum
3190 4549 3436 4619 reliquias
3489 4542 3756 4620 improbius
3783 4537 3860 4594 alii!

2480 4747 2570 4805 85.
2613 4748 2796 4821 (Vers.
2835 4751 2954 4823 39.)
2987 4753 3148 4809 Salus
3180 4764 3350 4810 autem
3368 4757 3624 4829 justorum
3659 4764 3686 4802 α
3717 4735 3859 4797 θαιπὲ

2408 4855 2516 4897 non
2542 4857 2572 4896 a
2594 4843 2814 4911 steculo,
2845 4861 2953 4900 non
2981 4846 3050 4902 ab
3075 4847 3369 4904 elemento.
3394 4847 3598 4907 Caelum
3620 4850 3666 4898 et
3681 4837 3858 4898 terrai”
3898 4861 3899 4878 γ

2407 4933 2670 4990 terihunt.
2707 4934 2824 4990 Non
2873 4938 3152 4994 committo
3195 4939 3427 4995 salutem
3469 4950 3628 4996 meam
3654 4913 3856 4987 cmloi‘lni’

2407 5035 2461 5080 et
2487 5033 2662 5098 ipsum
2689 5029 2948 5098 praeterit,
2979 5031 3104 5101 quia
3125 5031 3192 5087 de
3219 5032 3464 5102 pluribus
3484 5029 3622 5088 ctelis
3643 5014 3856 5102 dictum?“
3898 5039 3899 5076 ξ

2407 5117 2523 5189 Ipsi
2553 5121 2824 5192 peribunt,
2857 5131 2914 5178 tu
2939 5099 3113 5179 autem
3137 5099 3406 5193 permanes
3436 5124 3600 5200 (Psal-
3626 5133 3682 5182 αν
3703 5107 3782 5177 9⁷)·

2405 5213 2508 5269 soli
2535 5218 2816 5273 committo
2835 5257 2853 5285 ,
2881 5218 2971 5290 qui
2997 5229 3314 5290 permanet,
3337 5221 3430 5293 qui
3458 5225 3618 5291 potest
3644 5203 3853 5293 ῳ

2408 5321 2575 5371 nam;
2604 5320 2663 5364 ιιι
2690 5321 2966 5382 protector
2991 5329 3145 5370 mens
3168 5313 3240 5369 sit
3266 5314 3319 5370 in
3342 5292 3579 5384 tempore
3602 5292 3849 5364 tribulationis

2408 5409 2462 5454 et
2488 5399 2702 5472 adjuvet
2731 5419 2839 5472 me,
2862 5413 2918 5460 et
2936 5404 3127 5463 liberet
3151 5422 3268 5472 me,
3300 5415 3355 5463 et
3381 5385 3852 5478 (δι-ἰρίειιιηεεειΡθθωω

2409 5492 2557 5576 ribus
2581 5495 2772 5566 judicii
2796 5499 2880 5554 sui
2909 5510 3181 5572 tempore,
3207 5509 3262 5558 et
3289 5500 3499 5558 salvum
3534 5511 3610 5555 me
3629 5481 3846 5548 iaciam“?

2407 5682 2579 5751 tatem.
2627 5674 2879 5751 Nullum,
2911 5680 3058 5747 quod
3101 5680 3418 5738 viderimus.
3458 5723 3470 5736 .
3509 5723 3522 5736 .
3554 5661 3843 5751 .peflti‘if’f‘g;

2407 5746 2532 5803 licet
2557 5729 2645 5802 eav
2661 5729 2824 5806 lectio
2831 5729 3014 5822 'tiu’iin‘
3026 5729 3330 5809 hiini‘mit'ni'
3338 5729 3418 5810 3'15
3439 5729 3642 5813 liebi‘arao
3660 5729 3841 5798 dissenlm
