4048 6388
120 384 288 443 1009
1191 383 1259 443 ΙΝ
1296 381 1626 441 PSALMUM
1666 378 1739 438 XI

1844 381 1912 441 ΠΙ
1949 381 2371 440 ENARRATIO.
3298 382 3443 441 1010

107 506 288 561 uiam
325 503 539 575 speravi
584 505 639 561 in
680 519 823 561 eum.
857 503 914 562 In
942 505 1120 576 ipsum
1151 503 1324 560 solum
1351 504 1599 575 speravi;
1635 519 1743 559 non
1770 506 1825 566 Α
1849 505 2013 559 tuitas
2042 519 2073 559 a
2094 503 2311 560 saeculis
2332 545 2347 569 ,
2372 511 2429 559 et
2449 517 2588 561 nunc
2620 511 2675 560 et
2717 517 2956 575 semper,
2979 509 3033 560 et
3062 502 3119 559 in
3139 501 3319 560 omnia
3340 514 3445 565 sa:-

106 597 261 653 vult
280 597 428 653 enim
460 613 557 653 nos
585 606 639 653 et
667 597 771 653 sibi
799 607 853 653 et
881 598 971 652 alii
999 596 1224 654 servire.
1248 595 1349 663 Qui
1381 596 1484 665 ipsi
1505 595 1604 652 soli
1627 610 1745 651 ser-
1849 598 1967 655 cula
1989 597 2332 654 saeculorum.

105 692 244 760 vit,
272 691 573 758 liberatur;
596 692 853 764 quoniam
879 690 982 763 ipsi
1022 698 1107 746 est
1146 690 1291 759 laus,
1315 690 1522 762 gloria,
1550 703 1745 761 perpe-

1056 814 3429 845 Mm

152 828 1055 854 man—u-

751 943 872 1027 IN
946 941 1521 1026 PSALMUM
1596 933 2053 1023 XXXVII
2128 908 2861 1015 ENARRATIO.

1462 1116 2137 1154 #-

644 1242 809 1317 315
834 1242 1227 1300 PREFATIO.

204 1376 263 1433 1.
312 1376 390 1433 De
442 1375 766 1434 Pcenitentia
806 1378 946 1435 duos
988 1378 1096 1449 jam
1124 1377 1322 1433 dudum
1351 1376 1543 1448 scripsi
1592 1374 1743 1430 libel-

116 1472 253 1535 los,
287 1480 343 1526 ct
372 1470 569 1527 iterum
613 1471 963 1528 scribendum
1002 1470 1259 1527 arbitror.
1302 1470 1575 1535 Primum,
1612 1469 1741 1539 quia

125 1563 279 1619 utile
304 1571 387 1620 est
415 1563 501 1620 vel
554 1564 798 1635 quotidie
852 1564 1064 1620 veniam
1110 1563 1432 1619 delictorum
1492 1561 1734 1631 precari;

129 1655 342 1712 deinde
365 1657 619 1727 quoniam
670 1657 723 1712 in
770 1657 877 1713 illis
924 1656 1136 1713 duobus
1180 1656 1378 1713 libellis
1428 1655 1738 1711 adhortatio

134 1747 473 1820 paenitentiae
497 1748 583 1804 vel
611 1747 885 1819 profectus
901 1757 1007 1815 est,
1035 1749 1079 1804 si
1103 1756 1356 1820 geratur;
1384 1763 1529 1804 nunc
1555 1759 1737 1803 autem

129 1840 595 1912 quemadmodum
616 1842 700 1913 agi
733 1841 1048 1911 pmniteutia
1069 1840 1293 1910 debeat,
1319 1843 1736 1911 exprimendum

126 1946 259 2001 est;
289 1935 421 1989 nihil
444 1934 586 1990 enim
606 1935 829 2005 prodest
849 1934 1154 2006 agere,nisi
1186 1935 1257 1989 ita
1285 1944 1472 2005 agatur
1502 1945 1558 1989 ut
1578 1950 1741 2007 opor-

128 2041 236 2088 tet.
260 2028 326 2090 In
356 2048 463 2102 quo
480 2039 697 2085 sanctus
725 2028 894 2084 David
922 2027 1259 2100 sequendum
1281 2029 1436 2083 nobis
1457 2029 1741 2099 proposuit

126 2126 544 2201 magisterium,
567 2124 660 2195 qui
690 2121 812 2178 ideo
854 2121 985 2177 mihi
1018 2120 1232 2176 videtur
1255 2130 1502 2191 gustasse
1542 2136 1737 2191 pecca-

130 2233 253 2280 tum
279 2231 337 2277 ut
355 2220 581 2275 doceret
605 2214 1063 2287 quemadmodum
1100 2226 1379 2285 peccatum
1402 2224 1585 2284 posset
1610 2215 1741 2270 abo-

130 2314 259 2370 leri.
310 2309 467 2368 Unde
512 2308 656 2364 enim
685 2305 956 2362 medicina
979 2346 995 2372 ,
1024 2305 1125 2361 nisi
1157 2304 1225 2360 de
1259 2306 1479 2361 vulnere
1506 2310 1742 2377 sumpsit

139 2406 465 2466 exordium?
492 2404 624 2459 Dum
667 2402 840 2472 prima
888 2410 1020 2456 actas
1067 2400 1283 2471 generis
1330 2400 1549 2455 humani
1579 2401 1739 2459 docet

134 2502 278 2558 alios
295 2498 437 2570 quod
454 2495 555 2551 sibi
577 2493 798 2565 profuit,
817 2503 871 2548 et
891 2491 1347 2564 quemadmodum
1371 2491 1563 2548 vulnus
1579 2508 1737 2549 suum

141 2591 443 2657 sanaverit,
486 2587 606 2643 aliis
636 2585 904 2652 oswudit;
940 2599 1069 2641 usus
1094 2595 1267 2640 artem
1314 2583 1442 2641 fecit
1462 2627 1477 2651 ,
1500 2594 1558 2641 et
1581 2587 1741 2657 :egri-

146 2688 280 2746 tudo
307 2684 689 2756 magisterium.
715 2680 833 2753 ipsa
857 2688 941 2735 est
961 2681 1105 2736 enim
1127 2680 1295 2750 prima
1320 2689 1375 2736 et
1392 2680 1563 2735 valida
1590 2691 1737 2738 secta

150 2782 429 2841 medicinae
449 2823 464 2847 ,
486 2794 650 2851 quam
682 2774 1020 2847 experientia
1036 2818 1052 2841 ,
1075 2789 1181 2829 non
1205 2773 1515 2844 conjectura
1540 2772 1738 2830 forma-

148 2878 242 2930 vit.
273 2873 500 2943 Ideoque
528 2872 597 2927 ab
626 2868 958 2940 experientia
1003 2869 1281 2943 ἐμπειρικοὶ
1323 2867 1497 2937 primo
1539 2868 1736 2924 medici

146 2978 273 3026 sunt
330 2966 549 3033 vocati,
606 2973 662 3019 et
734 2978 803 3019 ex
878 2976 941 3017 ea
1012 2970 1158 3017 secta
1219 2970 1429 3015 czeterae
1480 2960 1739 3018 derivatae

145 3069 288 3127 sunt,
345 3067 370 3095 α
421 3068 583 3127 atque
629 3054 698 3110 ab
742 3069 806 3111 ea
851 3068 1006 3108 usum
1059 3051 1346 3121 quemdam
1395 3068 1509 3108 suae
1556 3069 1738 3124 sump-

144 3168 265 3210 sere
293 3150 525 3206 virtutis.
569 3147 710 3217 Quid
740 3154 920 3201 autem
947 3154 1032 3200 est
1059 3144 1126 3199 ad
1157 3143 1587 3201 cohortationem
1618 3160 1736 3216 pm-

146 3242 384 3300 nitentite
410 3240 640 3297 validius
666 3282 680 3306 ,
711 3253 873 3309 quam
902 3236 1045 3309 quod
1087 3247 1309 3294 sanctus
1341 3240 1605 3309 propheta
1630 3240 1735 3294 Da-

150 3335 239 3391 vid
274 3345 616 3405 peccatorum
685 3340 995 3385 nostrorum
1040 3343 1140 3384 nos
1188 3328 1373 3384 docuit
1432 3331 1737 3399 pmniterc?

151 3426 276 3494 Quis
301 3424 444 3480 enim
468 3422 787 3492 dedignetur
825 3419 1113 3475 humiliare
1140 3434 1199 3475 se
1229 3418 1373 3486 Deo,
1406 3434 1529 3475 cum
1553 3436 1647 3477 rex
1676 3437 1738 3479 se

148 3517 538 3575 humiliaverit?
584 3513 690 3570 Aut
758 3513 879 3584 quis
942 3511 1150 3566 dubitet
1207 3510 1447 3583 afﬂigere
1502 3512 1736 3568 animam

150 3626 317 3676 suam,
348 3624 469 3664 cum
520 3605 781 3678 propheta
832 3614 1010 3660 tantus
1060 3602 1347 3672 afﬂixerit,
1376 3605 1591 3660 solvens
1619 3621 1738 3675 pre-

154 3704 277 3756 tium
302 3701 659 3771 lacrymarum
685 3712 784 3766 pro
806 3696 1182 3767 redemptione
1205 3697 1435 3766 peccati?
1458 3697 1526 3752 Et
1550 3714 1738 3769 quam-

148 3795 229 3848 vis
256 3802 366 3847 toto
406 3793 731 3861 scriptorum
778 3804 998 3843 suorum
1025 3784 1256 3861 corpore
1285 3791 1538 3861 gerendae
1564 3793 1738 3863 peni-

145 3883 326 3939 tentias
356 3890 624 3953 prmeepta
673 3879 950 3936 diﬂ'uderit
1004 3881 1149 3952 (quis
1178 3883 1324 3937 enim
1349 3884 1467 3951 ejus
1498 3884 1737 3954 psalmus

146 3994 255 4033 non
286 3975 733 4032 medicamentum
754 3982 839 4030 est
860 3974 1211 4029 conscientiae
1236 3975 1583 4043 peccatricis;
1614 3992 1738 4032 cum

153 4068 283 4123 alibi
309 4065 759 4138 quemadmodum
792 4064 1055 4136 impulsus
1096 4066 1166 4119 sit
1193 4063 1363 4136 (Psal.
1399 4081 1572 4133 cxvn,
1603 4068 1735 4137 15),

146 4160 280 4216 alibi
333 4158 781 4231 quemadmodum
830 4158 1181 4213 conturbatus
1236 4156 1411 4227 (Psal.
1460 4176 1613 4223 XXIX,
1642 4159 1740 4230 8),

143 4253 445 4311 ostenderit
474 4273 486 4309 :
523 4262 710 4308 utnon
742 4252 915 4307 solum
941 4251 1397 4322 quemadmodum
1420 4252 1526 4307 sint
1551 4269 1740 4308 sanan-

143 4348 238 4415 da,
267 4348 357 4404 sed
385 4349 545 4403 etiam
576 4344 1029 4418 quemadmodum
1081 4344 1317 4399 cavenda
1368 4345 1618 4413 vulnera,
1647 4345 1742 4401 de-

144 4449 503 4506 monstraret,
527 4448 583 4494 et
626 4454 723 4494 suo
755 4453 854 4493 uos
899 4435 1126 4492 doceret
1171 4430 1461 4508 exemplo?
1483 4438 1614 4505 Quis
1642 4455 1738 4494 au-

146 4542 258 4590 tem
288 4539 431 4588 stare
458 4547 514 4587 se
543 4530 757 4596 credat,
788 4528 816 4568 δ
844 4530 931 4586 ubi
964 4530 1147 4600 lapsus
1184 4537 1268 4586 est
1312 4530 1475 4586 etiam
1518 4528 1741 4602 fortior)

142 4634 325 4683 tanien
371 4624 423 4679 in
477 4622 750 4694 trigesimo
807 4622 1038 4692 septimo
1095 4622 1302 4691 psalmo
1331 4622 1590 4693 majorem
1631 4624 1741 4681 vim

141 4718 348 4775 doloris
402 4718 636 4786 interni,
692 4726 747 4773 et
790 4716 1153 4773 lamentabilis
1198 4716 1594 4790 deplorationis
1638 4734 1736 4775 ex-

143 4811 371 4885 pressit.

220 4955 273 5010 2.
304 4954 482 5025 (Vers.
516 4954 603 5026 1.)
634 4953 876 5025 Denique
905 4953 958 5008 in
988 4952 1213 5009 exordio
1250 4954 1369 5024 ipse
1407 4969 1508 5011 nos
1552 4955 1740 5012 titulus

145 5047 400 5102 admonet
441 5046 748 5116 hujusmodi
776 5054 1045 5117 prmcepta
1076 5044 1327 5113 formari;
1359 5046 1438 5102 sic
1478 5046 1624 5103 enim
1666 5049 1744 5103 le-

147 5142 326 5212 gimus
362 5159 376 5196 :
426 5138 494 5194 In
539 5141 1103 5204 commemorationem,
1160 5138 1354 5209 inquit,
1397 5139 1500 5194 diei
1544 5139 1744 5196 sabbati

148 5238 378 5307 psalmus
412 5236 596 5291 David.
628 5236 792 5291 Plena
818 5236 960 5291 enim
983 5245 1067 5291 est
1093 5234 1428 5305 paenitentia:
1458 5234 1703 5291 definitio
1722 5279 1739 5305 ,

149 5333 594 5389 commemoratio
627 5331 985 5394 delictorum;
1016 5340 1073 5386 ut
1113 5331 1479 5402 unusquisque
1524 5342 1745 5403 peccata

151 5443 245 5483 sua
275 5426 419 5482 velut
462 5425 696 5498 quodam
744 5423 1045 5494 quotidiani
1098 5423 1366 5480 sermonis
1394 5426 1621 5497 castiget
1649 5428 1749 5481 ﬂa-

151 5523 320 5595 gello,
344 5529 399 5577 et
422 5520 710 5575 commissa
740 5518 843 5573 sibi
886 5518 1088 5587 flagitia
1115 5518 1459 5575 condemnet.
1486 5518 1579 5575 Sic
1598 5521 1743 5576 enim

155 5619 430 5682 docemur,
480 5614 696 5669 dicente
740 5611 1008 5666 Domino:
1038 5608 1139 5665 Dic
1182 5612 1476 5678 iniquitates
1519 5623 1664 5678 tuas,
1692 5625 1748 5668 ut

146 5709 449 5783 justiﬁceris
488 5707 663 5780 (Esui.
694 5721 856 5772 mu,
896 5703 1103 5777 26).Et
1148 5704 1440 5777 Apostolus
1468 5707 1544 5762 ait
1586 5727 1598 5760 :
1646 5706 1747 5765 Ore

233 5862 258 5890 ιι
279 5851 599 5922 Complures
637 5862 770 5905 mss.
789 5888 805 5917 ,
836 5856 986 5917 atque
1013 5845 1079 5900 ab
1111 5861 1173 5900 ea
1198 5860 1407 5902 succum
1435 5848 1743 5919 quemdam,

163 5933 241 5981 etc
250 5965 263 5977 .

724 6099 740 6147 /

1842 1232 2101 1302 confessio
2130 1233 2189 1302 fit
2218 1234 2288 1286 ad
2325 1234 2541 1289 salutem
2580 1233 2759 1307 (Rom.
2790 1251 2846 1303 ι,
2874 1234 2985 1306 10).
3016 1233 3124 1292 Sed
3165 1234 3306 1292 forte
3327 1250 3448 1291 mo-

1840 1331 1962 1376 veat
1981 1364 1996 1387 ,
2023 1324 2147 1391 quia
2180 1340 2285 1379 non
2317 1324 2456 1380 dixit
2477 1334 2824 1395 peccatorum
2846 1330 3447 1392 commemorationem;

1842 1417 1938 1471 sed
1970 1419 2073 1472 diei
2100 1417 2332 1487 sabbati,
2367 1430 2460 1474 aut
2512 1419 2674 1492 (sicut
2718 1420 2859 1475 alius
2904 1419 3093 1492 habet)
3126 1420 3453 1475 sabbatorum

1843 1509 2042 1581 (Exod.
2078 1527 2173 1576 xx,
2198 1511 2231 1567 8
2253 1522 2300 1566 et
2327 1511 2481 1584 seq.).
2515 1511 2653 1579 Quid
2676 1521 2761 1568 est
2785 1522 2968 1568 autem
2998 1513 3283 1568 sabbatum
3302 1556 3317 1580 ,
3344 1513 3451 1568 nisi

1840 1604 2058 1672 requies
2089 1603 2427 1671 futurorum,
2468 1605 2718 1661 levamen
2760 1607 3145 1676 praesentium,
3181 1621 3289 1676 quo
3337 1606 3449 1663 Lex

1835 1695 1991 1766 jubet
2047 1696 2326 1752 hominum
2378 1713 2544 1766 opera
2577 1697 2791 1764 feriari,
2825 1713 2992 1755 onera
3052 1699 3289 1769 deponi?
3317 1698 3450 1767 Qua:

1839 1798 1967 1844 sunt
1993 1790 2247 1860 graviora
2275 1806 2467 1857 onera,
2495 1792 2595 1847 nisi
2620 1801 2805 1847 nostra
2842 1794 3096 1862 peccata?
3124 1792 3251 1849 Haec
3276 1792 3450 1865 depo-

1768 1895 1818 1955 B
1845 1893 2041 1939 nantur
2067 1885 2120 1939 in
2150 1885 2499 1941 sabbatorum
2549 1886 2779 1949 diebus,
2806 1886 2911 1941 hoc
2939 1895 3043 1955 est,
3077 1886 3129 1941 in
3174 1887 3276 1941 hoc
3325 1887 3450 1942 vitae

1843 1977 2001 2031 istius
2027 1986 2291 2047 tempore.
2325 1978 2544 2049 Septem
2568 1981 2715 2034 enim
2738 1978 2932 2035 diebus
2956 1979 3256 2035 hebdomas
3275 1981 3453 2036 omnis

1844 2068 2209 2135 concluditur,
2240 2086 2334 2126 sex
2371 2071 2567 2129 diebus
2614 2073 2847 2128 mundus
2898 2074 2990 2129 ille
3039 2072 3305 2129 formatus
3332 2082 3451 2141 est,

1843 2162 2075 2232 septimo
2104 2162 2193 2218 die
2221 2166 2490 2234 requievit
2521 2166 2781 2221 Dominus
2825 2166 2893 2221 ab
2921 2181 3086 2237 opere
3113 2181 3213 2221 suo
3234 2209 3248 2232 ,
3274 2167 3367 2239 qui
3394 2168 3452 2223 in

1842 2262 2026 2310 nostra
2083 2257 2499 2312 mansuetudine
2548 2258 2877 2328 requiescit,
2917 2258 3085 2331 816
3136 2259 3280 2315 sicut
3330 2260 3450 2332 ipse

1843 2348 2015 2403 dixit:
2051 2348 2222 2420 Super
2248 2366 2397 2420 quem
2418 2352 2757 2421 requiescam,
2790 2350 2890 2404 nisi
2933 2367 3091 2423 supra
3119 2349 3365 2406 humilem
3402 2363 3453 2408 et

1849 2450 2172 2497 mansuetum
2198 2442 2370 2512 (Esai.
2403 2460 2562 2510 1.xv1,
2610 2444 2712 2517 2)?
2742 2444 2982 2501 Absolve
3032 2457 3085 2501 te
3130 2462 3261 2519 ergo
3299 2448 3451 2503 omni

1843 2536 2090 2600 sabbato,
2115 2546 2170 2592 et
2198 2537 2373 2594 alleva
2400 2540 2610 2607 pondus
2633 2554 2912 2605 errorum;
2947 2550 3004 2593 ut
3030 2554 3257 2595 securus
3283 2540 3351 2596 ad
3384 2542 3455 2595 il-

1842 2629 1949 2685 lius
1970 2630 2131 2686 futuri
2162 2632 2371 2687 sabbati
2386 2634 2626 2703 requiem
2644 2634 2932 2704 pervenire
2946 2633 3229 2689 merearis.
3247 2633 3380 2689 Nam
3402 2635 3450 2689 si

1844 2723 1971 2778 hinc
1994 2731 2212 2793 peccata
2240 2725 2423 2793 gravia
2455 2725 2783 2795 portaveris,
2818 2726 2927 2781 illic
2947 2725 3192 2796 requiem
3221 2741 3328 2781 non
3354 2726 3451 2781 ha-

1841 2816 2017 2872 bebis.
2052 2816 2305 2871 Exonera
2354 2818 2519 2889 igitur
2574 2828 2719 2873 tuam
2769 2828 3039 2885 mentem,
3069 2819 3236 2889 rejice
3266 2820 3452 2875 omnia

1840 2909 2036 2978 quibus
2067 2908 2401 2964 conscientia
2424 2918 2681 2979 gravatur
2706 2922 2760 2965 et
2788 2912 3075 2981 premitur,
3109 2927 3179 2966 ne
3200 2910 3294 2966 fiat
3327 2909 3449 2982 fuga

1839 3010 1933 3056 tua
1960 3002 2162 3073 hyeme
2199 3001 2283 3056 vel
2329 3001 2558 3057 sabbato
2591 3020 2602 3055 :
2633 3003 2742 3057 vita
2773 3002 2892 3058 haec
2916 3003 2970 3057 in
3002 3003 3189 3058 labore
3218 3012 3324 3069 est,
3356 3003 3452 3059 illa

1841 3094 1894 3149 in
1925 3092 2131 3164 requie.
2156 3092 2440 3149 Leviorem
2469 3103 2522 3149 te
2543 3095 2727 3149 saeculi
2751 3094 2911 3164 hujus
2930 3094 3169 3165 reperiat
3191 3108 3456 3150 consum-

1840 3187 2035 3255 matio,
2072 3202 2141 3242 ne
2170 3196 2428 3242 oneratus
2458 3187 2695 3257 peccatis
2720 3186 2904 3258 fugere
2935 3201 3042 3242 non
3073 3186 3273 3257 possis.
3304 3185 3449 3243 Ante

1762 3287 1807 3352 ο
1841 3280 1963 3352 fuge
1984 3322 1999 3345 ,
2028 3288 2088 3334 ut
2116 3280 2436 3350 przevenias.
2481 3279 2642 3350 Fugit
2671 3279 2930 3334 smeulum
2952 3320 2969 3347 ,
2996 3280 3087 3350 qui
3114 3278 3299 3334 saeculi
3327 3279 3447 3334 ille-

1840 3369 2022 3427 cebris
2052 3386 2159 3425 non
2186 3380 2421 3437 tenetur,
2456 3371 2548 3441 qui
2578 3386 2638 3426 se
2668 3371 2819 3425 omni
2868 3385 3001 3427 cura
3050 3370 3169 3441 ejus
3193 3371 3449 3426 absolvit.

1840 3464 1990 3535 Fuge
2016 3464 2180 3520 etiam
2210 3464 2449 3519 futuram
2482 3464 2640 3530 iram,
2676 3463 2779 3519 hoc
2808 3472 2911 3529 est,
2940 3463 3131 3533 judicii
3151 3463 3316 3519 diem.
3342 3462 3452 3517 Fu-

1839 3557 1920 3627 git
1942 3571 2060 3611 eam
2098 3556 2188 3626 qui
2229 3557 2403 3627 egerit
2454 3556 2978 3626 pmnitentiam;sic
3025 3556 3171 3611 enim
3202 3556 3452 3612 definivit

1840 3648 2082 3720 Baptista
2110 3648 2387 3705 Johannes
2416 3649 2605 3705 dicens
2637 3666 2650 3704 :
2684 3646 2960 3704 Generatio
2988 3650 3303 3721 viperarum,
3335 3651 3452 3721 quis

1840 3744 1982 3798 vobis
2010 3744 2373 3799 demonstravit
2399 3748 2580 3816 fugere
2618 3743 2681 3799 ab
2719 3745 2800 3798 ira
2832 3745 3080 3799 ventura?
3110 3745 3292 3799 Facite
3328 3762 3449 3817 ergo

1840 3835 2041 3906 [ructus
2063 3837 2248 3910 dignos
2274 3838 2585 3907 paenitentia:
2615 3836 2831 3909 (Matth.
2863 3852 2944 3901 ιιι,
2975 3838 3008 3891 7
3037 3846 3089 3892 et
3117 3835 3197 3907 8).

1910 3929 1964 3983 5.
1997 3927 2245 3984 Audistis
2277 3928 2438 3983 hodie
2480 3929 2584 3998 legi
2614 3929 2738 3998 quia
2769 3928 3012 3983 Joannes
3038 3926 3348 3998 baptizabat
3393 3928 3450 3982 in

1841 4020 2045 4087 IEnon,
2070 4021 2223 4091 juxta
2278 4020 2464 4076 Salim.
2522 4018 2704 4091 (Jaan.
2752 4035 2834 4085 111,
2861 4018 2977 4091 25).
3015 4018 3200 4076 Asinon
3250 4017 3452 4075 dicitur

1841 4115 2032 4170 oculus
2057 4114 2446 4185 suppliciorum
2478 4131 2491 4167 :
2523 4114 2690 4170 Salim
2719 4115 2838 4186 ipse
2861 4114 3162 4169 ascendens
3187 4131 3203 4180 ;
3228 4112 3332 4168 hoc
3354 4113 3449 4170 ha-

1842 4207 1933 4263 bet
1963 4207 2362 4278 interpretatio.
2389 4206 2490 4274 Qui
2517 4221 2649 4276 ergo
2694 4207 2957 4277 baptizari
2979 4205 3161 4278 eligit,
3185 4207 3451 4278 supplicia

1846 4298 2135 4369 praevidet;
2169 4309 2226 4355 et
2259 4299 2381 4356 ideo
2407 4299 2652 4371 confugit
2679 4299 2745 4353 ad
2776 4299 3117 4369 baptismatis
3138 4313 3451 4357 sacramen—

1845 4407 1956 4454 tum
1979 4439 1995 4467 ,
2028 4409 2087 4454 ut
2109 4406 2393 4470 peccatum
2423 4414 2586 4454 omne
2614 4397 2875 4469 deponat,
2906 4413 2973 4454 ne
3018 4398 3287 4455 obnoxius
3314 4399 3451 4457 inci-

1843 4492 1958 4565 piat
1987 4507 2108 4548 esse
2136 4492 2442 4564 suppliciis.
2470 4492 2537 4547 Et
2566 4492 2703 4547 forte
2752 4490 3021 4562 supplicia
3066 4491 3333 4563 praevidet
3351 4493 3447 4564 qui

1845 4585 2151 4657 baptizatur
2178 4585 2450 4657 baptismo
2474 4586 2840 4656 paenitentiae;
2864 4594 2922 4639 at
2940 4598 3072 4640 vero
3098 4584 3191 4641 ille
3218 4586 3450 4657 gratiam

1766 4683 1823 4745 D
1847 4688 2074 4750 spectat,
2106 4678 2201 4750 qui
2248 4679 2552 4749 baptizatur
2602 4678 2656 4731 in
2695 4678 2939 4734 Christo.
2965 4676 3278 4748 Baptismus
3321 4694 3454 4749 ergo

1842 4771 2099 4838 Joannis,
2133 4772 2324 4826 oculus
2355 4770 2745 4842 suppliciorum
2775 4780 2860 4827 est
2890 4788 2904 4824 :
2938 4771 3240 4840 baptismus
3293 4768 3452 4826 Chri-

1839 4867 1931 4933 sti,
1982 4866 2171 4921 oculus
2220 4866 2539 4935 gratiarum.
2572 4864 2809 4919 Tametsi
2844 4865 2895 4918 in
2927 4862 3107 4919 IEnon
3136 4863 3453 4932 baptizabat

1843 4960 2101 5027 Joannes,
2128 4962 2281 5029 juxta
2314 4959 2700 5015 ascendentem
2724 4956 3061 5027 baptizabat;
3094 4956 3200 5012 hoc
3226 4957 3373 5013 enim
3395 4967 3455 5014 et

1845 5056 1949 5110 ista
1972 5055 2134 5110 habet
2159 5054 2544 5125 interpretatio
2561 5094 2576 5117 ,
2612 5062 2669 5107 ut
2688 5051 2857 5107 Salim
2879 5051 3096 5106 dicatur
3117 5051 3235 5121 ipse
3261 5066 3454 5108 ascen-

1846 5148 2003 5203 dens.
2034 5148 2321 5203 Proximus
2348 5161 2478 5218 ergo
2499 5153 2621 5201 erat
2641 5145 2881 5209 Christo,
2914 5147 3005 5216 qui
3029 5143 3148 5213 ejus
3171 5144 3458 5200 nuntiabat

1848 5243 2159 5298 adventum.
2191 5241 2402 5297 Etenim
2434 5240 2605 5296 Filius
2656 5239 2892 5294 hominis
2920 5239 3014 5309 qui
3059 5238 3346 5295 descendit
3384 5239 3456 5295 de

1848 5336 1990 5392 coelo
2013 5378 2027 5404 ,
2061 5335 2180 5407 ipse
2207 5344 2293 5391 est
2320 5343 2377 5391 et
2403 5336 2495 5406 qui
2519 5332 2765 5390 ascendit
2796 5334 2851 5389 in
2878 5333 3099 5400 caelum,
3118 5344 3179 5388 ut
3206 5333 3457 5404 impleret

1848 5431 2052 5487 omnia.
2083 5430 2188 5486 Sed
2221 5430 2345 5503 quia
2374 5429 2549 5502 qualis
2598 5426 2867 5490 cmlestis.
2896 5427 3033 5483 tales
3080 5436 3134 5483 et
3173 5427 3457 5495 caelestes;

1849 5538 1904 5585 et
1928 5529 2020 5585 ille
2050 5529 2295 5585 ascendit
2316 5530 2367 5583 in
2398 5527 2617 5593 caelum,
2641 5526 2733 5596 qui
2762 5534 2974 5581 terrena
3000 5526 3281 5597 deponens
3313 5541 3452 5582 con-

1849 5622 2112 5693 sepelitur
2135 5623 2185 5677 in
2212 5621 2467 5687 Christo;
2492 5628 2552 5674 ut
2580 5634 2702 5676 cum
2732 5617 2953 5673 Christo
2976 5627 3223 5690 resurgat
3250 5634 3281 5675 a
3306 5634 3453 5676 mor-

1850 5723 1904 5771 te
1933 5716 2141 5785 peccati
2172 5714 2236 5771 ad
2262 5714 2553 5769 novitatem
2583 5712 2731 5781 vitae,
2759 5710 3205 5785 haereditatisque
3230 5727 3457 5772 consor—

1922 5854 1949 5893 δ
1982 5856 2110 5913 Mss.
2143 5856 2370 5928 aliquot,
2394 5854 2480 5911 ubi
2501 5856 2705 5927 lapsum
2728 5853 2863 5909 videt
2886 5856 3180 5927 fortiorum.
