4008 6352
37 357 88 406 n
112 361 136 410 ι
163 351 228 414 3
1155 362 1219 417 IN
1261 345 1588 417 PSALMUM
1631 341 1874 417 XXXVII
1914 347 2333 418 ENABRATIO.
3255 351 3393 411 mu

38 485 124 522 ις
174 477 269 531 εὶ
297 481 354 532 tu
385 478 430 533 "si
458 477 813 547 cogitatitmes
842 487 958 532 tuas
991 476 1163 532 malas
1193 475 1436 538 evomas,
1460 477 1510 527 et
1543 471 1699 526 mali-
1725 483 1773 537 Α
1801 474 2013 532 dic‘a'tur
2043 477 2110 532 de
2140 483 2193 532 te
2227 495 2240 530 :
2285 471 2398 531 νοω
2418 464 2599 530 audita
2626 485 2700 530 est
2731 476 2783 529 in
2806 463 3001 537 Ruina,
3025 462 3177 545 ﬂetus
3206 477 3252 526 et
3283 461 3400 527 tiilt-

49 579 131 618 ω
225 578 350 625 tua:
400 585 607 626 venena
637 571 898 640 deponas.
953 570 1199 625 Celebris
1239 581 1418 622 sermo
1471 576 1552 622 est
1581 609 1594 631 ,
1643 575 1698 620 et
1801 576 1938 625 latus
1969 571 2180 639 uiulms,
2206 559 2405 627 Rachel
2432 571 2641 642 plorans
2670 571 2804 641 ﬁlios
2836 575 2975 636 auos,
3009 579 3056 623 et
3086 561 3251 623 noluit
3277 584 3400 621 con-

37 662 435 731 criptorum
482 666 806 721 auctoritate
851 666 1110 721 robustus
1138 707 1150 728 ,
1199 671 1510 734 serpentem
1545 663 1700 732 aquis
1801 663 1991 730 solari,
2022 667 2141 736 quia
2185 683 2284 720 non
2316 676 2437 721 sunt
2466 665 2680 738 (larem.
2725 677 2882 730 xxxx,
2916 659 3030 734 l5).
3067 651 3268 716 Rachel
3302 661 3406 716 Ec-

39 758 626 828 pprnpinquantem
659 758 821 813 sibilo
848 758 954 814 sibi
977 758 1192 814 femlnm
1215 757 1405 827 anguis
1434 759 1701 826 sponsore
1802 758 1968 813 clesia
1993 768 2077 814 est
2095 801 2110 825 ,
2144 760 2196 812 in
2219 775 2322 830 qua
2349 759 2694 816 benedicitur
2719 755 2874 826 plebs
2898 749 2993 811 Dei
3024 773 3037 809 :
3070 746 3186 826 ipsa
3214 771 3313 827 pro
3345 761 3398 810 te

41 852 462 916 oncnbitus;
496 853 640 907 illam
687 853 921 925 propria:
967 853 1341 907 consulentem
1395 850 1553 904 Saluti
1578 893 1592 916 ,
1634 865 1702 905 ea
1804 851 1960 917 ﬂeat,
1991 851 2104 921 ipsa
2137 862 2223 905 tua
2263 859 2480 922 peccata
2511 851 2792 922 deplorat,
2827 859 2884 905 et
2909 845 3036 904 ileai
3069 848 3356 919 plurimum
3387 865 3400 909 ;

40 943 374 1007 pnndere
406 945 522 1015 lege
546 946 746 1015 petitos
774 947 949 1000 coitus
976 945 1058 998 sui
1096 959 1249 1008 usus,
1279 945 1323 997 si
1355 957 1583 1013 serpens
1612 957 1705 997 ve-
1807 943 2308 1000 ulconsoiatidnem
2334 943 2490 1000 facile
2513 961 2620 1000 nou
2649 943 2918 1008 admittat,
2944 942 3401 1014 quemadmodum

37 1046 170 1086 te"
185 1049 300 1089 um
331 1045 585 1102 evomat;
615 1047 943 1107 captumque
968 1037 1190 1091 obedire
1213 1035 1403 1105 jussis.
1438 1047 1585 1090 arma
1609 1035 1706 1090 de-
1805 1038 1895 1108 qui
1924 1038 2213 1106 plurimum
2240 1031 2443 1091 dolent.
2479 1037 2606 1092 ideo
2635 1037 2908 1091 consolari
2943 1049 3002 1092 se
3027 1033 3232 1098 noluit;
3268 1050 3405 1104 quo-

37 1139 354 1194 ionere,
407 1145 471 1184 ac
500 1129 704 1199 proprii
745 1145 898 1185 more
946 1137 1242 1184 conventus
1283 1137 1448 1197 caput
1477 1129 1557 1183 ori
1588 1130 1706 1199 ejus
1808 1133 1952 1188 niam
1983 1131 2075 1202 qui
2103 1145 2259 1194 eras,
2293 1145 2416 1186 esse
2445 1129 2656 1186 desisti.
2704 1129 2810 1186 Sed
2855 1129 2953 1184 hac
3000 1131 3404 1200 perseverantia

38 1229 381 1287 nserere;
412 1231 575 1292 atque
602 1261 617 1288 ,
660 1223 752 1278 ubi
773 1219 1049 1278 calescere
1079 1223 1307 1292 creperlt
1331 1224 1703 1290 consuetudo,
1809 1227 2012 1282 doloris
2061 1236 2113 1282 et
2160 1223 2319 1280 lletus
2363 1225 2670 1278 emercatur
2721 1234 2778 1278 ut
2822 1222 3010 1279 dicat:
3043 1220 3216 1277 Filius
3264 1238 3407 1276 meus

37 1326 162 1365 ‘3“
237 1321 458 1369 "3mm
499 1314 731 1383 (Nudam
771 1315 1029 1370 νίθιθηῑίθ
1059 1347 1073 1380 φ
1101 1325 1194 1369 560
1237 1313 1478 1369 libidinis
1515 1313 1711 1368 ardOI‘e
1811 1332 2042 1375 mortuus
2063 1330 2193 1385 erat,
2227 1327 2274 1373 et
2300 1318 2525 1372 revixit:
2551 1317 2792 1386 perierat,
2824 1326 2870 1370 et
2894 1315 3128 1371 inventus
3153 1324 3229 1369 est
3250 1313 3406 1386 (Luc.

38 1407 360 1462 'eminbm
406 1409 676 1478 stringere
702 1422 826 1473 ora,
865 1422 1186 1475 morsusque
1232 1405 1474 1461 libidinis
1503 1406 1708 1462 osculis
1808 1430 1878 1468 xv
1903 1455 1916 1478 ,
1949 1413 2064 1483 39.).
2099 1416 2205 1466 Aut
2232 1411 2372 1467 forte
2412 1408 2681 1465 consolari
2714 1423 2774 1462 se
2826 1409 2990 1463 uoluit
3023 1405 3224 1462 Rachel
3257 1407 3308 1461 in
3344 1408 3406 1460 il-

38 1513 382 1564 "emel'e.
415 1509 578 1572 imille
608 1501 680 1555 ίι³
713 1509 878 1568 capi"
908 1500 1181 1569 δθτρθηῑίε
1206 1497 1473 1554 εδεεῖηάίο
1811 1506 1900 1562 liis
1930 1505 2274 1568 Judaaorum;
2303 1503 2426 1574 quia
2467 1518 2574 1556 non
2602 1510 2752 1567 sunt,
2783 1515 2917 1571 quos
2945 1501 3132 1570 utique
3162 1499 3286 1556 ideo
3313 1516 3407 1570 gc-

127 1595 218 1649 9.
273 1593 467 1650 Nonne
495 1595 548 1650 in
579 1603 770 1649 natura
799 1593 1067 1664 serpentis
1110 1593 1427 1665 mysterium
1463 1589 1588 1646 ﬁdei
1620 1605 1708 1646 τε·-
1814 1608 2036 1664 nuerat,
2074 1607 2130 1652 ut
2160 1607 2364 1652 essent.
2414 1593 2480 1652 Et
2507 1594 2630 1650 ideo
2663 1608 2767 1648 non
2816 1592 3034 1646 admisit
3080 1592 3414 1647 consolatio-

37 1688 452 1756 εοϐηοδθθθτ
481 1687 722 1758 serpens
761 1687 849 1741 me
892 1685 1126 1756 Ρπθάίδί
1163 1686 1314 1756 P'ii’l‘
1344 1684 1600 1740 feminam
1643 1683 1708 1738 ad
1815 1710 1934 1748 nem
1963 1736 1977 1758 ,
2012 1692 2208 1747 occisis
2257 1690 2499 1762 parvulis
2530 1689 2596 1745 ab
2627 1686 2880 1752 Herode;
2912 1685 3037 1756 quia
3075 1701 3177 1740 nec
3225 1687 3277 1740 in
3319 1681 3412 1738 ad-

37 1781 280 1850 eulpat
305 1781 634 1837 adulterium
666 1783 1008 1851 provocavit;
1041 1778 1136 1836 Sed
1168 1781 1260 1834 ubi
1287 1793 1561 1835 venenum
1591 1778 1711 1850 ejus

1840 1795 2032 1842 'entum
2061 1779 2191 1841 Jcsu
2217 1783 2589 1850 crediderunt,
2629 1793 2941 1836 mensuram
2987 1778 3212 1835 sceleris
3243 1779 3417 1834 adim—

37 1874 340 1929 eﬂ'usum
374 1882 459 1929 est
488 1876 540 1929 in
573 1877 717 1930 hunc
743 1875 1002 1929 mundum
1026 1916 1040 1938 ,
1071 1873 1291 1928 soboles
1321 1874 1466 1928 illius
1495 1873 1708 1928 femina:
1741 1883 1788 1944 Β
1817 1883 2044 1950 pientes,
2076 1889 2133 1932 ut
2160 1889 2214 1932 et
2244 1877 2496 1946 parvulos
2524 1875 2933 1935 interﬁcerent.
2979 1877 3037 1926 ut
3067 1873 3211 1926 inter
3239 1885 3335 1926 eos
3361 1878 3415 1926 ct

38 1969 575 2023 circumventione
604 1968 868 2038 parentis,
890 1978 946 2024 et
977 1967 1168 2022 fraude
1199 1969 1366 2023 multa
1402 1969 1671 2035 serpentis
1693 2010 1707 2034 ,
1816 1972 1959 2026 lilius
2009 1969 2245 2042 Virginis
2278 1975 2588 2024 necaretur.
2634 1967 2778 2037 Ergo
2820 1964 3066 2021 Ecclesia
3100 1963 3312 2020 Domini
3359 1964 3411 2017 in

45 2063 274 2117 armis
299 2078 424 2119 eum
447 2063 561 2117 suis
581 2063 752 2128 exuit,
788 2071 842 2117 et
863 2069 1024 2133 caput
1046 2063 1191 2116 illius
1213 2065 1527 2133 amputavit.
1554 2062 1708 2130 Quod
1815 2063 2016 2120 Judaais
2046 2061 2316 2118 consolari
2343 2059 2544 2124 noluit,
2579 2059 2706 2130 quia
2731 2065 2837 2113 non
2869 2063 2994 2113 sunt
3022 2075 3035 2111 :
3065 2057 3120 2112 in
3153 2055 3420 2112 Christia-

60 2159 122 2212 εἰ
163 2171 399 2213 venena
431 2157 844 2227 prtcvaluerint,
875 2166 929 2211 et
954 2167 1232 2227 peccatum
1261 2158 1315 2211 in
1338 2172 1443 2226 quo
1472 2166 1556 2212 est
1585 2172 1713 2211 acu-
1818 2158 1903 2212 nis
1932 2163 2111 2211 autem
2159 2154 2251 2224 qui
2288 2167 2356 2208 ex
2399 2151 2708 2207 nationibus
2739 2152 3053 2222 congregati
3090 2157 3217 2204 Sunt
3241 2191 3256 2213 ,
3285 2159 3419 2219 epu-

59 2252 223 2305 leus
273 2251 465 2304 mortis
499 2250 811 2320 irrepserit;
866 2257 1018 2305 utere
1064 2249 1391 2304 medicorum
1423 2249 1671 2318 exemplo
1695 2291 1710 2314 ,
1817 2254 1957 2306 lator
1986 2262 2040 2306 et
2080 2249 2316 2322 gaudet;
2349 2247 2607 2320 quoniam
2637 2253 2922 2318 coeperunt
2960 2251 3118 2312 esse,
3166 2245 3260 2316 qui
3303 2261 3410 2300 non

59 2353 141 2398 ut
183 2344 297 2399 tibi
328 2357 554 2414 serpens
586 2344 674 2399 Vel
698 2357 826 2398 sero
857 2345 1141 2398 moriatur.
1175 2344 1440 2399 Couteras
1470 2344 1588 2414 ejus
1613 2355 1713 2398 ve-
1817 2355 1994 2400 erant.

63 2451 340 2500 nenum.
371 2449 676 2507 corpusque
695 2437 1036 2492 conuninuas
1060 2479 1074 2501 ,
1106 2445 1159 2493 et
1186 2437 1481 2491 admixtum
1513 2436 1717 2490 saluta-
1891 2438 1977 2491 ll.
2019 2434 2209 2490 Misisti
2237 2443 2369 2505 ergo
2403 2435 2598 2505 aquam
2628 2431 2885 2488 Jordanis
2907 2472 2920 2496 ,
2957 2436 3151 2500 aquam
3182 2430 3370 2500 gratim
3397 2446 3413 2493 ;

70 2533 270 2587 ribus
316 2531 493 2585 succis
540 2531 756 2586 noveris
788 2529 1233 2601 temperandum;
1282 2537 1338 2585 ut
1383 2547 1490 2585 non
1539 2531 1714 2584 solum
1819 2531 1923 2584 hoc
1964 2527 2200 2599 primum
2255 2527 2380 2581 bibe
2438 2545 2453 2581 :
2505 2524 2705 2580 misisti
2761 2535 2954 2594 aquam
3011 2523 3373 2594 lacrymarum
3403 2564 3418 2586 ,

73 2626 222 2676 vim
257 2637 414 2676 suam
447 2629 500 2676 et
528 2621 680 2676 virus
708 2624 951 2687 amittat,
983 2624 1078 2676 sed
1110 2627 1272 2677 etiam
1307 2624 1396 2676 iiat
1416 2620 1717 2677 remedium
1819 2637 2012 2692 aquam
2039 2621 2407 2691 paenitentiae;
2453 2617 2557 2673 hoc
2582 2617 2888 2673 secundum
2931 2625 3014 2669 est
3043 2615 3295 2686 peculum
3319 2657 3332 2678 ,
3365 2621 3426 2668 ut

76 2715 176 2769 de
213 2727 451 2768 veneno.
495 2714 722 2769 Moritur
747 2723 929 2770 autem
959 2716 1056 2769 tibi
1080 2725 1306 2783 serpens
1348 2716 1439 2771 ille
1469 2717 1721 2786 intelligi—
1823 2719 2054 2789 primum
2100 2729 2342 2784 repares.
2388 2715 2520 2770 Bibe
2567 2728 2761 2783 aquam
2811 2710 2880 2766 de
2911 2711 3016 2764 tuis
3060 2709 3204 2764 vasis
3230 2751 3244 2775 ,
3295 2709 3422 2763 bibe

89 2809 281 2867 bilis,
317 2806 362 2861 si
393 2814 448 2860 tu
479 2807 727 2860 moriaris
750 2815 994 2876 peccato,
1028 2818 1078 2860 et
1111 2807 1208 2861 tibi
1232 2817 1322 2862 tua
1357 2817 1576 2877 peccata
1607 2825 1720 2862 mo-

89 2902 355 2955 riantur.
379 2898 468 2954 Sic
497 2900 802 2953 conteritur
823 2899 942 2968 ejus
973 2911 1266 2963 venenum,
1299 2901 1343 2954 si
1375 2907 1430 2955 te
1460 2909 1548 2953 tua
1584 2900 1720 2954 facta

91 3003 488 3062 compungam
525 3009 538 3044 :
571 2993 649 3045 sic
677 3001 838 3046 omne
865 2992 1012 3045 virus
1044 2992 1162 3060 ejus
1191 2993 1462 3057 aboletur,
1497 2993 1540 3046 si
1565 2990 1724 3046 bouis

93 3085 385 3156 operibus
417 3096 598 3154 tegas,
641 3093 695 3139 et
727 3083 868 3139 lideli
895 3083 1242 3139 confessione
1261 3085 1429 3157 819
1456 3093 1723 3156 temperes

100 3178 334 3232 crimen
371 3176 688 3231 admissum.
735 3177 871 3231 Audi
918 3180 1369 3244 quemadmodum
1403 3179 1572 3233 virtus
1601 3177 1726 3233 dra-

1822 2825 2012 2883 aquam
2054 2811 2122 2866 de
2151 2811 2254 2864 tuis
2279 2808 2532 2881 ﬂetibus,
2576 2805 2637 2862 ut
2679 2805 2869 2861 dicas:
2917 2801 2984 2857 Et
3025 2812 3202 2876 potum
3251 2813 3422 2856 meum

1823 2907 1947 2974 ﬂetu
1975 2900 2318 2974 temperabant
2365 2899 2536 2973 (Psal.
2570 2909 2658 2965 Ci,
2708 2896 2820 2966 10).
2871 2894 3056 2950 Fletus
3081 2909 3214 2964 ergo
3255 2902 3381 2948 tuus
3405 2933 3423 2959 ,

1825 3007 1982 3068 potus
2003 3005 2088 3050 est
2113 3004 2263 3061 tuus;
2299 3001 2353 3046 et
2375 2989 2631 3062 lacrymas
2658 2999 2787 3054 tuae,
2815 2988 2972 3044 cibus
3001 2995 3085 3042 est
3107 2996 3252 3043 tuus.
3285 2985 3423 3040 Fue-

1825 3097 1945 3141 runt
1969 3130 1982 3150 ,
2011 3085 2218 3156 inquit,
2245 3083 2372 3137 mihi
2399 3084 2639 3154 lacrymtc
2663 3090 2789 3136 inea!
2808 3086 2966 3152 paites
2993 3078 3169 3151 (Psal.
3205 3085 3312 3143 ω,
3340 3076 3418 3147 4).

1828 3183 1882 3238 Si
1911 3181 2165 3252 lacrymm
2197 3191 2362 3248 panes
2384 3219 2398 3243 ,
2430 3175 2598 3230 babes
2639 3189 2705 3230 ex
2749 3181 2974 3243 peccato
3014 3172 3321 3241 iniquitatis
3347 3173 3426 3226 ci-

102 3272 282 3327 conis
313 3271 478 3340 ipsius
521 3276 856 3325 conteratur.
897 3271 1171 3338 Conterat,
1206 3271 1412 3342 inquit,
1447 3270 1592 3326 Deus
1623 3271 1723 3325 Sa-
1752 3270 1796 3333 C
1830 3277 1954 3328 bum
2003 3271 2414 3336 conversionis,
2467 3268 2759 3324 secundum
2811 3267 2942 3322 illud
2989 3265 3135 3337 quod
3188 3266 3323 3336 legis
3366 3265 3422 3320 in

107 3377 306 3419 ranam
353 3364 446 3417 sub
477 3364 688 3435 pedibus
730 3365 908 3419 vestris
938 3363 1117 3434 (Rom.
1153 3379 1272 3428 xvi,
1321 3365 1436 3436 20).
1487 3365 1726 3422 Contere

109 3461 306 3529 primo
336 3474 433 3513 cor
458 3470 634 3523 tuum,
665 3459 718 3513 in
749 3475 856 3528 quo
881 3471 998 3514 erat
1018 3459 1268 3515 draconis
1294 3461 1503 3527 cubile;
1534 3471 1590 3514 ut
1617 3477 1724 3516 non

112 3554 370 3608 inveniat
409 3553 496 3608 ubi
547 3555 718 3623 possit
747 3553 990 3608 habitare
1020 3572 1035 3610 :
1065 3567 1292 3611 contere
1319 3556 1576 3610 draconis
1608 3570 1726 3611 car-

116 3660 226 3700 nes
254 3662 268 3697 :
297 3660 492 3700 carnes
529 3646 648 3714 ejus
679 3655 896 3716 peccata
927 3658 1107 3701 nostra
1139 3658 1284 3702 sunt.
1322 3647 1448 3702 ideo
1477 3645 1571 3703 tibi
1595 3647 1726 3702 dicit

117 3740 275 3792 Deus
308 3755 322 3790 :
354 3737 650 3809 Epulantur
677 3740 729 3792 in
759 3755 814 3793 eo
837 3752 1008 3811 gentes
1039 3739 1181 3810 (Job.
1209 3757 1302 3806 XL,
1332 3740 1447 3812 25).
1493 3739 1558 3796 Et
1586 3740 1726 3795 infra

119 3833 207 3884 ait
240 3847 253 3882 :
289 3838 313 3866 ⁸
350 3829 633 3884 Prwcurrit
672 3833 800 3885 mari
830 3847 850 3885 :
879 3831 1069 3886 Carnes
1115 3844 1285 3886 autem
1341 3836 1572 3903 corporis
1615 3836 1729 3905 ejus

121 3931 250 3978 sunt
294 3923 612 3976 adharente's
639 3923 684 3976 ei
716 3922 873 3995 (Job.
911 3927 1028 3985 xu,
1063 3923 1130 3979 15
1161 3933 1208 3978 et
1235 3923 1356 3995 14).
1400 3923 1553 3980 Sicut
1581 3923 1726 3978 enim

128 4017 345 4081 sancti,
388 4031 587 4086 corpus
617 4023 673 4071 et
699 4019 942 4072 membra
982 4027 1107 4073 sunt
1150 4017 1388 4082 Christi;
1423 4018 1497 4073 ita
1541 4033 1730 4089 pecca-

128 4120 288 4164 tores
319 4111 407 4179 qui
433 4119 714 4180 peccatum
744 4125 850 4163 non
880 4110 1161 4174 deserunt,
1193 4110 1287 4164 sed
1312 4121 1533 4179 peccato
1555 4110 1729 4164 inhae-

133 4211 292 4269 rent,
323 4217 520 4272 corpus
559 4200 810 4256 draconis
863 4212 919 4257 et
967 4207 1207 4258 membra
1258 4214 1406 4260 sunt.
1459 4205 1587 4259 ideo
1628 4213 1730 4258 nos

129 4296 340 4351 Christi
389 4307 588 4365 corpus
632 4296 946 4366 epulamur;
989 4297 1068 4350 illi
1121 4304 1300 4351 autem
1348 4311 1549 4366 corpus
1592 4313 1728 4367 epu-

136 4394 320 4446 lantur
347 4390 602 4446 draconis
631 4407 644 4444 :
677 4406 776 4446 nos
803 4394 1086 4462 epulamur
1111 4435 1125 4456 ,
1157 4393 1248 4462 qui
1290 4393 1510 4447 Christo
1550 4393 1733 4447 adluc-

136 4500 262 4541 rere
287 4485 688 4550 contendimus,
729 4487 1109 4541 remissionem
1137 4487 1508 4557 quotidianam
1540 4495 1595 4542 et
1631 4502 1728 4543 ve-

139 4580 284 4634 niam
316 4588 694 4648 peccatorum;
750 4579 828 4632 illi
857 4587 1036 4635 autem
1080 4581 1170 4647 qui
1200 4581 1450 4649 peccatis
1487 4581 1730 4651 quotidie

1829 3367 2130 3436 Evangelia
2162 3382 2176 3419 τ
2206 3364 2465 3431 Quoniam
2495 3364 2580 3417 cui
2621 3363 2738 3434 plus
2765 3361 3068 3443 dimittitur,
3100 3362 3217 3432 plus
3256 3362 3428 3431 diligit

1831 3459 1984 3533 (Luc.
2020 3473 2128 3525 vn,
2156 3457 2275 3527 47).
2298 3456 2452 3513 Unde
2477 3471 2623 3525 saepe
2653 3455 2898 3510 videmus
2935 3455 3149 3525 aliquos
3174 3454 3266 3524 qui
3299 3462 3425 3509 sine

1829 3555 2165 3625 negligentes
2196 3552 2412 3607 fuerant
2452 3549 2778 3615 Christiani,
2807 3561 3031 3618 peccato
3058 3545 3245 3619 aliquo
3273 3563 3427 3604 com-

1829 3649 2016 3709 misso,
2052 3646 2171 3701 ﬁeri
2201 3644 2599 3714 diligentiores,
2625 3650 2680 3698 et
2709 3657 2774 3698 ex
2808 3643 2902 3696 illo
2931 3653 3028 3712 per
3052 3641 3426 3712 paenitentiam

1829 3742 2058 3798 evadere
2079 3741 2247 3812 820
2271 3739 2449 3794 solere
2492 3737 2781 3806 perfectos.
2817 3736 2969 3792 Sicut
3007 3737 3168 3805 igitur
3203 3749 3268 3791 ex
3300 3745 3426 3805 pec-

1830 3845 1951 3890 cato
1980 3834 2297 3899 conversio,
2352 3833 2427 3886 ita
2459 3831 2755 3886 remedium
2789 3831 2856 3884 de
2884 3843 3117 3885 veneno.
3146 3830 3283 3885 Audi
3327 3831 3431 3885 hoc

1832 3931 2132 3986 remedium
2161 3947 2174 3982 :
2199 3927 2383 3981 Justus
2408 3929 2460 3981 in
2494 3928 2749 3996 principio
2773 3926 3020 3981 sermonis
3060 3929 3330 3979 accusator
3357 3927 3431 3980 est

1831 4024 1910 4076 aui
1943 4020 2140 4091 (Prov.
2181 4035 2346 4086 xvm,
2379 4018 2493 4089 Π).
2531 4019 2810 4074 Venenum
2834 4061 2848 4082 ,
2882 4026 3165 4086 peccatum
3199 4022 3312 4082 est;
3344 4025 3431 4073 re—

1833 4117 2094 4181 medium,
2124 4117 2397 4171 accusatio
2418 4119 2498 4168 sui
2532 4114 2777 4168 criminis
2807 4129 2820 4166 :
2849 4120 3138 4177 venenum,
3171 4113 3430 4180 iniquitas

1833 4221 1950 4277 est;
1977 4209 2268 4276 confessio,
2294 4206 2594 4262 remedium
2627 4207 3012 4276 prolapsionis.
3049 4205 3118 4260 Et
3148 4207 3279 4277 ideq
3303 4211 3430 4262 vere

1834 4265 2133 4360 remedium
2165 4301 2233 4358 de
2257 4265 2475 4356 veneno
2502 4305 2585 4355 est
2605 4265 2698 4367 ,'si
2748 4265 2899 4355 dicas
2931 4265 3388 4371 iniquitates‘uas'
3415 4341 3430 4365 ,

1835 4405 1894 4451 ut
1921 4395 2255 4465 jttstiiicerls.

1913 4489 1999 4547 12.
2041 4489 2146 4546 Sed
2170 4489 2278 4558 jam
2310 4486 2576 4559 psalmmn
2607 4486 2942 4552 adoriamur,
2973 4495 3033 4543 ut
3058 4488 3178 4559 ipse
3205 4503 3305 4544 nos
3335 4488 3433 4543 dos

1835 4595 1956 4642 cent
1991 4581 2443 4655 quemadmodum
2501 4583 2706 4654 agenda
2751 4583 3069 4654 paenitentia
3114 4585 3200 4640 sit.
3246 4581 3436 4655 Itaque

139 4677 359 4742 peccata
379 4679 729 4737 connectunt,
759 4673 1224 4728 centinuationem
1248 4671 1575 4744 ﬂagitiorum
1601 4691 1734 4745 epu-
1760 4667 1813 4730 D
1837 4681 1916 4737 sic
1945 4679 2131 4750 incipit
2161 4698 2173 4732 :

143 4767 318 4819 lantur
340 4770 396 4817 et
424 4755 732 4819 criminum.

218 4857 300 4912 l0.
340 4855 575 4911 Contere
623 4857 786 4926 igitur
818 4857 912 4911 has
943 4872 1159 4924 carnes,
1193 4869 1246 4912 et
1282 4877 1445 4929 super
1471 4876 1565 4915 eas
1603 4877 1734 4916 con-

152 4953 416 5005 tritionem
470 4951 544 5003 tui
591 4948 774 5004 cordis
836 4965 1062 5020 asperge
1090 4966 1102 5002 ε
1133 4950 1330 5005 deinde
1376 4953 1527 5006 mitte
1573 4968 1737 5023 super

151 5045 325 5098 omnia
345 5057 412 5099 ea
439 5043 694 5099 Jordanis
731 5057 946 5114 aquam.
971 5043 1225 5098 Jordanis
1261 5045 1403 5099 enim
1447 5045 1739 5102 descensio

153 5147 205 5192 et
247 5138 490 5192 ascensio
555 5146 668 5200 est.
723 5138 983 5207 quoniam
1022 5137 1112 5206 qui
1163 5139 1214 5190 in
1268 5137 1470 5192 fontem
1522 5151 1735 5195 sacrum

157 5231 521 5294 descenderit,
575 5238 629 5284 et
677 5230 986 5298 adscendit;
1019 5239 1078 5285 ut
1121 5245 1240 5300 qum
1285 5231 1564 5298 superiora
1613 5243 1740 5288 sunt

159 5335 372 5397 quierat.
432 5325 720 5380 Descendit
769 5326 918 5379 enim
973 5328 1024 5378 in
1075 5332 1300 5378 mortem
1351 5321 1595 5391 Christi,
1645 5324 1740 5395 qui

165 5421 453 5489 baptizatur
500 5417 552 5470 in
593 5416 844 5479 Christo,
901 5426 954 5471 et
1006 5417 1060 5470 in
1114 5417 1569 5473 resurrectionem
1621 5420 1739 5489 ejus

164 5510 412 5567 ascendit.
467 5509 525 5563 Si
579 5518 756 5562 autem
808 5509 918 5574 jam
974 5509 1273 5577 baptizatus
1316 5511 1543 5576 errasti,
1588 5512 1741 5566 mitte

169 5619 347 5678 aquam
376 5601 758 5674 lacrymarum,
788 5619 892 5657 non
924 5601 1271 5668 mendacem,
1306 5606 1402 5659 sed
1434 5619 1652 5669 veram;
1685 5611 1742 5658 ut

170 5702 228 5757 de
255 5697 515 5770 profundo
540 5699 744 5753 clames
789 5699 854 5752 ad
907 5697 1194 5753 Dominum
1247 5700 1412 5755 Deum
1468 5710 1612 5753 tuum
1643 5741 1656 5764 ,
1690 5710 1744 5754 et

238 5827 260 5853 α
297 5816 386 5868 Sic
416 5827 608 5868 omnes
638 5823 767 5867 mss.
791 5821 853 5867 ac
876 5819 984 5866 vet.
1011 5811 1142 5864 edit.
1171 5811 1326 5867 Rom.
1352 5825 1500 5875 vero,
1526 5827 1750 5881 prwcur—

177 5890 319 5947 run-it
378 5902 511 5942 mors
551 5886 617 5944 ei.
660 5885 919 5941 Nimirum
947 5900 1008 5938 ex
1044 5882 1206 5951 LXX,
1238 5884 1379 5960 apud
1409 5883 1552 5958 quod
1599 5884 1750 5953 legas

2420 4815 2840 4872 ENABRATIO.

1910 4953 1999 5008 1³5.
2036 4949 2216 5022 (Vers.
2240 4951 2319 5020 Ξ.)
2353 4948 2592 5017 Domine,
2623 4967 2687 5004 ne
2711 4951 2764 5004 in
2791 4951 2871 5004 ira
2892 4959 2978 5004 tua
2999 4963 3190 5022 arguas
3210 4965 3328 5018 me;
3357 4963 3437 5008 ne-

1839 5061 1935 5118 que
1955 5047 2008 5098 in
2033 5049 2208 5116 furore
2233 5045 2599 5122 tuo,corripias
2625 5059 2723 5097 me.
2753 5043 2856 5110 Qui
2891 5043 3265 5112 paenitentiam
3297 5047 3432 5114 agit,

1844 5147 2060 5209 paratus
2109 5151 2231 5191 esse
2275 5136 2438 5192 debet
2485 5137 2550 5192 ad
2582 5135 2875 5205 opprobria
2923 5133 3243 5204 perferenda
3292 5137 3437 5208 injua»

1846 5233 2064 5300 riasque
2089 5229 2441 5294 subeundas;
2477 5243 2575 5282 nec
2616 5228 2982 5294 commoveri,
3013 5226 3060 5280 si
3087 5229 3208 5297 quis
3235 5231 3283 5283 ei
3314 5234 3440 5300 pec-

1847 5324 1950 5379 cati
1975 5323 2056 5377 sui
2086 5323 2293 5377 crimen
2340 5321 2578 5390 objiciat.
2608 5316 2741 5371 Cum
2773 5318 2918 5372 enim
2947 5319 3063 5388 ipse
3089 5329 3350 5375 accusare
3378 5333 3444 5376 se

1847 5419 2076 5484 debeat,
2127 5415 2582 5488 quemadmodum
2611 5412 2776 5466 alium
2812 5427 2919 5467 non
2949 5413 3182 5466 sustinet
3210 5419 3442 5482 tiu-gnem

1848 5514 1999 5569 tem?
2037 5511 2192 5581 Quod
2243 5513 2286 5565 si
2336 5511 2403 5564 ab
2442 5507 2663 5563 homine
2707 5507 2858 5577 argui
2884 5505 3074 5561 timere
3104 5521 3211 5560 non
3239 5506 3440 5576 debet,

1848 5613 2052 5678 quanto
2083 5603 2251 5673 magis
2269 5615 2295 5653 a
2325 5600 2557 5654 Domino
2580 5599 2691 5654 Deo
2718 5607 2835 5663 suo,
2869 5599 2956 5652 cui
2982 5611 3175 5651 omnes
3197 5597 3360 5654 etiam
3387 5602 3440 5657 in

1850 5701 1915 5756 iis
1935 5717 2057 5770 qua:
2087 5707 2211 5754 sunt
2231 5695 2466 5761 occulta,
2496 5707 2813 5765 peccamus;
2836 5706 2957 5746 cmn
2986 5691 3287 5762 praesertim
3310 5708 3443 5750 con-

1856 5813 2141 5888 ἕμπροσθὲν
2168 5810 2325 5866 αὐτοῦ
2353 5809 2538 5884 τρέχσι
2559 5795 2807 5868 durabilem,
2833 5808 2959 5868 aut,
2988 5807 3044 5854 ut
3074 5797 3288 5872 Aquila,
3315 5799 3445 5860 ἔπλευ

1855 5907 1964 5956 μια.
