4048 6388
535 272 674 330 1015

1863 277 2115 336 SANCTI
2149 279 2478 338 AMBROSII

3695 283 3856 341 1οη

527 387 808 446 demnatio
836 392 1188 460 prementium
1209 431 1224 458 ,
1255 391 1530 449 absolutio
1572 392 1874 450 futurorum
1898 393 1990 449 sit.
2022 391 2129 464 Qui
2154 397 2212 461 Α
2233 413 2340 469 que
2360 440 2375 464 ,
2405 399 2496 470 qui
2527 400 2702 457 nescit
2731 414 2956 469 errare;
2994 416 3102 458 nou
3137 402 3428 459 miseretur
3447 443 3464 470 ,
3497 402 3591 474 qui
3634 403 3860 460 erroris

529 494 713 538 autem
749 497 852 538 non
883 484 1320 540 condemnantur
1341 485 1394 540 in
1421 485 1642 552 sarculo,
1669 501 1794 540 cum
1820 485 2131 542 hominibus

531 593 642 633 non
669 579 1103 650 flagellabuntur.
1132 580 1225 636 Va:
1255 580 1389 636 milii
1414 581 1426 634 ε
1461 579 1502 635 si
1528 580 1598 636 de
1624 596 1712 636 me
1742 581 1956 636 dicatur
1989 599 2002 636 :
2037 582 2133 635 Ita-

527 679 611 731 bet
650 675 933 730 mercedem
956 693 1103 731 suam
1134 676 1350 748 (Matth.
1380 693 1464 742 γι,
1497 676 1578 746 2).
1612 676 1668 731 Si
1700 676 1900 731 bonum
1928 678 2128 732 factum

531 770 636 823 bac
664 768 1061 824 condemnatur
1108 771 1414 836 sententia,
1447 777 1650 840 quanto
1699 770 1874 840 magis
1921 769 2129 826 crimen

526 864 816 934 gravatur?
863 862 996 918 Nam
1047 863 1095 918 si
1140 862 1510 918 misericordia
1567 863 1714 918 facili
1766 861 1967 933 jactata
2013 878 2130 918 ser-

531 973 713 1025 mone,
746 957 924 1013 fructu
952 958 1232 1013 fraudatur
1256 966 1482 1022 interno,
1511 966 1715 1028 quanto
1740 959 1910 1029 magis
1929 957 2128 1028 iniqui-

525 1054 653 1107 tatis
682 1067 840 1122 pmna
869 1052 1054 1108 acerbi
1084 1051 1289 1106 fenoris
1315 1052 1631 1108 accessione
1675 1050 1954 1105 dillertur?
1988 1051 2128 1121 Ergo

526 1147 616 1215 qui
661 1146 1037 1216 pasnitentiam
1067 1145 1212 1214 agit,
1246 1144 1443 1200 oli'erre
1474 1161 1532 1198 se
1562 1144 1727 1199 debet
1753 1144 1818 1198 ad
1869 1158 2124 1212 poenam;

527 1250 588 1295 ut
619 1239 708 1296 hic
738 1242 994 1311 puniatur
1016 1255 1043 1292 a
1071 1239 1319 1306 Domino,
1347 1247 1496 1294 llnon
1530 1238 1597 1293 ad
1629 1237 1891 1309 supplicia
1923 1248 2126 1294 mterna

523 1343 813 1390 servetur:
842 1349 942 1390 nec
983 1343 1273 1402 expectare
1316 1342 1558 1402 tempus,
1591 1332 1688 1388 sed
1718 1347 2005 1388 occurrere
2041 1332 2126 1388 di-

525 1427 666 1481 vinae
693 1425 1076 1497 indignationi.

598 1521 684 1575 14.
729 1519 864 1576 Vide
923 1518 1064 1575 facta
1113 1519 1282 1574 David
1337 1518 1456 1589 ejns
1505 1517 1757 1586 precibus
1806 1517 2122 1574 convenire.

525 1615 835 1673 Oﬂ‘enderat
865 1615 1191 1676 Dominum;
1221 1614 1344 1684 quia
1385 1613 1664 1668 numerari
1686 1613 1926 1685 jusscrat
1956 1628 2128 1684 popu-

522 1710 654 1764 lum.
687 1707 1048 1764 Confessione
1085 1707 1350 1778 prawenit
1397 1707 1490 1762 Dei
1543 1707 1791 1761 nuntium
1817 1747 1831 1772 ,
1865 1720 2123 1777 peccasse

2236 504 2321 550 est
2348 496 2641 568 particeps.

2308 588 2395 645 l5.
2437 589 2548 646 Nec
2575 590 2766 648 fefellit
2809 603 3053 649 sanctum
3100 593 3266 648 David
3309 593 3446 650 fides
3493 608 3622 662 sua,
3655 593 3760 650 sed
3799 594 3858 651 in

2233 683 2350 753 ipsa
2381 700 2598 755 quoque
2637 684 2939 742 offensione
2977 688 3203 758 gratiam
3235 687 3432 744 divinae
3466 689 3862 746 miserationis

2233 779 2484 834 emeruit.
2520 778 2654 834 Nam
2683 780 2777 851 qui
2813 792 3167 852 proposuerat
3198 789 3429 838 mortem
3461 782 3652 838 triduo
3683 799 3864 840 exer-

2232 886 2357 928 cere
2405 872 2459 926 in
2514 883 2692 938 terra,
2752 890 2820 930 ne
2871 891 3032 931 unum
3079 876 3295 946 quidem
3343 876 3486 932 diem
3529 893 3742 950 passus
3773 891 3870 936 est

2235 968 2544 1037 praeterire;
2573 969 2667 1024 sed
2691 969 2758 1024 ad
2788 969 2974 1026 horam
3002 971 3206 1041 prandii
3239 971 3469 1029 libenter
3494 973 3764 1042 indulsit,
3799 986 3864 1032 et

2232 1059 2318 1132 (ut
2345 1061 2515 1118 verbo
2541 1063 2833 1133 Scriptura:
2879 1063 3021 1136 utar)
3061 1065 3238 1120 habuit
3283 1068 3643 1139 paenitentiam
3691 1087 3868 1138 super

2231 1153 2480 1208 malitiam
2502 1154 2570 1226 (ιι
2598 1155 2726 1228 Reg.
2757 1172 2904 1224 xxxv,
2947 1156 3058 1229 16).
3095 1158 3230 1216 Vide
3259 1160 3532 1230 quomodo
3562 1170 3621 1218 te
3649 1162 3867 1234 Scrip-

2231 1255 2350 1300 tura
2380 1245 2644 1313 hortatur,
2677 1257 2737 1304 ut
2761 1257 2816 1303 et
2844 1259 2898 1304 tu
2926 1250 3300 1320 pmnitentiam
3329 1268 3436 1308 non
3456 1252 3728 1324 refugias,
3753 1256 3866 1312 sed

2228 1339 2474 1409 sequaris
2506 1339 2696 1409 Deum,
2727 1358 2887 1412 quem
2913 1345 3065 1414 sequi
3095 1345 3286 1401 debes.
3309 1345 3456 1404 Bene
3481 1346 3728 1414 addidit,
3756 1367 3862 1405 su-

2231 1447 2323 1500 per
2343 1431 2631 1498 malitiam;
2656 1435 2783 1505 quia
2806 1435 3020 1491 videtur
3047 1437 3224 1493 omnis
3254 1437 3393 1494 dura
3416 1453 3541 1495 esse
3569 1440 3860 1498 vindicta.

2229 1522 2573 1581 ldeo'etdies
2598 1525 2816 1595 judicii,
2845 1527 2965 1585 dies
2998 1528 3195 1585 dicitur
3219 1530 3383 1597 mala,
3413 1531 3482 1588 de
3507 1547 3616 1604 qua
3649 1533 3861 1590 beatus

2228 1627 2312 1672 est
2335 1619 2425 1688 qui
2455 1635 2554 1690 per
2582 1621 2744 1676 Deum
2781 1620 3083 1690 liberatur;
3113 1633 3172 1678 ut
3200 1625 3464 1694 scriptum
3493 1635 3584 1682 est
3613 1645 3628 1681 :
3661 1625 3740 1681 In
3771 1630 3862 1684 die

2230 1711 2368 1766 mala
2390 1710 2618 1766 liberabit
2643 1729 2760 1768 eum
2777 1711 3033 1768 Dominus
3057 1715 3226 1786 (Psal.
3257 1733 3346 1782 xc,
3368 1717 3448 1789 2).
3475 1718 3545 1774 Et
3563 1718 3733 1786 dixit,
3769 1721 3858 1775 in-

523 1819 584 1858 se
611 1803 788 1868 valde,
822 1811 878 1857 et
907 1802 1066 1856 nimis
1094 1801 1258 1856 stulte
1278 1800 1478 1855 fecisse
1502 1814 1979 1856 commemorans:
2015 1816 2122 1855 non
2153 1803 2202 1864 B
2229 1805 2367 1874 quit,
2410 1805 2603 1874 angelo
2650 1805 2912 1862 Dominus
2961 1818 3018 1863 ut
3069 1809 3142 1864 ibi
3184 1821 3448 1878 parceret.
3487 1811 3624 1867 Vide
3655 1824 3848 1870 autern

521 1898 677 1968 quasi
705 1897 1023 1952 admoneret
1052 1897 1282 1951 oblitum
1311 1937 1326 1964 ,
1359 1896 1455 1952 sed
1479 1897 1634 1966 quasi
1665 1905 1879 1966 urgeret
1906 1911 2122 1952 moran—

521 2002 666 2057 tem;
727 2008 796 2046 ne
843 1991 1049 2046 diutius
1104 1991 1526 2044 commotionem
1582 1988 1824 2045 differret
1875 1988 2120 2045 offensae.

519 2084 776 2152 Peccavi,
826 2084 1042 2154 inquit,
1092 2084 1276 2149 ualde,
1327 2083 1572 2153 quoniam
1620 2084 1830 2137 uerbum
1878 2082 1977 2136 hoc
2021 2085 2122 2152 feci

519 2177 538 2247 (
555 2178 572 2231 l
605 2176 732 2232 Par.
766 2194 856 2232 xxI
877 2220 893 2245 ,
923 2177 1012 2248 8);
1042 2187 1098 2232 et
1127 2193 1302 2244 nunc,
1337 2176 1565 2231 Domine
1585 2217 1602 2242 ,
1626 2175 1750 2231 dele
1771 2175 2118 2246 iniquitatem

516 2271 661 2325 servi
708 2271 803 2325 tui.
854 2270 1140 2337 Quomodo
1182 2279 1366 2325 autem
1393 2269 1681 2324 deleantur
1709 2277 1961 2339 peccata,
1993 2268 2119 2324 audi

515 2365 788 2420 dicentem
816 2383 828 2418 :
857 2365 1098 2420 Solutum
1123 2374 1200 2421 est
1225 2377 1493 2434 peccatum
1515 2366 1670 2436 ejus;
1693 2365 1817 2434 quia
1841 2367 2033 2434 recepit
2055 2367 2119 2421 de

514 2460 910 2514 manuDomini
937 2460 1172 2527 duplicia
1195 2468 1402 2526 peccata
1433 2475 1527 2513 sua
1556 2458 1729 2528 (Esai.
1762 2475 1854 2520 ιι..
1887 2460 1967 2527 2).
1997 2459 2116 2516 Non

514 2567 645 2622 ergo
671 2553 888 2621 penitus
909 2553 1009 2606 sibi
1040 2562 1325 2622 peccatum
1351 2551 1555 2606 remitti
1588 2552 1856 2622 postulat;
1889 2553 1985 2608 sed
2009 2569 2118 2608 ωο-

513 2646 701 2700 derata
732 2645 1008 2700 solutione
1033 2645 1242 2710 deleri;
1277 2643 1384 2700 boc
1410 2655 1528 2712 est,
1557 2654 1614 2699 ut
1642 2647 1694 2701 in
1725 2646 1967 2702 futurum
1995 2648 2116 2718 ejus

514 2741 781 2796 memoria
809 2738 1078 2794 deleatur.
1105 2737 1346 2810 Denique
1371 2740 1524 2806 quasi
1552 2738 1952 2808 interpellantis
1983 2754 2116 2795 voce

513 2841 816 2887 conventus
851 2831 1145 2896 Dominus,
1187 2845 1253 2885 ne
1284 2829 1519 2885 vindicta
1547 2831 1827 2886 commissi
1874 2831 2116 2900 protela-

513 2937 670 2983 retur
689 2926 919 2992 erroris,
945 2923 1093 2980 misit
1120 2924 1188 2979 ad
1223 2939 1350 2980 eum
1373 2923 1400 2962 δ
1420 2923 1632 2979 Natban
1667 2924 1986 2994 prophetam
2012 2942 2027 2991 ;
2061 2934 2116 2980 et

511 3019 605 3075 ille
627 3019 778 3074 venit
803 3018 871 3074 ad
895 3033 1103 3088 regem,
1133 3027 1190 3072 et
1215 3017 1353 3073 dixit
1371 3018 1419 3073 ei
1441 3035 1455 3070 :
1474 3017 1612 3082 Quid
1633 3017 1749 3087 ﬁeri
1771 3017 1916 3078 velis.
1941 3018 2070 3089 elige
2094 3035 2114 3072 :

511 3112 789 3166 triennium
835 3119 1024 3181 famem
1068 3126 1225 3180 super
1267 3119 1457 3163 terram
1485 3125 1504 3163 :
1528 3119 1618 3164 aut
1659 3108 1824 3164 tribus
1851 3111 2111 3166 mensibus

2223 1897 2345 1967 quia
2375 1897 2592 1967 quando
2621 1899 2734 1953 vult
2767 1899 3027 1955 Dominus
3056 1902 3357 1973 ignoscere,
3401 1904 3496 1960 dat
3520 1907 3756 1976 gratiam
3781 1919 3842 1965 et

2223 1991 2472 2046 fiduciam
2500 1991 2850 2061 deprecandi.
2885 1995 2950 2049 Et
2975 1994 3111 2051 vidit
3141 1997 3308 2052 David
3349 1997 3645 2056 ferientem
3671 2017 3838 2074 ange-

2223 2082 2365 2148 lum,
2394 2092 2447 2140 et
2469 2085 2643 2140 dixit:
2677 2084 2814 2140 Ecce
2838 2103 2934 2160 ego
2961 2105 3108 2154 sum;
3138 2106 3229 2162 ego
3257 2093 3485 2162 peccaui,
3535 2104 3588 2146 et
3627 2111 3723 2166 ego
3761 2115 3848 2167 pa-

2221 2187 2328 2230 stor
2354 2177 2492 2232 male
2509 2178 2630 2249 feci,
2663 2189 2712 2233 et
2735 2180 2822 2235 isti
2841 2181 2895 2235 in
2923 2182 3019 2236 hoc
3062 2199 3213 2254 grege
3241 2185 3365 2256 quid
3401 2187 3684 2257 fecerunt?
3716 2186 3848 2244 Fiet

2220 2285 2402 2325 manus
2421 2282 2511 2324 tua
2536 2272 2593 2325 in
2619 2289 2698 2326 me
2715 2275 2840 2328 etin
2867 2274 3074 2330 domum
3113 2277 3275 2346 patris
3317 2279 3416 2332 mei
3437 2278 3483 2349 (Ι
3525 2277 3666 2335 Par.
3707 2298 3836 2349 xxt,

2221 2363 2335 2436 17).
2381 2364 2439 2421 Si
2484 2366 2839 2422 mandaverat
2887 2368 3145 2425 Dominus
3193 2371 3388 2440 angelo
3436 2381 3496 2426 ut
3542 2384 3836 2443 parceret,

2219 2457 2493 2528 quomodo
2522 2459 2747 2514 feriebat
2769 2459 2948 2517 adhuc
2975 2461 3237 2532 angelus;
3271 2463 3378 2519 nisi
3409 2465 3536 2534 quia
3571 2466 3838 2524 Dominus

2219 2551 2324 2605 etsi
2354 2550 2468 2606 vult
2494 2551 2794 2621 ignoscere,
2831 2555 2945 2608 vult
2970 2556 3168 2625 rogari,
3199 2567 3220 2593 ο
3245 2566 3299 2610 et
3332 2565 3393 2610 ut
3416 2568 3672 2628 rogetur,
3707 2576 3827 2632 ope-

2219 2645 2412 2698 ratur?
2454 2645 2563 2700 Nec
2592 2645 2817 2702 vidisset
2859 2645 3023 2700 homo
3061 2647 3312 2718 angelum
3345 2648 3684 2716 ferientem,
3737 2655 3828 2708 nisi

2219 2733 2483 2790 Dominus
2522 2738 2641 2807 ejus
2683 2737 2854 2794 oculis
2901 2739 3153 2808 angelum
3193 2739 3515 2797 revelasset.
3569 2743 3742 2801 Unde
3785 2756 3832 2800 et

2217 2825 2450 2883 Elisteus
2469 2828 2601 2884 dicit
2633 2847 2645 2882 :
2687 2829 2929 2894 Domine,
2961 2833 3106 2900 aperi
3149 2849 3284 2888 nunc
3314 2835 3495 2889 oculos
3528 2840 3691 2906 pueri
3739 2840 3830 2893 lut-

2207 2923 2333 2994 jus,
2357 2931 2413 2975 ut
2439 2923 2630 2977 videat.
2657 2921 2724 2976 Et
2756 2924 2924 2995 aperti
2965 2934 3084 2979 sunt
3115 2926 3253 2980 oculi
3292 2929 3441 2998 pueri
3473 2931 3618 2998 ejus,
3645 2941 3697 2984 et
3711 2933 3832 2986 uidit

2217 3023 2439 3070 montem
2458 3017 2600 3083 equis
2622 3017 2874 3087 repletum
2897 3027 2945 3071 et
2985 3019 3219 3074 curribus
3258 3019 3313 3074 in
3344 3021 3571 3076 circuitu
3601 3026 3828 3093 prophe-

2216 3117 2282 3164 ta:
2303 3107 2394 3177 (lV
2427 3107 2554 3179 Reg.
2587 3124 2639 3163 vr
2662 3150 2676 3174 ,
2709 3111 2822 3179 l7).
2856 3109 2966 3166 Nec
2991 3120 3044 3166 te
3065 3121 3278 3166 moveat
3305 3114 3449 3184 quod
3481 3128 3722 3184 persona
3751 3119 3826 3172 vi-

512 3209 689 3277 fugere
724 3217 772 3261 te
806 3223 838 3260 a
868 3206 1003 3279 facie
1043 3206 1371 3258 inimicorum
1402 3213 1607 3258 tuorum
1627 3247 1642 3270 ,
1691 3214 1738 3257 et
1765 3203 1887 3258 illos
1935 3220 2107 3274 perse-
2135 3195 2182 3259 C
2215 3200 2321 3257 lior
2339 3201 2565 3268 servuli,
2595 3217 2752 3272 quam
2781 3205 3064 3274 propheta:
3094 3204 3180 3259 vel
3213 3205 3392 3274 regis;
3420 3207 3554 3277 quia
3581 3208 3746 3264 vilior
3768 3222 3824 3265 et

509 3313 715 3371 quentes
755 3316 773 3354 :
816 3310 905 3354 aut
937 3299 1110 3354 triduo
1157 3299 1272 3368 fieri
1302 3307 1518 3352 mortem
1563 3299 1617 3352 in
1661 3306 1820 3354 terra.
1869 3297 1937 3352 Et
1977 3316 2113 3353 nunc

510 3395 658 3462 scito,
682 3404 729 3448 et
750 3393 866 3448 uide
890 3392 1014 3464 quid
1041 3389 1380 3464 respondeam
1406 3391 1486 3446 illi
1514 3393 1603 3461 qui
1631 3393 1767 3447 misit
1788 3407 1868 3446 me
1891 3391 1946 3463 (1
1977 3390 2106 3446 Par.

511 3503 636 3554 xxi,
668 3487 730 3541 11
769 3497 814 3540 et
846 3487 960 3557 12).
993 3484 1129 3539 Vide
1173 3485 1460 3540 docentem
1502 3486 1670 3541 Deum
1717 3501 1821 3556 qua
1862 3486 2112 3542 modera-

511 3581 660 3635 tione
681 3579 800 3649 ejus
829 3579 1128 3648 indignatio
1159 3579 1415 3643 leniatur,
1439 3580 1485 3634 si
1512 3594 1618 3634 non
1643 3579 1858 3650 penitus
1883 3580 2110 3636 verbera

509 3688 858 3738 recusemus;
907 3674 1003 3729 sed
1049 3674 1366 3744 qualitatem
1412 3674 1663 3739 levandi,
1712 3691 1816 3730 non
1867 3675 2107 3731 evitandi

507 3767 759 3838 supplicii
805 3767 1164 3836 postulamus.
1194 3765 1321 3820 Tria
1361 3767 1688 3844 prOposuit,
1725 3778 1782 3820 ut
1809 3767 1953 3837 quod
1985 3783 2107 3822 mo-

508 3862 750 3919 deratius
776 3869 1011 3931 putaret,
1035 3859 1284 3929 eligeret.
1310 3859 1441 3914 Vide
1463 3861 1626 3914 etiam
1653 3861 2106 3930 quemadmodum

509 3955 579 4011 ad
609 3955 984 4025 paenitentiam
1018 3962 1304 4024 provocat;
1333 3960 1390 4007 ut
1411 3967 1511 4008 nos
1529 3951 1817 4008 offeramus
1844 3939 2056 4023 injuria:
2089 3973 2103 4008 :
2144 3942 2150 3952 ’

509 4049 708 4120 eligere
738 4062 952 4119 poenam
983 4045 1271 4112 mandans,
1303 4054 1362 4100 ut
1391 4046 1442 4100 in
1477 4046 1591 4116 ipsa
1623 4060 1779 4116 poena
1818 4048 2107 4104 elec1ionis

507 4141 752 4213 qumdam
779 4139 1136 4211 praerogativa
1161 4148 1435 4206 servetur,
1451 4140 1614 4212 821
1633 4148 1689 4195 et
1712 4155 1808 4196 reo
1832 4156 1932 4196 suo
1953 4141 2108 4196 blatt-

507 4235 690 4290 diatur
721 4235 821 4300 hoc
847 4235 1036 4290 verbo.
1091 4233 1156 4287 Et
1191 4232 1330 4288 dixit
1376 4234 1544 4289 David
1589 4233 1658 4289 ad
1698 4233 1912 4288 Natltan
1947 4252 1959 4286 ε
1991 4234 2104 4288 An-

506 4330 695 4400 gustia:
718 4329 842 4381 mihi
866 4339 985 4382 sunt
1022 4329 1077 4381 in
1123 4327 1204 4380 his
1233 4326 1396 4381 tribus
1425 4345 1444 4382 :
1468 4328 1558 4383 sed
1604 4329 1769 4399 magis
1799 4328 2028 4381 incidam
2048 4328 2106 4380 in

507 4437 694 4476 manus
719 4421 955 4486 Domini,
983 4420 1229 4487 quoniam
1249 4436 1437 4492 magna
1457 4430 1532 4476 est
1554 4418 1912 4476 misericordia
1938 4420 2103 4486 illius,

502 4530 658 4586 quam
685 4514 740 4569 in
772 4513 1038 4568 hominum
1067 4530 1250 4570 manus
1278 4514 1333 4586 (l
1365 4513 1499 4569 Par.
1530 4529 1654 4581 xxt,
1689 4513 1803 4584 15).
1832 4512 2103 4584 Numquid

2216 3309 2478 3364 equorum
2507 3304 2562 3351 et
2591 3309 2849 3351 curruum
2878 3296 3124 3367 species,
3154 3313 3318 3370 quam
3364 3301 3629 3356 sanctitas
3656 3317 3820 3373 ange-

2215 3386 2414 3442 lorum.

2287 3481 2377 3536 16.
2419 3481 2487 3536 Et
2511 3480 2744 3538 fortasse
2781 3483 3062 3554 aliquibus
3090 3483 3457 3555 perfunctorie
3509 3486 3797 3556 legentibus

2214 3572 2408 3630 durum
2440 3574 2686 3631 videatur
2727 3578 2869 3647 quod
2901 3577 3066 3633 David
3095 3577 3186 3634 ille
3213 3577 3437 3634 humilis
3463 3579 3612 3634 corde
3635 3589 3806 3650 atque

2213 3675 2550 3734 mansuetus,
2602 3668 2693 3738 qui
2737 3670 2992 3739 parcebat
3044 3669 3301 3738 inimicis,
3357 3682 3588 3728 mortem
3633 3673 3815 3745 magis

2213 3761 2396 3831 populi
2425 3761 2619 3832 elegit,
2649 3778 2810 3832 quam
2842 3777 2995 3818 suam
3049 3762 3250 3835 fugam,
3277 3773 3371 3818 aut
3411 3765 3614 3822 famem
3653 3783 3816 3838 super

2212 3864 2433 3910 terram.
2462 3853 2680 3912 Famem
2705 3857 2885 3927 populi
2910 3857 3136 3924 vitavit;
3167 3859 3290 3928 quia
3318 3860 3535 3930 gravior
3564 3872 3744 3919 morte
3765 3871 3820 3918 et

2209 3951 2463 4006 omnibus
2505 3951 2790 4022 suppliciis
2840 3950 3092 4018 habetur,
3144 3967 3304 4021 quam
3349 3953 3608 4022 sequitur
3652 3957 3809 4012 etiam

2211 4047 2540 4118 pestilentia,
2563 4063 2685 4118 quae
2713 4047 2909 4103 caelum
2934 4049 3286 4113 contaminat,
3313 4059 3547 4105 mortem
3573 4063 3798 4108 acervat.

2210 4141 2373 4220 Suam
2404 4144 2580 4211 fugam
2616 4155 2721 4196 non
2768 4141 3034 4211 poposcit,
3071 4152 3291 4212 propter
3321 4143 3495 4210 illud;
3539 4146 3675 4214 quia
3703 4161 3808 4218 pro-

2209 4217 2519 4306 pli'etampro‘
2561 4234 2762 4304 populo
2808 4233 3092 4304 deprecari
3143 4243 3373 4304 poterat,
3423 4235 3570 4293 sicut
3619 4217 3814 4295 factum

2207 4340 2289 4386 est
2324 4348 2336 4382 :
2367 4329 2598 4400 populus
2638 4344 2735 4400 pro
2763 4329 3024 4398 propheta
3073 4328 3406 4385 intervenire
3433 4345 3544 4386 non
3576 4343 3812 4403 poterat.

2209 4423 2480 4493 Scriptum
2528 4431 2615 4478 est
2659 4422 2803 4478 enim
2834 4438 2848 4477 :
2885 4421 2943 4478 Si
2979 4421 3212 4492 populus
3239 4425 3526 4490 erraverit,
3555 4427 3814 4482 sacerdos

2207 4516 2385 4571 orabit
2411 4531 2508 4586 pro
2529 4531 2594 4570 eo
2613 4531 2629 4582 ;
2657 4516 2702 4570 si
2727 4515 2986 4572 sacerdos
3011 4516 3298 4579 erraverit.
3334 4517 3456 4587 quis
3477 4521 3694 4591 rogabit
3715 4536 3815 4592 pro

505 4607 699 4663 donari
733 4606 836 4662 sibi
869 4621 1083 4677 poenam
1128 4611 1374 4678 poposcit
1412 4607 1656 4662 erroris?
1685 4605 1840 4675 Quod
1869 4607 1915 4660 si
1942 4605 2103 4661 fecis—
2128 4591 2183 4654 D
2207 4607 2313 4663 eo?
2342 4608 2409 4662 Et
2436 4615 2615 4662 tamen
2647 4607 2739 4663 ubi
2770 4606 2904 4662 vidit
2927 4608 3102 4664 occidi
3131 4608 3422 4679 populum,
3471 4611 3588 4681 ipse
3632 4627 3692 4668 se
3715 4591 3814 4670 an-

505 4712 622 4766 set,
656 4700 1007 4770 impudentiae
1047 4711 1358 4767 notaretur,
1390 4699 1483 4770 qui
1519 4698 1878 4754 moderationi
1904 4698 2101 4754 divinae

509 4796 702 4851 fuisset
726 4797 989 4866 ingratus.
1015 4794 1150 4850 Nam
1183 4794 1476 4866 plurimum
1502 4791 1854 4862 sull‘iagratur
1885 4808 1980 4848 reo
2009 4808 2101 4848 ve-

502 4888 745 4946 recunda
784 4887 1088 4953 confessio;
1120 4897 1174 4944 et
1203 4895 1420 4957 pmnatn
1447 4899 1611 4957 quam
1639 4886 1955 4941 defensione
1986 4886 2099 4940 evi-

502 4992 622 5038 tare
671 4998 778 5038 non
836 4997 1163 5052 possumus,
1219 4979 1426 5050 pudore
1475 4980 1734 5052 levamus.
1772 4979 1951 5052 Elegit
1989 4995 2097 5036 non

503 5073 649 5146 quod
681 5091 710 5128 a
735 5041 952 5146 ﬂagello
982 5083 1130 5128 esset
1159 5041 1430 5141 immune,
1461 5071 1560 5128 sed
1587 5041 1730 5144 (θιοά
1763 5041 2096 5130 moderatius

498 5167 760 5238 judicavit
781 5183 796 5231 ;
820 5176 880 5220 ut
901 5167 997 5222 Dei
1018 5165 1230 5222 lenitati
1246 5167 1440 5236 magis,
1467 5167 1557 5236 qui
1583 5175 1767 5222 nosset
1783 5167 2090 5237 ignoscere,

502 5276 661 5330 quam
694 5259 969 5314 hominum
1000 5273 1062 5314 se
1088 5259 1454 5316 committeret
1500 5261 1786 5329 potestati,
1817 5263 1909 5331 qui
1937 5276 2092 5317 men-

501 5369 685 5410 suram
712 5355 932 5410 ultionis
964 5353 1276 5426 frequeuter
1294 5355 1645 5412 excederent.
1681 5355 1966 5412 Miseretur
1992 5357 2094 5410 ita-

575 5552 603 5580 ι
641 5542 836 5598 Plures
864 5555 996 5597 mss.
1017 5581 1032 5609 ,
1063 5557 1166 5596 non
1193 5541 1262 5597 ad
1289 5540 1549 5613 supplicia
1574 5543 1749 5612 futura
1774 5546 2018 5594 servetur.

574 5678 604 5717 δ
643 5678 800 5733 Rom.
835 5678 966 5734 edit.
1001 5677 1089 5734 hic
1133 5686 1188 5734 et
1214 5677 1352 5735 intra
1384 5677 1632 5748 reposuit
1678 5691 1709 5732 e
1750 5674 1921 5731 sacris
1969 5674 2091 5748 cod.

507 5749 645 5810 Gad.
685 5750 876 5804 Verum
900 5764 1022 5805 cum
1047 5750 1167 5806 alia:
1190 5748 1320 5806 edit.
1346 5745 1508 5820 atque
1533 5762 1665 5820 mss.
1704 5748 1758 5802 in
1786 5761 1918 5803 voce
1936 5789 1952 5820 ρ
1977 5745 2095 5801 Na-

505 5822 660 5892 than,
693 5822 1066 5890 consentiant,
1108 5830 1332 5892 apparet
1371 5817 1636 5879 memoria
1677 5820 1886 5889 lapsum
1927 5817 2094 5878 fuisse

2203 4701 2326 4769 gelo
2345 4700 2510 4772 822
2538 4698 2752 4755 ferienti
2781 4701 3016 4766 obtulit;
3047 4712 3102 4755 ut
3133 4703 3251 4772 ipse
3283 4703 3462 4773 potius
3483 4719 3588 4776 pro
3609 4707 3814 4777 populo

2203 4792 2485 4846 feriretur.
2530 4791 2656 4846 Plus
2683 4793 2939 4863 estquod
2969 4807 3070 4848 nec
3101 4794 3217 4864 ipsa
3265 4797 3586 4866 perterritus
3627 4801 3812 4869 specie

2205 4894 2543 4940 mortuorum
2563 4883 2743 4954 gladio
2763 4898 2824 4940 se
2849 4885 3062 4951 obtulit,
3087 4900 3248 4956 quam
3275 4888 3320 4943 si
3341 4902 3657 4946 sermonem
3683 4906 3812 4961 pro-

2205 4978 2398 5049 positae
2442 4975 2768 5032 conditionis
2813 4984 3076 5048 Optasset.
3107 4975 3166 5033 In
3196 4979 3462 5037 electione
3507 4982 3692 5054 itaque
3717 4999 3810 5039 ra-

2203 5074 2407 5128 tionem
2439 5079 2659 5128 secutus
2694 5080 2798 5136 est,
2827 5070 2881 5125 in
2907 5070 3097 5127 dolore
3122 5073 3400 5142 pietatem.

2273 5167 2362 5221 l7.
2402 5163 2540 5222 Vide
2573 5174 2754 5220 autem
2789 5163 3000 5219 Domini
3025 5163 3289 5236 gratiam,
3337 5166 3484 5238 quod
3523 5177 3581 5224 et
3609 5170 3727 5241 ipse
3767 5186 3801 5226 a

2198 5259 2474 5329 proposita
2508 5256 2820 5313 conditione
2868 5255 3112 5312 deﬂexit.
3143 5256 3418 5329 Numquid
3448 5260 3672 5334 aliquod
3703 5264 3806 5318 mi-

2195 5351 2484 5410 serationis
2523 5360 2608 5409 est
2634 5351 2877 5417 crimen;
2910 5351 3034 5421 quia
3065 5349 3184 5421 plus
3223 5352 3496 5421 minatur,
3537 5364 3593 5410 et
3621 5355 3802 5411 minus

2203 5533 2580 5662 li'tmbrtisium.
2610 5549 2770 5606 quem
2795 5535 3119 5592 auctoritate
3145 5537 3362 5607 propria
3389 5535 3684 5595 emendare
3708 5551 3797 5594 re-

2226 5621 2389 5662 nnom
2410 5621 2513 5661 εει.

2226 5621 2717 5752 ἷεέωέᾶῗῗξόωηθς
2750 5677 3078 5752 incorpore,
3108 5687 3154 5732 et
3185 5689 3498 5752 ulirogetur,
3528 5681 3786 5737 hortatur.

2201 5750 2324 5807 Vet.
2356 5758 2536 5803 autem
2564 5750 2616 5803 in
2649 5750 2910 5820 margine,
2932 5764 3163 5822 cumque
3188 5750 3301 5808 illis
3329 5750 3509 5808 cuncti
3533 5767 3664 5811 mss.
3684 5793 3704 5824 ,
3737 5763 3784 5810 es

2202 5831 2260 5876 ut
2285 5827 2516 5892 rogetur,
2543 5829 2815 5892 operatur.
