4008 6352
47 349 225 405 1017
1149 341 1216 398 ΙΝ
1252 336 1579 399 PSALMUM
1618 335 1706 392 XX

1813 335 1888 394 ἹῙ.
1929 333 2354 392 ENARRATIO.
3259 331 3401 394 1018

44 459 305 534 exigit?
345 458 454 529 Qui
503 459 556 515 in
584 458 1022 516 remuneratione
1049 456 1394 530 praemiorum
1441 469 1539 510 sua
1566 467 1696 524 pro-
1726 456 1781 516 Α
1802 452 1942 508 mine
1963 450 2143 522 (Psal.
2166 467 2295 508 xcm
2313 493 2328 519 ,
2360 449 2475 524 15)!
2493 448 2610 506 Non
2637 449 2782 506 enim
2805 449 2950 507 Deus
2971 450 3212 523 passioni
3234 462 3406 524 patet,

49 554 258 610 missa
290 553 560 617 custodit,
609 554 661 608 in
693 555 976 610 exactione
1006 566 1286 624 poenarum
1325 548 1702 619 praescriptum
1805 553 1865 596 ut
1897 544 2180 611 irascatur,
2206 558 2330 598 cum
2359 541 2430 598 sit
2462 540 2844 612 impassibilis;
2877 540 2974 598 sed
3001 542 3126 614 quia
3146 543 3411 613 vindicat,

51 647 402 704 remordet.
427 648 559 703 Cum
587 648 838 704 irascitur
868 651 920 703 in
947 663 1121 713 reum,
1151 646 1330 702 dili'ert
1359 663 1372 698 :
1399 659 1522 701 cum
1550 644 1704 700 mise-

1813 633 2022 690 videtur
2051 634 2236 692 irasci.
2292 634 2458 690 Nobis
2514 633 2618 690 hoc
2669 633 2918 701 videtur;
2971 635 3096 704 quia
3143 636 3246 707 ipsi
3286 652 3411 695 cum

53 749 266 807 retur,
301 750 587 810 properat,
613 751 665 795 ut
689 741 968 807 absolvat;
1003 750 1191 807 terret,
1228 749 1289 795 ut
1315 743 1577 810 corrigat;
1609 739 1704 794 ad-
1804 727 2172 783 commotione
2200 727 2477 784 vindicare
2503 728 2907 784 consuevimus.
2953 727 3280 801 Plerumque
3323 740 3410 786 ta-

58 841 305 898 menet,
346 841 407 886 ut
429 831 718 896 emendet;
755 833 1036 902 ριιωγοηίι,
1074 841 1133 888 υι
1173 833 1432 903 ignoscat.
1469 829 1622 886 Unde
1651 838 1707 885 et,
1807 835 1930 875 men
1957 827 2015 877 et
2044 819 2290 876 homines
2317 821 2665 877 inveniuntur
2693 837 2813 878 cum
2837 821 3138 890 vindicant,
3161 837 3266 879 non
3297 838 3415 881 mo-

59 923 216 979 alibi
251 925 336 978 ait
372 923 646 994 PrOpheta
676 925 744 980 de
771 926 998 980 Domino
1033 945 1047 980 :
1077 923 1228 982 Calia:
1257 926 1308 980 in
1337 941 1491 993 manu
1516 922 1702 978 Domi-
1807 913 1918 970 νθΐί
1952 929 1966 979 ;
2023 912 2119 968 sed
2168 927 2378 970 summa
2435 915 2692 984 Patientia
2746 915 3027 972 celebrare
3075 917 3366 974 vindictam
3393 959 3411 988 ,

60 1016 126 1070 ni
162 1016 286 1070 uini
313 1016 446 1070 meri
470 1017 652 1086 plenus
679 1025 753 1070 est
791 1018 1045 1074 mixta...
1071 1027 1416 1072 verumtamen
1449 1019 1554 1089 [rex
1591 1017 1704 1087 ejus
1806 1021 2065 1064 exercere
2092 1015 2379 1063 tormenta.
2425 1007 2533 1064 Cur
2570 1024 2702 1081 ergo
2733 1009 2951 1066 mireris
2982 1010 3038 1065 in
3070 1010 3202 1079 Deo,
3233 1012 3279 1068 si
3309 1012 3414 1070 hoc

64 1126 188 1168 non
215 1118 301 1164 est
326 1109 594 1164 exinanita
623 1107 797 1179 (Psal.
825 1126 1000 1178 Lxxtv,
1037 1110 1116 1182 9).
1142 1111 1223 1166 Ad
1251 1109 1563 1166 terrendum
1588 1109 1706 1182 pleb
1807 1100 2086 1158 interdum
2112 1100 2166 1155 in
2209 1099 2430 1156 homine
2457 1104 2860 1175 recognoscas?
2887 1103 3196 1160 Vindictam
3227 1117 3410 1162 autem

68 1219 190 1260 nus
220 1211 314 1258 est
340 1202 508 1267 calix,
539 1201 608 1256 ad
637 1201 938 1258 feriendum
970 1219 1078 1259 non
1110 1213 1195 1259 est
1220 1204 1552 1258 exinanitus.
1583 1201 1706 1259 Ple-
1809 1199 1948 1254 iram
1980 1211 2102 1253 esse
2127 1211 2294 1267 supra
2316 1195 2571 1253 diximus.
2605 1198 2854 1270 Denique
2881 1215 3009 1254 usus
3037 1198 3220 1270 habet,
3251 1209 3309 1256 ut
3333 1200 3410 1256 di-

66 1312 186 1353 nus
219 1305 350 1352 erat
381 1294 544 1362 calix,
575 1310 696 1350 cum
739 1310 885 1350 mors
921 1311 1018 1366 per
1040 1296 1275 1352 triduum
1320 1298 1700 1350 mandaretur:

67 1392 176 1449 sed
213 1391 467 1447 occurrit
495 1389 868 1446 misericordia
898 1390 1016 1458 Dei,
1049 1392 1218 1446 tenuit
1248 1406 1464 1444 manum
1490 1388 1700 1461 Angeli,

72 1487 418 1554 priusquam
444 1481 668 1537 calicem
709 1483 868 1537 istum
897 1484 1222 1538 exinaniret.
1255 1482 1325 1538 Ut
1354 1482 1496 1537 scias
1523 1491 1702 1537 autem

72 1577 215 1649 quia
267 1576 414 1631 calix
466 1590 621 1645 paena
667 1576 751 1631 vel
801 1576 1010 1646 gladius
1054 1587 1160 1644 est,
1219 1575 1342 1630 audi
1390 1575 1700 1631 dicentem:

73 1671 288 1744 Accipe
310 1670 530 1724 calicem
567 1670 671 1724 uini
706 1672 832 1726 meri
862 1673 1018 1745 hujus
1062 1671 1127 1726 de
1155 1688 1313 1726 manu
1349 1688 1483 1737 mea,
1521 1681 1568 1726 et
1610 1688 1705 1743 p0-

79 1766 322 1821 tionabis
350 1783 526 1822 omnes
561 1777 755 1838 gentes,
784 1765 851 1820 ad
881 1781 1009 1834 quas
1053 1782 1145 1836 ego
1169 1767 1367 1819 mittant
1412 1776 1458 1821 te
1482 1783 1500 1820 :
1539 1776 1584 1821 et
1613 1781 1702 1820 vo-

1806 1305 1992 1346 camus
2022 1290 2091 1346 de
2120 1303 2389 1359 quoquam
2421 1289 2630 1361 punito,
2659 1292 2784 1362 quia
2814 1292 2947 1348 iram
2976 1291 3166 1348 incidit
3187 1292 3403 1364 legum:

1807 1397 1914 1438 non
1958 1383 2081 1454 quia
2126 1381 2300 1452 legum
2333 1381 2490 1448 iram,
2538 1383 2634 1438 sed
2665 1384 2788 1454 quia
2835 1384 3013 1456 legum
3055 1387 3405 1444 severitatem

1807 1475 2015 1532 incidit.
2043 1475 2132 1532 Sic
2157 1483 2212 1530 et
2240 1471 2370 1528 alibi
2393 1473 2463 1529 de
2483 1473 2669 1529 decem
2697 1475 2867 1546 plagis
2889 1475 3268 1549 Egyptiorum
3297 1479 3409 1535 ait:

1809 1567 1956 1624 Misit
1981 1571 2036 1625 in
2056 1586 2144 1625 eos
2183 1571 2315 1626 iram
2361 1586 2453 1640 per
2495 1569 2704 1641 angelos
2749 1570 2912 1626 malos
2956 1571 3131 1645 (Psal.
3168 1589 3410 1641 LXXVII,

1807 1664 1921 1734 49),
1953 1664 2002 1719 id
2034 1674 2136 1731 est,
2170 1664 2492 1729 vindictam;
2525 1663 2614 1718 lex
2661 1664 2805 1719 enim
2856 1665 3032 1720 nescit
3075 1664 3259 1732 irasci,
3306 1667 3405 1724 sed

1807 1759 1910 1814 scit
1934 1759 2108 1830 legum
2139 1758 2406 1814 minister.
2436 1757 2621 1813 Nescit
2647 1773 2777 1829 ergo
2800 1757 2957 1814 irasci
2995 1759 3084 1827 qui
3114 1768 3302 1816 auctor
3329 1769 3416 1817 est
3448 1799 3451 1810 ι

78 1867 255 1923 ment,
291 1860 614 1914 etinsanient
637 1875 665 1912 a
688 1859 822 1928 facie
841 1858 1004 1929 gladii
1033 1857 1246 1930 (Jerem.
1279 1874 1411 1924 xxv,
1442 1860 1511 1914 15
1527 1868 1574 1912 et
1594 1858 1702 1927 16).
1733 1865 1782 1927 Β
1813 1853 2013 1926 legum,
2043 1855 2129 1910 cui
2161 1852 2395 1910 terrendi
2422 1863 2506 1910 est
2533 1853 2805 1921 voluntas,
2840 1868 2946 1908 non
2974 1853 3252 1924 puniendi.
3284 1853 3415 1911 lmi-

85 1950 156 2006 Et
184 1950 257 2006 ad
287 1951 631 2006 Hierusalem
659 1951 854 2006 dicitur
887 1968 899 2003 :
931 1949 1116 2004 Bibisti
1145 1951 1357 2006 calicem
1390 1952 1484 2006 ira:
1513 1951 1576 2005 de
1596 1968 1709 2004 ma-

86 2063 163 2100 nu
197 2043 466 2113 Domini;
500 2055 524 2082 τι
554 2045 765 2101 calicem
797 2047 934 2099 enim
978 2044 1144 2099 ruina:
1189 2043 1398 2112 bibisti,
1439 2055 1486 2098 et
1529 2045 1707 2099 exina-

93 2141 259 2205 nisti,
314 2156 408 2195 nec
449 2149 559 2194 erat
601 2140 689 2208 qui
740 2148 787 2194 te
834 2139 1187 2193 consolaretur
1233 2135 1404 2209 (Esai.
1459 2153 1541 2206 ιι,
1594 2137 1703 2209 17).

93 2232 446 2288 Hierusalem
495 2248 804 2287 mensuram
832 2231 985 2295 bibit,
1029 2247 1150 2302 quae
1181 2246 1342 2304 supra
1391 2246 1705 2286 mensuram

89 2328 347 2398 peccavit
380 2345 392 2381 :
425 2327 669 2383 Ecclesia
698 2325 1132 2382 Christianorum
1160 2327 1380 2382 calicem
1407 2329 1499 2382 irae
1522 2328 1707 2383 exina-

89 2421 216 2477 nire
239 2436 352 2477 non
381 2422 555 2487 novit,
585 2421 679 2476 sed
708 2421 1041 2477 exinanitum
1084 2432 1412 2492 unguentum
1439 2439 1452 2475 :
1487 2430 1708 2493 propter

92 2529 264 2584 quam
315 2529 375 2569 se
405 2513 655 2570 Christus
702 2515 1019 2580 exinanivit,
1077 2525 1132 2568 ut
1178 2514 1375 2585 ubique
1418 2514 1704 2586 lragraret.

94 2607 177 2662 De
224 2623 388 2661 manu
423 2608 629 2662 Domini
665 2607 768 2662 hoc
799 2623 993 2662 munus
1019 2609 1232 2677 accepit
1263 2626 1275 2662 :
1310 2613 1559 2680 poculum
1605 2626 1704 2666 au-

96 2707 213 2752 tem
243 2699 433 2754 mortis
464 2700 696 2770 ignOrat.
719 2700 863 2754 Duos
886 2701 1088 2755 calices
1117 2701 1259 2768 lego,
1293 2717 1456 2756 unum
1489 2705 1704 2770 mortis,

99 2792 336 2848 alterum
368 2792 513 2847 vitae.
552 2791 739 2848 Mortis
768 2793 993 2848 calicem
1025 2809 1123 2848 suo
1169 2794 1418 2849 Christus
1461 2796 1708 2852 exinani-

103 2886 186 2941 vit
231 2885 284 2940 in
321 2886 616 2956 sanguine;
660 2897 711 2941 et
759 2902 956 2941 novum
992 2887 1214 2942 calicem
1259 2889 1602 2954 ministravit,
1648 2899 1709 2945 ut

103 2979 353 3034 dicamus
382 2997 395 3032 :
426 2978 651 3034 Calicem
681 2980 928 3034 salutaris
960 2980 1213 3051 accipiam
1243 2979 1552 3049 (Psal.cxv,
1592 2982 1703 3054 15).

103 3070 241 3126 Νονὶ
268 3070 410 3126 calix
440 3082 523 3127 est
553 3072 906 3139 Testatnenti,
935 3073 1026 3143 qui
1058 3075 1108 3128 in
1133 3075 1515 3132 remissionem
1539 3075 1710 3132 ell'un-

107 3165 253 3221 ditur
308 3175 673 3229 peccatorum.
729 3165 1032 3221 Ell‘unditur
1082 3167 1169 3223 hic
1219 3169 1388 3234 calix,
1435 3169 1460 3207 b
1515 3181 1568 3225 et
1601 3170 1706 3226 lanx

108 3258 227 3330 ejus
258 3274 362 3312 non
397 3258 688 3324 invenitur,
720 3264 844 3330 quia
877 3260 1103 3315 mundat
1132 3276 1291 3316 omne
1319 3263 1595 3319 delictum.

182 3354 269 3408 18.
311 3353 554 3408 Diximus
600 3354 1051 3425 quemadmodum
1105 3356 1155 3410 in
1201 3356 1511 3412 ulciscendo
1555 3355 1707 3412 intle-

111 3454 220 3499 ctat
242 3445 500 3502 Dominus
530 3447 949 3503 commotionem
980 3449 1420 3504 suam:dicamus
1449 3450 1709 3518 quemad-

114 3538 329 3594 modum
358 3541 409 3594 in
434 3541 832 3596 remunerando
860 3542 1153 3612 przeveniat
1176 3552 1413 3596 nostram
1443 3543 1710 3612 precatio-

115 3649 268 3698 nem,
301 3642 353 3689 et
393 3633 687 3690 doceamus
723 3635 994 3706 exemplo.
1030 3634 1169 3690 Audi
1219 3637 1366 3691 illum
1397 3651 1461 3692 ex
1496 3635 1710 3692 duobus

117 3724 377 3779 latronem
409 3725 676 3782 dicentem
708 3728 939 3783 Domino
965 3747 977 3782 :
1015 3727 1275 3783 Memento
1301 3729 1420 3791 mei,
1455 3727 1708 3796 Domine;

117 3833 233 3872 cunt
271 3819 464 3872 veneris
511 3821 564 3874 in
612 3837 824 3891 regnum
861 3831 1005 3875 tamn
1039 3820 1190 3892 (Luc.
1244 3838 1405 3884 χχιιι,
1437 3822 1552 3891 42).
1602 3823 1710 3879 Re~

121 3909 330 3979 spondit
354 3909 614 3965 Dominus
648 3928 662 3965 :
695 3911 857 3965 Amen
888 3913 1004 3966 dico
1050 3913 1163 3975 tibi,
1197 3912 1352 3966 hodie
1378 3930 1577 3967 mecum
1607 3917 1709 3968 eris

121 4003 174 4057 in
201 4003 458 4072 paradiso.
494 4003 588 4059 Ille
629 4002 806 4057 adhuc
852 4004 1098 4076 rogabat,
1134 4014 1191 4059 ut
1219 4005 1556 4060 meminisset
1598 4008 1706 4074 sui,

124 4112 240 4154 cum
262 4097 495 4153 venisset
521 4097 574 4152 in
595 4113 821 4169 regnum
847 4113 1036 4163 suum;
1064 4109 1119 4155 et
1147 4100 1406 4155 Dominus
1423 4116 1544 4156 cum
1571 4117 1709 4156 non-

124 4187 245 4243 dum
293 4189 543 4255 venisset,
596 4191 644 4246 ei
699 4191 809 4260 jam
863 4207 1086 4262 regnum
1139 4192 1364 4249 caeleste
1418 4194 1704 4250 tribuebat.

126 4281 286 4351 Quam
316 4283 472 4338 velox
502 4285 903 4341 misericordia!
939 4286 1168 4342 Tardius
1194 4299 1375 4342 votum
1403 4288 1706 4359 precantis,

127 4392 276 4450 quam
303 4379 697 4433 rentunerantis
723 4389 805 4434 est
830 4381 1134 4449 praemium.

198 4467 278 4523 l9.
319 4467 441 4524 Ideo
489 4484 619 4541 ergo
669 4471 834 4526 David
877 4473 1305 4528 moderationem
1358 4473 1551 4539 tenuit,
1601 4488 1706 4529 non

131 4561 486 4617 remissionem
517 4563 692 4618 oravit
742 4563 928 4619 dicens
959 4582 970 4618 :
1005 4561 1226 4620 Domine
1247 4607 1262 4630 ,
1293 4582 1356 4621 ne
1399 4567 1454 4620 in
1500 4566 1579 4620 ira
1619 4577 1708 4622 tua

1810 1950 1997 2006 tamini
2028 1965 2179 2021 ergo,
2211 1951 2606 2022 imperatores,
2659 1948 2968 2019 exemplum
3016 1948 3290 2015 divinum;
3343 1958 3405 2007 ut

1807 2043 1926 2098 sitis
1955 2043 2010 2098 in
2057 2045 2356 2110 statuendis
2401 2042 2613 2114 legibus
2659 2043 2988 2110 severiores,
3032 2043 3085 2098 in
3135 2044 3416 2114 exigendis

1807 2137 2087 2208 suppliciis
2113 2137 2516 2193 misericordes.
2563 2135 2840 2192 Severitas
2872 2136 3047 2208 legum
3080 2136 3410 2193 insolentem

1807 2233 2100 2303 restringat
2147 2231 2448 2296 audaciam,
2502 2227 2874 2286 misericordia
2925 2229 3228 2300 principum
3285 2245 3412 2286 reos

1806 2327 2086 2382 subtrahat
2111 2341 2307 2396 poenai.
2331 2324 2692 2396 Recognoscit
2713 2321 2873 2392 igitur
2900 2321 3172 2394 Propheta
3193 2323 3406 2393 culpam

1806 2435 1982 2487 suam,
2011 2420 2153 2476 videt
2184 2421 2432 2487 vulnera,
2457 2418 2634 2475 curari
2658 2416 2912 2487 postulat.
2937 2414 3038 2485 Qui
3060 2416 3241 2473 sanari
3268 2417 3408 2486 vult,

1806 2517 1958 2585 argui
1988 2531 2094 2570 non
2127 2514 2442 2572 reformidat
2471 2531 2483 2567 :
2514 2513 2607 2569 sed
2649 2527 2754 2568 non
2782 2511 2899 2568 vult
2929 2513 3081 2583 argui
3113 2513 3165 2567 in
3192 2512 3374 2569 furore
3395 2555 3413 2580 ,

1807 2606 1902 2662 sed
1935 2607 1985 2660 in
2021 2607 2190 2662 verbo
2222 2607 2336 2662 Dei.
2366 2605 2602 2661 Verbum
2632 2603 2748 2671 Dei,
2781 2605 2984 2659 sanitas
3011 2614 3113 2660 est.
3144 2603 3234 2660 Sic
3263 2605 3411 2660 enini

1809 2700 2072 2773 legimus:
2109 2699 2268 2754 Misit:
2307 2699 2528 2755 Verbum
2571 2714 2745 2764 suum,
2797 2707 2846 2751 et
2882 2698 3082 2752 sanavit
3126 2712 3208 2752 eos
3235 2694 3412 2771 (Psal.

1809 2807 1928 2860 evt,
1956 2791 2072 2861 ‘20).
2097 2791 2216 2846 Non
2257 2791 2373 2846 vult
2415 2790 2619 2845 erudiri
2670 2791 2721 2844 in
2770 2788 2883 2854 ira;
2918 2787 3012 2843 sed
3041 2787 3095 2842 in
3126 2787 3412 2855 doctrina;

1810 2899 1867 2943 ut
1889 2889 1932 2943 si
1961 2887 2226 2943 medicum
2257 2901 2434 2956 roges,
2467 2901 2535 2940 ne
2564 2893 2715 2941 secet
2739 2884 2936 2939 vulnus
2972 2892 3141 2948 tuum,
3171 2883 3266 2939 sed
3290 2897 3409 2939 me-

1810 2982 2170 3039 dicamentum
2201 2989 2468 3050 apponat;
2500 2989 2654 3050 urget
2699 2977 3118 3042 medicamento,
3159 2979 3254 3032 sed
3303 2991 3412 3032 non

1809 3085 1976 3132 secat.
2010 3074 2249 3144 Denique
2277 3082 2362 3129 est
2387 3072 2566 3139 dolor,
2610 3071 2704 3128 sed
2736 3086 2842 3126 non
2891 3085 3054 3141 supra
3100 3083 3410 3126 mensuram

1811 3166 2018 3223 doloris
2048 3185 2061 3220 :
2093 3166 2342 3232 mordet,
2370 3165 2465 3221 sed
2498 3181 2607 3220 non
2635 3172 2903 3220 cruentat.

1736 3265 1780 3330 ρ
1882 3260 1972 3316 20.
2016 3259 2195 3330 (Vers.
2227 3259 2309 3328 5.)
2371 3258 2440 3313 Ει
2480 3256 2731 3312 addidit:
2765 3256 3023 3322 Quoniam
3067 3256 3271 3327 sagitta:
3312 3263 3416 3310 tua:

1810 3356 1988 3424 inﬁxae
2015 3365 2135 3410 sunt
2161 3354 2310 3408 mihi.
2343 3353 2542 3408 Eadem
2574 3351 2788 3407 videtur
2813 3351 3018 3418 dicere,
3044 3366 3163 3422 qua:
3189 3359 3414 3406 sanctus

1810 3446 1950 3512 Job;
2007 3447 2103 3502 sed
2145 3446 2357 3502 diversa
2410 3455 2555 3501 sunt.
2587 3444 2720 3499 Nam
2775 3452 2832 3500 et
2883 3443 2973 3500 ille
3015 3444 3138 3499 ait:
3199 3442 3419 3514 Sagitta:

1810 3542 1945 3596 enim
1968 3538 2183 3594 Domini
2213 3541 2266 3594 in
2298 3555 2512 3610 corpore
2558 3555 2673 3594 meo
2700 3547 2841 3604 sunt,
2869 3555 3088 3609 quarunt
3121 3537 3266 3605 furor
3293 3536 3420 3592 bibit

1809 3637 2113 3707 sanguinem
2151 3651 2316 3689 meum
2343 3651 2361 3688 :
2386 3651 2503 3688 cum
2530 3633 2723 3702 incipio
2763 3632 2928 3704 loqui,
2959 3639 3312 3704 compungunt
3336 3646 3420 3686 me

1812 3727 1956 3800 (Job.
1975 3744 2031 3782 γι
2048 3771 2062 3793 ,
2083 3727 2161 3799 4).
2193 3727 2287 3782 Ille
2302 3726 2369 3782 de
2389 3727 2610 3781 vulnere
2641 3724 2722 3780 sui
2748 3723 2993 3793 corporis
3016 3723 3297 3793 queritur;
3329 3719 3419 3778 hic

1810 3824 2058 3893 deplorat
2079 3828 2274 3877 animae
2302 3837 2415 3875 sua:
2437 3821 2678 3876 vulnera.
2710 3818 2780 3872 Et
2807 3818 2944 3873 forte
2978 3827 3000 3855 ε
3033 3815 3122 3871 hic
3154 3815 3266 3886 agit
3295 3829 3416 3886 pte-

1811 3916 2092 3971 nitentiam
2142 3915 2212 3970 de
2243 3923 2464 3984 peccato
2492 3930 2506 3966 :
2559 3912 2650 3967 ille
2695 3925 2911 3965 causam
2944 3909 3055 3979 agit
3087 3907 3420 3962 inﬁrmitatis

1812 4008 2094 4073 humanm;
2128 4017 2183 4063 et
2217 4007 2372 4078 quasi
2400 4015 2598 4062 nostrae
2627 4001 3015 4060 imbecillitatis
3045 4007 3319 4076 assertor,
3348 3998 3419 4054 ad

1810 4101 2110 4157 remedium
2161 4101 2343 4170 operis
2373 4099 2630 4154 auxilium
2682 4095 2960 4152 Creatoris
2989 4095 3257 4166 exposcit.
3319 4092 3420 4149 Hic

1812 4196 1974 4265 igitur
2004 4204 2280 4267 precatur,
2316 4194 2405 4248 ille
2435 4191 2827 4263 patrocinatur.
2861 4188 3098 4259 Ideoque
3123 4185 3422 4243 vehemen-

1812 4289 1918 4342 tior
1964 4287 2124 4356 hujus
2151 4296 2235 4341 est
2283 4285 2476 4351 dolor;
2517 4285 2641 4355 quia
2688 4282 2881 4338 animae
2921 4283 3143 4337 vulnera
3171 4279 3425 4353 graviora

1811 4397 1972 4451 quam
2011 4379 2190 4435 carnis
2215 4389 2360 4433 sunt.
2396 4377 2490 4433 Ille
2535 4377 2665 4432 dicit
2706 4376 2933 4446 sagittas
2963 4373 3177 4430 Domini
3223 4375 3276 4430 in
3323 4389 3424 4429 suo

1809 4489 1932 4530 esse
1959 4489 2211 4543 corpore,
2243 4474 2344 4527 iste
2370 4471 2620 4541 deplorat
2648 4471 2872 4534 inﬁxus;
2905 4469 3048 4522 illius
3089 4467 3309 4538 sanguis
3339 4465 3429 4521 bi-

1812 4571 1976 4635 bitur,
2007 4569 2164 4639 hujus
2190 4566 2514 4631 ell‘nnditur;
2548 4565 2640 4620 ille
2671 4563 3078 4634 cotnpnngitur,
3114 4562 3202 4616 hic
3229 4561 3418 4616 vulne-

131 4673 303 4728 arguas
332 4675 426 4722 me,
459 4675 621 4728 neque
662 4660 716 4713 in
768 4661 942 4730 furore
982 4669 1068 4714 tuo
1105 4660 1356 4727 corripias
1403 4677 1501 4716 me.
1535 4660 1710 4717 Furor
1734 4653 1788 4726 1)
1815 4676 1991 4730 ratur;
2039 4663 2188 4718 illum
2237 4676 2430 4716 manus
2488 4660 2581 4714 Dei
2623 4657 2820 4728 tetigit,
2863 4673 3027 4727 super
3079 4655 3222 4711 hunc
3270 4653 3425 4725 gravi

133 4766 292 4822 graece
314 4753 464 4826 θυμὸς
493 4752 693 4808 dicitur
714 4795 728 4819 ,
760 4765 815 4808 et
841 4757 936 4808 irm
962 4753 1218 4824 impetus.
1255 4756 1366 4810 lloc
1406 4771 1534 4826 ergo
1565 4755 1712 4811 Lati-

134 4859 226 4898 nus
255 4845 413 4899 voluit
453 4844 760 4914 exprimere
790 4863 805 4898 :
835 4846 1018 4916 Neque
1061 4848 1115 4901 in
1160 4848 1261 4913 ira,
1299 4863 1472 4917 neque
1510 4849 1561 4902 in
1595 4847 1714 4919 ipso

138 4936 321 5008 impetu
344 4939 437 4993 iraa
481 4954 676 5009 arguas
704 4953 814 5005 me,
857 4947 953 4994 aut
985 4940 1267 5010 corripias.
1300 4939 1586 5011 Correptio
1613 4958 1710 4996 au-

139 5043 254 5097 tem,
276 5034 502 5089 eruditio
517 5043 622 5090 est.
643 5033 762 5104 Ipsa
793 5049 971 5104 graece
991 5033 1189 5088 dicitur
1207 5033 1503 5097 παίδευσις,
1523 5035 1588 5088 de
1610 5051 1714 5106 qua

139 5126 352 5183 dicitur:
397 5127 588 5183 Beatus
617 5129 768 5183 homo
795 5144 946 5198 quem
988 5136 1043 5183 tu
1095 5127 1376 5195 erudieris,
1407 5128 1570 5200 823
1605 5127 1716 5183 Do-

206 5297 230 5327 ι
265 5293 368 5347 Duo
393 5305 525 5346 mss.
551 5306 613 5346 ac
642 5300 754 5346 vet.
788 5292 919 5347 edit.
953 5292 1006 5347 in
1042 5291 1305 5360 margine,
1337 5291 1548 5345 calicem
1568 5291 1704 5345 enint

141 5368 223 5420 irae
249 5365 424 5419 bibisti.
459 5363 624 5420 Hebr.
646 5405 660 5429 ,
694 5363 901 5436 calicem
934 5365 1072 5436 enim
1097 5364 1272 5436 veneni
1308 5363 1704 5436 mortiferi,vel

144 5449 195 5492 ut
217 5437 350 5493 Grut.
375 5435 560 5497 vertit,
593 5435 835 5499 poculum
882 5434 1144 5490 horribile.
1185 5433 1410 5495 Chald.,
1461 5433 1704 5505 poculum

144 5508 510 5569 maledic-tionis,
541 5506 733 5560 bibisti.
770 5506 834 5560 Et
873 5517 997 5576 post
1029 5522 1137 5560 non
1175 5507 1341 5561 multa
1375 5506 1533 5561 Rom.
1564 5505 1698 5561 edit.

147 5583 262 5636 sola.
291 5578 612 5634 Hierusalem
654 5594 816 5644 supra
863 5593 1158 5630 mensuram
1199 5578 1344 5642 bibit,
1391 5580 1537 5648 quia,
1590 5587 1698 5632 etc.

149 5651 298 5706 Minus
325 5651 490 5712 bene;
523 5648 791 5719 siquidem
823 5648 1036 5719 videtur
1077 5650 1398 5705 Ambrosius
1425 5649 1491 5703 ad
1520 5648 1571 5704 id
1617 5664 1704 5704 re-

151 5724 392 5790 spexisse,
422 5719 564 5787 quod
593 5718 758 5774 locus
791 5719 968 5774 Esaia:
993 5718 1074 5775 sic
1103 5720 1365 5775 habeatur
1389 5721 1528 5786 apud
1558 5719 1702 5775 LXX

152 5797 203 5851 τὸ
225 5793 577 5868 ποτήριολέ-ογὰρ
611 5798 704 5868 ri;
731 5795 1000 5856 πτώσεως,
1031 5795 1091 5848 τὸ
1117 5791 1262 5848 κόνδυ
1291 5799 1382 5848 τοῦ
1418 5794 1580 5865 θυμοῦ
1606 5793 1702 5868 ἐξέ-

160 5883 275 5932 πιες,
300 5861 394 5921 θιό.
427 5861 556 5919 Nam
585 5861 735 5918 εκόνδυ
760 5872 931 5933 genus
961 5875 1235 5920 mensum
1273 5875 1379 5930 est,
1403 5861 1564 5935 quam
1605 5863 1704 5934 Sy-

1813 4756 2054 4827 pondere
2110 4753 2424 4808 conlirmata
2475 4760 2587 4815 est;
2651 4751 2736 4804 hic
2783 4749 3021 4805 animam
3076 4762 3228 4802 suam
3257 4743 3425 4801 deﬂet

1815 4847 2157 4905 illusionibus
2181 4860 2302 4901 esse
2330 4844 2676 4915 completam,
2710 4843 2799 4898 ille
2836 4857 2993 4916 suum
3025 4855 3226 4910 corpus
3271 4837 3424 4892 ulce-

1814 4940 1987 4996 ribus.
2022 4938 2235 4994 Manum
2277 4947 2455 4992 autem
2505 4938 2625 5002 Dei,
2653 4936 2910 4991 virtutem
2942 4932 3296 5003 intelligimus
3327 4947 3425 5001 pu-

1820 5034 2021 5090 niendi.
2046 5033 2170 5088 Ilaec
2189 5047 2381 5088 manus
2403 5047 2584 5102 regem
2608 5029 2986 5101 ASgyptiorum
3006 5037 3228 5098 propter
3247 5024 3422 5081 Abra-

1820 5127 1902 5182 hae
1929 5126 2180 5197 injuriam
2205 5125 2275 5181 ob
2299 5134 2555 5181 tentatum
2587 5124 2736 5179 Sara:
2768 5120 3079 5192 pudicitiam
3108 5117 3420 5188 ﬂagellavit.

1811 5304 2015 5360 nagOga
2042 5298 2208 5344 totam
2235 5288 2559 5344 exhausisse
2587 5286 2675 5343 hic
2701 5284 3032 5360 declaratur.

1880 5351 1910 5402 ὖ
1950 5351 2105 5416 Rom.
2140 5361 2295 5425 edit.,
2329 5371 2377 5414 et
2405 5361 2508 5428 [teat
2537 5361 2648 5430 ejus
2693 5357 3077 5430 noniinanitur.
3117 5351 3251 5409 Aliae
3281 5366 3417 5430 ‘cur‘n

1809 5449 2016 5491 mss....
2052 5451 2153 5487 non
2179 5425 2458 5487 invenitur.
2494 5425 2705 5494 Melius,
2737 5445 2859 5483 eum
2891 5427 2984 5481 hic
3020 5437 3206 5495 aperte
3250 5425 3418 5493 signi-

1808 5505 2000 5562 ﬁcetur
2051 5505 2272 5559 calicem
2329 5502 2454 5556 novi
2515 5500 2851 5556 Testamenti
2907 5497 3255 5552 fzeculentutn
3309 5510 3418 5550 non

1807 5593 1950 5643 esse,
1983 5577 2079 5632 sed
2112 5591 2341 5643 purum;
2371 5581 2581 5642 utpote
2606 5573 2699 5644 qui
2733 5571 2935 5626 nullam
2962 5566 3206 5623 criminis
3236 5581 3418 5621 macu-

1812 5648 1918 5705 lam
1951 5664 2058 5704 non
2089 5648 2252 5704 cluat.

1886 5733 1908 5760 ο
1949 5720 2086 5776 Vide
2115 5719 2323 5788 priores
2353 5715 2488 5771 duos
2519 5714 2690 5773 libros
2728 5716 2792 5771 de
2820 5711 3246 5783 lnterpellatione
3295 5726 3416 5767 san-

1809 5804 2009 5850 olorum
2026 5791 2128 5848 Job
2153 5799 2203 5847 et
2223 5789 2409 5844 David.
