4008 6352
534 241 674 302 1019

1885 237 2130 302 SANCTI
2169 233 2490 302 AMBROSII

3751 247 3862 300 ibi?!
3905 247 3907 300 ἶ

531 362 658 418 Haec
689 349 879 418 inuitus
905 359 1281 433 Egyptiorum
1311 367 1502 416 currus
1525 403 1540 428 ,
1593 367 1761 432 equos
1805 365 1860 416 et
1899 355 2128 430 populos
2157 359 2204 422 Α
2233 355 2384 414 randi
2415 357 2654 430 permisit
2680 357 2898 415 diabolo
2941 365 3296 432 potestatem.
3325 357 3616 428 Denique
3657 361 3704 413 si
3733 373 3852 414 mar.—

541 453 712 512 liub‘ri
737 455 901 510 maris
919 453 1182 509 demersit
1207 451 1492 524 profundo.
1522 453 1647 510 Haec
1670 463 1858 510 manus
1887 459 2120 509 mentem

531 549 772 623 gravavit
791 547 930 620 regis
951 545 1104 616 Saul,
1129 557 1186 604 ut
1206 549 1432 620 gratiam
1458 551 1537 604 sui
1557 549 1959 612 conservatoris
1981 543 2126 603 odis—

527 653 639 708 set;
673 653 726 697 et
752 657 850 712 pro
879 639 1324 713 praevaricatione
1363 641 1601 698 ctelesds
1641 643 1854 713 imperii
1879 643 2128 697 desertus

523 735 750 801 asociis,
775 735 1114 808 interemptis
1138 751 1350 807 quoque
1379 735 1502 792 llliis
1533 733 1844 804 destitutus,
1871 739 2046 792 victus
2059 737 2126 790 ab

529 823 772 883 hostibus
821 829 949 900 (quo
991 829 1304 900 speetaculo
1351 829 1482 883 nihil
1535 839 1617 884 est
1659 827 1958 886 deformius
1989 827 2126 899 regi)

527 919 764 992 gladium
799 920 852 974 iu
903 933 961 975 se
991 931 1148 975 suum
1187 919 1304 990 ipse
1352 929 1716 984 converteret,
1771 937 1836 976 ne
1885 919 2128 990 captivus

527 1027 692 1069 senex
717 1013 922 1068 viveret
953 1011 1074 1068 lilils
1099 1021 1151 1068 et
1189 1029 1358 1085 regno
1397 1023 1696 1084 superstes.
1735 1015 1883 1068 llauc
1911 1027 2124 1068 manum

529 1105 696 1162 David
739 1107 793 1162 in
842 1107 1024 1176 seipso
1063 1115 1322 1177 expertus
1351 1117 1404 1163 et
1451 1103 1670 1173 liberis,
1717 1107 1936 1162 alterius
1985 1109 2130 1161 ince-

527 1211 692 1268 stum,
718 1199 941 1256 alterius
973 1199 1319 1271 parricidium
1347 1199 1668 1271 deploravit,
1691 1209 1744 1255 et
1771 1199 1938 1274 824
1963 1193 2128 1270 (quod

527 1297 620 1366 pio
649 1297 784 1366 patri
809 1295 1028 1366 gravius
1049 1305 1134 1350 est
1162 1293 1355 1349 salutis
1378 1311 1494 1350 suae
1519 1289 1728 1366 exitiis)
1750 1293 1906 1348 simul
1931 1303 2130 1362 oppro-

533 1387 647 1442 bria
669 1386 894 1452 sobolis,
919 1395 974 1442 et
996 1385 1212 1456 pietatis
1229 1383 1450 1441 deﬂevit
1470 1385 1681 1440 excidia
1705 1401 1716 1438 :
1741 1399 1970 1456 quorum
1995 1383 2132 1438 alter

531 1479 598 1533 ad
641 1479 908 1534 incestum
952 1491 1216 1534 accensus
1245 1477 1312 1532 de
1339 1477 1709 1550 germanitatis
1739 1477 1965 1544 all‘ecm,
1995 1477 2134 1531 alter

532 1571 598 1624 ad
649 1569 998 1640 parricidium
1044 1579 1282 1625 armatus
1319 1581 1401 1626 est
1443 1571 1620 1625 studio
1661 1571 1944 1626 castitatis.
1995 1569 2132 1626 Vide

539 1665 994 1736 quemadmodum
1023 1665 1147 1720 illos
1185 1665 1236 1720 in
1278 1667 1612 1736 gravissimis
1657 1665 1974 1720 criminibus
2001 1681 2132 1720 con-

2227 447 2347 520 des,
2380 465 2436 508 ut
2461 461 2581 508 titus
2611 453 2863 508 servulus
2893 449 3222 510 verberetur
3243 495 3258 512 .
3297 465 3496 506 nonne
3537 451 3770 505 etiamsi
3807 461 3850 508 1':

2227 545 2476 602 adstante
2507 547 2612 602 alio
2659 545 2920 614 caedatur,
2955 559 2986 600 a
3019 557 3072 601 te
3115 543 3324 600 dicitur
3351 541 3754 599 verberatus?
3779 545 3850 600 Est

2227 647 2280 692 et
2301 629 2398 692 illa
2429 639 2596 702 ratio;
2626 637 2748 708 quia
2781 633 3047 692 Dominus
3071 635 3197 692 ideo
3227 635 3318 692 dat
3360 637 3656 691 tentator‘.
3715 647 3848 706 patr-

2227 737 2454 794 statcm,
2485 739 2540 784 ut
2563 729 2840 784 hominum
2875 733 2926 786 in
2967 731 3366 786 tentationibus
3417 727 3714 798 probetur
3739 731 3846 785 ads-

2227 833 2364 879 ctus.
2399 823 2522 879 Ideo
2555 824 2612 878 lit
2641 823 2968 894 persecutio,
2995 835 3052 880 ut
3077 825 3214 880 tides
3245 823 3452 888 luceat,
3471 823 3674 878 virtus
3695 827 3848 879 extri-

2231 918 2324 980 lat,
2355 927 2508 972 mens
2537 917 2748 972 interna
2779 919 3032 974 omnibus
3065 917 3482 973 maniiestetur.

2297 1013 2390 1068 22.
2437 1013 2574 1086 Ergo
2601 1009 2828 1070 tentatio
2871 1015 3024 1086 quasi
3057 1015 3256 1085 sagitta
3293 1023 3560 1084 penetrat
3607 1015 3838 1070 interﬁeri

2233 1107 2488 1172 liotttinis,
2524 1117 2578 1162 et
2609 1109 2760 1176 quasi
2785 1103 2998 1178 gladius
3025 1105 3142 1174 Del,
3176 1109 3268 1177 qui
3297 1113 3598 1160 scrutatur
3633 1105 3834 1160 interra.

2231 1199 2454 1256 Gladim
2487 1211 2666 1256 autem
2715 1201 2936 1256 verbum
2976 1211 3058 1256 est
3111 1201 3206 1256 Dei
3237 1199 3510 1261 validum,
3551 1209 3612 1254 et
3661 1203 3834 1253 amtiﬁ

2231 1293 2376 1348 omni
2400 1291 2581 1362 gladio
2627 1291 2944 1348 acutissimo
2977 1311 2986 1346 :
3027 1293 3096 1348 de
3127 1309 3237 1364 quo
3284 1293 3482 1364 gladio
3515 1291 3654 1346 andi
3685 1293 3826 1346 dics-s-

2235 1397 2340 1440 tem
2375 1385 2554 1440 Mariae
2581 1385 2893 1440 Simeonem
2923 1405 2936 1438 :
2985 1385 3052 1440 Et
3084 1395 3228 1439 tuam
3259 1389 3432 1456 ipsius
3467 1381 3724 1438 animum
3753 1403 3832 1448 τητ-

2234 1479 2472 1532 transt'bit
2505 1479 2748 1548 gladius;
2775 1489 2832 1532 ut
2861 1479 3148 1533 revelenlur
3177 1479 3470 1533 multorum
3517 1479 3754 1533 cardine:
3773 1497 3826 1530 as-

2233 1575 2504 1646 g't'tatioues
2537 1573 2686 1644 (Luc.
2723 1591 2758 1630 tt
2780 1617 2794 1639 ,
2821 1575 2935 1646 ⁸55).
2973 1575 3152 1632 Verbo
3183 1579 3330 1632 enim
3365 1577 3468 1632 Dei
3495 1578 3694 1630 omnia
3719 1593 3826 1630 rer-=-

2239 1670 2435 1734 lantur,
2469 1673 2518 1724 in
2566 1671 2721 1738 cujus
2759 1681 3058 1740 conspectu
3091 1671 3230 1725 nuda
3265 1679 3318 1724 et
3351 1679 3560 1740 aperta
3605 1679 3730 1724 sunt
3751 1689 3822 1722 ua:-

471 1791 478 1800 -
537 1757 658 1812 linia
701 1759 880 1813 lusere
903 1759 1182 1812 virtutum.
1231 1757 1441 1813 Utinam
1470 1767 1562 1812 aut
1603 1757 1694 1812 ille
1733 1773 1978 1812 sororem
2023 1773 2128 1812 non
2161 1763 2206 1823 Β
2235 1763 2339 1818 nia.
2369 1775 2392 1801 ο
2425 1765 2746 1834 Animaipsa
2770 1763 3002 1832 videtur,
3042 1763 3294 1820 medullm
3329 1765 3510 1838 825
3545 1765 3818 1828 interiores,

535 1859 794 1914 amasset,
819 1859 911 1904 aut
951 1849 1039 1904 hic
1067 1861 1174 1904 non
1209 1849 1564 1905 vlndicasset!
1608 1849 1689 1905 Ad
1717 1859 2052 1920 postremum
2083 1857 2138 1904 et

536 1940 654 2012 ipse
681 1943 867 2012 patria:
911 1941 1108 1996 ﬁnibus
1147 1943 1331 2013 pulsus
1372 1953 1400 1996 a
1432 1943 1562 2008 lilio,
1613 1942 1856 2014 fugiebat
1881 1943 2130 2006 hostem,

541 2049 698 2104 quem
730 2031 948 2104 Optabat
976 2033 1246 2091 baeredem
1282 2049 1296 2094 :
1331 2037 1608 2092 metuebat
1639 2035 1880 2103 vincere,
1929 2049 1996 2090 ne
2025 2035 2138 2106 pie-

539 2127 664 2182 tatis
685 2126 970 2196 dispendio
987 2126 1319 2183 vinceretur.

609 2220 700 2274 2i.
739 2219 846 2277 Sed
879 2219 1018 2278 forte
1047 2221 1240 2292 aliquis
1283 2221 1428 2278 dicat
1459 2239 1472 2276 :
1513 2223 1798 2291 Quomodo
1827 2221 1880 2276 in
1913 2221 2138 2294 panici-

537 2313 648 2380 dio,
677 2315 764 2370 vel
791 2315 846 2369 in
883 2317 1094 2372 incesm
1125 2331 1317 2372 manus
1350 2317 1508 2371 luerit
1539 2317 1653 2384 Dei,
1683 2333 1802 2371 cum
1831 2333 1968 2388 opus
2003 2317 2138 2372 illud

539 2407 748 2462 inimici
774 2408 882 2462 sit?
921 2406 1327 2478 Coguoscamus
1357 2405 1517 2480 igitur
1541 2411 1794 2480 quoniam
1825 2419 1882 2464 et
1907 2409 1996 2464 ubi
2023 2411 2140 2465 dia-

539 2499 696 2554 bolus
727 2497 996 2567 vulnerat,
1037 2500 1246 2572 sagitta:
1277 2501 1490 2556 Domini
1535 2503 1824 2556 vulnerare
1867 2503 2134 2559 dicantur.

541 2591 745 2662 Nempe
771 2593 850 2648 sic
874 2593 1122 2664 legimus,
1150 2595 1292 2664 quod
1333 2609 1454 2648 cum
1485 2596 1536 2648 in
1567 2593 1798 2650 concilio
1823 2595 2138 2666 angelorum

541 2697 788 2740 sanetum
813 2685 918 2742 Job
943 2687 1222 2742 servulum
1255 2701 1412 2742 suum
1453 2687 1710 2744 Dominus
1747 2699 2045 2744 conversus
2069 2691 2138 2748 ad

541 2779 820 2836 diabolum
863 2781 1182 2852 praedicaret
1211 2779 1354 2854 (Job,
1383 2795 1434 2848 ι,
1463 2781 1496 2836 8
1535 2791 1584 2834 et
1611 2783 1782 2852 seq.):
1815 2791 2140 2840 utnreretnr

551 2873 790 2940 invidus,
837 2883 891 2928 et
937 2873 1156 2928 humani
1191 2873 1406 2944 generis
1451 2874 1795 2930 adversarius
1819 2874 1964 2947 (laus
1993 2877 2136 2932 enim

541 2966 814 3022 interioris
857 2967 1176 3022 substantias
1221 2967 1345 3030 viri,
1381 2976 1406 3004 ιι
1435 2969 1820 3023 condemnatio
1867 2969 1986 3039 ejus
2031 2977 2136 3036 est,

535 3063 624 3131 qui
654 3061 722 3116 de
751 3073 894 3116 statu
925 3063 1208 3131 superiore
1233 3061 1475 3130 dejectus
1507 3059 1614 3130 est)
1643 3061 1988 3131 responderit
2013 3061 2136 3115 dia«

2239 1859 2707 1929 cogitationesque
2745 1857 3044 1914 manifeste
3073 1871 3232 1913 sunt:
3283 1876 3388 1914 nec
3433 1861 3552 1914 ulla
3593 1871 3816 1928 postrema

2239 1959 2322 2006 est
2348 1963 2631 2018 creatura,
2669 1961 2724 2006 ut
2751 1951 3034 2022 Scriptura
3063 1951 3192 2007 dicit
3225 1951 3392 2024 (Ileb.
3427 1969 3516 2016 tv,
3561 1953 3640 2006 12
3675 1965 3714 2006 et
3739 1955 3812 2010 lii.

2237 2061 2356 2116 quae
2387 2063 2446 2102 se
2473 2061 2499 2100 a
2533 2047 2844 2117 cognitione
2867 2047 2986 2116 ejus
3013 2045 3333 2102 abscondat.
3371 2045 3532 2117 Ergo
3561 2047 3810 2102 γεηὼὲεὲ

2237 2139 2440 2202 omnia,
2473 2149 2529 2193 ut
2555 2141 2776 2194 verbum
2811 2153 3076 2208 cmamus,
3113 2141 3404 2212 ipsumque
3429 2143 3491 2194 in
3527 2141 3732 2196 nostris
3751 2147 3804 2195 τίν

2239 2229 2452 2287 ceribus
2481 2231 2866 2287 rccundamus.

2309 2325 2396 2380 25.
2441 2325 2560 2394 Ipse
2601 2337 2876 2394 postremo
2907 2325 3157 2381 diabolus
3187 2326 3542 2396 testificatur,
3581 2329 3716 2398 quia
3747 2349 3778 2380 ει

2239 2421 2326 2474 nia
2354 2417 2444 2472 dat
2465 2417 2625 2472 homo
2651 2433 2770 2488 qum
2801 2415 2962 2474 habet
2993 2433 3090 2489 pro
3122 2419 3299 2474 anima
3329 2433 3454 2482 sua,
3485 2435 3600 2475 nec
3649 2421 3774 2490 diga:

2239 2513 2370 2566 illud
2420 2513 2648 2582 pretium
2709 2513 2872 2567 totius
2929 2513 3240 2582 patrimonii
3301 2529 3403 2582 pro
3477 2515 3790 2580 redemptae

2242 2605 2400 2660 unius
2449 2605 2648 2660 animae
2689 2605 3002 2660 confitetur.
3033 2605 3172 2673 Quid
3199 2607 3478 2676 parcimus
3509 2609 3800 2676 patrittma-e.

2240 2697 2384 2768 quod
2413 2701 2466 2752 et
2493 2699 2608 2768 ipse
2643 2699 2889 2753 diabolus
2915 2697 3022 2753 vile
3051 2697 3254 2768 judlcat
3287 2715 3391 2769 pro
3419 2699 3634 2756 salute.
3671 2699 3800 2755 Parias

2239 2791 2348 2846 dixi
2399 2805 2495 2860 pro
2534 2791 2738 2858 salute,
2781 2805 2971 2861 parum
3005 2805 3126 2846 esse
3163 2803 3210 2846 et
3247 2807 3346 2862 pro
3369 2807 3576 2848 errore
3619 2803 3799 2846 testatas.

2245 2885 2522 2954 Denique,
2553 2887 2660 2940 fama
2689 2887 2888 2951 omnia,
2919 2887 3094 2954 inquit
3115 2929 3128 2950 ,
3171 2886 3258 2940 tibi
3305 2885 3468 2954 dabo,
3507 2889 3558 2942 si
3601 2891 3798 2960 prodam

2241 2977 2536 3035 ador-atteri:
2584 2995 2664 3031 me
2713 2977 2928 3050 (Matth.
2969 2995 3040 3045 tv,
3091 2977 3169 3051 9).
3240 2977 3354 3034 Nec
3407 2979 3602 3034 solum
3649 2981 3795 3034 diritas

2243 3069 2454 3132 mundi,
2494 3071 2590 3124 sed
2634 3071 2796 3126 etiam
2845 3071 3078 3127 [tonores
3127 3083 3180 3124 et
3209 3087 3372 3141 regna
3417 3071 3792 3128 “IOliSlrilt'ii.Si

541 3155 728 3222 bolus,
763 3157 884 3226 quia
917 3169 1025 3210 non
1074 3155 1244 3226 gratis
1287 3153 1390 3209 Job
1423 3155 1710 3210 Dominum
1756 3169 2136 3220 veneraretur,
2169 3173 2213 3236 ρ
2247 3173 2394 3217 tanta
2423 3171 2667 3226 constat,
2699 3175 2758 3218 ut
2783 3163 3030 3218 diabolus
3061 3165 3351 3229 adoretur;
3383 3177 3654 3234 quantum
3675 3165 3788 3218 Chris-

540 3251 630 3320 qui
659 3259 790 3302 nutu
823 3249 920 3302 Dei
951 3247 1206 3302 omnibus
1236 3248 1554 3304 abundaret.
1589 3247 1697 3304 Sed
1743 3251 1906 3314 mitte,
1937 3250 2135 3318 inquit,

543 3359 750 3397 manum
791 3353 955 3409 tuam,
1003 3353 1050 3397 et
1089 3353 1241 3414 tange
1281 3345 1454 3396 omnia
1498 3355 1612 3414 (tua?
1657 3344 1852 3398 habet:
1881 3347 2142 3400 videmnus

541 3437 585 3490 si
617 3451 718 3490 non
745 3437 798 3490 in
825 3438 1011 3508 faciem
1035 3447 1082 3491 te
1106 3436 1370 3492 benedic‘at
1397 3436 1536 3509 (Job.
1562 3453 1608 3500 ι,
1645 3437 1758 3510 ll).
1787 3439 1852 3492 Et
1883 3440 2022 3494 Deus
2049 3457 2144 3507 po—

544 3537 794 3584 testatem
825 3528 972 3583 dedit
999 3529 1240 3591 diabolo,
1287 3539 1345 3584 ut
1385 3531 1625 3584 mitteret
1656 3545 1872 3585 manum
1903 3545 2054 3585 suam
2087 3533 2142 3586 in

544 3625 728 3680 omnia
757 3639 876 3694 qua:
907 3624 1136 3680 haberet
1162 3624 1284 3680 Job.
1315 3625 1520 3692 Quibus
1551 3625 1742 3693 gestis,
1773 3641 1893 3680 cum
1926 3633 2144 3680 sanctus

541 3719 646 3775 Job
693 3717 983 3774 immobilis
1025 3719 1077 3772 itt
1124 3733 1220 3773 sua
1269 3717 1584 3772 fortitudine
1613 3727 1988 3788 permaneret;
2019 3720 2142 3788 quia

542 3831 650 3872 non
690 3825 774 3872 est
803 3825 982 3872 motus
1004 3816 1106 3872 Job
1137 3825 1228 3871 aut
1259 3815 1480 3870 interitu
1513 3817 1772 3880 ﬁliorum,
1805 3827 1898 3872 aut
1929 3817 2144 3889 dispen-

545 3911 635 3966 dio
663 3909 976 3965 facultatum
1013 3927 1026 3962 :
1059 3911 1254 3964 iterum
1295 3909 1555 3963 Dominus
1581 3910 1647 3964 ad
1680 3909 1953 3963 diabolum
1983 3909 2140 3974 dixit,

551 4003 782 4058 illudens
797 4006 867 4068 ei,
883 4001 1028 4073 quod
1047 4003 1363 4072 dissipasset
1385 4003 1564 4056 omnia
1588 4017 1707 4073 quze
1729 4001 1988 4056 habuerat
2018 4001 2140 4068 Job,

549 4097 690 4152 ﬁlios
727 4095 845 4166 ejus
891 4097 1287 4163 interemisset;
1337 4095 1514 4166 ipsum
1567 4105 1746 4151 tamen
1803 4111 2141 4166 nequaquam

545 4203 764 4246 movere
789 4191 858 4245 de
881 4191 1097 4245 virtutis
1123 4191 1358 4244 statione
1381 4189 1662 4260 potuisset.
1695 4189 1760 4245 Et
1789 4191 1880 4244 ille
1909 4205 2144 4260 reSpon-

544 4283 621 4336 dit
661 4300 672 4334 :
711 4281 1058 4354 Qua’cumqae
1103 4282 1250 4336 habet
1295 4283 1466 4350 homo,
1514 4297 1606 4353 pro
1647 4285 1822 4335 animo
1851 4299 1944 4337 sua
1974 4283 2142 4337 dabit.

552 4375 660 4430 Sed
691 4377 855 4438 mitte,
902 4373 1096 4444 inquit,
1127 4389 1338 4428 manum
1370 4385 1532 4442 tuam,
1577 4384 1624 4427 et
1654 4383 1808 4445 tange
1847 4389 2051 4428 carnem
2096 4383 2146 4428 et

545 4475 664 4522 ossa
689 4469 802 4539 ejus
845 4465 968 4540 (Job
996 4481 1032 4521 tt
1053 4507 1068 4531 ,
1099 4467 1131 4521 4
1157 4475 1208 4521 et
1226 4465 1308 4538 5).
1342 4465 1409 4522 Et
1436 4467 1645 4537 accepit
1681 4468 1876 4522 iterum
1907 4475 2146 4536 potesta~

2243 3257 2424 3310 tiauus
2471 3255 2631 3311 debet
2672 3255 2890 3318 offerre.
2931 3265 2988 3312 tit
3028 3274 3148 3312 cum
3197 3257 3424 3312 Christo
3467 3259 3782 3314 resrtscitrtst’

2243 3347 2348 3402 Sed
2401 3349 2674 3403 diabolum
2729 3349 3064 3406 dimittamus
3113 3353 3265 3421 quasi
3325 3351 3554 3406 hircum
3613 3351 3768 3406 emisit-

2245 3442 2326 3496 nis
2371 3443 2422 3494 in
2475 3441 2784 3506 desertum;
2839 3459 3014 3513 neque
3052 3445 3196 3498 enim
3249 3441 3428 3498 lidelis
3486 3451 3768 3501 asserta-st

2243 3535 2516 3600 veritatis;
2547 3535 2646 3590 etsi
2688 3537 2978 3608 aliquando
3021 3531 3371 3608 transﬁgurat
3403 3551 3468 3593 se
3507 3539 3566 3593 in
3613 3537 3776 3608 angusta

2245 3627 2402 3682 lucis.

2315 3715 2404 3776 24.
2446 3719 2734 3776 Abundant
2757 3721 2912 3776 nobis
2941 3719 3242 3776 divinarum
3275 3721 3600 3778 testimonia
3629 3725 3788 3792 scriptu-

2247 3829 2458 3880 rarum,
2489 3813 2684 3879 quibus
2713 3815 3040 3869 instruimur
3079 3815 3208 3869 nihil
3235 3830 3356 3871 esse
3393 3815 3448 3870 in
3487 3817 3698 3872 homine
3719 3829 3790 3884 pte-

2247 3906 2436 3959 tiosius
2463 3905 2566 3961 llde
2585 3947 2600 3972 ,
2624 3905 2832 3960 nullum
2859 3917 3066 3962 tantum
3107 3923 3227 3962 esse
3261 3909 3672 3977 patrimonium,
3701 3906 3790 3972 iile

2245 3998 2436 4052 salutis
2479 4007 2698 4072 nostne
2721 4009 2882 4069 atque
2919 4003 3114 4054 animat
3144 4001 3318 4070 pretio
3353 4001 3680 4057 conteratur.
3707 4001 3792 4056 Fate
3887 4035 3889 4054 ι

2247 4091 2520 4146 Abraham
2555 4093 2784 4162 patriam
2811 4107 2964 4148 suam
2991 4093 3211 4163 reliquit
3245 4093 3400 4164 (Gen.
3438 4111 3538 4159 xu,
3569 4095 3602 4148 4
3629 4093 3791 4163 eheu).
3887 4077 3891 4151 ξ

2247 4193 2301 4238 et
2345 4193 2542 4238 terram
2565 4227 2577 4248 ,
2609 4195 2660 4238 et
2701 4187 2975 4254 proximos
3005 4185 3167 4240 etiam
3197 4197 3336 4256 quos
3363 4185 3622 4252 videbat,
3643 4199 3690 4243 et
3711 4203 3790 4242 cum
3885 4207 3887 4256 ς

2246 4291 2406 4346 quem
2437 4292 2542 4330 non
2577 4277 2826 4344 videbat,
2859 4285 3110 4348 tanquam
3155 4279 3465 4348 adspiciens
3507 4282 3789 4351 sequebatur.
3887 4302 3889 4304 -

2249 4371 2460 4441 Moyses
2483 4385 2700 4441 quoque
2726 4371 2921 4424 animm
2964 4387 3078 4426 sute
3114 4373 3348 4440 pretium
3395 4374 3572 4442 majus
3600 4371 3792 4428 omnibus

2247 4462 2463 4534 Egypti
2517 4464 2722 4518 divitiis
2775 4467 3060 4520 :estimavit
3091 4465 3287 4536 (Hebr.
3319 4479 3394 4530 xt,
3421 4467 3553 4536 26).
3597 4467 3716 4536 Quid
3749 4467 3792 4517 de

545 4571 678 4627 tem,
707 4571 766 4617 ut
793 4561 1032 4617 mitteret
1059 4573 1274 4616 manum
1299 4579 1448 4616 suam
1483 4565 1533 4618 in
1562 4575 1761 4632 corpus
1783 4564 1899 4632 ejus
1923 4579 1936 4630 ;
1964 4573 2141 4618 tamen
2169 4563 2226 4624 D
2248 4557 2381 4610 Viris
2405 4557 2729 4611 S'lb'imiblls
2761 4557 2986 4626 ιοειυειττ
3006 4557 3200 4614 Bahal)
3238 4561 3497 4614 ωθτθῑΐῑκ
3525 4555 3790 4627 (Ῐσεειειιιλ

549 4661 608 4710 ut
637 4655 871 4711 animam
899 4655 1072 4726 ipsius
1106 4655 1424 4710 custodiret.
1475 4655 1539 4710 Et
1591 4655 1824 4725 perludlt
1869 4657 2144 4712 ulceribus

546 4757 792 4804 sanctum
821 4745 924 4802 Job
945 4746 1070 4817 (.Iob
1093 4761 1180 4802 χιχ
1203 4789 1217 4812 ,
1247 4747 1365 4819 21),
1395 4749 1480 4804 ubi
1513 4757 1596 4803 est
1623 4757 1876 4819 egressus
1904 4763 1930 4802 a
1959 4747 2144 4804 Domi-

553 4855 646 4895 no.
689 4839 1036 4895 Advenimus
1063 4855 1194 4912 ergo
1225 4841 1368 4912 quod
1419 4857 1609 4896 manus
1653 4843 1862 4897 Domini
1909 4837 2141 4908 dicatur,

555 4933 642 4988 ubi
670 4943 754 4988 est
785 4933 1039 4994 hominis.
1083 4933 1302 4989 diabolo
1333 4933 1646 5003 infestante,
1671 4937 1918 4990 tentatio.
1969 4933 2146 5005 Siqui-

550 5026 672 5082 dem
697 5035 751 5080 et
775 5025 878 5082 Job
901 5041 1116 5082 manum
1151 5027 1362 5082 Dnmini
1395 5027 1532 5082 dixit.
1567 5043 1688 5084 esse
1717 5043 1836 5099 qure
1859 5045 1922 5084 se
1951 5027 2146 5098 tetige-

559 5119 630 5173 rit
657 5117 778 5191 (Job
803 5135 924 5184 XVI,
955 5118 1067 5191 12),
1100 5130 1155 5174 et
1181 5121 1405 5191 sagittas
1438 5120 1646 5175 Domini
1676 5137 1798 5175 esse
1829 5122 2146 5175 memoravit

559 5215 783 5286 sagittas
819 5215 1133 5284 piratarum.
1166 5213 1234 5268 Et
1271 5211 1504 5280 tradidit,
1537 5213 1734 5284 inquit,
1781 5231 1859 5268 me
1887 5215 1938 5268 in
1968 5231 2149 5268 manus

555 5309 736 5376 injuui
762 5307 927 5378 (Ibid.
955 5348 971 5372 ,
1000 5307 1113 5378 Μ).
1143 5308 1264 5377 ipse
1291 5309 1472 5380 itaque
1513 5309 1538 5347 ι’
1583 5309 1839 5375 absolvit,
1873 5311 1996 5378 quia
2027 5325 2147 5364 cum

553 5401 800 5456 diabolus
831 5399 1100 5468 vulnerat,
1143 5401 1354 5457 Domini
1398 5411 1524 5458 sntit
1565 5401 1797 5472 sagittae,
1843 5402 1936 5472 qui
1967 5403 2150 5458 vulne-

634 5571 661 5601 ⁸
681 5562 842 5618 Rom.
870 5561 999 5616 edit.
1031 5562 1342 5618 detraxerat
1371 5564 1468 5620 has
1491 5580 1674 5628 voces,
1709 5565 2010 5619 substantiae
2031 5565 2144 5619 viri.

559 5633 684 5707 Non
706 5635 836 5707 satis
862 5633 1144 5707 consulte;
1169 5649 1273 5707 inec
1302 5637 1442 5689 enim
1469 5635 1554 5691 hic
1578 5638 1822 5707 signatur
1850 5637 2015 5698 aliud,
2045 5639 2147 5691 nisi

565 5705 778 5762 laudem
814 5705 912 5760 Job
939 5705 1066 5765 viri.
1095 5706 1250 5775 cujus
1274 5717 1393 5762 erat
1421 5705 1715 5772 substantia
1747 5723 1809 5766 ac
1853 5717 2039 5762 natura
2073 5709 2152 5762 iu-

560 5779 746 5858 terior,
777 5793 937 5855 quam
970 5777 1268 5851 substantia
1297 5793 1360 5842 ac
1387 5790 1576 5840 natura
1600 5781 1884 5850 dannonis,
1910 5781 2152 5856 ejusdem

871 6343 894 6352 ε-
909 6341 998 6352 ιμι-μ.
1007 6337 1146 6350 nua-unr-
1153 6341 1158 6344 -
1165 6337 1384 6348 _—-———'—

2249 4580 2381 4610 Vlrls
2405 4580 2729 4611 Sllmlllllmls
2763 4580 2984 4626 loqu:er
3007 4580 3200 4614 nulla”
3238 4580 3497 4614 meretrix
3709 4580 3748 4618 ΙΙ,
3769 4580 3790 4610 ΑΙ
3885 4580 3889 4662 1

2247 4659 2298 4706 et
2337 4649 2471 4722 seq.)
2524 4651 2822 4722 alienigena
2873 4651 2961 4707 illa
3011 4654 3080 4708 de
3133 4651 3355 4717 sa'culo,
3391 4661 3570 4710 tatnen
3609 4655 3790 4709 animant
3861 4637 3889 4690 ¹ι

2247 4757 2398 4798 suam
2449 4757 2554 4797 non
2595 4743 2772 4797 solum
2817 4753 3132 4815 contemptu
3159 4747 3399 4799 omnium
3439 4763 3557 4816 qua:
3593 4745 3786 4808 habebat,

2250 4836 2344 4891 sed
2371 4827 2534 4891 etiam
2576 4837 2697 4890 vitae
2738 4837 2992 4905 peric‘ulis
3021 4837 3227 4907 putavit
3265 4851 3388 4892 esse
3437 4835 3786 4892 redimendam:
3885 4851 3889 4959 Ι

2253 4945 2370 4959 ιιι-..ιη
2395 4930 2767 4959 η-ηιηιιιιιηιιιιιι
2805 4929 2922 4959 hun-
2951 4927 3096 4959 ωτι-η.
3119 4929 3326 4959 Λῖινῖιιηο
3354 4929 3466 4959 cui.
3489 4929 3786 4959 ...ιη-ι-ηιιιίιιιιρ

2249 4945 2370 5000 quze
2394 4930 2770 5000 exploratores
2797 4929 2923 4984 Jesu
2951 4927 3096 4984 Nave
3117 4929 3329 4985 civibus
3354 4929 3467 4983 suis
3487 4929 3786 4999 querentibus
3885 4927 3887 4990 ε

2252 5025 2568 5096 denegavit;
2601 5033 2655 5079 et
2687 5029 2872 5080 hostes
2897 5025 3104 5094 pati-ire,
3129 5025 3335 5096 legatos
3361 5035 3538 5079 tamen
3567 5023 3686 5088 lidei,
3705 5037 3782 5076 ma-

2250 5120 2354 5174 luit
2377 5121 2654 5175 occuitare
2677 5135 2837 5191 quam
2871 5120 3121 5189 prodere.
3143 5120 3260 5174 Non
3291 5135 3409 5175 eant
3441 5121 3590 5174 mina-
3612 5120 3776 5178 civium,

2254 5227 2358 5267 non
2413 5213 2679 5268 bellorum
2733 5211 3000 5283 pericula,
3047 5229 3150 5268 non
3204 5211 3450 5268 incendia
3499 5211 3774 5282 patriorum

2255 5323 2476 5364 suorum
2540 5309 2855 5362 discrimina
2919 5316 3250 5362 terruerunt.
3309 5305 3466 5360 Disce
3519 5307 3616 5366 vir.
3669 5301 3774 5358 diste

2253 5399 2600 5469 Christiane,
2640 5399 2916 5470 quomodo
2961 5413 3145 5454 verum
3193 5395 3378 5453 Jesum
3427 5401 3570 5467 sequi
3601 5393 3768 5452 debeas;

2253 5567 2517 5626 daemonis
2546 5585 2666 5626 esse
2691 5567 3222 5624 condemnationem.

2337 5637 2364 5678 1’
2405 5641 2655 5706 Absolvit,
2693 5642 2742 5696 id
2776 5651 2876 5698 est.
2914 5639 3182 5694 roucludil
3215 5635 3520 5706 acevincil.

2333 5723 2356 5750 ε
2401 5711 2527 5792 Mss.
2563 5713 2815 5786 aliqttnt.,
2850 5713 3033 5784 Anima
3057 5711 3172 5786 ipsa
3200 5707 3462 5782 dividitur.
