4008 6352
49 364 238 422 tota
943 418 951 432 ,
1277 376 1340 432 IN
1382 369 1705 432 PSALMUll
1749 365 1992 434 xXxvn
2034 373 2457 436 ENARRATIO.
3367 367 3506 424 tot”!

52 487 356 592 «iurando
420 489 678 547 femina
728 497 1054 566 contempsit
1078 497 1255 550 (itania
1295 508 1423 563 sua,
1454 499 1509 550 et
1537 491 1723 550 Iesum
1751 499 1804 548 ιιι

1925 502 2015 563 :ur,
2048 497 2318 568 ignoscit;
2349 495 2450 554 etsi
2480 499 2732 569 percutit,
2764 493 2948 559 satiat;
2968 491 3071 550 ctsl
3102 489 3261 547 tradit
3293 491 3344 545 iu
3375 485 3514 544 inte-

64 579 306 649 ﬁgura
339 595 634 655 promer
655 589 1065 646 similitudinem
1080 589 1313 646 nominis
1332 597 1417 644 est
1431 598 1635 645 secuta.
1656 587 1816 644 Unde
1914 590 2074 644 ritum
2105 599 2347 657 Carnem,
2372 591 2620 661 spiritum
2651 589 2840 645 saIVat.
2871 584 2990 643 Noli
3016 593 3144 656 ergo
3178 583 3369 638 lintere
3391 593 3512 638 car-

65 674 432 776 Pl‘aeclare
500 679 785 736 Salomon
847 682 1032 737 dixit:
1073 682 1275 737 Divitias
1332 683 1464 745 tiri,
1529 680 1813 750 redemptio

1925 683 1997 737 nis
2023 684 2421 752 inﬁrmitatem;
2443 685 2565 756 quia
2591 694 2808 738 sanctus
2834 693 2954 737 cum
2981 677 3301 745 inlirmatur,
3324 685 3513 748 poten-

77 773 336 821 animm
402 773 555 843 ejus
613 773 809 842 (Prae.
853 791 980 840 xm,
1017 773 1095 847 8).
1143 775 1369 829 Redime
1409 789 1539 843 ergo
1575 774 1812 827 animum
1913 778 2018 832 tior
2043 789 2147 833 est.

354 861 540 918 Vilis
592 874 673 921 εει
699 869 960 960 Manilia.
991 868 1087 923 δεΞά
1134 867 1191 922 ﬁt
1223 869 1458 960 Pretiosa
1490 879 1590 937 per
1616 866 1812 960 ﬁdem:
1983 861 2073 924 21.
2119 871 2257 939 Quid
2287 875 2468 927 autem
2500 881 2582 928 est
2611 869 2754 944 quod
2786 870 2898 926 ait:
2931 861 3055 924 Nan
3083 875 3156 924 est
3178 877 3282 942 paa':
3311 859 3512 921 ossibus

81 951 250 1052 vilis
275 961 390 1008 est
427 971 596 1012 cum
619 959 896 1025 conditur,
924 961 1156 1029 pretiosa
1187 975 1310 1015 cum
1341 959 1702 1030 diSpergitur;
1732 957 1812 1014 sic

1925 965 2038 1018 rnels
2059 979 2092 1018 ιι
2123 965 2255 1032 facie
2274 973 2595 1034 peccatorum
2624 964 2894 1019 mearum?
2919 963 3050 1031 Qua”:
3077 969 3200 1015 sunt
3232 955 3332 1014 ista
3356 969 3512 1024 ossa;

89 1049 280 1142 enirn
351 1049 670 1142 scriptum
707 1061 829 1107 est:
861 1050 1139 1122 Dispersit,
1173 1052 1313 1108 dedit
1342 1053 1651 1122 pauperibus
1678 1067 1698 1106 :
1716 1055 1812 1120 ju-

1925 1065 2092 1111 tttrum
2121 1057 2332 1121 animae,
2366 1072 2433 1111 an
2465 1055 2744 1126 corporis?
2773 1049 2880 1111 Sed
2910 1071 3014 1109 non
3050 1064 3196 1108 tanta
3231 1063 3374 1107 esset
3405 1051 3502 1106 do—

95 1139 282 1242 stitit:
320 1139 469 1209 ejus
508 1151 698 1194 manet
727 1142 779 1195 in
801 1143 1047 1198 scecttlunt
1068 1145 1243 1198 swauli
1279 1143 1446 1216 (Ptol.
1476 1159 1594 1206 cxi,
1625 1143 1703 1214 9).

1925 1151 2044 1212 bris
2069 1163 2194 1204 cura
2221 1150 2466 1220 eorporel
2485 1193 2499 1215 ,
2523 1151 2609 1207 ubi
2638 1163 2692 1205 et
2713 1154 2889 1204 anima
2927 1150 3166 1214 laborat;
3197 1155 3317 1203 eum
3337 1147 3511 1202 saneti

188 1227 311 1284 25.
369 1230 444 1285 Si
503 1233 684 1302 igitur
725 1235 849 1289 talis
887 1236 1087 1301 tueris,
1121 1247 1148 1274 ιι
1175 1247 1234 1292 ut
1267 1238 1440 1306 possis
1463 1246 1816 1293 contemnere
1913 1247 1983 1301 sit
2013 1245 2152 1301 velle
2177 1255 2394 1299 carnem
2428 1249 2648 1313 propter
2674 1244 2910 1298 animam
2941 1234 3228 1312 ﬂagellari;
3266 1241 3406 1295 sicut
3448 1253 3510 1294 se

100 1334 238 1374 “0"
277 1321 509 1428 5.01")".
548 1329 737 1381 omnia
771 1329 1011 1392 "19:5th
1041 1331 1204 1384 etiam
1233 1330 1400 1399 ipsum
1421 1346 1640 1385 carnem
1664 1341 1812 1386 luam
1914 1339 2224 1408 flagellabat
2252 1347 2303 1393 et
2335 1336 2529 1392 Paulus
2549 1380 2564 1404 ,
2596 1351 2664 1392 ne
2691 1337 2806 1406 ejus
2837 1336 3221 1405 reprobaretur
3257 1333 3512 1390 assertio.

112 1428 234 1480 pro
286 1421 554 1483 justitia
576 1462 592 1486 ,
628 1433 732 1489 qua
773 1421 922 1476 nulla
964 1432 1144 1490 potest
1183 1424 1504 1494 locupletior
1534 1439 1656 1479 esse
1685 1437 1813 1494 pos-

1925 1431 2314 1500 5uutqttazdam
2347 1428 2622 1485 interioris
2651 1442 2776 1483 ossa
2807 1425 3060 1493 hominis,
3092 1426 3232 1482 sicut
3261 1433 3314 1481 et
3339 1439 3512 1480 mem-

109 1509 328 1615 s-esﬁo
361 1509 731 1615 (possessio
757 1516 900 1570 enim
938 1519 1206 1588 pretiosa,
1238 1518 1402 1573 homo
1431 1517 1686 1589 mundus)
1710 1519 1814 1574 etsi
1914 1525 2008 1580 bra
2049 1531 2174 1580 sunt
2199 1534 2428 1588 ctetera,
2471 1520 2614 1577 oculi
2668 1520 2896 1586 mentis,
2927 1527 2980 1574 et
3019 1528 3213 1584 nares;
3242 1519 3381 1574 sicut
3411 1515 3512 1572 loli

116 1602 397 1658 ﬂutttina
437 1616 502 1661 te
543 1609 834 1678 superiora
865 1610 1268 1674 cetteluserint.
1292 1613 1511 1668 transis.
1543 1612 1676 1666 Nam
1707 1612 1813 1668 etsi

1925 1617 2048 1672 dixit
2079 1631 2092 1670 :
2126 1616 2352 1686 Spiritus
2382 1614 2586 1670 divinus
2628 1615 2716 1686 qui
2761 1617 2835 1668 est
2869 1615 2922 1667 in
2961 1611 3170 1666 naribus
3225 1611 3346 1668 meis
3365 1608 3507 1683 (Job.

117 1695 386 1750 dederit
446 1700 715 1755 tentandi
765 1701 838 1756 tui
895 1703 1158 1757 Dominus
1204 1714 1563 1774 potestatem,
1593 1704 1812 1759 mandat
1914 1709 2327 1778 xxvtt,5).Suut
2347 1722 2476 1778 ergo
2505 1713 2557 1761 et
2587 1719 2730 1770 ossa,
2757 1703 3243 1776 quibuscltaritatis
3263 1703 3507 1774 quaedam

129 1802 347 1846 tamen
376 1793 635 1850 diabolo
652 1806 709 1850 ut
729 1797 962 1851 animam
987 1806 1131 1854 tuam
1156 1798 1276 1866 ipse
1296 1799 1814 1863 custodiat;secun-
1911 1817 2176 1872 compago
2225 1802 2508 1858 formatur.
2537 1799 2693 1856 Unde
2715 1810 2768 1854 et
2791 1798 2959 1853 Adam
2999 1795 3144 1853 dixit
3170 1789 3236 1852 de
3257 1807 3512 1851 consorte

127 1886 284 1941 dum
310 1889 489 1958 quod
532 1892 802 1960 scriptum
833 1901 956 1948 est:
984 1890 1052 1946 Ut
1085 1895 1324 1947 destruas
1346 1893 1614 1946 inimicum
1639 1904 1688 1946 et
1711 1892 1799 1946 (ιε-
1839 1901 1886 1967 Β
1913 1897 2217 1960 cltarltatis,
2262 1899 2314 1950 et
2341 1889 2625 1948 coherede
2645 1893 2832 1964 gratim
2863 1891 2986 1946 vita:
3019 1909 3033 1945 :
3071 1889 3185 1944 Hoc
3210 1905 3343 1945 nunc
3371 1907 3426 1943 os
3448 1885 3514 1945 de

137 1981 443 2050 [anserem
479 1980 500 2052 (
524 1979 678 2038 Psal.
708 1998 800 2037 vut
823 2023 839 2048 ,
868 1981 958 2056 3);
987 1991 1166 2038 teutat
1183 1985 1326 2040 enim
1357 1994 1412 2039 ut
1437 1986 1810 2049 adversarius,

1925 1989 2106 2044 assibus
2136 1987 2278 2051 meis,
2314 1995 2360 2042 et
2387 2001 2507 2041 caro
2529 1987 2592 2040 de
2620 1999 2774 2040 carne
2805 2003 2914 2039 utea
2945 1986 3098 2056 (Gen.
3123 1999 3182 2050 tt,
3211 1985 3324 2055 23).
3358 1983 3512 2051 Quod

138 2073 429 2128 defendit
467 2085 535 2130 ut
570 2091 780 2130 servus.
814 2076 1087 2146 Scriptum
1125 2086 1210 2131 est
1244 2077 1388 2131 enim
1422 2075 1530 2130 :Et
1567 2077 1692 2131 volet
1720 2075 1812 2131 tibi
1909 2082 2202 2151 Apostolus
2250 2081 2641 2149 interpretatus
2667 2079 2744 2132 ait
2776 2097 2788 2132 :
2823 2076 3217 2134 Sacramentum
3261 2077 3359 2131 hoc
3403 2095 3512 2131 rna-

145 2171 517 2221 unicormtus
555 2171 743 2223 seruire
767 2167 914 2238 (Job.
948 2184 1118 2226 xxxnt
1140 2203 1154 2231 .
1183 2166 1262 2240 9).
1289 2169 1470 2224 Servit
1498 2170 1678 2232 enim,
1719 2169 1810 2238 qui
1909 2191 2065 2246 gnum
2093 2184 2164 2228 est
2197 2188 2214 2228 :
2243 2189 2337 2245 ego
2382 2181 2553 2227 autem
2608 2171 2723 2226 dico
2766 2171 2820 2225 in
2867 2167 3070 2224 Christo
3110 2181 3156 2223 et
3202 2167 3255 2223 in
3281 2167 3515 2224 Ecclesia

149 2275 278 2313 non
303 2275 376 2315 ex
405 2259 709 2315 voluntate
734 2275 829 2315 sua
859 2261 1003 2331 quod
1035 2271 1208 2330 optat,
1231 2260 1578 2331 exsequitur;
1611 2259 1706 2314 scd
1737 2276 1805 2314 cx

1925 2266 2131 2336 (Epiros.
2163 2279 2218 2330 ν,
2250 2265 2364 2336 32).
2389 2264 2586 2318 Christi
2617 2272 2798 2317 autem
2829 2269 2884 2316 et
2915 2261 3174 2316 Ecclesia:
3197 2271 3512 2316 sacramen-

154 2352 537 2408 necessitate
583 2353 852 2408 mandatis
889 2352 1267 2423 imperialibus
1308 2354 1506 2409 invitus
1531 2353 1812 2421 obtempe-
1912 2370 2023 2414 tum
2045 2371 2150 2412 non
2173 2357 2412 2423 carnale,
2439 2357 2533 2411 sed
2565 2356 2810 2426 spiritale
2837 2369 2957 2409 esse
2984 2357 3101 2424 quis
3127 2352 3363 2419 dubitet;
3388 2368 3512 2407 cum

156 2457 274 2499 rat.
315 2445 470 2501 Vide
507 2445 852 2502 altitudinem
881 2447 1118 2514 Christi,
1148 2447 1605 2517 quemadmodum
1633 2456 1809 2502 retur.
1912 2453 2086 2507 bonus
2124 2451 2353 2520 quisque
2383 2451 2434 2503 in
2460 2450 2575 2518 ipso
2603 2446 2853 2518 coniugio
2893 2459 2998 2501 non
3041 2447 3251 2512 carnis,
3280 2443 3375 2500 sed
3407 2447 3516 2499 vir-

165 2538 248 2591 sit
279 2538 341 2591 in
374 2538 672 2592 diabolum
704 2539 924 2594 malitiae
951 2554 1063 2594 sum
1090 2542 1344 2609 pretium.
1381 2539 1476 2595 Ille
1517 2555 1618 2594 nos
1642 2539 1806 2609 cogit,
1910 2543 2040 2598 tutis
2091 2542 2289 2595 decore
2346 2547 2632 2595 teneatur:
2663 2548 2716 2593 et
2767 2551 2946 2592 mores
2983 2537 3171 2607 diligat
3217 2535 3268 2590 in
3311 2551 3498 2604 uxore,

166 2632 328 2700 quod
356 2630 498 2686 odio
526 2632 807 2694 habemus,
841 2632 943 2686 hoc
965 2632 1177 2688 facere:
1206 2631 1328 2686 Non
1353 2634 1490 2686 enim
1513 2634 1650 2704 quod
1671 2634 1808 2696 volo,
1912 2649 2018 2689 non
2051 2635 2221 2688 usus?
2245 2633 2490 2703 Denique
2515 2632 2661 2697 audi,
2686 2631 2810 2702 quia
2840 2646 2944 2684 non
2970 2629 3266 2685 secundum
3289 2641 3509 2684 carnem

176 2723 281 2777 hoc
314 2740 449 2793 ago,
478 2732 540 2777 ιιι
570 2724 864 2792 Apostolus
901 2723 1059 2787 dixit,
1079 2723 1245 2796 836
1268 2725 1354 2778 sed
1375 2723 1511 2794 quod
1541 2726 1650 2790 odi,
1678 2725 1810 2779 illud
1910 2727 2170 2796 loquitur,
2211 2724 2306 2780 sed
2354 2724 2652 2780 secundum
2706 2724 2958 2777 virtutem
3001 2721 3311 2776 interiorem
3346 2737 3360 2774 :
3391 2717 3512 2772 Non

173 2819 328 2888 facio
360 2818 556 2889 (Rom.
586 2834 676 2884 vtt,
707 2818 817 2892 15).
846 2819 1086 2875 Retorsit
1131 2821 1184 2875 itt
1239 2819 1386 2874 illum
1425 2821 1711 2882 Dominus.
1755 2830 1812 2876 ut
1911 2831 1985 2876 est
2029 2821 2384 2874 absconditum
2427 2835 2485 2872 os
2535 2833 2734 2881 nicum,
2775 2817 2912 2888 quod
2941 2815 3107 2886 fecisti
3132 2815 3186 2868 in
3214 2811 3512 2868 abscondito

179 2920 242 2966 et
273 2913 402 2982 ipse
432 2913 762 2983 plerumque
806 2929 912 2968 non
956 2912 1120 2968 faciat
1158 2913 1302 2983 quod
1348 2913 1496 2980 vult;
1525 2913 1622 2968 sed
1665 2914 1811 2984 quod
1914 2912 2088 2986 (Psat.
2121 2927 2378 2978 cxxxvnt,
2410 2909 2523 2982 15).
2553 2910 2731 2963 Virtus
2760 2911 2939 2979 itaque
2971 2923 3077 2962 non
3108 2919 3235 2962 curo
3257 2915 3360 2969 cst,
3391 2919 3513 2975 qua:

181 3005 338 3068 odit,
374 3005 489 3060 hoc
537 3004 720 3059 iaciat.
765 3005 1006 3074 Denique
1048 3005 1283 3060 animam
1312 3021 1470 3076 quam
1501 3006 1808 3076 vultexpu-
1914 3006 2010 3061 Dei
2037 3004 2210 3059 Putris
2239 3001 2744 3058 uovitabscondita.

185 3115 392 3171 gnaro,
445 3099 705 3155 custodit.
744 3097 855 3155 Nos
882 3100 1250 3170 corruptelam
1275 3101 1455 3155 carnis
1483 3099 1811 3156 condemna-
1981 3101 2073 3156 28.
2116 3099 2257 3168 Ergo
2294 3114 2401 3152 non
2447 3106 2530 3152 est
2572 3112 2674 3166 pax
2705 3096 2901 3150 animus
2929 3086 3251 3156 virtutibus,
3291 3088 3508 3162 quando

191 3209 354 3261 mus,
396 3203 455 3247 et
509 3193 824 3261 sequimur;
867 3203 924 3248 ut
968 3193 1058 3248 illa
1108 3194 1266 3248 vidua
1312 3209 1433 3264 quae
1488 3194 1811 3264 promissam
1911 3203 2036 3248 ante
2056 3197 2241 3248 Oculos
2261 3193 2414 3248 nobis
2436 3201 2618 3246 nostra
2646 3199 2862 3261 peccata
2884 3197 3238 3255 concurrunt,
3261 3198 3314 3242 et
3337 3186 3512 3240 oﬂ'uu-

191 3287 400 3340 marito
435 3284 599 3338 [idem
631 3283 842 3339 irritam
871 3285 1033 3351 facit,
1075 3298 1129 3340 et
1182 3295 1369 3355 postea
1421 3287 1625 3342 nubere
1667 3288 1808 3355 vult,
1837 3299 1882 3362 ο
1913 3289 2044 3344 dunt
2071 3304 2129 3342 se
2159 3289 2428 3342 mentibus
2454 3286 2674 3340 nostris.
2721 3285 2781 3338 Et
2818 3284 2920 3338 hoc
2953 3285 3089 3336 bene
3121 3282 3510 3352 interpretatus

192 3379 346 3451 quod
378 3388 508 3435 ante
544 3379 777 3450 fugiebat
809 3379 866 3449 (l
900 3377 1033 3433 Tim.
1059 3396 1113 3443 v,
1139 3380 1257 3450 20).
1290 3379 1385 3435 Ille
1429 3381 1679 3436 inimicus
1728 3389 1814 3436 cst
1914 3391 1998 3438 est
2045 3382 2282 3451 gentium
2327 3380 2525 3435 Doctor
2571 3379 2775 3434 electus
2800 3421 2815 3446 ,
2847 3379 2899 3432 in
2925 3372 3152 3444 epistula
3182 3374 3415 3429 secunda
3444 3372 3512 3426 ad

195 3472 438 3536 sanctis,
473 3484 527 3524 et
560 3470 814 3526 defensor
843 3470 1153 3534 adhibetur,
1195 3489 1302 3542 quo
1347 3474 1580 3544 amplius
1625 3477 1814 3544 punia-
1912 3472 2224 3528 Corinthios
2261 3472 2446 3526 dicens
2479 3488 2491 3523 :
2530 3469 2664 3524 Nam
2696 3479 2744 3523 et
2772 3485 2889 3522 cum
2918 3468 3228 3522 venissemus
3254 3467 3308 3519 in
3339 3461 3515 3519 Mace-

201 3572 319 3628 tur;
347 3573 405 3617 ut
431 3577 630 3618 nocere
661 3579 766 3616 non
798 3564 1024 3630 audeat,
1057 3564 1146 3634 qui
1181 3580 1379 3619 nocere
1419 3565 1712 3624 desiderat.
1743 3566 1813 3622 Et

1925 3571 2142 3635 tertiam,
2174 3566 2373 3621 nullam
2399 3568 2626 3636 requiem
2657 3563 2829 3619 habuit
2850 3562 3012 3635 827
3042 3577 3162 3615 caro
3183 3570 3391 3624 nostra;
3421 3558 3513 3612 sed

200 3662 408 3724 quanto
439 3653 778 3709 tolerabilius
809 3662 899 3709 est
922 3670 1110 3710 amare
1143 3655 1369 3710 virtutes
1390 3695 1405 3722 ,
1438 3658 1541 3712 etsi
1585 3657 1812 3728 implore
1913 3665 1965 3717 in
1995 3663 2226 3718 erunibus
2249 3677 2425 3715 sumus
2452 3657 2682 3731 afﬂicti:
2710 3660 2838 3731 foris
2879 3669 3090 3728 pagina,
3119 3657 3257 3709 intus
3308 3655 3516 3706 timores

209 3763 318 3801 non
347 3748 548 3818 possis,
577 3763 738 3815 quant
773 3747 955 3803 odisse
982 3749 1234 3814 virtutes,
1258 3749 1454 3819 quibus
1484 3764 1681 3806 nocere
1702 3766 1811 3805 non
1918 3756 1982 3828 (ll
2007 3755 2125 3808 Cor.
2158 3770 2254 3819 vn,
2283 3753 2361 3825 5).
2395 3753 2549 3808 Illum
2571 3751 2923 3806 Macedonum
2952 3758 3170 3820 peccata
3216 3745 3514 3810 vexabant;

210 3837 408 3906 Ρυεδίε·
1915 3857 2117 3920 quanto
2162 3849 2333 3918 magis
2380 3847 2601 3917 pr0pria
2641 3857 3082 3914 unumquemque
3111 3851 3353 3920 nostrum
3389 3853 3508 3908 prn-

285 3929 377 3987 ‘26.
412 3927 594 4002 (Vers.
636 3929 728 4000 4.)
763 3928 886 3984 Νοιι
929 3940 1036 3998 est,
1083 3931 1286 4002 inquit,
1319 3935 1513 3988 sanitas
1557 3937 1612 3989 in
1664 3951 1813 3992 carne

1925 3913 2033 3996 cata
2059 3913 2404 4010 perturbant,
2440 3913 2499 3993 ut
2543 3939 2758 4006 requies
2790 3913 2944 3990 nobis
2975 3947 3098 3989 esse
3125 3913 3228 3987 non
3262 3931 3462 4000 possit?
3485 3929 3512 3968 h

214 4040 328 4077 mea
375 4040 406 4078 a
452 4022 595 4077 vultu
638 4024 730 4077 ira!
782 4032 902 4078 tum.
931 4024 1194 4094 Exposuit
1238 4027 1393 4081 nobis
1442 4028 1583 4082 hunc
1635 4028 1814 4082 locum
1917 4033 2145 4089 Gi-avior
2195 4033 2536 4087 adversarius
2590 4031 2746 4085 nobis
2797 4029 2958 4097 culpa
3005 4036 3089 4080 est
3137 4034 3348 4089 nostra,
3392 4039 3512 4093 qua:

221 4118 406 4172 Esaias
434 4132 446 4170 ε
477 4114 834 4182 Peccavimus,
867 4127 914 4169 ει
956 4127 1010 4170 ιιι
1036 4117 1199 4170 italus
1227 4134 1279 4172 εδ
1307 4119 1448 4173 ηοθὶε
1473 4117 1642 4190 (Emi.
1665 4135 1814 4187 LXIV.
1917 4129 2170 4184 sollicitat
2198 4129 2435 4191 otiosos,
2466 4125 2653 4196 afﬂigit
2681 4137 2873 4190 sanos,
2899 4123 3184 4178 contristat
3227 4121 3401 4184 laetos,
3434 4122 3515 4173 itt-

218 4211 296 4283 5).
328 4211 457 4280 Quis
486 4220 774 4268 esttamen
805 4211 899 4265 ira:
927 4210 1138 4266 Domini
1184 4211 1394 4268 vultus“!
1424 4213 1500 4267 Ne
1531 4213 1666 4268 forte
1687 4213 1813 4283 ille,

1925 4221 2122 4292 quietat
2151 4218 2416 4290 placidos,
2459 4218 2696 4288 exagitat
2717 4218 2896 4280 mites,
2929 4218 3132 4270 excitat
3157 4213 3514 4268 dormientes.

223 4306 342 4377 quia
373 4305 522 4362 Oculi
551 4302 766 4358 Domini
804 4320 961 4374 super
990 4305 1237 4373 facientes
1264 4307 1404 4360 mala
1425 4305 1598 4379 (Psal.
1623 4323 1813 4374 xxxttt.

1925 4313 2018 4369 ιιθι
2064 4327 2251 4367 sumus
2296 4311 2414 4365 sino
2467 4319 2778 4374 accusante,
2802 4309 2921 4362 sine
2951 4316 3159 4361 tortore
3185 4306 3515 4369 cruciatnnr,

225 4399 335 4469 t7).
362 4397 416 4453 Si
447 4397 590 4452 enim
620 4397 765 4452 oculi
792 4395 1007 4452 Domini
1044 4413 1208 4467 super
1239 4398 1450 4468 justos,
1475 4402 1748 4470 quomodo
1784 4415 1816 4456 δ

227 4492 367 4546 vultu
401 4489 496 4546 ira:
545 4489 642 4567 Dei
694 4489 1000 4544 inﬁrmatur
1049 4489 1356 4560 Propheta?
1392 4492 1543 4547 Unde
1583 4502 1639 4548 et
1687 4493 1815 4549 illud

228 4586 534 4649 considera,
567 4584 711 4654 quod
762 4586 878 4656 ipse
917 4584 1084 4639 David
1115 4586 1170 4639 in
1199 4587 1589 4654 posterioribus
1638 4587 1813 4644 dixit:

1918 4407 2040 4462 sine
2077 4405 2310 4461 vinculis
2349 4405 2722 4474 astringimur.
2750 4403 2869 4457 sine
2897 4401 3177 4456 venditare
3209 4399 3514 4455 vendimur.

1920 4500 2071 4556 Unde
2096 4510 2152 4555 et
2179 4499 2454 4567 Scriptum
2476 4496 2606 4551 dicit
2639 4516 2652 4550 :
2685 4494 2925 4551 Peccatis
2965 4496 3144 4550 vestris
3171 4495 3361 4548 uenditi
3393 4495 3516 4546 estis

1920 4592 2092 4667 (Esai.
2118 4609 2176 4656 t.,
2210 4593 2286 4660 t).
2320 4590 2446 4645 Haec
2483 4590 2644 4659 igitur
2689 4599 2907 4658 peccata
2960 4597 3118 4654 sunt,
3171 4603 3290 4656 ιιιιω
3330 4595 3520 4639 contra

235 4680 473 4746 Quoniam
503 4693 565 4732 ex
592 4677 825 4733 omnibus
877 4677 1284 4734 tribulationibus
1331 4681 1567 4752 eripuisti
1612 4698 1726 4746 me;
1767 4692 1813 4738 et

1925 4702 2020 4742 nos
2069 4699 2286 4754 semper
2333 4693 2492 4749 sunt;
2536 4692 2594 4738 ttt
2631 4683 2767 4738 dixit
2816 4682 3084 4752 Propheta
3117 4701 3130 4738 ε
3162 4679 3521 4734 Vendideram

231 4793 374 4847 super
409 4774 644 4830 inimicos
677 4790 815 4828 meos
853 4775 1080 4844 respexit
1118 4774 1297 4828 oculus
1325 4793 1467 4832 meus
1490 4775 1664 4848 (Psal.
1700 4793 1813 4845 ult,

235 4870 305 4941 9).
324 4868 470 4925 Sicut
493 4867 635 4922 enim
665 4867 802 4921 bona
829 4864 1100 4936 justorum
1121 4868 1366 4937 reSpicit;
1395 4870 1464 4921 ita
1489 4881 1542 4922 et
1569 4879 1819 4937 peccato-

236 4981 340 5018 rum
362 4962 566 5018 occulta
595 4959 976 5030 deprehendit.
1004 4959 1116 5014 Nisi
1148 4959 1287 5014 forte
1317 4963 1384 5014 ad
1415 4961 1689 5016 Christum
1715 4964 1817 5020 hoc

237 5057 454 5121 releras.
506 5053 597 5126 qui
648 5055 717 5110 ab
762 5055 1045 5119 otunibus,
1095 5069 1125 5107 a
1164 5053 1358 5123 quibus
1409 5056 1814 5125 conterebatur,

240 5161 438 5223 ereptus
458 5161 571 5215 est;
597 5152 812 5220 quando
835 5165 895 5206 se
915 5151 1067 5206 exuit
1092 5167 1120 5204 a
1149 5149 1346 5219 pupulo
1368 5149 1812 5222 Judmorum,’:qui

242 5261 347 5301 eum
373 5241 741 5314 frequentlbus
766 5243 1064 5314 scrilegiis
1088 5252 1140 5298 et
1165 5239 1493 5314 quotidianis
1527 5246 1815 5315 impietati-

243 5342 329 5395 bus
356 5337 740 5400 conterebant;
775 5345 830 5391 et
875 5337 1122 5392 inimicos
1163 5350 1294 5392 suos
1341 5335 1554 5392 vocavit
1595 5337 1660 5392 ad
1689 5355 1814 5409 gra-

244 5434 374 5498 tiam,
397 5447 529 5502 quos
558 5432 746 5486 oculus
767 5430 862 5486 Dei
891 5430 1024 5485 vidit
1049 5441 1106 5487 et
1129 5432 1348 5488 amavit.
1381 5431 1526 5501 Ergo
1549 5433 1672 5502 quia
1696 5434 1816 5504 pius

247 5536 328 5580 est.
353 5524 485 5578 Deus
507 5565 521 5591 ,
551 5537 887 5593 nequaquam
917 5533 1002 5578 est
1031 5522 1451 5594 desperandum.
1486 5525 1597 5579 Etsi
1626 5527 1813 5581 irasci-

313 5684 473 5759 f‘Mss.
503 5684 768 5759 nonnulli,
801 5695 855 5738 ut
898 5686 1063 5755 possis
1104 5691 1421 5744 contemnere
1465 5690 1639 5744 omnia
1691 5699 1808 5759 tua,

252 5757 325 5834 secl
356 5758 498 5834 etiam
539 5757 943 5834 ipsam__c_arnem
971 5768 1110 5834 tuam
1141 5777 1234 5830 pro
1274 5761 1482 5834 justitia
1508 5757 1809 5834 contemne;

255 5830 351 5904 quia
375 5829 512 5882 nulla
533 5870 545 5891 ,
577 5837 680 5887 etc.
714 5828 806 5883 l-lis
837 5830 1043 5904 accedit
1070 5828 1226 5904 limo.
1257 5828 1387 5888 edit.
1416 5834 1521 5889 nisi
1548 5829 1688 5904 quod
1715 5828 1811 5887 ha;-

254 5900 354 5971 bet,
387 5917 483 5957 non
532 5909 726 5960 tantum
767 5901 938 5959 omnia
984 5913 1090 5964 tua.
1137 5903 1244 5963 Sed
1291 5915 1436 5968 recta
1472 5900 1812 5978 est'aliot‘uttt

1920 4801 2044 4848 nos,
2077 4792 2122 4836 et
2171 4781 2512 4835 dominantur
2555 4781 2698 4834 nobis
2731 4777 2915 4850 (Esai.
2948 4793 3024 4838 Ill,
3059 4775 3167 4844 12).
3194 4770 3398 4829 Servus
3427 4771 3518 4840 qtti

1921 4875 2194 4942 venditur,
2219 4873 2502 4943 superiore
2541 4873 2764 4928 servitio
2819 4870 2960 4933 exit;
3003 4880 3060 4921 ut
3107 4867 3174 4920 ad
3229 4865 3516 4920 Dominum

1919 4969 2149 5022 alterum
2183 4968 2378 5038 migret
2406 4984 2418 5020 :
2449 4981 2544 5022 nos
2575 4980 2674 5020 nec
2704 4963 3040 5031 superiorum
3065 4959 3252 5030 jugttm
3287 4957 3514 5028 deponi-

1920 5075 2060 5122 mus,
2093 5070 2147 5112 et
2174 5062 2238 5112 ad
2268 5074 2400 5112 nova
2429 5067 2652 5128 peccata
2679 5070 2990 5111 curvantur.
3031 5103 3035 5108 .

1989 5152 2079 5207 29.
2124 5152 2304 5225 (Vers.
2334 5152 2415 5222 5.)
2458 5150 2611 5206 Unde
2648 5157 2700 5202 et
2741 5141 2997 5218 ingemuit
3027 5145 3259 5200 Sanctus
3287 5143 3519 5198 dicens:

1923 5249 2178 5314 Quoniam
2205 5249 2493 5317 iniquitates
2516 5255 2642 5299 mete
2663 5249 3096 5314 superpotuerunt
3128 5248 3280 5310 capttt
3316 5251 3522 5290 meum:

1920 5344 2049 5396 sicut
2075 5359 2201 5396 onus
2227 5359 2380 5413 grave
2405 5349 2631 5412 grauata:
2659 5348 2776 5390 sunt
2801 5352 2954 5400 super
2986 5353 3061 5389 me
3077 5353 3095 5402 ;
3126 5333 3231 5388 hoc
3277 5341 3359 5387 est
3379 5371 3392 5394 ,
3421 5329 3525 5382 ini-

1921 5437 2156 5506 quitates
2205 5451 2341 5490 tuoin
2383 5429 2885 5502 supertransierunt
2913 5437 3074 5496 caput
3101 5442 3315 5491 meum,
3349 5430 3404 5478 et
3432 5437 3524 5476 sua

1911 5514 2264 5598 ipereminent
2308 5523 2469 5592 mihi,
2496 5532 2554 5577 ut
2583 5537 2776 5578 sensus
2821 5532 2972 5574 meos
2998 5517 3304 5588 deprimant
3332 5533 3346 5583 ;
3379 5515 3518 5572 oculi

1922 5706 2055 5747 mss.
2101 5706 2163 5746 ac
2211 5699 2317 5744 vet.
2367 5685 2496 5742 edit.
2533 5684 2718 5752 lectio,
2748 5697 2910 5754 quam
2953 5677 3006 5737 iit
3042 5688 3190 5738 textu
3218 5695 3522 5750 repracsen-

1921 5773 2280 5902 Ψξιδιιίιιθιη
2325 5846 2482 5894 mss.
2514 5824 2691 5886 Gravis
2739 5827 3035 5902 adversaria
3081 5826 3246 5891 nobis,
3299 5835 3402 5883 etc.
3455 5824 3521 5883 Et

1920 5895 2249 5980 iulra‘iitletn
2276 5921 2406 5972 mss.
2442 5905 2646 5980 legunt,
2679 5903 2788 5964 sine
2816 5895 3077 5969 venditori;
3107 5902 3372 5968 servimus.
