4008 6352
47 262 213 321 1025

1174 269 1242 330 1N
1281 266 1615 332 PSALMUM
1652 265 1898 330 XXXVII
1937 264 2357 330 ENARRATIO.

3283 265 3422 328 109.6

46 390 433 451 peccatores
462 394 664 456 terrae,
690 395 752 444 ut
773 396 992 460 peccata
1020 388 1317 460 deponant.
1332 387 1470 445 Vide
1491 388 1727 460 singula.
1758 390 1804 450 Α
1835 388 1885 442 iu
1918 393 2114 443 vanum
2158 388 2377 442 studcat
2400 385 2542 441 vires
2579 383 2698 456 ejus
2727 381 3004 441 eﬂ'undere
3026 424 3041 452 ,
3064 383 3428 456 virtutemque

46 474 330 533 Miseriis
365 481 636 538 afﬂictus
663 490 748 539 est
774 482 1025 539 Christus
1046 525 1061 550 ,
1088 491 1148 538 ut
1180 482 1372 538 beatos
1399 482 1602 538 faceret
1624 481 1727 537 ho-

49 568 288 638 mines,
329 575 441 644 qui
477 586 645 632 eraut
680 576 734 632 in
763 576 1000 633 miseriis
1019 575 1324 632 constituti.
1365 574 1536 631 Nemo
1564 574 1732 630 mise-

55 677 198 715 rum
253 680 406 721 eum
466 670 574 739 qui
597 669 672 725 sit
692 669 895 741 justus,
921 670 1190 742 appellet;
1240 668 1365 740 quia
1403 668 1522 740 ipse
1548 666 1755 725 dixit:-

68 753 192 812 Vos
217 773 397 814 nemo
420 763 596 832 faciet
609 763 1240 838 miseros(Esai.,xxxIn,
1262 762 1338 834 1).
1355 763 1623 818 Curvatus
1647 769 1734 818 est

61 851 196 916 ille,
233 862 305 908 ut
340 871 459 911 nos
483 857 830 929 erigeremur
863 875 876 912 :
910 861 1265 914 contristatus
1295 866 1379 912 est
1405 857 1522 924 ille,
1551 866 1611 912 ut
1636 870 1733 912 nos

64 944 475 1016 lzetiﬁcaret;
510 952 818 1008 secundum
867 951 1010 1023 quod
1050 951 1311 1021 scriptum
1346 959 1430 1005 est
1460 968 1472 1004 :
1505 948 1568 1005 Si
1597 951 1735 1004 enim

67 1056 176 1112 ego
209 1044 538 1099 constristo
568 1062 675 1112 vos,
708 1053 756 1100 et
783 1046 899 1115 quis
925 1055 1000 1099 est
1026 1045 1114 1114 qui
1140 1061 1218 1098 me
1241 1042 1486 1113 latti/icet,
1526 1042 1626 1098 nisi
1647 1042 1737 1113 qui

69 1137 466 1195 contristatur
517 1157 586 1196 ea:
629 1157 708 1196 me
753 1139 820 1214 (ll
859 1138 982 1196 Cor.
1011 1156 1082 1205 ll,
1118 1139 1200 1210 2).
1247 1138 1346 1208 Qui
1384 1138 1738 1195 contristatur

74 1246 226 1301 ergo
259 1249 339 1287 ex
369 1234 626 1289 Domino
657 1233 788 1290 Jesu
832 1231 1082 1298 Christo,
1139 1235 1252 1304 ipse
1280 1232 1521 1288 laetiﬁcat
1545 1230 1738 1288 Chris-

77 1331 243 1390 tum;
302 1335 368 1380 et
421 1326 560 1396 ipse
588 1327 900 1382 lzetiﬁcatur
920 1342 950 1382 a
977 1325 1219 1383 Christo.
1251 1326 1381 1382 ldco
1411 1339 1543 1396 ergo
1567 1332 1621 1380 et
1640 1337 1742 1378 nos

82 1433 204 1472 non
254 1418 672 1488 perfunctorie
716 1419 1203 1477 satisfacienduma
1237 1418 1395 1475 nobis
1443 1433 1569 1473 esse
1618 1431 1742 1488 cog-

84 1511 428 1568 noscimus.
464 1513 783 1570 Curvemur
815 1528 986 1584 usque
1015 1512 1070 1567 in
1104 1513 1290 1579 ﬁnem,
1323 1511 1378 1567 id
1402 1519 1487 1567 est
1516 1526 1622 1566 non
1654 1523 1744 1565 so-

84 1607 208 1663 lum
242 1607 498 1665 Christo
523 1609 716 1677 ﬁdem,
774 1608 869 1664 sed
898 1611 1060 1664 etiam
1092 1607 1400 1678 passionum
1432 1614 1742 1662 nostrarum

80 1702 614 1772 perseverantiam
644 1701 976 1768 deferentes,
1017 1711 1071 1754 et
1099 1700 1430 1772 gaudeamus
1452 1699 1505 1754 in
1531 1697 1744 1769 passio-

1834 495 2083 544 vacuare,
2118 480 2397 536 resolvere
2443 476 2836 534 fortitudinem.
2879 476 3114 547 Ideoque
3142 475 3268 531 alibi
3302 475 3424 530 ait:

1835 572 1902 629 Et
1920 591 2069 629 renes
2093 574 2195 628 mei
2223 572 2436 628 resoluti
2465 582 2585 628 sunt
2600 569 2772 643 (Psal.
2795 585 2962 636 Lxxn,
2983 567 3100 642 2|).
3119 566 3176 624 In
3200 581 3308 639 quo
3327 581 3430 623 nos

1835 669 2001 726 etiam
2045 669 2234 726 beatus
2268 666 2554 724 conﬁrmat
2594 663 2924 737 Apostolus,
2975 661 3119 735 quod
3169 677 3278 718 non
3311 660 3437 716 illu-

1837 762 2026 818 siones
2052 763 2269 826 animae,
2302 776 2408 818 non
2440 758 2624 817 carnis
2653 758 3022 814 inﬁrmitatem
3061 763 3305 810 metuere
3334 753 3434 810 de-

1836 856 2082 919 beamus;
2102 855 2226 925 quia
2250 863 2304 910 ct
2325 855 2520 909 animae
2541 863 2594 909 et
2617 852 2862 922 corporis
2884 849 3054 905 nostri
3075 846 3324 904 Christus
3352 852 3437 902 est

1837 949 2036 1016 virtus,
2061 947 2151 1018 qui
2181 955 2336 1001 curat
2363 954 2617 1017 aegrotos,
2647 945 2801 1016 quasi
2830 943 3075 1000 medicus
3103 961 3115 995 :
3149 941 3438 997 conﬁrmat

1837 1043 2129 1112 invalidos,
2157 1043 2309 1114 quasi
2340 1042 2581 1098 omnium
2605 1041 2885 1098 fortitudo.
2920 1040 3167 1112 Denique
3193 1039 3289 1095 etsi
3311 1038 3438 1112 foris

1840 1137 1994 1194 homo
2043 1145 2215 1192 noster
2245 1137 2636 1206 corrumpitur;
2661 1135 2750 1190 sed
2795 1143 3069 1190 renovatur
3112 1133 3330 1188 interior
3374 1129 3440 1186 de

1842 1237 1926 1291 die
1954 1237 2009 1290 in
2035 1235 2168 1288 diem
2196 1231 2262 1306 (ll
2285 1231 2408 1288 Cor.
2444 1247 2513 1298 tv,
2549 1230 2666 1303 16).

1913 1327 2005 1384 54.
2046 1326 2141 1382 His
2171 1327 2350 1396 itaque
2381 1324 2575 1379 animae
2601 1323 2938 1380 illusionibus
2965 1323 3222 1395 fatigatus
3256 1323 3439 1379 incur-

1843 1429 2066 1478 vaverat
2092 1429 2146 1475 et
2175 1418 2556 1473 lmmiliaverat
2575 1431 2636 1471 se
2667 1416 2830 1470 nimis
2855 1425 3079 1470 sanctus
3109 1415 3297 1484 David,
3323 1432 3434 1472 non

1843 1531 1952 1588 quo
2008 1512 2387 1582 iniquitatibus
2437 1510 2929 1581 superponentihus
2974 1525 3033 1565 se
3071 1525 3236 1580 supra
3281 1517 3445 1580 caput

1845 1613 1985 1681 ejus,
2016 1619 2075 1665 ut
2103 1607 2341 1664 diximus
2361 1648 2377 1673 ,
2403 1605 2584 1661 locum
2610 1604 2801 1672 daret,
2835 1613 2926 1658 aut
2953 1604 3176 1661 inimico
3202 1603 3444 1675 cederet,

1845 1705 1936 1775 qui
1969 1704 2019 1758 in
2044 1700 2444 1772 posterioribus
2464 1698 2625 1754 docet
2653 1698 2702 1754 ei
2744 1713 2850 1754 non
2882 1712 3004 1754 esse
3032 1697 3333 1754 cedendum
3362 1698 3446 1754 di-

87 1797 258 1852 ιιὶὺιιε
281 1794 520 1850 nostris
544 1813 559 1860 ;
612 1792 756 1852 8ἱοοι
777 1803 830 1849 ει
859 1792 1108 1849 Christus
1153 1791 1423 1863 gaudebat
1462 1792 1517 1845 in
1541 1791 1747 1860 passio-
1775 1803 1825 1865 Β
1849 1809 1978 1850 cens
2010 1813 2020 1844 :
2055 1795 2262 1859 Quanta
2285 1792 2513 1861 maligne
2535 1798 2778 1861 operatus
2812 1800 2886 1844 est
2915 1789 3153 1844 inimicus
3179 1793 3233 1843 in
3256 1789 3450 1844 sanctis

87 1891 261 1945 uibus
301 1890 454 1944 suis.
513 1889 674 1958 Quas
717 1888 808 1943 ille
856 1886 1196 1957 suscipiebat
1224 1901 1324 1956 pro
1347 1885 1581 1940 servulis
1607 1884 1739 1951 suis,

91 1998 200 2038 nos
229 1981 571 2038 subeamus
596 1997 693 2054 pro
727 1981 980 2036 Domino.
1011 1980 1110 2036 Hic
1137 1995 1270 2051 ergo
1292 1979 1436 2034 ﬁnis.
1474 1976 1543 2034 Ut
1573 1978 1743 2031 adim-

95 2079 302 2148 pleam,
334 2077 501 2148 inqui
525 2087 577 2141 t,
597 2075 685 2146 qui
701 2076 884 2129 desunt
910 2073 1306 2130 tribulationum
1330 2071 1525 2126 Christi
1549 2072 1604 2124 in
1625 2085 1744 2123 car-

105 2188 165 2224 ne
191 2186 336 2237 mea,
372 2186 476 2242 pro
500 2184 731 2241 corpore
755 2171 890 2235 eius,
929 2182 1044 2237 quae
1071 2174 1147 2220 est
1173 2164 1430 2229 Ecclesia,
1461 2165 1612 2232 cujus
1632 2178 1748 2216 sum

103 2268 286 2336 factus
337 2263 603 2318 minister
626 2260 855 2335 (Coloss.
887 2276 926 2327 ι,
956 2258 1072 2331 24).
1119 2259 1381 2315 Videmus
1421 2257 1552 2328 quid
1595 2257 1750 2312 nobis

105 2354 559 2426 suscipiendum
589 2353 683 2420 sit,
735 2353 827 2424 qui
856 2351 1218 2408 ministerium
1245 2349 1586 2405 sacerdotale
1631 2363 1752 2403 sus-

108 2450 423 2519 cepimus;
477 2456 547 2502 ut
592 2462 698 2501 non
746 2446 923 2500 solum
969 2460 1068 2514 pro
1099 2443 1289 2508 nobis,
1319 2441 1415 2498 sed
1465 2441 1625 2498 etiam
1655 2455 1753 2511 pro

115 2541 386 2598 Ecclesia
406 2539 638 2595 Domini
661 2538 934 2594 sustinere
959 2536 1170 2592 fortiter
1195 2535 1476 2605 passiones
1501 2533 1754 2604 corporis

119 2635 470 2690 debeamus.
500 2630 672 2686 David
699 2640 882 2686 autem
912 2629 1119 2684 addidit
1141 2639 1197 2684 et
1222 2630 1418 2683 animae
1448 2627 1751 2698 passiones.

201 2728 303 2784 ‘53.
352 2723 554 2798 (Vers.
589 2723 645 2787 8,
677 2724 731 2789 9,
766 2722 858 2789 10,
893 2721 1008 2792 11.)
1056 2722 1294 2791 Denique
1318 2721 1436 2791 ipse
1461 2721 1536 2775 ait
1565 2737 1579 2774 :
1615 2719 1758 2789 Quo-

129 2823 278 2876 niam
322 2819 517 2874 anima
545 2833 660 2872 mea
686 2816 940 2886 completa
977 2824 1050 2870 est
1077 2813 1410 2870 illusionibus
1436 2831 1456 2869 :
1478 2823 1526 2870 et
1558 2831 1661 2869 non
1682 2808 1760 2869 est

129 2916 338 2972 sanitas
393 2914 468 2975 (in
512 2927 670 2967 carne
716 2927 848 2966 mea.
893 2909 1200 2966 lncurvatus
1232 2927 1348 2965 sum
1374 2918 1422 2966 et
1457 2910 1757 2964 humiliatus

132 3025 258 3064 sum
288 3007 455 3062 nimis
490 3021 510 3061 :
535 3006 800 3080 rugiebam
827 3020 859 3059 a
886 3006 1078 3077 gemitu
1107 3006 1276 3060 cordis
1318 3005 1438 3060 mei.
1470 3003 1540 3059 Et
1568 3014 1684 3058 ante
1711 3014 1759 3058 te

136 3117 296 3156 omne
325 3100 653 3155 desiderium
683 3115 848 3154 meum
870 3139 886 3167 ,
929 3108 977 3154 et
1003 3100 1219 3170 gemitus
1245 3114 1384 3152 meus
1414 3114 1516 3153 non
1541 3108 1614 3153 est
1642 3097 1757 3152 abs-

1847 1889 1981 1954 tuis;
2011 1896 2056 1940 et
2085 1886 2293 1959 gloriati
2321 1894 2440 1940 sunt
2468 1885 2556 1950 qui
2579 1883 2794 1938 oderant
2817 1893 2884 1947 te.
2915 1884 2968 1938 in
2998 1883 3168 1937 medio
3193 1883 3311 1954 festi
3341 1881 3452 1937 tui?

1847 1979 2144 2034 Posuerunt
2164 1979 2311 2050 signa
2343 1994 2437 2033 sua
2465 1977 2653 2048 signa;
2682 1985 2852 2030 etnon
2883 1975 3096 2045 cognovi
3122 1975 3258 2030 sicut
3288 1975 3342 2029 in
3365 1973 3448 2028 via

1847 2088 2006 2145 supra
2049 2087 2328 2126 summum.
2386 2069 2547 2136 Quasi
2599 2070 2654 2123 in
2697 2069 2827 2124 silva
2873 2069 3133 2141 lignorum
3183 2069 3449 2124 securibus

1850 2163 2208 2218 consciderunt
2229 2162 2424 2232 januas
2453 2161 2566 2232 ejus
2593 2159 2766 2234 (Psal.
2802 2176 2996 2228 Lxxm,
3027 2161 3060 2214 5
3079 2171 3128 2215 et
3157 2158 3313 2232 seq.).
3340 2159 3448 2215 lni-

1852 2258 2008 2314 micis
2040 2258 2196 2324 meis,
2231 2255 2407 2327 inquit
2431 2297 2445 2322 ,
2475 2257 2629 2327 signa
2654 2256 2952 2326 iniquitatis
2981 2271 3093 2312 suae
3120 2271 3284 2328 supra
3305 2271 3452 2311 sum-

1853 2368 2000 2407 nium
2048 2351 2374 2422 ponentibus
2420 2347 2602 2422 (quid
2652 2357 2736 2404 est
2784 2364 3055 2404 summum
3083 2391 3096 2412 ,
3150 2349 3252 2404 nisi
3294 2355 3457 2419 caput

1855 2453 2027 2509 tuum,
2073 2445 2162 2500 ubi
2201 2459 2394 2500 sensus
2421 2453 2570 2511 sunt,
2611 2444 2703 2499 ubi
2724 2441 2976 2500 Christus
3019 2452 3102 2500 est
3150 2441 3455 2515 Sapientia)

1854 2555 1955 2610 ego
1987 2555 2093 2594 non
2123 2539 2375 2610 cognovi,
2409 2538 2462 2594 id
2489 2547 2592 2604 est,
2623 2555 2729 2593 non
2756 2539 3042 2610 acquievi,
3078 2555 3182 2594 non
3213 2539 3295 2594 his
3323 2554 3457 2595 cou-

1857 2634 2026 2700 sensi,
2049 2642 2105 2688 et
2130 2648 2266 2688 mea:
2296 2631 2624 2688 sententiam
2658 2631 3006 2701 cogitationis
3028 2630 3270 2701 adjunxi.
3300 2629 3460 2688 Unde

1859 2737 1912 2782 et
1939 2726 2068 2780 alibi
2091 2725 2292 2781 habes:
2325 2724 2444 2780 Non
2472 2726 2686 2798 cognovi
2715 2726 2922 2780 verbum
2951 2741 3201 2793 nequam;
3231 2734 3285 2780 et
3310 2741 3324 2778 :
3349 2723 3460 2779 De-

1860 2820 2109 2874 clinantes
2154 2836 2185 2872 a
2208 2835 2287 2873 me
2326 2819 2580 2891 malignos
2629 2834 2732 2872 non
2785 2816 3152 2890 cognoscebam
3193 2814 3310 2888 (Ps.
3341 2831 3394 2883 c,
3425 2816 3462 2873 ὅ

1861 2925 1907 2969 et
1938 2915 2014 2986 4).
2055 2912 2296 2984 Denique
2321 2928 2444 2968 cum
2473 2910 2656 2969 omnia
2685 2913 2898 2968 noverit
2933 2911 3184 2969 Christus
3203 2953 3217 2978 ,
3270 2926 3461 2983 pecca-

1862 3017 1974 3063 tum
2015 3022 2122 3063 non
2159 3008 2443 3079 cognovit;
2497 3009 2777 3078 cognoscit
2822 3007 2966 3062 enim
3014 3023 3136 3079 quae
3172 3022 3268 3062 sua
3316 3016 3464 3075 sunt,

1859 3099 1913 3155 id
1940 3108 2064 3168 est,
2116 3115 2235 3170 qua:
2276 3100 2533 3155 virtutum
2595 3108 2751 3166 sunt,
2804 3115 2912 3154 non
2952 3114 3072 3170 qua:
3112 3097 3465 3170 ﬂagitiorum.

139 3195 395 3252 conditus
421 3211 456 3248 a
488 3205 554 3248 te.
585 3193 685 3250 Cor
713 3209 881 3248 meum
905 3193 1264 3247 conturbatum
1308 3202 1379 3247 est
1404 3235 1418 3258 ,
1461 3202 1507 3246 et
1541 3191 1759 3247 deseruit
1788 3208 1837 3276 ρ
1865 3195 2102 3266 Ideoque
2146 3193 2429 3262 Scriptura
2475 3193 2572 3249 tibi
2602 3193 2735 3249 dicit
2767 3211 2780 3248 :
2810 3193 3056 3267 Cognovit
3105 3191 3359 3248 Dominus
3379 3193 3470 3266 qui

144 3307 228 3344 me
256 3285 522 3360 fortitudo
549 3303 661 3341 mea
680 3327 696 3352 ,
722 3296 771 3341 et
797 3285 970 3340 lumen
1012 3284 1280 3339 oculorum
1307 3300 1539 3339 meorum
1559 3300 1665 3338 non
1689 3295 1761 3338 est

145 3402 378 3440 mecum.
415 3383 765 3439 Advenimus
797 3379 962 3452 igitur
1001 3379 1246 3435 laborem
1277 3379 1472 3434 anima:
1501 3379 1765 3448 majorem

149 3496 304 3546 esse,
339 3493 507 3550 quam
536 3477 738 3533 carnis.
792 3475 1036 3547 Denique
1066 3475 1265 3546 quibus
1295 3473 1472 3528 anima
1498 3471 1768 3528 illusioni-

153 3577 262 3628 bus
278 3570 644 3642 compleatur,
659 3569 920 3640 intellige;
937 3584 1002 3624 eo
1024 3567 1167 3638 quod
1183 3567 1235 3622 in
1254 3565 1638 3624 tentationibus
1653 3566 1770 3621 dia-

157 3667 324 3722 bolus
353 3663 409 3720 ei
441 3663 688 3720 videatur
717 3663 954 3719 illudere
975 3671 1030 3718 et
1059 3663 1320 3718 insultare
1348 3661 1506 3732 quasi
1533 3660 1769 3732 graviter

159 3757 466 3813 laboranti.
515 3755 874 3827 Symmachus
903 3766 1083 3811 tamen
1113 3755 1188 3809 ait
1219 3754 1440 3821 lumbos,
1485 3755 1538 3808 in
1573 3753 1770 3824 quibus

164 3851 469 3906 seminaria
493 3859 618 3903 sunt
643 3849 1012 3919 generationis
1037 3849 1307 3903 humanae.
1344 3846 1497 3902 Unde
1535 3849 1770 3917 praecin-

169 3955 292 4000 ctos
348 3942 565 3998 lumbos
595 3941 797 3997 habere
827 3951 882 3997 te
910 3942 1156 4012 praecipit
1183 3940 1460 4011 Sapientia
1487 3940 1580 3994 Dei
1606 3938 1768 4011 (Luc.

170 4053 270 4100 xu,
305 4033 426 4107 35);
460 4049 528 4090 ne
572 4044 659 4090 tua
708 4035 1029 4091 castimonia
1075 4035 1403 4091 resolvatur.
1438 4035 1682 4105 Denique
1716 4043 1776 4090 ut

173 4131 321 4186 scias
375 4130 503 4202 quia
559 4133 614 4184 in
664 4128 864 4185 lumbis
913 4139 1039 4184 sunt
1083 4129 1328 4186 libidinis
1355 4131 1771 4196 commotiones,

174 4240 299 4295 quas
331 4224 656 4294 plerumque
697 4221 1003 4278 excitantur
1028 4237 1057 4275 a
1088 4222 1337 4288 diabolo;
1393 4221 1610 4293 quando
1641 4236 1776 4276 con-

175 4315 358 4372 tendit
382 4313 654 4386 dissipare
684 4314 928 4371 membra
949 4313 1153 4371 Christi
1178 4355 1196 4380 ,
1237 4324 1294 4371 et
1330 4312 1510 4371 facere
1535 4315 1779 4371 membra

181 4408 494 4465 meretricis
524 4425 538 4464 :
569 4406 726 4474 Ecce,
773 4408 970 4480 inquit,
1004 4407 1256 4480 fortitudo
1275 4408 1390 4479 ejus
1412 4407 1464 4462 in
1491 4406 1699 4474 lumbis,
1733 4417 1782 4464 et

185 4501 348 4557 virtus
384 4501 498 4572 eius
533 4500 587 4555 in
626 4511 775 4557 utero
805 4497 947 4574 (Job.
978 4515 1068 4566 XL,
1100 4500 1209 4571 11).
1236 4499 1296 4555 In
1325 4499 1523 4556 lumbis
1563 4499 1666 4557 viri
1697 4515 1782 4557 se-

1866 3297 1988 3343 sunt
2033 3289 2198 3361 ipsius
2249 3286 2317 3357 (II
2359 3287 2496 3343 Tim.
2547 3304 2607 3350 ιι.
2652 3287 2768 3359 19).
2819 3288 3024 3358 luiquis
3070 3299 3252 3344 autem
3297 3285 3466 3342 dicit:

1868 3382 2128 3438 Discedite
2157 3400 2189 3436 a
2230 3397 2328 3449 me,
2360 3383 2480 3453 quia
2511 3397 2615 3435 non
2644 3381 2763 3436 novi
2789 3397 2875 3436 vos
2904 3379 3055 3453 (Luc.
3093 3397 3218 3450 xm,
3249 3379 3365 3453 27).
3399 3378 3470 3436 Et

1867 3494 1966 3551 per
1993 3477 2320 3534 Hieremiam
2347 3477 2561 3533 locutus
2590 3483 2674 3532 est
2699 3475 2884 3531 dicens
2917 3491 2929 3530 :
2964 3476 3111 3532 Sicut
3159 3492 3325 3548 agnus
3368 3475 3466 3530 ἀα-

1869 3581 1980 3626 ctus
2027 3587 2140 3625 sum
2170 3568 2238 3622 ad
2267 3569 2672 3635 immolandum,
2698 3579 2744 3622 et
2770 3567 2964 3623 nescivi
2993 3567 3210 3641 (larem.
3242 3583 3316 3633 Si,
3351 3567 3466 3640 19).

1867 3661 2152 3730 Quomodo
2175 3660 2453 3716 nesciebat
2497 3660 2641 3732 quod
2672 3660 2911 3716 futurum
2951 3669 3075 3716 ante
3105 3658 3471 3732 prmdixerat?

1871 3753 1980 3810 Sed
2011 3753 2212 3809 nescivi
2245 3793 2260 3819 ,
2300 3751 2518 3822 inquit,
2567 3751 2924 3823 cogitationes
2949 3767 3139 3807 eorum
3162 3793 3177 3820 ,
3206 3751 3470 3809 malitiam

1873 3861 2082 3901 eorum.
2115 3843 2256 3900 Nolo
2285 3844 2431 3900 scire
2461 3860 2582 3915 quae
2613 3844 2894 3916 sanguinis
2925 3853 3068 3900 sunt.
3101 3843 3342 3916 Denique
3371 3861 3478 3902 non

1875 3938 2195 4008 congregabo
2224 3939 2576 3994 conventicula
2598 3955 2774 3993 eorum
2795 3939 2858 3994 de
2874 3938 3213 4013 sanguinibus
3231 3938 3354 4011 (Ps.
3379 3956 3469 4008 xv,

1874 4029 1963 4104 4);
1991 4029 2270 4087 etzDeleo
2320 4033 2621 4102 iniquitates
2667 4049 2861 4097 eorum,
2892 4042 2940 4088 et
2986 4050 3178 4088 menter
3206 4051 3310 4090 non
3357 4049 3476 4090 sum

1878 4123 2080 4194 (Esai.,
2111 4140 2263 4192 xLut,
2286 4123 2403 4196 25).
2431 4125 2568 4181 Nolo
2595 4125 2735 4182 scire
2758 4141 2877 4197 qua:
2903 4128 3232 4184 remissurus
3258 4128 3474 4185 adveni.

1877 4220 1996 4278 Non
2027 4223 2260 4294 cognovi
2290 4222 2431 4295 ligna
2454 4239 2574 4294 qua:
2612 4223 2879 4291 ardeant,
2935 4239 3036 4281 nec
3055 4241 3176 4295 qua:
3206 4225 3258 4281 in
3280 4240 3479 4283 acervo

1880 4314 2151 4386 lignorum
2201 4324 2329 4372 sunt
2362 4316 2538 4387 posita
2562 4359 2578 4384 ,
2611 4317 2696 4372 vel
2729 4317 3020 4388 stipulam,
3056 4317 3140 4374 vel
3171 4317 3350 4375 fenum
3374 4361 3389 4386 ,
3421 4325 3484 4375 ut

1881 4409 2042 4467 citius
2067 4425 2132 4466 ea
2158 4409 2510 4466 nutrimentis
2537 4411 2652 4466 suis
2681 4409 2897 4467 ﬂamma
2926 4424 3229 4470 consumat.
3263 4413 3360 4468 llla
3384 4429 3487 4470 vo-

1885 4501 1938 4557 lo
1963 4502 2105 4558 scire
2129 4517 2250 4574 quae
2279 4512 2553 4569 maneant,
2599 4511 2657 4558 ut
2681 4503 2915 4560 fructum
2957 4521 3070 4561 suae
3095 4504 3366 4562 mercedis
3392 4519 3485 4560 ac-

184 4597 331 4650 mina
361 4603 511 4661 sunt,
546 4594 602 4649 in
641 4602 798 4650 utero
827 4602 1007 4650 autem
1034 4591 1272 4650 feminae.
1303 4592 1490 4649 llludit
1509 4609 1641 4667 ergo
1663 4594 1784 4652 dia—
1805 4604 1859 4666 ι)
1883 4597 2087 4669 cipiunt
2119 4613 2133 4651 :
2164 4596 2254 4652 illa
2308 4596 2436 4653 volo
2488 4596 2633 4654 scire
2686 4613 2806 4670 quae
2855 4615 3020 4672 supra
3068 4601 3498 4657 fundamentum‘

187 4688 348 4745 bolos
379 4689 433 4744 in
461 4687 547 4743 his
567 4729 582 4754 ,
617 4698 675 4743 ut
701 4687 862 4744 faciat
887 4687 1244 4755 adulterium,
1272 4686 1544 4746 incestum
1567 4731 1582 4756 ,
1615 4689 1787 4746 forni-

190 4784 485 4840 cationem.
518 4782 589 4837 Et
627 4780 752 4836 ideo
799 4780 890 4851 qui
929 4781 1251 4849 fornicatur,
1305 4783 1360 4838 in
1389 4796 1590 4854 corpus
1629 4797 1785 4838 suum

194 4886 405 4947 peccat,
434 4890 542 4930 non
573 4886 730 4930 extra
753 4888 971 4944 corpus.
1001 4873 1242 4928 Primum
1264 4913 1278 4938 ,
1326 4875 1453 4945 quia
1483 4875 1791 4930 infirmatur

193 4983 343 5035 caro,
374 4981 496 5037 quas
526 4963 843 5022 libidinibus
869 4962 1088 5030 difﬂuit,
1116 4973 1173 5020 et
1193 4977 1300 5020 non
1328 4974 1512 5021 servat
1541 4965 1790 5020 modera-

203 5061 352 5118 mina
379 5059 679 5125 castitatis;
726 5056 924 5114 deinde
947 5057 1202 5128 quoniam
1232 5058 1523 5114 seminaria
1551 5073 1673 5128 qua:
1693 5057 1792 5113 de-

203 5151 332 5207 bent
373 5150 548 5207 soboli
595 5149 862 5221 proﬁcere
901 5148 1286 5222 procreandm,
1330 5149 1792 5220 inquinamentum

204 5246 478 5316 corporis,
508 5258 616 5300 non
668 5243 903 5300 fructum
942 5242 1275 5315 posteritatis
1316 5253 1634 5314 operantur.
1666 5242 1794 5300 Inde

209 5335 382 5408 itaque
407 5337 656 5395 dicuntur
687 5337 969 5394 illusiones
1000 5337 1233 5395 fortasse
1253 5381 1269 5406 ,
1319 5338 1463 5410 quod
1487 5339 1540 5394 in
1563 5337 1647 5394 his
1673 5353 1796 5394 cor-

213 5430 356 5500 poris
382 5442 544 5488 aestus
573 5432 692 5488 sine
713 5433 892 5488 coitus
904 5430 1222 5488 celebritate
1249 5430 1564 5503 frequenter
1584 5431 1794 5486 illudat.

219 5521 364 5580 Unde
389 5524 524 5581 bene
550 5525 716 5598 830
743 5522 1098 5598 Septuaginta
1147 5524 1249 5580 viri
1279 5525 1475 5582 animm
1516 5523 1798 5580 illusiones

217 5617 479 5688 dixerunt;
494 5635 561 5678 eo
576 5622 718 5693 quod
732 5631 760 5660 ³
777 5621 1022 5678 diabolus
1037 5621 1264 5678 affectus
1287 5621 1516 5693 alicujus
1545 5617 1797 5688 illudens,

290 5749 313 5776 τι
351 5740 602 5808 Quaedam
630 5742 764 5798 edit.
791 5742 967 5798 Paris.
997 5757 1141 5797 cum.
1171 5755 1301 5798 mss.
1330 5740 1455 5796 Vat.
1489 5747 1541 5795 et
1563 5736 1804 5809 quinque

1889 4689 2155 4746 aedificata
2204 4698 2354 4758 sunt,
2400 4698 2461 4745 ut
2511 4691 2905 4758 meliorentur;
2961 4708 3069 4749 non
3119 4709 3240 4766 quae
3287 4692 3340 4748 in
3372 4691 3482 4760 via,

1889 4785 1980 4840 ubi
2008 4799 2072 4840 ea
2097 4783 2354 4855 diripiant
2379 4794 2720 4842 transeuntes
2751 4803 2766 4841 :
2793 4787 2882 4842 illa
2916 4787 3040 4844 volo
3077 4789 3218 4844 scire
3245 4803 3365 4860 qua:
3393 4786 3483 4844 vi-

1892 4877 1960 4932 tis
1981 4887 2129 4941 sunt,
2157 4876 2246 4932 illa
2274 4885 2425 4934 certa
2458 4877 2600 4950 ligna
2626 4893 2748 4950 quae
2773 4879 2953 4936 ferant
2979 4879 3216 4936 fructum
3238 4920 3256 4948 ,
3287 4896 3393 4937 non
3418 4894 3486 4938 ea

1891 4985 2010 5040 qua:
2036 4969 2090 5025 in
2138 4967 2311 5025 fasces
2345 4971 2574 5028 collecta
2603 4971 2668 5026 ad
2707 4972 3018 5028 incendium
3069 4982 3482 5044 praeparantur;

1893 5063 1944 5119 id
1967 5071 2169 5119 estnon
2194 5079 2311 5119 sum
2334 5064 2441 5120 illis
2470 5065 2675 5122 arbiter
2700 5075 2756 5121 et
2779 5064 2960 5122 socius
2985 5082 3104 5139 quae
3125 5067 3324 5124 caduca
3341 5076 3490 5124 sunt.

1897 5156 2017 5213 Non
2033 5172 2163 5230 ergo
2179 5159 2414 5216 societas
2438 5159 2669 5231 alicujus
2686 5160 2790 5228 rei,
2814 5161 2912 5218 sed
2942 5161 3177 5221 societas
3200 5162 3492 5223 criminosa

1897 5252 1951 5308 in
1970 5251 2128 5324 culpa
2149 5261 2250 5308 est.

1971 5345 2063 5402 55.
2105 5345 2217 5414 Qua
2239 5347 2452 5403 ratione
2471 5353 2652 5402 autem
2684 5361 2792 5404 non
2819 5349 3076 5420 cognovit
3104 5349 3160 5406 iu
3190 5348 3493 5409 infructuo-

1899 5439 1975 5497 sis
2002 5448 2057 5496 et
2081 5440 2355 5514 fragilibus
2396 5441 2733 5513 gloriantes?
2786 5443 2925 5514 Quia
2969 5446 3126 5502 malis
3150 5445 3409 5517 operibus
3437 5456 3497 5504 et

1902 5533 2202 5604 iniquitatis
2261 5550 2377 5590 suae
2422 5535 2704 5592 securibus
2769 5547 3022 5594 evertunt
3079 5539 3274 5596 animte
3317 5539 3495 5599 ﬁdelis

1903 5624 2217 5698 ingressus,
2272 5637 2329 5684 et
2353 5625 2664 5684 crudelibus
2703 5628 2863 5686 factis
2890 5628 3150 5687 scindunt
3173 5632 3275 5702 piae
3298 5633 3498 5690 mentis

1908 5753 2227 5812 eorum,etc.
2251 5743 2445 5804 Melius
2467 5743 2590 5803 aliae
2609 5760 2732 5806 cum
2763 5759 2899 5804 mss.
2919 5745 3062 5805 Vict.
3087 5757 3142 5805 et
3164 5746 3319 5806 Colb.
3348 5756 3408 5805 ut
3435 5749 3493 5812 in

223 5809 406 5868 Gallic.
459 5813 694 5871 diabolus
756 5814 956 5886 afﬂictis
1006 5812 1262 5885 aliquibus
1305 5811 1599 5869 illudens...
1672 5810 1805 5866 vires
1908 5825 2078 5874 textu.
