4008 6352
140 318 295 390 1030

1190 314 1257 376 IN
1296 316 1618 385 PSALMUM
1661 312 1904 383 XXXVII
1947 306 2369 381 ENARRA'I‘IO.

3299 314 3441 375 1050

132 440 236 497 ,πίε
260 438 553 511 acciperet
599 441 672 503 Αι
717 454 845 509 γαρ
874 437 1040 503 Nabal
1096 437 1234 497 dum
1279 445 1335 491 et
1372 433 1547 508 rigido
1575 432 1740 495 corde
1766 436 1816 507 Α
1845 431 2143 487 Lucernam
2171 442 2354 495 autem
2384 430 2530 495 illam
2563 432 2840 497 Iohannes
2872 432 3098 503 invenit,
3140 441 3193 490 et
3215 432 3443 490 deumn-

134 532 380 593 verbum
430 533 616 595 uxoris
659 534 805 597 ferre
846 550 955 599 non
988 530 1201 605 potuit,
1254 536 1310 585 et
1337 524 1742 596 obstupefactus

126 625 407 697 obriguit,
438 635 496 689 et
527 627 580 685 in
611 637 847 687 mortem
869 625 1081 684 incidit.

211 714 308 775 60.
350 716 481 791 Quae
538 727 720 777 autem
756 717 1082 795 Prophetam
1140 714 1381 775 deseruit
1434 711 1741 773 fortitudo?

127 807 339 864 Utrum
388 812 571 865 carnis
612 828 681 866 an
732 810 970 866 mentis?
995 811 1050 865 Si
1081 809 1260 863 carnis
1287 822 1395 861 non
1430 808 1614 876 utique
1644 806 1739 862 de-

126 901 414 975 speranda
442 904 668 963 sanitas.
696 903 830 965 Nam
859 904 1021 965 virtus
1064 903 1117 957 in
1147 900 1450 975 infirmitate
1476 900 1744 969 perﬁcitur

122 993 203 1067 (Il
227 989 356 1051 Cor.
380 1009 478 1059 xu,
503 993 582 1067 9).
614 995 692 1055 De
718 1011 828 1071 quo
850 1010 957 1055 non
987 993 1333 1055 mediocriter
1392 992 1685 1061 disputavit
1715 1000 1740 1028 ⁸·

126 1088 349 1145 arbiter
384 1096 445 1149 et
489 1090 764 1163 praeliator
811 1088 902 1161 qui
947 1090 1103 1145 luctu:
1148 1088 1348 1145 mentis
1399 1097 1454 1145 et
1496 1088 1742 1165 corporis

126 1181 341 1249 sciens,
376 1180 719 1250 temperabat
748 1181 1040 1252 utriusque
1070 1188 1380 1246 certamen;
1430 1189 1487 1239 ut
1515 1180 1743 1253 restrin—

128 1283 296 1347 geret
336 1290 578 1340 carnem;
619 1276 666 1337 εἰ
712 1284 970 1339 cerneret
1014 1276 1337 1339 fortiorem,
1378 1290 1447 1339 ne
1478 1275 1531 1333 in
1567 1274 1740 1355 legem

128 1369 353 1437 peccati
380 1374 647 1442 captivam
680 1368 909 1429 duceret
936 1376 1193 1427 mentem.
1227 1367 1541 1431 Revocabat
1561 1367 1741 1447 itaque

124 1474 386 1526 carnem,
417 1462 670 1521 virtutem
710 1467 892 1519 autem
922 1458 1369 1535 mentijungebat
1399 1476 1411 1511 :
1442 1458 1520 1513 sic
1552 1458 1617 1513 ad
1646 1473 1740 1513 co-

122 1568 332 1607 ronam
366 1553 563 1613 meruit
591 1551 894 1623 pervenire.
932 1552 1074 1625 Ergo
1107 1551 1210 1607 hoc
1256 1551 1387 1611 dicit
1414 1551 1688 1622 Propheta
1719 1567 1734 1603 :

122 1642 191 1701 Si
222 1644 413 1701 carnis
455 1645 719 1705 fortitudo
742 1646 1020 1711 deseruit,
1074 1646 1277 1700 mentis
1307 1643 1570 1709 fortitudo
1602 1660 1741 1717 prae-

127 1739 329 1801 valuit.
361 1739 516 1811 Quod
541 1739 590 1797 si
618 1739 992 1801 fortitudinem
1018 1740 1217 1795 mentis
1247 1738 1545 1809 accipimus
1580 1737 1740 1795 dese-

124 1832 323 1891 ruisse
352 1874 368 1899 ,
418 1848 525 1895 non
577 1833 774 1895 mirum
820 1833 867 1889 si
897 1834 947 1887 in
971 1832 1308 1905 gravissimis
1352 1833 1739 1897 tentationihus
1769 1845 1815 1917 Β

123 1925 307 1983 corde
338 1925 555 1987 turbato
586 1934 738 2005 putat
763 1941 824 1984 se
848 1926 1011 1985 homo
1036 1927 1237 1998 mentis
1281 1943 1394 1981 sua:
1417 1925 1736 1987 fortitudine

123 2020 342 2076 deseri.
369 2021 486 2090 Ipse
530 2032 581 2076 te
608 2021 802 2076 doceat
832 2022 1020 2076 dicens
1053 2038 1066 2074 :
1098 2020 1377 2075 Fortitudo
1414 2038 1525 2077 mea
1555 2031 1600 2075 et
1621 2018 1737 2076 laus

126 2130 252 2168 inea
282 2112 534 2171 Dominus
563 2113 679 2191 (Pr.
712 2130 878 2182 cxvu,
911 2113 1022 2183 14).
1057 2114 1345 2171 Dominum
1375 2129 1508 2195 ergo
1537 2130 1740 2184 quaere-

128 2207 260 2275 bat;
303 2217 357 2267 et
408 2207 528 2269 ideo
572 2223 645 2265 ne
691 2208 869 2267 deseri
902 2219 1238 2275 mereretur,
1282 2210 1483 2279 smpius
1512 2210 1737 2279 putabat

122 2314 261 2355 esse
291 2301 645 2369 quaerendum
680 2319 695 2357 :
726 2308 784 2357 et
808 2302 979 2358 sicubi
1034 2301 1329 2357 lluetuabat
1354 2344 1368 2367 ,
1427 2302 1651 2373 putabat
1676 2319 1738 2367 se

129 2404 259 2449 esse
289 2390 590 2455 desertum.
622 2392 711 2455 Sic
739 2392 986 2462 Apostoli
1011 2393 1175 2471 833
1198 2393 1441 2451 excitant
1469 2394 1737 2448 dormien-

128 2491 281 2549 tem;
316 2498 388 2539 ne
416 2484 755 2547 obtlormirct
786 2485 925 2557 sibi,
958 2502 1064 2541 non
1092 2490 1214 2557 quia
1237 2502 1359 2541 eum
1392 2488 1737 2553 obdormisse

123 2574 453 2631 credebant.
479 2576 569 2634 Sic
594 2576 925 2651 Elisaeus(ut
949 2579 1294 2653 superiorum
1309 2590 1525 2641 utamur
1551 2598 1738 2639 exem-

126 2668 265 2736 plis)
299 2667 398 2725 Ubi
428 2681 523 2739 est,
573 2670 779 2747 inquit,
831 2670 976 2729 Deus
1030 2673 1199 2735 Elite?
1239 2673 1327 2746 (IV
1356 2674 1487 2751 Reg.
1519 2692 1580 2743 II,
1622 2676 1733 2749 14.)

123 2759 252 2815 Non
284 2762 427 2835 quod
474 2771 691 2835 putaret
724 2765 1044 2832 absentem;
1098 2767 1193 2829 sed
1228 2769 1350 2841 quia
1385 2772 1735 2843 pricsentiam

124 2853 256 2925 ejus
279 2853 333 2911 in
362 2854 643 2917 beneﬂciis
684 2858 1019 2927 requirebat.
1044 2858 1138 2916 Sic
1172 2861 1480 2925 Hieremias
1503 2880 1625 2921 eum
1650 2881 1739 2921 se-

128 2946 407 3017 quebatur
435 2960 493 3007 ut
514 2949 809 3019 medicum,
835 2952 1025 3009 dicens
1057 2970 1069 3005 :
1105 2952 1252 3011 Sana
1278 2972 1380 3027 me,
1418 2956 1658 3027 Domine,
1687 2969 1739 3015 et

128 3038 379 3106 sanabor,
437 3043 655 3113 salvum:
698 3059 778 3099 me
838 3044 925 3114 [ac
970 3054 1019 3098 et
1075 3046 1333 3103 salvabor.
1406 3045 1531 3109 Non
1595 3050 1739 3106 labo-

134 3133 246 3186 ravi
271 3143 389 3203 post
415 3144 462 3191 te
485 3133 701 3207 (larem.
729 3151 863 3202 xvn,
886 3134 996 3208 14).
1028 3136 1118 3194 Sic
1144 3139 1386 3201 Ecclesia
1423 3143 1738 3213 requirebat

1847 526 2037 580 stravit
2064 544 2078 581 :
2104 527 2457 582 cumlaterna
2503 537 2819 601 persecutor
2848 527 3066 589 advenit
3123 536 3179 589 et
3217 526 3446 582 demou-

1846 618 2071 683 stravit;
2104 619 2310 675 latcrna
2340 619 2483 677 enim
2534 619 2779 695 clausum
2824 620 3014 687 habet,
3061 635 3166 677 non
3213 620 3445 683 liberum

1844 710 2050 771 lumen.
2083 709 2302 771 Judzens
2332 711 2487 785 quasi
2516 712 2737 773 lucerna
2782 714 2883 769 sub
2931 712 3133 779 modio,
3190 713 3273 769 vel
3298 711 3447 771 faces

1842 801 1946 871 sub
1990 802 2259 860 velamine
2286 815 2467 879 potest
2490 804 2708 875 videre,
2741 805 2835 862 sed
2869 821 2974 869 non
3005 805 3151 861 videt
3184 822 3197 863 :
3225 820 3325 865 nos
3353 820 3453 865 att-

1845 903 1950 949 tem
1982 893 2219 949 revelata
2250 893 2384 953 facie
2410 897 2642 971 gloriam
2675 898 2884 955 Domini
2908 899 3256 977 speculamur
3282 909 3446 957 teter-

1842 1004 2005 1053 nam;
2045 998 2103 1045 ut
2147 988 2213 1044 ad
2245 987 2363 1063 ejus
2394 990 2682 1062 imaginem
2725 1008 2753 1045 a
2792 991 2961 1067 gloria
2994 992 3046 1061 in
3091 992 3317 1069 gloriam
3347 1006 3449 1067 per

1844 1079 2104 1163 Spiritum
2154 1092 2400 1137 sanctum
2428 1083 2806 1153 reformemqr.
2845 1083 3155 1156 Venitergo
3198 1099 3453 1157 persecu-

1847 1185 2024 1229 tnrum
2048 1173 2200 1229 turba
2249 1190 2371 1231 cum
2404 1176 2664 1247 laternis;
2713 1188 2767 1233 et
2821 1178 2944 1234 ideo
2975 1179 3239 1243 inclusam
3275 1179 3329 1233 in
3369 1179 3449 1235 eis

1846 1267 2023 1322 lucem
2078 1268 2266 1324 videre
2288 1284 2477 1325 eorum
2508 1268 2653 1324 oeuli
2694 1272 3077 1342 nequiverunt.
3130 1270 3295 1329 Venit
3324 1286 3447 1326 cum

1842 1357 2083 1431 facibus,
2135 1377 2257 1430 qua:
2311 1363 2432 1431 plus
2478 1360 2680 1417 habent
2712 1363 2761 1416 in
2788 1362 2935 1419 fumo
2974 1362 3255 1447 caliginis,
3286 1380 3446 1451 quam

1842 1453 2150 1531 splendoris
2195 1453 2250 1508 in
2293 1453 2518 1511 lumine.
2571 1454 2816 1527 Denique
2870 1454 3078 1513 facibus
3110 1466 3447 1513 mortuorum

1843 1545 2108 1611 cadavera
2136 1547 2329 1603 ardere
2351 1558 2771 1613 consueverunt.
2806 1548 2921 1607 Sibi
2952 1565 3079 1620 ergo
3135 1549 3311 1605 Judaei
3335 1549 3447 1623 jam

1844 1637 2384 1711 ferebantincendia,
2407 1638 2498 1711 qui
2535 1639 2996 1715 persequebantur
3029 1642 3218 1696 salutis
3262 1658 3451 1707 anetu-

1844 1746 1981 1785 rem.
2037 1730 2245 1787 Venere
2275 1748 2397 1791 cum
2426 1733 2625 1801 armis,
2657 1733 3027 1811 significantes
3069 1733 3235 1789 armis
3261 1750 3322 1789 se
3349 1750 3447 1811 pe-

1844 1824 2047 1883 rituros
2076 1840 2198 1887 esse
2219 1825 2481 1885 Romanis
2510 1843 2680 1903 usque
2710 1828 2777 1881 ad
2813 1826 3085 1897 excidium
3117 1834 3280 1891 totius
3310 1824 3445 1881 civi-

1844 1915 1967 1972 tatis
1988 1927 2041 1983 et
2065 1919 2273 1999 templi,
2304 1920 2392 1988 qui
2412 1935 2600 1991 pacem
2634 1919 2848 1974 Domini
2877 1930 3220 1985 recusarunt.

1915 2010 2004 2069 42.
2045 2010 2229 2083 (Vers.
2262 2010 2348 2077 η,
2377 2012 2465 2080 I5,
2500 2012 2591 2085 i4,
2639 2009 2753 2085 15.)
2794 2011 2965 2079 Amici
2991 2014 3092 2066 mei
3141 2022 3188 2071 et
3215 2012 3445 2091 proximi

1841 2105 1943 2160 mei
1966 2106 2241 2165 adversum
2271 2124 2351 2173 me
2389 2108 2957 2183 appropinquaretunt,
2982 2119 3029 2163 et
3053 2120 3325 2173 steterunt.
3376 2109 3449 2165 Et

1840 2198 2064 2270 proximi
2113 2199 2213 2253 mei
2247 2201 2455 2271 alonge
2497 2210 2763 2256 steterunt.
2813 2199 2880 2263 Et
2920 2202 3019 2254 vim
3056 2203 3313 2272 faciebant
3362 2203 3451 2276 qui

1840 2290 2134 2360 quwrebant
2190 2293 2419 2346 animum
2472 2310 2654 2349 nteant.
2705 2292 2774 2349 Et
2810 2295 2898 2373 qui
2935 2295 3254 2369 inquirebant
3309 2296 3452 2350 mala

1842 2383 1989 2449 nti/ti,
2018 2384 2176 2439 locuti
2204 2396 2322 2440 sunt
2346 2385 2619 2442 vanitatem
2650 2398 2742 2442 εει
2770 2388 2948 2443 dolum
2980 2399 3083 2443 tota
3114 2391 3198 2445 die
3229 2390 3449 2446 medita-

1842 2474 2050 2535 bantur.
2082 2475 2194 2555 Ego
2221 2489 2391 2533 autem
2408 2482 2546 2535 velut
2570 2480 2762 2545 surdus
2790 2498 2893 2536 non
2923 2484 3215 2557 audiebam,
3245 2496 3293 2540 et
3314 2486 3449 2553 sicut

1841 2581 2035 2645 mutus,
2072 2554 2163 2645 qui
2191 2587 2294 2625 non
2338 2572 2503 2645 aperit
2533 2589 2591 2627 os
2636 2590 2807 2628 suum.
2856 2573 2923 2629 Et
2969 2578 3137 2649 [actus
3164 2554 3284 2637 sum
3318 2578 3450 2634 sicut

1842 2662 1993 2717 homo
2020 2681 2122 2717 non
2149 2666 2385 2735 audiens,
2432 2676 2479 2720 et
2511 2684 2611 2721 non
2642 2667 2837 2727 habens
2877 2670 2933 2733 in
2976 2687 3066 2741 ore
3092 2687 3185 2735 suo
3212 2672 3449 2747 increpa-

1840 2756 2021 2821 tiones.
2074 2757 2277 2821 Videre
2297 2761 2388 2830 qui
2434 2759 2545 2821 sint
2599 2760 2690 2833 qui
2736 2771 2931 2835 argute
2984 2762 3088 2819 ista
3128 2762 3444 2831 discutiant.

1844 2850 1972 2905 Mihi
2231 2855 2281 2907 in
2316 2855 2492 2935 primo
2530 2856 2805 2933 praecipue
2862 2857 2967 2911 isto
3017 2858 3289 2923 versiculo
3349 2860 3451 2921 Do-

1841 2942 1975 2995 mini
2004 2944 2217 2999 Videtur
2244 2945 2474 3009 tenenda
2501 2950 2799 3015 sententia;
2832 2950 2957 3031 quia
2981 2948 3033 3004 in
3056 2951 3450 3015 tentationibus

1841 3034 2048 3090 inimici
2079 3037 2214 3091 fiunt
2237 3038 2477 3095 hominis
2506 3041 2669 3096 etiam
2696 3040 2982 3109 domestici
3014 3044 3154 3119 ejus.
3186 3044 3297 3101 Hoc
3319 3060 3451 3121 ergo

1841 3140 2064 3185 sanctus
2092 3130 2261 3187 David
2310 3147 2446 3203 pure
2495 3144 2659 3209 atque
2688 3136 2906 3197 sincere
2939 3147 2992 3201 et
3021 3135 3269 3201 dolenter
3314 3135 3449 3193 fate-

135 3240 263 3279 eum
293 3225 347 3281 in
369 3226 610 3289 Canticis
637 3225 1013 3295 Canticorum,
1044 3238 1098 3286 et
1121 3231 1348 3301 rogabat
1379 3232 1517 3289 filias
1543 3234 1735 3295 llicru—
1763 3227 1809 3293 C
1843 3232 1947 3279 lur-
1981 3224 2159 3281 Verus
2199 3227 2345 3282 enim
2371 3227 2530 3283 ἀυιοι·
2561 3240 2666 3301 εει,
2699 3237 2754 3283 ει
2803 3230 3084 3291 interioris
3110 3234 3292 3289 cordis
3318 3248 3453 3289 co"-

137 3318 395 3391 salem,ut
411 3320 739 3377 suscitarent
761 3321 1292 3397 dilectionem(Cant.
1318 3324 1492 3399 ttt,5).
1513 3328 1736 3397 Quaere-

139 3409 231 3464 bat
263 3421 318 3465 ut
344 3412 637 3477 inveniret,
669 3430 832 3484 quem
863 3431 961 3471 sua
994 3416 1288 3472 dilectione
1319 3419 1610 3486 retinebat,
1635 3436 1737 3479 nec

141 3521 374 3576 unquam
406 3507 678 3567 sentiebat
706 3508 1010 3575 absentem.
1062 3511 1156 3575 Sic
1184 3527 1319 3589 ergo
1345 3524 1399 3577 et
1430 3512 1597 3573 David
1627 3531 1736 3581 non

139 3599 475 3671 querebatur
499 3616 530 3661 a
552 3599 772 3659 Christo
818 3620 876 3665 se
904 3620 1026 3669 esse
1047 3590 1362 3672 desertum;
1408 3609 1504 3671 sed
1529 3609 1734 3689 judica-

141 3691 236 3745 bat
267 3692 356 3747 illo
382 3703 676 3771 praesente,
704 3711 764 3752 se
796 3712 906 3761 non
937 3714 1097 3767 posse
1127 3700 1354 3761 turbari.

213 3783 304 3838 tl.
350 3785 588 3857 Denique
628 3796 687 3843 ut
734 3791 874 3847 scias
898 3790 964 3846 de
986 3790 1203 3853 ChriSto
1230 3795 1399 3865 magis
1432 3794 1741 3867 intelligen-

138 3877 296 3940 dum,
334 3877 538 3939 addidit
566 3897 578 3932 :
606 3879 673 3934 Et
704 3881 874 3941 lumen
928 3884 1200 3943 oculorum
1269 3903 1500 3943 meorum
1538 3905 1639 3945 non
1666 3900 1740 3944 est

142 3986 360 4025 mecum.
411 3970 566 4039 Quod
594 3983 678 4033 est
703 3990 889 4031 verum
928 3976 1112 4035 lumen
1141 3981 1405 4046 omnium,
1453 3982 1553 4039 nisi
1583 3981 1743 4038 Chri-

140 4075 261 4121 stus
298 4063 459 4127 Jesus
496 4067 563 4123 de
588 4084 694 4139 quo
714 4068 951 4131 Joannes
982 4070 1114 4126 dicit
1145 4089 1157 4125 ε
1194 4070 1319 4126 Erat
1343 4089 1515 4137 verum
1540 4075 1739 4142 lumen,

142 4156 280 4229 quod
324 4158 585 4229 illuminat
640 4176 839 4215 omnem
892 4163 1148 4219 hominem
1192 4165 1473 4225 venientem
1500 4170 1553 4225 in
1604 4166 1742 4222 hunc

144 4224 411 4304 mundum.
443 4247 666 4327 (Joan.t,
701 4250 795 4323 9);
829 4255 953 4324 quia
1001 4255 1116 4325 ipse
1142 4265 1227 4313 est
1253 4258 1343 4329 qui
1388 4224 1661 4314 illuminat
1689 4269 1744 4315 et

148 4343 393 4410 corporis
420 4346 628 4411 oculos,
658 4356 711 4403 et
739 4348 935 4405 mentis
966 4347 1258 4421 obtutum?
1306 4350 1579 4427 Rogemus
1612 4368 1745 4433 ergo

153 4446 209 4488 nt
248 4451 463 4506 semper
490 4440 646 4509 nobis
674 4458 829 4497 suum
878 4444 1057 4499 lumen
1108 4445 1387 4516 infundat,
1421 4458 1475 4505 et
1530 4464 1746 4523 semper

148 4529 430 4586 "utriscum
457 4530 548 4597 sit,
579 4534 716 4601 sicut
742 4546 1004 4590 eratcum
1036 4538 1229 4617 David;
1266 4552 1317 4596 et
1364 4542 1484 4601 ideo
1513 4543 1746 4599 audebat

1840 3319 2038 3387 fessio;
2083 3320 2301 3393 quando
2352 3333 2741 3381 enumerantur
2769 3325 2952 3383 omnia
3008 3324 3206 3397 quibus
3235 3337 3449 3389 secreta

1841 3413 2039 3467 mentis
2067 3416 2275 3471 viscera
2299 3417 2642 3481 amarissimo
2668 3428 3110 3492 compunguntur
3136 3418 3357 3491 affectu,
3391 3431 3450 3481 et

1842 3506 2145 3571 domestico
2176 3508 2303 3563 felle
2351 3509 2773 3575 exacerbemur.
2828 3511 3085 3587 Deplorat
3114 3512 3279 3585 igitur
3317 3514 3453 3575 Pro-

1842 3599 2002 3670 pheta
2023 3601 2092 3654 ab
2114 3601 2303 3657 amicis
2319 3613 2446 3658 seet
2474 3603 2737 3677 proximis
2766 3604 3162 3681 impugnatum,
3197 3625 3226 3663 a
3248 3609 3447 3679 quibus

1844 3698 2031 3767 utique
2062 3713 2168 3751 non
2192 3697 2500 3771 impugnari
2534 3699 2745 3768 debuit,
2790 3702 2884 3765 sed
2906 3703 3106 3777 juvari.
3155 3704 3311 3787 Quod
3343 3708 3449 3771 uti-

1842 3804 1951 3861 que
1979 3806 2099 3851 cum
2132 3793 2305 3847 sancti
2330 3790 2437 3849 Job
2478 3795 2816 3867 querimonia
2859 3800 3138 3855 concurrit
3161 3798 3304 3871 (Job.
3338 3817 3451 3867 XVI,

1840 3883 1881 3939 2
1906 3895 1954 3945 et
1983 3883 2148 3956 req.);
2181 3888 2304 3956 quia
2335 3897 2389 3943 et
2411 3888 2527 3957 ipse
2556 3888 2817 3961 arguebat
2847 3897 2958 3946 tres
2980 3890 3105 3949 illos
3130 3908 3284 3971 reges
3322 3909 3456 3951 con-

1846 3977 2117 4037 solatores
2150 3979 2439 4047 malorum,
2474 3979 2564 4050 qui
2614 3980 2821 4050 majora
2870 3983 2918 4039 ei
2952 3983 3256 4051 inferebant
3278 3994 3455 4053 certa—

1846 4071 1993 4127 mina
2019 4111 2035 4138 ,
2091 4085 2212 4126 cum
2254 4070 2321 4135 ad
2360 4071 2757 4139 consolandum
2809 4090 2932 4129 eum
2984 4076 3241 4141 amicitiae
3280 4080 3453 4150 gratia

1846 4162 2276 4220 convenissent:
2311 4164 2453 4237 quod
2505 4162 2691 4247 utique
2740 4167 3041 4233 cavendum
3104 4179 3188 4233 est
3269 4170 3450 4227 nobis.

1847 4258 2163 4323 Consolatio
2203 4258 2348 4327 enim
2380 4260 2526 4314 mitis
2575 4274 2696 4317 esse
2722 4259 2907 4331 debet,
2939 4278 3047 4320 non
3078 4280 3303 4339 aspera,
3336 4282 3459 4343 quae

1849 4353 2019 4425 magis
2040 4353 2282 4410 dolorem
2309 4355 2492 4421 leniat,
2527 4355 2795 4412 fervorem
2848 4356 3078 4439 mitiget,
3117 4376 3278 4437 quam
3303 4377 3456 4417 com-

1850 4448 2144 4504 motionem
2177 4449 2396 4506 excitet.
2455 4450 2615 4507 Certe
2663 4451 2833 4527 ipsius
2861 4453 3133 4528 {corporis
3191 4457 3456 4525 medicina

1849 4556 1950 4596 nos
1992 4540 2219 4610 doceat,
2272 4557 2392 4617 qua:
2447 4542 2781 4601 ferventibus
2838 4546 3153 4604 vulneribus
3206 4549 3458 4607 molliora

149 4620 359 4677 dicere:
386 4623 644 4689 Quoniam
672 4628 816 4697 apud
842 4639 890 4682 te
906 4639 979 4683 est
998 4634 1115 4701 fons
1139 4633 1331 4699 ritce,et
1362 4634 1414 4688 in
1442 4636 1633 4690 lumine
1655 4646 1742 4691 tuo
1769 4628 1820 4699 Ι)
1851 4635 2247 4692 medicamenta
2290 4640 2576 4695 consuevit
2630 4639 2929 4711 adhibere,
2961 4644 3157 4717 quibus
3208 4645 3452 4702 dolorem

150 4715 430 4770 videbimus
459 4712 816 4786 lutiten(Psal.
835 4737 1005 4788 xxxv,
1029 4723 1137 4797 l0).
1157 4724 1250 4780 Ille
1272 4736 1423 4782 certe
1444 4731 1595 4809 quasi
1621 4745 1745 4803 pro-

150 4810 311 4877 pheta
352 4825 603 4887 magnnm
652 4811 858 4867 viderat
908 4815 1091 4885 lumen
1122 4834 1135 4870 :
1165 4819 1321 4883 nobis
1368 4819 1585 4876 lucerna
1627 4822 1745 4895 eius

150 4901 345 4969 luceat,
382 4917 449 4957 ne
470 4903 743 4972 possimus
769 4920 973 4960 errare.
1028 4908 1093 4961 Et
1119 4908 1340 4979 lucerna
1378 4911 1609 4971 Verbum
1638 4925 1743 4982 est,

149 4995 287 5051 sicut
316 5010 501 5050 verum
534 4997 715 5057 lumen
749 5009 831 5053 est
863 4996 1121 5067 Verbum,
1152 5002 1294 5074 quod
1340 5013 1507 5060 totum
1542 5006 1741 5062 illumi-

152 5100 242 5149 nat
273 5091 550 5146 mundum.
607 5092 847 5163 Denique
873 5092 1082 5148 lucerna
1118 5095 1337 5169 pedibus
1370 5098 1492 5153 meis
1522 5098 1746 5157 Verbum

151 5193 328 5250 tuum,
376 5181 597 5239 Domine
652 5184 825 5255 (Psal.
857 5201 1046 5257 cxvnt,
1082 5186 1196 5259 15).
1252 5187 1319 5242 Et
1358 5189 1637 5247 lucernam
1674 5193 1739 5248 il-

154 5276 255 5329 lam
312 5275 475 5330 etiam
549 5275 814 5346 Pr0pheta
868 5278 1168 5347 quaerebat,
1228 5276 1390 5335 bnon
1448 5282 1741 5339 laternam.

226 5430 250 5457 ει
294 5419 437 5475 Edit.
466 5434 657 5472 omnes
689 5434 811 5479 curn
839 5420 1013 5477 tribus
1036 5437 1193 5490 mss.,
1226 5418 1427 5478 Arbiter
1458 5435 1503 5478 et
1540 5425 1740 5485 brevia-

158 5505 253 5569 tor.
274 5491 472 5569 Melius
510 5490 601 5569 al:_i
651 5491 887 5569 quinque
923 5492 1324 5569 cod..“Arbiter
1353 5505 1400 5550 et
1429 5498 1739 5569 proeliator;

157 5562 481 5637 significatur
506 5562 656 5637 enim
686 5561 879 5637 Paulus
905 5573 962 5617 et
988 5563 1209 5633 Arbiter,
1244 5571 1356 5621 sive
1379 5561 1740 5637 agonothetes

159 5632 257 5691 dici
309 5632 942 5709 spiritaliseertaminis,
990 5637 1132 5706 quod
1159 5632 1344 5697 multis
1389 5632 1737 5709 epistularum

161 5703 372 5763 sum.um
396 5703 672 5791 luctacius
690 5705 834 5791 leges
853 5706 973 5771 aliis
998 5703 1410 5791 prgscripserit,
1424 5703 1740 5791 pra-mium-

162 5778 667 5853 que‘proposuefil;
700 5776 919 5853 et‘idgnj
945 5776 1237 5853 partiatur:
1263 5782 1378 5853 sive
1398 5776 1599 5836 athleta
1634 5795 1736 5847 ρει,

161 5845 217 5907 ut
243 5845 310 5906 de
334 5848 540 5918 seipse
566 5852 813 5901 testatur.
834 5845 1221 5920 ιϐοὴτςίὲὶϐέ
1248 5854 1299 5907 et
1329 5851 1396 5921 tl,
1422 5853 1561 5919 frim.
1579 5868 1655 5931 iv,
1688 5854 1739 5911 τ’.

1854 4731 2077 4787 allevet.
2138 4730 2372 4803 Ideoque
2410 4732 2661 4803 foventur
2688 4735 2870 4809 primo
2898 4739 3150 4819 vulnera,
3202 4749 3326 4819 post
3373 4755 3460 4807 se-

1854 4836 2081 4889 cantur;
2115 4838 2185 4893 ne
2240 4825 2482 4887 offendat
2509 4827 2623 4898 ipsa
2653 4826 2904 4899 durities,
2926 4842 2981 4885 et
3023 4830 3215 4899 incisio
3262 4833 3459 4897 vulnus

1854 4924 2161 4985 exasperet.
2192 4915 2403 4991 Quanto
2436 4920 2600 4990 igitur
2629 4920 2803 4995 magis
2831 4936 3026 4977 cavere
3048 4938 3147 4977 nos
3166 4928 3416 4982 convenit
3442 4943 3457 4991 ;

1853 5014 1915 5059 ut
1936 5019 2057 5061 cum
2089 5008 2400 5065 venerimus
2424 5010 2491 5065 ad
2520 5012 2946 5081 consolandum,
2992 5030 3099 5069 non
3123 5012 3282 5085 facile
3302 5058 3317 5082 ,
3348 5034 3456 5072 non

1848 5098 2226 5175 perfunctorie
2266 5101 2588 5172 loquamur?
2625 5105 2843 5187 Septem
2897 5105 3088 5163 diebus
3137 5110 3301 5164 tacuit
3329 5109 3453 5175 Job,

1854 5203 2138 5263 tacuerunt
2170 5196 2351 5269 amici,
2387 5216 2488 5257 nec
2534 5202 2702 5257 locuti
2750 5211 2960 5271 essent,
3000 5205 3103 5271 nisi
3132 5205 3234 5262 Job
3269 5205 3461 5283 dolore

1856 5289 2197 5360 prorupisset
2250 5292 2305 5347 in
2349 5308 2579 5359 vocem;
2612 5294 2967 5365 quaerendum
3016 5309 3102 5354 est
3146 5298 3287 5354 enim
3318 5300 3461 5357 unde

1924 5429 1953 5469 1)
1995 5431 2070 5516 Ita
2094 5432 2223 5488 edit.
2258 5450 2321 5495 ac
2345 5437 2529 5516 plures
2554 5439 2813 5516 mssanisi
2841 5442 2985 5510 quod
3028 5442 3091 5516 _hi
3124 5458 3242 5516 post
3272 5448 3457 5516 verba,

1848 5518 1970 5581 non_
1996 5505 2267 5581 laternam,
2300 5505 2525 5581 addunt,
2565 5510 2657 5569 sed
2684 5505 2965 5581 lucernam,
3022 5514 3075 5577 In
3106 5505 3246 5577 Vict.
3276 5505 3457 5579 autem

1849 5583 1907 5630 et
1933 5576 2089 5655 Colb.
2118 5578 2195 5631 sic
2227 5580 2465 5655 legitur,
2506 5597 2610 5639 non
2650 5576 2957 5655 lucernam.”
2985 5576 3343 5655 Etrlutemam
3376 5576 3460 5653 lite

1850 5662 2006 5735 eterna
2032 5645 2423 5735 Ιομηῃαξειο.
2450 5650 2646 5735 lterum
2692 5653 2782 5709 ubi
2815 5645 2943 5735 edit!
2972 5645 3454 5735 acittissaaﬁquiii.

1852 5715 2052 5792 Lumen
2080 5716 2384 5786 Iudaeorum
2429 5725 2579 5792 quasi
2611 5724 2818 5791 lucerna

1848 5791 1943 5869 sub
1962 5791 2232 5863 velamine,
2260 5791 2451 5869 potest,
2472 5792 2652 5865 videri,
2682 5806 2787 5869 etc.

1846 5864 2028 5933 'rnero,
2058 5874 2122 5931 ut
2160 5864 2335 5929 posin
2359 5872 2530 5929 textu.

2898 5728 2954 5818 lt”
2971 5815 2983 5818 -
3001 5731 3197 5818 φθαίθι
3230 5728 3330 5818 ,ηεξ
3359 5740 3457 5815 {et

2896 5800 2930 5866 ii
2952 5800 3095 5869 90d?
3134 5800 3331 5887 .ntaiitri
3359 5800 3459 5875 itii-
