4008 6352
625 317 761 377 1031

1958 315 2205 377 SANCTI
2244 315 2569 378 AMBROSII

3804 317 3896 376 ωε

616 437 869 512 incipias,
897 454 967 498 ne
995 439 1047 496 in
1070 439 1188 512 ipso
1209 452 1465 498 sermone
1509 439 1747 499 offendat
1769 442 2072 499 consolatio
2107 454 2214 499 tua.
2244 452 2352 514 Aa
2406 441 2780 499 sacerdotibus
2829 441 3075 500 facienda
3127 436 3343 513 injuria
3396 434 3516 502 sit;
3555 434 3605 491 si
3645 435 3787 492 nulla
3829 445 3894 496 sia:

622 533 803 591 Etiam
864 535 1205 592 taciturnitas
1257 536 1372 607 ipsa
1414 536 1679 592 medicina
1716 548 1836 606 est,
1879 546 1933 594 et
1960 538 2118 592 velox
2161 539 2212 592 in

617 627 962 683 sermonibus
996 632 1167 699 magis
1190 628 1462 685 vulnerat.
1505 629 1646 698 Quid
1677 629 1890 684 miraris
1920 631 1963 685 si
1987 633 2214 685 alterum

617 719 891 787 vulnerat,
937 737 1058 777 cum
1095 720 1410 793 frequenter
1438 723 1557 792 ipse
1587 738 1647 779 se
1678 723 1958 787 vulneret;
1993 725 2114 791 quia
2148 737 2213 778 ex

617 812 956 885 multiloquio
984 822 1263 884 peccatum
1288 829 1393 870 non
1421 813 1638 886 eﬂ'ugit‘t
1666 814 1882 870 Etenim
1905 817 1950 870 si
1974 814 2216 870 medicus

615 907 870 964 medendi
893 916 1106 980 tempus
1127 918 1429 981 exspectat,
1456 920 1513 964 ut
1533 908 1759 981 digestis
1783 909 2211 981 aegritudinibus,

616 1003 902 1059 medicina:
926 1003 1165 1061 subsidia
1193 1005 1542 1070 deferantur;
1597 1021 1665 1060 ne
1714 1005 1908 1060 acerba
1954 1004 2130 1058 adhuc
2160 1013 2216 1059 ct

612 1097 932 1166 immatura,
958 1108 1018 1154 ut
1056 1107 1345 1168 asserunt,
1395 1098 1660 1170 aegritudo
1702 1097 2003 1155 curationis
2042 1112 2216 1154 reme-

613 1188 718 1246 diis
739 1192 1074 1260 reluctetur,
1131 1203 1186 1250 et
1228 1195 1551 1251 beneficium
1602 1195 1805 1250 sentire
1848 1208 1958 1249 non
2010 1193 2210 1264 possit;

615 1293 818 1357 quanto
849 1287 1020 1360 magis
1038 1291 1326 1360 explorare
1349 1304 1450 1344 nos
1469 1289 1748 1356 convenit,
1775 1297 1830 1342 ut
1854 1297 2154 1358 opportune
2183 1301 2213 1340 a

615 1378 773 1436 uobis
826 1380 1167 1437 medicinalis
1212 1397 1396 1438 sermo
1428 1381 1720 1452 procedat,
1767 1380 1858 1452 qui
1887 1397 1991 1436 non
2024 1396 2216 1436 accen-

611 1471 744 1528 dere
772 1473 1000 1543 luctum,
1031 1474 1129 1530 sed
1160 1474 1334 1530 lenire
1363 1473 1646 1530 videatur?
1673 1473 1767 1528 Vis
1795 1482 1950 1545 urget
1971 1472 2210 1528 doloris:

609 1565 878 1636 premitur
906 1581 1004 1622 cor
1023 1565 1270 1622 mulieris
1301 1565 1549 1632 afﬂictae,
1574 1582 1697 1637 qua:
1739 1565 2031 1620 immaturo
2059 1564 2212 1620 obitu

611 1658 867 1714 maritum
896 1657 1099 1726 amisit,
1133 1658 1384 1714 autﬁlios
1414 1677 1426 1712 :
1451 1658 1579 1730 quid
1605 1673 1865 1730 properas
1890 1674 2012 1713 cum
2042 1666 2095 1712 te
2121 1656 2214 1711 illa

610 1765 720 1806 non
751 1750 968 1816 audiat,
1016 1750 1117 1806 nisi
1163 1749 1501 1807 defervescat
1551 1750 1742 1806 dolor?
1781 1752 1937 1821 Saepe
1988 1751 2111 1805 lites
2146 1749 2215 1805 de

2317 537 2569 607 graviora
2628 547 2886 609 peccata,
2944 537 3000 592 in
3049 535 3259 608 quibus
3318 531 3574 588 debeant
3631 531 3895 602 arguizlhi

2317 639 2494 686 autem
2528 642 2746 703 peccata
2794 632 3050 703 graviora
3081 637 3237 695 sunt,
3291 627 3369 683 ibi
3407 641 3524 681 non
3556 622 3768 680 videtur
3791 641 3816 678 a
3840 643 3896 681 sa-

2316 725 2539 782 cerdote
2585 726 2954 798 parcendum;
2985 734 3043 781 ut
3067 723 3235 796 justis
3265 719 3754 792 increpationibus
3780 723 3898 776 carri-

2318 831 2536 890 gantur.

2389 915 2478 968 μ.
2524 911 2726 968 Tamen
2760 911 2926 967 David
2963 911 3013 966 in
3046 910 3148 966 hoc
3181 909 3316 964 loco
3351 905 3501 962 dicit
3531 903 3682 976 quod
3713 903 3829 959 nihil
3850 906 3903 958 in-

2317 1006 2535 1060 venisse
2578 1003 2902 1072 videantur;
2948 1013 3002 1060 et
3030 1002 3153 1058 ideo
3215 997 3445 1056 inimici
3488 998 3617 1067 ejus
3671 998 3900 1053 vanitatem

2316 1097 2485 1153 locuti
2511 1107 2641 1154 sunt
2663 1141 2678 1163 ,
2711 1097 2965 1168 quoniam
2999 1095 3134 1150 nihil
3162 1093 3314 1166 quod
3344 1106 3462 1166 pro
3506 1091 3743 1145 veritate
3770 1092 3902 1160 loque-

2316 1198 2525 1255 rentur,
2549 1189 2874 1245 invenerint.
2926 1190 3034 1243 Aut
3061 1196 3233 1251 certe,
3268 1186 3407 1258 quia
3465 1183 3579 1238 etsi
3615 1183 3833 1252 peccavi,
3852 1195 3901 1236 ta-

2318 1299 2441 1340 men
2471 1292 2686 1354 peccata
2739 1299 2860 1340 mea
2915 1282 3214 1353 penitendi
3254 1279 3470 1336 dolore
3528 1276 3831 1348 purgabam.
3869 1278 3900 1331 h

2317 1391 2424 1447 quo
2451 1376 2528 1431 illi
2559 1391 2680 1431 cum
2708 1375 2836 1430 dolo
2858 1389 3069 1431 mecum
3101 1371 3492 1444 loquebantur
3517 1387 3534 1425 :
3573 1378 3636 1425 ut
3664 1385 3748 1424 me
3771 1371 3902 1437 objur-

2317 1472 2532 1542 gatione
2562 1471 2975 1533 confunderent.
3007 1480 3058 1526 et
3104 1485 3133 1523 a
3165 1467 3568 1525 conversione
3615 1475 3894 1520 revocarent

2319 1567 2385 1621 Et
2413 1565 2537 1622 vide
2565 1581 2634 1621 ne
2666 1566 2769 1621 hoc
2810 1565 2980 1635 magis
3010 1564 3269 1629 senserit,
3308 1559 3604 1632 quaesisse
3665 1557 3778 1612 illos
3805 1558 3890 1611 mh

2317 1662 2436 1730 ejus
2462 1677 2476 1714 :
2510 1661 2606 1716 sed
2625 1676 2746 1715 cum
2774 1659 3275 1722 vellentaccusare,
3300 1661 3674 1726 praeventus;
3703 1656 3888 1722 quem

2317 1757 2540 1811 vulnera
2571 1771 2666 1811 sua
2693 1756 2808 1825 ipse
2833 1751 3181 1823 patefecerat,
3214 1750 3298 1805 sui
3332 1758 3656 1804 accusator
3682 1748 3886 1802 existens;

609 1839 1076 1897 consolationibus
1104 1842 1338 1898 vidimus
1361 1843 1646 1899 excitatas.
1678 1842 1885 1899 Venisti
1917 1852 1974 1897 ut
1997 1843 2208 1910 doleas,
2242 1855 2288 1917 Β
2316 1857 2372 1904 et
2424 1847 2544 1903 ideo
2571 1849 2678 1902 vim
2736 1847 3099 1902 accusationis
3149 1859 3343 1900 eorum
3388 1857 3529 1898 esse
3593 1841 3882 1894 annulatam:

611 1950 722 1991 non
752 1945 810 1990 ut
836 1935 1036 2007 litiges.
1085 1935 1230 1992 Ordo
1259 1937 1528 1993 sermonis
1558 1936 1676 2007 ipse
1718 1935 2044 2006 quaerendus
2089 1944 2206 2002 est;

610 2045 681 2086 ne
707 2039 986 2103 peccatum
1037 2031 1173 2102 apud
1208 2031 1376 2088 Deum
1427 2035 1696 2098 incurras,
1751 2031 1877 2086 dum
1930 2030 2210 2086 desideras

609 2123 885 2180 hominem
917 2125 1222 2191 consolari;
1251 2134 1278 2163 ⁸
1322 2141 1390 2182 ne
1419 2125 1622 2182 dicenti
1653 2126 1747 2182 tibi
1780 2144 1793 2178 :
1825 2126 1962 2180 Audi
1987 2125 2126 2190 lucc,
2155 2133 2213 2180 et

605 2216 714 2271 alia
767 2217 935 2272 multa
989 2234 1108 2289 qua:
1149 2217 1280 2274 nihil
1329 2218 1569 2290 prosint;
1623 2217 1948 2290 respondeat
1980 2235 1992 2271 :
2023 2217 2212 2273 Audite

606 2310 956 2367 consolatores
996 2312 1254 2367 malorum
1291 2311 1520 2385 (Ibid);
1554 2329 1623 2368 ne
1668 2314 1722 2368 in
1790 2313 1936 2369 luctu
1985 2313 2209 2370 alterius

607 2412 888 2460 certamen
916 2403 1149 2475 garrula:
1180 2403 1564 2476 disputationis
1593 2404 1821 2460 inducas
1845 2422 1859 2471 ;
1889 2422 1957 2462 ne
1986 2423 2091 2464 non
2120 2421 2211 2462 ac-

607 2495 790 2563 cedas,
821 2511 946 2552 cum
969 2506 1251 2569 oporteat;
1274 2513 1343 2553 ne
1371 2498 1623 2564 accedas,
1651 2507 1706 2553 et
1733 2497 1921 2554 durior
1966 2496 2038 2551 sit
2085 2505 2210 2551 tuus

608 2603 810 2645 sermo.
861 2589 1105 2662 Denique
1156 2589 1284 2661 quid
1309 2590 1519 2646 dicatur
1560 2591 1628 2646 de
1656 2589 1890 2654 talibus,
1939 2590 2131 2645 doceat
2157 2599 2209 2645 te

605 2690 826 2736 sanctus
846 2680 950 2738 Job
981 2701 995 2735 :
1029 2681 1205 2738 Simul
1233 2682 1360 2736 mihi
1388 2693 1630 2739 venerunt
1663 2680 1690 2720 δ
1721 2683 2027 2736 tentationes
2080 2697 2206 2755 gra-

605 2775 844 2840 vissimae,
860 2777 1304 2832 circumdederunt
1319 2793 1399 2831 me
1417 2776 1722 2832 insidiantes
1741 2776 1959 2846 :fratres
1979 2776 2078 2831 mei
2101 2775 2209 2829 dis-

605 2879 868 2923 cesserunt
893 2885 926 2922 a
951 2885 1051 2937 me,
1073 2879 1417 2942 cognoverunt
1448 2881 1716 2925 extraneos
1742 2870 1904 2942 magis
1929 2887 2082 2941 quam
2106 2886 2203 2924 me.

608 2962 776 3017 Amici
806 2963 904 3017 mei
934 2964 1357 3020 immisericordes
1408 2964 1533 3034 facti
1563 2974 1680 3019 sunt
1725 2963 1869 3038 (Job.
1906 2981 2016 3032 χιχ,
2044 2964 2112 3020 12
2161 2974 2208 3019 et

604 3060 760 3128 seq.).
787 3054 890 3112 Hic
915 3071 1044 3128 ergo
1071 3055 1235 3129 835
1267 3057 1528 3112 naturalis
1563 3066 1645 3113 est
1677 3070 1868 3112 sensus
1898 3058 2059 3112 etiam
2083 3071 2208 3110 san-

604 3147 678 3205 cti
723 3148 998 3220 prophetae
1022 3149 1188 3207 David
1214 3167 1229 3218 ;
1265 3162 1322 3208 ut
1349 3159 1609 3223 queratur
1640 3165 1700 3206 se
1720 3150 1788 3206 ab
1818 3151 2008 3206 amicis
2034 3150 2208 3220 impu-

603 3253 846 3315 gnatum,
873 3259 903 3299 a
921 3245 1180 3316 proximis
1200 3245 1537 3302 destitutum.

675 3335 768 3395 45.
808 3337 916 3395 Sed
945 3354 1013 3394 ne
1037 3340 1297 3412 mysticus
1319 3340 1536 3411 quidem
1560 3338 1857 3395 abhorreat
1887 3338 2104 3410 pietatis
2123 3336 2204 3391 af-

600 3431 807 3498 fectus,
856 3441 916 3487 ut
963 3447 1061 3502 pro
1088 3433 1294 3504 angelis
1347 3433 1566 3498 dixerit,
1599 3434 1687 3505 qui
1738 3432 2082 3504 prmtendunt
2133 3431 2202 3486 ti-

603 3526 873 3582 mentibus
896 3525 1218 3593 Dominum;
1250 3535 1308 3584 ut
1332 3528 1567 3598 eripiant
1583 3543 1676 3583 eos
1695 3527 1766 3584 de
1791 3527 2198 3594 tentationibus,

603 3635 739 3693 quas
778 3622 920 3678 ferre
964 3637 1072 3676 non
1103 3630 1346 3694 possent.
1379 3622 1665 3689 Quomodo
1691 3637 1822 3692 ergo
1844 3621 2002 3693 longe
2033 3629 2200 3687 stant,

604 3712 698 3785 qui
724 3711 792 3769 ad
839 3713 1212 3785 adjumentum
1234 3723 1356 3769 sunt
1404 3713 1694 3770 attributi?
1741 3713 1851 3771 Sed
1898 3729 2005 3768 non
2035 3714 2112 3768 illi
2142 3729 2202 3769 se

601 3818 893 3880 separant,
925 3809 1020 3867 sed
1065 3809 1157 3881 qui
1200 3817 1420 3881 urgetur
1469 3809 1861 3865 tentationibus
1906 3816 2059 3879 putat
2107 3821 2202 3864 eos

599 3900 760 3973 longe
793 3901 1010 3968 abesse,
1052 3916 1188 3973 quos
1211 3901 1433 3972 propius
1459 3899 1564 3955 sibi
1593 3901 1787 3956 adesse
1813 3899 2121 3965 desiderat;
2148 3905 2203 3954 et

601 3993 901 4052 arbitratur
929 3995 1299 4062 dissimulare,
1331 4011 1453 4053 cum
1481 3995 1556 4051 illi
1580 3994 1801 4065 juvandi
1826 4005 2037 4067 tempus
2067 4005 2200 4050 nutu

598 4091 681 4147 sui
739 4091 1083 4161 imperatoris
1110 4099 1468 4157 exspectent,
1498 4090 1587 4162 qui
1620 4090 1880 4145 athletam
1917 4104 2069 4145 suum
2093 4102 2199 4160 quo

598 4183 890 4256 gloriosius
917 4185 1195 4253 vinceret,
1221 4183 1428 4239 diutius
1451 4177 1664 4239 certare
1685 4183 1964 4255 prazcepit.
2018 4181 2086 4235 Et
2115 4181 2198 4236 vi-

601 4279 761 4337 detur
789 4280 894 4337 hoc
923 4281 1092 4352 magis
1121 4282 1475 4352 sequentibus
1495 4283 1823 4346 convenire;
1849 4281 1972 4350 quia
1991 4279 2198 4351 angelis

601 4375 954 4446 protectionis
1006 4376 1270 4432 excubias
1344 4375 1748 4441 relaxantibus,
1805 4374 2198 4430 insidiabantur

600 4466 830 4532 inimici,
860 4476 1166 4538 qumrentes
1195 4467 1248 4523 in
1271 4468 1471 4536 {anima
1507 4466 1626 4538 ejus
1655 4467 1898 4523 invenire
1927 4467 2069 4539 quod
2096 4483 2196 4522 uo-

600 4573 743 4620 ceat.
787 4561 941 4619 Tunc
975 4563 1122 4619 enim
1163 4571 1402 4635 potestas
1456 4561 1565 4619 illis
1591 4561 1854 4635 gravioris
1885 4561 2197 4618 tentationis

2313 1941 2526 1997 locutos
2551 1949 2731 1995 autem
2769 1939 2936 1995 fuisse
2965 1952 3121 2004 vana,
3153 1951 3275 2006 qua:
3307 1932 3594 1991 confesso
3616 1932 3878 2002 culinae}

2313 2051 2442 2092 cere
2466 2036 2576 2106 jam
2606 2051 2712 2089 non
2741 2043 2983 2105 possent.

2381 2127 2473 2183 45.
2518 2126 2737 2181 Exclusi
2782 2127 2944 2196 igitur
2971 2140 3002 2178 a
3031 2119 3444 2179 criminationis
3470 2119 3716 2180 invidia.

2307 2219 2673 2284 adhibebant;
2708 2230 2764 2272 ut
2794 2218 3171 2288 insurgerent,
3205 2215 3419 2286 inquit,
3457 2224 3519 2269 et
3551 2213 3698 2268 mihi
3727 2213 3862 2267 iussisi-

2311 2325 2455 2380 rent,
2488 2328 2595 2383 quo
2627 2328 2714 2367 me
2736 2312 3078 2366 stimularent
3099 2309 3166 2364 ad
3197 2310 3443 2380 aliquam
3474 2307 3840 2363 commotione:

2309 2426 2538 2481 quorum
2557 2427 2655 2482 ego
2675 2409 2858 2465 dolum
2888 2407 3097 2473 videns,
3124 2408 3263 2461 velut
3283 2407 3482 2462 surdus
3507 2423 3626 2460 non
3651 2406 3832 2458 audietur

2309 2501 2607 2560 Considera
2641 2503 2748 2558 vim
2792 2503 3080 2558 sermonis.
3111 2499 3229 2557 Non
3261 2499 3424 2567 dixit,
3452 2501 3594 2570 quia
3623 2501 3820 2554 simois

2309 2613 2416 2655 non
2444 2613 2530 2654 me
2554 2596 2741 2653 audire
2769 2613 2891 2669 qua:
2920 2597 3194 2652 dicerent:
3229 2595 3327 2652 sed
3355 2612 3465 2649 non
3495 2595 3818 2649 audiebam:

2310 2695 2422 2760 xit;
2455 2704 2509 2749 et
2537 2693 2680 2766 quod
2712 2692 3016 2748 intentione
3065 2691 3266 2747 mentis
3306 2705 3504 2745 vocem
3534 2689 3794 2760 loquenti-
3811 2702 3845 2738 s-

2309 2785 2583 2842 cluderet:
2617 2799 2715 2840 nec
2740 2783 2978 2854 aperiret
3004 2799 3065 2838 os
3094 2797 3273 2849 suum,
3304 2781 3454 2836 sicut
3483 2794 3701 2836 mutus.
3739 2780 3850 2833 Beata

2311 2879 2400 2947 qui
2434 2885 2610 2947 potest
2647 2885 2848 2932 tantam
2875 2875 3078 2931 habere
3105 2875 3383 2940 virtutem,
3411 2884 3474 2928 ut
3503 2873 3781 2930 lacessitus
3799 2886 3849 2924 sai

2311 2970 2614 3037 irascatur,
2662 2980 2968 3024 commotus
3017 2983 3077 3023 se
3129 2967 3264 3022 nolit
3293 2965 3512 3022 ulcisci.
3576 2966 3768 3023 Inimici
3798 2964 3850 3016 si

2311 3071 2497 3134 agunt,
2525 3073 2582 3116 ut
2619 3072 2918 3132 provocent
2945 3060 3013 3116 ad
3059 3059 3394 3116 iracundiam
3430 3079 3444 3114 :
3480 3060 3848 3117 maledicunt:

2311 3155 2698 3210 maledicamus
2731 3171 2744 3206 :
2778 3152 3170 3220 criminantur,
3233 3162 3293 3208 ut
3344 3153 3567 3209 crimen
3619 3161 3848 3220 retorquea-

2237 3259 2282 3322 ο
2317 3263 2437 3302 mus
2467 3265 2480 3302 :
2511 3248 2911 3314 conviciantur,
2961 3259 3019 3301 ut
3065 3245 3310 3302 excitent
3356 3262 3462 3301 nos
3494 3245 3570 3302 ad
3607 3245 3848 3302 vicissimsi-

2308 3357 2431 3397 nem
2461 3342 2824 3397 contumeliae.
2875 3340 3028 3398 Unde
3061 3342 3322 3410 przeclare
3364 3341 3576 3397 Petrus
3609 3339 3844 3398 deDwiso

2306 3432 2433 3490 Jesu
2467 3435 2519 3488 in
2551 3433 2778 3504 epistola
2809 3448 2903 3488 sua
2932 3434 3150 3503 posuit:
3184 3432 3320 3501 Quia
3345 3449 3467 3487 cum
3497 3435 3833 3489 maledicam

2306 3543 2410 3581 non
2475 3525 2811 3581 maledicebat
2840 3541 2859 3580 :
2881 3541 2999 3579 cum
3049 3535 3332 3598 pateretur,
3364 3543 3474 3581 non
3507 3528 3826 3582 comminatur

2307 3619 2356 3690 (Ι
2414 3618 2532 3675 Pet.
2593 3634 2652 3686 ιι,
2702 3618 2832 3690 25).
2865 3617 2947 3673 Ad
2973 3618 3093 3689 ejus
3117 3634 3246 3689 ergo
3287 3617 3713 3674 similitudinem
3743 3627 3834 3684 uale

2306 3715 2594 3786 imaginem
2613 3715 2793 3784 justus
2830 3729 2942 3769 sua:
2967 3714 3092 3768 vita:
3116 3713 3342 3784 cupiens
3367 3711 3630 3770 instituta
3657 3714 3840 3769 formare.

2305 3818 2592 3863 accusatus
2608 3815 2771 3873 tacet,
2804 3807 2968 3863 lassus
2995 3805 3240 3874 remittit,
3266 3806 3581 3862 dissimulat
3615 3806 3843 3863 lacasittts.

2305 3913 2481 3960 etnon
2503 3901 2676 3972 aperit
2718 3916 2781 3956 os
2813 3916 3005 3965 suum;
3053 3910 3109 3954 ut
3155 3899 3305 3954 illum
3339 3899 3616 3968 imitetur,
3659 3899 3847 3969 quisic:

2304 4012 2475 4069 agnus
2516 3996 2582 4052 ad
2613 3995 2888 4051 victimam
2917 3995 3138 4060 ductus,
3171 3995 3249 4049 sic
3281 4008 3385 4049 non
3415 3993 3594 4066 836
3621 3993 3846 4064 aperuitet

2305 4107 2500 4157 suum;
2528 4100 2725 4147 etcum
2760 4089 2928 4160 possit
2955 4087 3159 4144 habere
3186 4087 3329 4159 quod
3363 4089 3590 4150 referat,
3613 4088 3766 4158 magis
3781 4085 3849 4137 nn

2302 4186 2467 4243 silere
2487 4200 2646 4257 quam
2696 4163 2898 4240 dicere.
2940 4181 3060 4254 ipse
3113 4183 3256 4238 enim
3301 4181 3571 4238 Dominus
3603 4181 3749 4238 Jesus
3769 4192 3848 4233 ven

2302 4295 2426 4336 cum
2445 4289 2817 4342 accusaretur,
2851 4277 3102 4343 tacebat;
3132 4287 3187 4332 et
3214 4291 3337 4331 cum
3370 4286 3759 4346 percuteretur,
3781 4285 3850 4326 non

2302 4373 2726 4452 repercutiebat.
2799 4370 3046 4442 Denique
3109 4383 3399 4441 percussus
3476 4363 3849 4440 respondit:.\‘t'
3922 4399 3923 4404 η

2303 4469 2438 4526 male
2465 4471 2668 4525 locutus
2697 4485 2831 4536 sum,
2881 4469 3227 4523 testimonium
3273 4465 3484 4539 perhibe
3531 4467 3597 4520 de
3647 4457 3850 4520 maloui
3922 4529 3923 4551 χ

2301 4564 2445 4631 bene,
2501 4563 2628 4632 quid
2669 4580 2747 4617 me
2775 4561 2932 4619 ctedis
2961 4563 3140 4635 (Joan.
3182 4577 3335 4630 xvut,
3358 4559 3496 4632 23)?
3543 4560 3679 4616 Vide
3708 4570 3844 4628 quem-

599 4658 968 4731 pertnittitur,
1024 4673 1146 4714 cum
1193 4658 1353 4728 culpa
1401 4656 1598 4713 anima:
1644 4656 1859 4728 gravior
1904 4655 2191 4727 reperitur.
2221 4645 2590 4730 padmodum
2633 4656 2787 4729 quasi
2839 4672 2966 4712 vere
3014 4655 3280 4722 infirmus,
3327 4663 3384 4710 et
3436 4653 3597 4724 quasi
3644 4656 3687 4708 is
3718 4650 3846 4722 quise

605 4747 758 4807 Unde
787 4751 956 4808 habes
984 4749 1114 4807 illud
1156 4749 1210 4806 in
1243 4749 1380 4805 libro
1408 4748 1718 4820 Regnorum
1747 4749 1892 4820 regis
1921 4747 2107 4804 Achab
2127 4747 2194 4803 ad

597 4841 777 4898 Eliam
809 4843 1048 4912 dictum;
1104 4840 1322 4915 quando
1370 4857 1492 4898 eum
1544 4841 1813 4913 Propheta
1844 4841 2196 4898 vehementer

595 4935 914 5007 increpavit,
941 4948 996 4994 et
1041 4945 1272 4994 mortem
1302 4938 1353 4994 ei
1383 4936 1760 4992 denuntiavit:
1793 4934 2074 5004 Invenisti,
2113 4937 2198 4992 in-

597 5031 736 5103 quit,
761 5049 860 5088 me.
889 5031 960 5088 Et
984 5032 1264 5105 respondit
1283 5031 1433 5088 Elias
1462 5052 1476 5088 :
1503 5030 1686 5087 Inveni
1708 5049 1727 5098 ;
1757 5033 1876 5103 quia
1898 5033 2062 5103 fecisti
2084 5050 2198 5087 ma-

597 5126 795 5198 lignum
819 5128 872 5182 in
898 5139 1176 5201 conspectu
1206 5126 1417 5184 Domini
1446 5126 1536 5200 (Ill
1563 5126 1695 5201 Reg.
1745 5143 1857 5195 xxi,
1888 5127 2003 5201 ΞΟ).
2032 5126 2196 5183 Vides

596 5234 726 5294 ergo
752 5221 876 5293 quia
897 5220 1116 5293 regibus
1138 5237 1248 5278 non
1278 5230 1483 5279 temere
1505 5221 1641 5278 vela
1665 5219 1944 5294 pmpltetis
1967 5221 2084 5289 Dei,
2109 5219 2197 5276 vel

670 5388 699 5417 α
735 5379 938 5435 Locum
979 5377 1121 5436 hunc
1143 5379 1301 5434 Rom.
1330 5378 1461 5436 edit.
1489 5380 1560 5435 ita
1589 5379 1965 5437 decurtaverat
1992 5399 2006 5434 :
2035 5379 2103 5434 Et
2131 5397 2194 5436 ne

601 5450 803 5506 dicatur
820 5452 910 5506 tibi
931 5465 949 5505 :
970 5452 1142 5506 audivi
1170 5451 1295 5505 talia
1317 5453 1510 5519 multa,
1541 5453 1888 5507 consolatores
1908 5453 2180 5507 malorum.

600 5522 710 5578 Nos
753 5537 876 5594 eum
917 5537 985 5579 ex
1031 5531 1139 5594 vet.
1185 5523 1316 5578 edit.
1373 5526 1706 5594 restituimus
1743 5539 1770 5576 a
1811 5523 2183 5594 quibusetiam

599 5609 707 5666 non
735 5593 992 5666 differunt
1023 5593 1147 5650 cod.
1183 5594 1322 5648 Vict.
1355 5606 1409 5650 et
1435 5593 1590 5650 Colb.
1633 5595 1732 5666 nisi
1764 5593 1906 5666 quod
1938 5595 2179 5666 habent:

602 5662 688 5718 Ne
711 5665 897 5721 dicenti
924 5666 1133 5726 tibi.....
1181 5675 1230 5720 et
1249 5667 1574 5735 respondeat.
1627 5665 1754 5720 Mss.
1781 5662 1933 5721 'vero
1970 5665 2089 5720 Vat.
2130 5677 2185 5724 et

601 5737 836 5808 quinque
864 5736 1082 5804 Gallic.,
1113 5735 1198 5792 Ne
1243 5738 1443 5808 dicatur
1471 5737 1583 5801 tibi,
1616 5737 1739 5791 audi
1772 5738 1972 5792 hara...

601 5807 852 5879 spondeat
882 5808 1002 5879 tibi,
1048 5817 1153 5865 etc.
1185 5807 1265 5863 Ad
1311 5807 1412 5863 hos
1454 5823 1667 5879 quoque
1714 5808 1887 5865 Paris.

602 5878 732 5936 edit.
775 5878 1057 5948 accedunt,
1100 5892 1328 5952 excepto
1349 5878 1493 5952 quod
1539 5878 1890 5950 praemittunt.

2024 5749 2072 5792 et
2104 5754 2183 5792 re-

1975 5810 2184 5866 utetiam

1973 5891 2012 5951 t,
2036 5892 2181 5954 ante,

2303 4749 2584 4806 vindicare
2635 4767 2740 4804 non
2792 4759 3005 4820 posset,
3053 4749 3245 4820 puerili
3298 4747 3534 4820 quodam
3585 4746 3845 4819 loquebatur

2301 4841 2495 4898 affectu
2524 4858 2537 4896 :
2569 4842 2643 4897 ita
2685 4857 2814 4913 ergo
2854 4851 2908 4898 et
2934 4851 2990 4897 tu
3019 4841 3066 4896 si
3113 4840 3314 4896 habeas
3343 4856 3454 4912 quo
3505 4838 3845 4910 redarguasar-

2298 4915 2584 5008 guentem',
2629 4935 2821 4991 melius
2846 4933 3086 5000 tacebis;
3134 4948 3204 4988 ne
3230 4931 3596 5004 redarguendi
3622 4930 3839 4986 vicissitu-

2299 5030 2427 5087 dine
2471 5031 2893 5087 commotionem
2950 5039 3095 5085 tuam
3130 5029 3347 5100 prodas.
3389 5027 3584 5085 Melius
3630 5035 3708 5084 est
3739 5025 3836 5081 enim

2299 5125 2644 5182 dissimulare
2673 5123 2953 5195 iujuriatn,
3002 5139 3161 5196 quam
3193 5138 3316 5180 cum
3366 5122 3675 5195 redarguis,
3714 5116 3837 5173 vindi-

2299 5236 2446 5278 care.
2491 5219 2674 5276 Bonus
2691 5229 2893 5286 mutus,
2934 5217 3024 5289 qui
3055 5219 3198 5290 loqui
3222 5217 3364 5273 male
3409 5215 3617 5283 nescit,
3644 5211 3771 5284 cujus
3793 5222 3834 5264 ex

2299 5397 2363 5455 ne
2406 5382 2648 5449 dicatur;
2683 5397 2746 5438 ac
2792 5391 2952 5455 post,
3003 5383 3344 5455 respondeat,
3413 5391 3725 5455 expungunt
3752 5376 3829 5430 tibi.
3909 5385 3914 5455 ς

2293 5453 2465 5526 Quam
2492 5455 2778 5510 lectionem
2794 5453 2899 5525 'qui
2919 5471 3024 5511 non
3071 5453 3419 5526 iinprobabit,
3462 5453 3656 5518 sumat,
3682 5453 3829 5506 dicatur

2295 5525 2404 5608 tibi.
2420 5542 2558 5651 lpro,
2583 5527 2786 5581 dicatur
2812 5527 2904 5582 abs
2935 5537 3002 5584 te.
3031 5525 3186 5596 Quod
3218 5528 3399 5584 latinis
3423 5529 3643 5583 auribus
3667 5541 3751 5580 non
3771 5527 3826 5575 est

2295 5612 2415 5651 tnso
2440 5613 2558 5651 ens.

2292 5612 2558 5653 tnsorens.

2362 5666 2389 5706 ⁷ο
2428 5669 2587 5743 Rom.
2615 5669 2926 5743 edit.,isola
2981 5673 3283 5727 tentutiones
3324 5673 3474 5743 ejus,
3629 5669 3730 5722 meis
3750 5664 3819 5717 dr-

2289 5741 2763 5814 cumdederuntime
2787 5741 3114 5798 insidiantes.
3145 5743 3203 5799 In
3254 5741 3359 5814 quo
3391 5742 3535 5798 LXX
3573 5745 3815 5814 ἰηικηιτεε·

2290 5823 2410 5889 cuta
2436 5825 2520 5889 est
2544 5813 2686 5889 apud
2709 5829 2845 5884 quos
2871 5815 3220 5889 ὀμοθνμαδὸν
3247 5812 3301 5889 δί
3318 5812 3460 5874 ἦλθον
3485 5819 3551 5872 τὰ
3572 5813 3813 5889 πειρατήρια

2289 5886 2450 5944 αὐτοῦ
2481 5885 2558 5945 ἐπ’
2585 5888 2720 5961 (poi,
2748 5895 2861 5953 ταῖς
2881 5885 3017 5953 ὁδοῖς
3045 5885 3146 5961 μου
3173 5887 3460 5946 ἐκύκλωσαν
3488 5885 3737 5960 ἐγκάθετοι.
