4008 6352
80 305 129 361 1
148 305 271 363 053

1162 317 1229 375 IN
1268 318 1599 381 PSALMUM
1636 322 1883 385 XXXVII
1921 325 2343 387 ENARRATIO.

3286 350 3427 409 1054

76 430 219 477 ore
247 422 459 530 crimen
476 426 630 484 exire
656 440 764 485 non
796 430 970 487 novit.
1015 430 1113 490 llic
1138 445 1222 491 est
1253 448 1431 493 mutus
1453 456 1578 495 vere
1599 442 1724 497 bca-
1751 457 1807 518 Α
1831 460 2017 501 vocem
2051 456 2217 505 tuam.
2268 450 2411 505 Intra
2444 464 2503 507 se
2531 450 2624 508 ille
2651 454 2849 512 tacitus
2877 456 3240 531 loquebatur:
3284 469 3426 535 Quid

84 519 236 579 tus,
263 517 356 583 qui
385 532 507 574 cum
539 528 709 588 tacet,
742 520 881 578 intra
910 538 971 581 se
1019 526 1277 597 loquitur.
1329 530 1586 585 Dominus
1634 532 1728 587 dat

82 607 263 666 "tibi
286 611 526 682 linguam
553 616 874 673 eruditionis
894 659 910 685 ,
957 630 1016 674 ut
1045 621 1210 676 sciam
1233 622 1451 690 quando
1478 634 1729 695 oporteat

79 714 207 756 uie
249 703 440 761 dicere
491 722 821 765 sermonem.
882 710 1035 766 Talia
1090 714 1415 783 loquebatur
1464 715 1607 772 intra
1664 733 1727 774 se

75 789 439 863 Zacharias,
488 800 1036 858 cumobmutuisset:
1068 814 1124 859 et
1173 819 1302 861 vere
1331 806 1455 874 quia
1482 806 1628 878 loqui
1675 809 1726 865 ei

81 902 230 945 non
269 892 593 963 profuerat,
640 911 711 951 ne
738 897 1082 966 loqueretur,
1123 900 1423 967 obmutuit;
1455 912 1509 958 et
1540 911 1601 958 ut
1645 904 1725 958 lo-

74 993 402 1050 queretur,
460 986 745 1044 exauditus
770 1005 798 1042 a
838 988 1056 1047 Christo
1087 1001 1189 1047 est.
1232 992 1477 1065 Denique
1506 995 1727 1066 scripsit

74 1077 262 1145 quod
290 1078 543 1138 Christus
590 1081 902 1148 exaudiret;
958 1093 1013 1140 et
1067 1100 1254 1141 vocem
1283 1086 1521 1160 recepit,
1562 1103 1724 1159 quam

76 1169 370 1229 Christus
388 1172 643 1239 indulsit;
668 1177 962 1247 etgratiam
986 1177 1254 1248 adjunxit,
1278 1194 1438 1250 quam
1465 1189 1590 1234 ante
1614 1195 1721 1235 non

76 1260 341 1333 habuit;
373 1278 431 1321 ut
482 1268 833 1339 praphetaret
878 1286 1038 1337 eum,
1090 1273 1247 1342 cujus
1299 1273 1568 1329 mandatis
1597 1285 1724 1330 ante

81 1371 222 1412 non
250 1360 503 1415 credidit.
557 1362 697 1429 Quid
720 1362 789 1418 de
820 1363 1048 1419 Domino
1068 1365 1311 1420 omnium
1343 1367 1603 1421 virtutum
1639 1368 1722 1423 lo-

78 1466 275 1519 quor,
309 1467 431 1507 cum
459 1455 655 1511 mulier
682 1456 931 1513 Susanna
959 1471 1060 1513 nec
1082 1472 1247 1513 sexus
1269 1457 1584 1514 infirmitate
1605 1467 1720 1514 tur-

82 1540 264 1610 bata,
295 1560 417 1599 cum
434 1559 495 1601 se
519 1545 587 1600 ad
612 1546 917 1617 periculum
944 1549 1134 1604 mortis
1150 1549 1405 1619 cognovit
1429 1549 1719 1617 addictam,

81 1648 307 1690 vocem
331 1636 607 1693 emiserit?
632 1638 1028 1705 Accusabatur,
1060 1647 1115 1693 et
1142 1639 1391 1696 tacebat:
1420 1640 1722 1695 ducebatur

80 1723 170 1779 ad
210 1737 469 1794 mortem,
498 1737 552 1782 et
572 1728 791 1784 silentio
820 1744 879 1785 se
912 1730 1145 1801 tegebat,
1174 1746 1243 1787 ne
1289 1730 1522 1787 nudaret
1547 1730 1717 1801 pudo-

1830 552 1968 607 opus
1992 548 2118 608 est,
2158 548 2219 595 ut
2248 542 2348 597 ista
2372 543 2626 614 audiant,
2654 548 2852 619 quibus
2880 553 3139 621 prodesse
3166 573 3275 613 non
3305 575 3431 629 pos-

1828 631 1999 685 sunt?
2040 630 2109 686 In
2134 643 2202 701 te,
2231 633 2473 704 Domine,
2507 641 2747 711 speravi;
2794 643 2890 699 tibi
2930 646 3030 702 soli
3080 648 3318 721 loquor:
3370 662 3424 706 tu

1827 721 1951 775 audi
1975 763 1990 788 ,
2024 725 2114 793 qui
2142 728 2403 784 exaudire
2430 742 2604 799 potes.
2648 735 2689 787 A
2731 741 2783 790 te
2809 750 3025 807 semper
3059 745 3282 810 p0posci
3303 784 3319 808 ,
3363 762 3428 801 ne

1827 816 2111 887 aliquando
2135 822 2390 878 exsultent
2414 824 2472 879 in
2505 842 2586 881 me
2610 827 2808 883 inimici
2831 831 2933 885 mei
2958 848 2977 895 ;
3014 836 3138 903 quia
3165 838 3267 892 etsi
3299 853 3426 907 pec-

1827 909 1981 975 cavi,
2031 919 2087 966 tu
2128 922 2410 982 peccatum
2445 916 2716 974 dimittis:
2758 923 2859 977 etsi
2889 939 2991 994 ego
3017 926 3223 993 cecidi,
3252 938 3309 984 tu
3340 945 3428 985 re-

1824 1002 2091 1069 suscitas,
2149 1019 2217 1060 ne
2266 1005 2503 1064 habeant
2549 1012 2691 1067 unde
2742 1014 3015 1071 exsultare
3077 1020 3285 1087 possint
3333 1022 3425 1092 qui

1825 1098 2068 1166 peccatis
2097 1098 2350 1154 Iactantur
2390 1100 2603 1157 alienis.
2672 1104 2801 1159 Plus
2826 1108 2968 1162 enim
3012 1110 3421 1180 acquisivimus,

1822 1188 1913 1257 qui
1944 1188 2063 1257 plus
2091 1190 2465 1258 peccavimus;
2497 1195 2623 1263 quia
2657 1195 2925 1253 beatiores
2956 1198 3087 1255 facit
3117 1209 3204 1254 tua
3228 1206 3420 1273 gratia,

1824 1294 1985 1350 quam
2015 1294 2200 1337 nostra
2229 1283 2559 1340 innocentia.
2623 1287 2901 1345 Habemus
2934 1291 3079 1347 hunc
3116 1309 3337 1351 sensum
3368 1307 3423 1350 et

1825 1370 1879 1424 in
1908 1371 2050 1426 libro
2075 1372 2316 1429 Michtem
2354 1375 2634 1445 propheta:
2659 1396 2673 1431 :
2714 1377 2845 1433 Noli
2877 1382 3106 1452 gaudere
3131 1401 3289 1455 super
3319 1402 3420 1450 me,

1823 1464 2036 1518 inimica
2063 1482 2217 1530 mea;
2243 1467 2365 1535 quia
2392 1470 2576 1535 cecidi,
2602 1472 2692 1525 sed
2718 1488 2985 1547 resurgam
3006 1475 3195 1548 (Miclt.
3218 1495 3317 1546 vtt,
3340 1479 3419 1551 8).

1824 1554 1940 1610 Non
1972 1566 2055 1611 est
2080 1559 2259 1628 gravis
2290 1560 2625 1617 infirmitatis
2667 1564 2820 1619 ruina
2849 1606 2865 1633 ,
2910 1568 2954 1622 si
2999 1584 3108 1624 non
3153 1570 3227 1626 sit
3254 1575 3422 1628 etiam

1824 1648 2118 1706 voluntatis
2146 1650 2386 1707 studium
2418 1654 2487 1709 ab
2511 1670 2575 1710 ea
2605 1670 2715 1711 non
2746 1659 3087 1729 resurgendi.
3136 1662 3287 1720 Habe
3316 1678 3419 1719 vo-

1823 1740 2088 1798 luntatem
2129 1744 2425 1817 surgendi,
2468 1761 2711 1816 prresens
2758 1760 2843 1806 est
2884 1751 2979 1821 qui
3032 1751 3199 1809 faciat
3236 1763 3297 1811 ut
3334 1770 3421 1813 re-

84 1831 249 1873 rem.
288 1818 434 1875 Intra
457 1835 517 1877 se
554 1831 731 1878 tamen
787 1823 1104 1894 loquebatur
1136 1826 1267 1892 Deo,
1289 1826 1379 1896 qui
1403 1840 1527 1881 eam
1552 1827 1721 1896 magis
1746 1856 1799 1914 Β
1825 1846 2039 1905 surgas.

80 1912 598 1972 audivittacentem
631 1935 643 1970 :
673 1932 795 1988 quae
815 1918 863 1973 si
894 1917 1340 1991 voluissetloqui,
1365 1919 1591 1977 forsitan
1610 1935 1717 1976 non

82 2018 259 2065 esset
286 2010 489 2066 audita.

173 2103 275 2159 46.
320 2104 387 2159 Et
415 2113 473 2160 tu
493 2119 623 2177 ergo
662 2106 754 2175 qui
786 2109 1113 2179 proposuisti
1141 2108 1461 2165 satisfacere
1492 2124 1588 2179 pro
1616 2109 1714 2165 de—

90 2193 264 2251 lictis
292 2197 524 2255 Domino
554 2200 667 2256 Deo
718 2210 846 2270 tuo,
905 2200 986 2256 illi
1011 2202 1115 2257 soli
1144 2202 1402 2259 interiore
1446 2201 1613 2257 corde
1663 2210 1715 2258 te

80 2304 278 2362 purga
302 2333 319 2360 ,
352 2293 506 2350 illum
536 2303 833 2363 contuere,
877 2296 972 2367 qui
999 2305 1179 2367 potest
1230 2305 1453 2365 peccata
1480 2296 1711 2353 diluere.

84 2383 350 2454 Adjuval
376 2395 462 2452 te,
509 2387 597 2457 qui
620 2387 894 2457 putaverit
932 2386 1289 2457 urguendum.
1324 2388 1566 2459 Denique
1585 2404 1709 2445 cum

84 2477 529 2535 malediceretur
582 2480 773 2547 David,
828 2491 882 2537 et
910 2481 1028 2552 ejus
1072 2481 1182 2536 dux
1211 2480 1422 2538 AbeSsa
1460 2482 1711 2549 iujuriam

84 2571 251 2642 regis
310 2571 478 2627 vellet
533 2572 752 2639 ulcisci,
810 2573 946 2629 dixit
990 2573 1058 2629 ad
1102 2590 1225 2629 eum
1253 2574 1421 2629 David
1454 2592 1469 2628 :
1499 2574 1713 2629 Dimitte

82 2663 287 2729 illum,
345 2674 399 2717 ut
426 2664 700 2719 maledicat
723 2683 744 2733 ;
772 2666 1015 2736 quoniam
1062 2667 1194 2721 dixit
1234 2664 1315 2719 illi
1340 2666 1611 2732 Dominus,
1654 2680 1709 2724 ut

84 2756 274 2809 videat
304 2755 649 2812 humilitatem
690 2774 875 2825 meum,
917 2769 962 2813 et
1008 2758 1254 2813 retribuat
1292 2758 1419 2813 mihi
1453 2760 1709 2816 Dominus

85 2848 237 2903 bona
260 2866 354 2921 pro
376 2850 651 2905 maledicto
682 2852 777 2906 hoc
800 2852 867 2921 (ll
895 2853 1024 2925 Reg.
1062 2868 1172 2918 xvn,
1204 2852 1320 2924 12).
1356 2852 1518 2909 Vides
1548 2855 1710 2925 igitur

87 2947 250 3015 quod
281 2960 309 2996 a
338 2945 771 3001 conviciantibus
799 2946 1100 3017 adjuveris,
1130 2955 1188 3001 ut
1228 2935 1710 3002 Dominus-audiat

98 3048 181 3105 te,
205 3046 261 3093 et
280 3049 558 3109 peccatum
583 3050 731 3095 tuum
754 3040 1032 3095 remittat?
1062 3040 1195 3095 Nam
1213 3055 1336 3096 cum
1360 3041 1476 3111 ipse
1495 3055 1709 3096 accusa-

91 3139 190 3187 tor
210 3131 285 3186 tui
309 3148 431 3188 esse
448 3132 671 3199 debeas,
700 3144 754 3188 et
773 3146 1095 3189 coacervare
1106 3133 1329 3203 ﬂagitia,
1344 3141 1504 3202 teque
1524 3131 1703 3201 ipsum

1895 1926 1986 1981 48.
2031 1926 2178 1982 Dixit
2222 1943 2354 1999 ergo
2402 1929 2573 1985 David
2621 1931 2677 1986 in
2718 1931 2884 1989 corde
2926 1949 3066 2002 suo,
3131 1944 3321 2006 petens
3361 1948 3424 1995 ut

1820 2020 2172 2077 exaudiretur
2198 2038 2229 2077 a
2262 2023 2511 2089 Domino,
2549 2035 2606 2081 et
2627 2035 2689 2082 ut
2708 2043 2815 2082 non
2842 2029 3178 2086 exsultarent
3205 2033 3260 2087 in
3293 2047 3419 2089 eum

1818 2110 1937 2179 ejus
1966 2112 2214 2167 inimici:
2264 2124 2457 2184 petens
2492 2117 2655 2172 etiam
2703 2128 2762 2174 ut
2805 2120 2859 2174 in
2902 2122 3281 2179 conversionis
3302 2138 3420 2181 sua:

1816 2206 2103 2274 proposito
2128 2216 2467 2274 permaneret
2492 2224 2507 2273 ;
2534 2224 2623 2275 ne,
2646 2209 2774 2266 dum
2800 2214 3060 2284 propositi
3090 2215 3173 2269 sui
3197 2230 3420 2287 gressus

1815 2294 1970 2361 quasi
1997 2296 2216 2364 quidam
2245 2298 2414 2368 pedes
2457 2315 2571 2355 suae
2616 2304 2811 2358 anima:
2856 2319 3272 2362 commoventur
3299 2349 3313 2373 ,
3362 2308 3415 2363 in

1814 2402 1938 2444 eum
1988 2390 2284 2446 adversarii
2333 2393 2568 2464 superba
2617 2407 2671 2450 et
2724 2397 3207 2469 magniloquentia:
3256 2401 3415 2469 plena

1809 2482 2170 2553 loquerentur
2213 2501 2228 2550 ;
2286 2495 2347 2540 ut
2390 2486 2595 2542 faciunt
2641 2488 2733 2558 qui
2781 2490 3042 2546 insultare
3080 2491 3416 2548 desiderant.

1812 2573 2055 2631 Tametsi
2081 2586 2363 2632 moveatur
2387 2586 2448 2631 ut
2477 2578 2669 2645 homo,
2718 2590 2968 2649 paratum
3008 2582 3074 2636 ad
3115 2581 3329 2653 ﬂagella
3358 2598 3421 2640 se

1810 2664 1977 2731 dicit;
2011 2675 2069 2721 ut
2095 2667 2185 2723 vel
2215 2667 2484 2737 supplicio
2512 2669 2693 2724 solvat
2718 2684 2985 2727 errorem.
3030 2671 3149 2729 Etsi
3201 2684 3421 2730 cessent

1808 2756 2020 2826 ﬂagella
2064 2760 2312 2828 Domini,
2364 2776 2425 2817 se
2458 2771 2641 2817 tamen
2672 2763 2863 2819 dolore
2895 2767 3118 2836 proprio
3148 2776 3421 2824 memorat

1809 2850 2127 2922 ﬂagellari;
2182 2862 2245 2908 ut
2292 2868 2401 2907 nou
2457 2854 2699 2909 inveniat
2746 2858 2905 2925 culpa
2958 2860 3102 2929 quod
3152 2860 3413 2927 damnet,

1808 2957 1974 3013 quam
2005 2946 2147 2998 h0ua
2176 2944 2448 2999 confessio
2478 2947 2830 3014 prtevenerit.
2858 2946 2971 3003 Hoc
3000 2959 3085 3004 est
3110 2966 3241 3019 ergo
3268 2952 3414 3020 quod

1807 3034 1923 3088 ait:
1973 3033 2039 3088 Et
2070 3035 2193 3088 dum
2220 3047 2602 3091 commoventur
2632 3036 2789 3109 pedes
2818 3040 2919 3092 mei
2945 3082 2959 3107 ,
3013 3041 3067 3094 in
3108 3057 3188 3097 me
3226 3058 3414 3114 magna

1808 3128 1966 3183 locuti
1996 3139 2112 3183 sunt
2137 3145 2157 3193 ;
2198 3145 2266 3185 eo
2291 3132 2434 3202 quod
2466 3142 2571 3185 tam
2599 3130 2981 3201 prouiptisunt
3010 3135 3076 3190 ad
3106 3137 3414 3193 insultatio-

90 3224 305 3282 oﬂ'erre
348 3225 656 3296 supplicio;
689 3226 960 3297 quomodo
1010 3240 1208 3297 negare
1264 3222 1704 3295 objectadeside-

1813 3221 1894 3274 nis
1951 3221 2180 3276 ludibria
2211 3261 2227 3289 ,
2278 3232 2337 3276 ut
2394 3223 2447 3276 iu
2496 3226 2867 3280 commotione
2918 3226 3117 3296 pedum
3162 3244 3411 3285 mearum

93 3320 231 3375 ras?
262 3319 586 3376 Pmniteutia
616 3319 926 3389 patientiam
958 3321 1179 3390 qumrit,
1211 3320 1468 3389 patientia
1493 3319 1704 3388 mit=gat

92 3411 301 3467 delicta
357 3426 569 3482 magna.
622 3410 903 3478 Quomodo
932 3410 1183 3466 irasceris
1230 3412 1382 3478 aliis,
1426 3422 1529 3465 tua:
1589 3411 1704 3479 ipse

95 3520 231 3562 reus
245 3504 622 3559 conscientim?
651 3503 937 3572 Quomodo
958 3503 1339 3567 commoveris,
1360 3519 1483 3559 cum
1502 3502 1702 3559 debeas

96 3614 229 3657 esse
259 3596 623 3654 miserabilis?
652 3599 751 3667 Qui
783 3598 1047 3666 arguitur,
1081 3607 1135 3652 et
1157 3597 1324 3670 (quod
1348 3610 1429 3651 est
1448 3597 1702 3668 amplius)

97 3710 131 3751 a
161 3692 475 3763 semetipso,
510 3680 702 3749 curare
727 3692 891 3748 debet
938 3707 1033 3747 sua
1061 3692 1307 3758 vulnera,
1332 3708 1439 3746 non
1467 3691 1700 3746 alterum

98 3788 411 3843 vulnerare.
440 3786 611 3841 Nemo
632 3786 797 3841 alium
818 3784 1159 3842 vulnerando
1186 3799 1246 3840 se
1276 3793 1454 3838 sanat.
1469 3783 1697 3850 Medica,

102 3896 236 3938 cura
263 3881 517 3952 teipsum.
552 3880 612 3938 Si
644 3880 893 3935 medicus
914 3921 931 3948 ,
962 3892 1168 3951 quanto
1197 3878 1369 3950 magis
1398 3893 1527 3934 reus
1554 3880 1704 3947 prius

101 3990 294 4034 curare
319 3990 378 4028 se
408 3973 600 4029 debet!
632 3972 923 4028 Coufiteris
970 3982 1253 4043 peccatum
1310 3980 1482 4034 tuum,
1504 3978 1561 4025 et
1588 3985 1700 4026 me-

101 4069 282 4126 dicum
331 4074 385 4122 te
427 4063 697 4137 profiteris
726 4065 961 4119 alienum
996 4082 1008 4118 :
1034 4065 1134 4121 etsi
1160 4063 1404 4119 veritatis
1446 4073 1529 4119 est
1554 4062 1699 4133 quod

104 4170 410 4229 retorques,
442 4156 704 4228 temporis
757 4171 863 4210 non
904 4163 1017 4220 est;
1052 4158 1322 4226 peccaturi
1375 4154 1519 4209 enim
1562 4153 1701 4207 dixit

103 4251 246 4308 Deus
271 4250 489 4317 :Quare
515 4259 569 4303 tu
597 4264 805 4303 enarras
857 4248 1142 4318 injustitias
1185 4264 1323 4302 meas
1345 4245 1521 4319 (Psal.
1547 4261 1691 4313 χιιι,

105 4346 233 4415 16)¹ἰ
268 4343 545 4413 Usurpasti
583 4341 677 4396 tibi
722 4352 781 4396 ut
827 4341 896 4396 de
926 4340 1070 4412 Lege
1113 4354 1332 4411 arguas,
1379 4338 1473 4409 qui
1510 4347 1696 4392 contra

104 4440 300 4509 Legem
344 4436 543 4510 (Exod.
592 4450 746 4501 xxtu,
778 4436 830 4506 l)
860 4437 975 4506 ipSe
1016 4434 1214 4491 fecisti.
1247 4433 1387 4501 Quid
1428 4433 1692 4504 lacryma-

103 4549 221 4590 rum
252 4543 459 4603 tempus
507 4530 749 4586 amittis?
775 4530 911 4597 Quid
954 4528 1324 4585 concertando
1370 4542 1541 4583 vanos
1575 4542 1692 4583 ser-

1806 3322 2049 3382 paratam
2086 3312 2372 3369 habuerint
2401 3317 2923 3387 magniloquentiam
2949 3333 2964 3385 ;
2996 3320 3081 3375 vel
3108 3333 3258 3376 certe
3283 3323 3363 3377 sic
3393 3340 3408 3375 :

1805 3403 1945 3459 Dum
1970 3419 2351 3462 commoventur
2378 3413 2534 3479 pedes
2584 3412 2681 3464 mei
2711 3451 2726 3476 ,
2779 3423 3031 3481 putantes
3063 3414 3209 3485 quod
3246 3416 3409 3472 cade-

1805 3514 1947 3564 rem,
1978 3501 2209 3568 superba
2238 3501 2350 3569 jam
2377 3511 2431 3556 et
2463 3502 2811 3572 magniloqua
2843 3514 2972 3561 sunt
3003 3507 3193 3562 locuti.

1876 3593 1969 3649 49.
2010 3592 2116 3649 Sed
2166 3605 2346 3650 tamen
2386 3595 2513 3666 quia
2565 3594 2684 3665 ipse
2712 3596 2764 3649 iu
2817 3601 3220 3667 posterioribus
3267 3618 3407 3673 pene

1805 3700 1983 3748 motos
2035 3690 2204 3761 pedes
2256 3706 2388 3746 suus
2440 3692 2779 3761 dixit(Psal.
2814 3694 3106 3766 Lxxu,2),
3156 3712 3224 3753 ne
3276 3698 3407 3768 quid

1803 3783 2013 3839 oriatur
2061 3784 2188 3840 hinc
2218 3785 2493 3853 scrupuli,
2542 3784 2827 3840 considera
2859 3788 2947 3841 hic
2976 3786 3160 3844 doceri
3193 3805 3295 3845 nos
3325 3790 3407 3845 af-

1804 3876 2003 3932 fectum
2051 3874 2385 3945 paenitentia:
2410 3916 2426 3942 ,
2480 3875 2554 3929 ibi
2585 3876 2897 3944 opinionem
2928 3877 3048 3946 ejus
3077 3882 3280 3934 erroris
3309 3894 3405 3936 ex-

1802 3967 1945 4021 cludi
1966 4008 1981 4033 ,
2008 3965 2152 4036 quod
2180 3965 2386 4020 divitia:
2413 3975 2468 4020 et
2498 3978 2787 4020 successus
2828 3968 3143 4037 prosperior
3169 3969 3405 4039 ﬂagitio-

1801 4075 1984 4114 sorum
2018 4074 2119 4113 nos
2148 4074 2373 4114 movere
2401 4072 2507 4115 non
2537 4057 2793 4113 debeant.
2843 4058 3192 4116 Consuetudo
3218 4073 3401 4120 autem

1802 4151 2095 4208 locutionis
2126 4153 2179 4207 in
2196 4152 2495 4222 Scripturis
2524 4152 2729 4206 divinis
2765 4152 3075 4224 hujusmodi
3109 4158 3397 4228 reperitur.

1800 4246 1894 4304 Sic
1924 4247 2069 4300 enim
2097 4256 2152 4301 et
2178 4246 2309 4300 alibi
2345 4262 2358 4299 :
2404 4242 2544 4298 Dum
2589 4256 2901 4300 converteret
2942 4244 3201 4303 Dominus
3237 4252 3403 4323 copti-

1799 4339 2007 4394 vitatem
2037 4338 2189 4406 Sion,
2223 4338 2349 4409 facti
2378 4354 2553 4392 sumus
2583 4338 2718 4392 sicut
2749 4340 3003 4394 consolati
3029 4340 3207 4411 (Psal.
3236 4359 3396 4414 cxxv,

1802 4432 1882 4505 1).
1910 4432 2247 4503 Quamquam
2274 4441 2496 4487 sanctus
2525 4446 2632 4485 non
2662 4433 2713 4486 in
2745 4432 3060 4491 ostensione
3083 4436 3396 4506 verborum,

1797 4526 1894 4581 sed
1926 4527 1979 4581 iu
2009 4527 2209 4581 virtute
2237 4526 2464 4595 spiritus
2495 4524 2716 4595 probari
2743 4541 2803 4581 se
2832 4527 2987 4584 velit.
3030 4530 3236 4587 Sensus
3264 4549 3398 4605 ergo

104 4640 291 4682 mones
346 4634 441 4679 aut
482 4624 638 4680 audis
690 4631 785 4678 aut
832 4622 1101 4695 loqueris;
1142 4636 1265 4677 cum
1307 4622 1403 4677 tibi
1429 4621 1689 4691 scriptum
1717 4619 1954 4686 Dnobis
1994 4617 2322 4687 spectandus
2366 4625 2453 4673 est
2500 4631 2754 4687 semper,
2800 4636 2965 4691 quem
3005 4624 3170 4678 etiam
3219 4625 3394 4695 ipsum

102 4720 223 4775 sit:
266 4717 382 4772 Non
434 4715 669 4787 accipias
724 4715 966 4771 auditum
1027 4731 1260 4782 vanum;
1317 4730 1440 4771 cum
1498 4713 1694 4787 legeris

104 4813 158 4869 in
203 4811 494 4882 Evangelio
548 4810 766 4879 (Matth.
798 4826 896 4875 xu,
937 4810 1040 4881 '56)
1084 4826 1182 4881 pro
1236 4812 1382 4866 omni
1438 4824 1692 4866 sermone

104 4908 275 4962 otioso
325 4884 587 4977 judicium
646 4919 768 4961 esse
821 4903 1199 4959 subeundum?
1249 4902 1368 4958 Etsi
1425 4903 1562 4960 alius
1612 4902 1692 4957 lo-

105 5000 313 5073 quitur,
357 5006 513 5065 tace;
562 4997 664 5054 etsi
705 4996 845 5053 alius
880 4996 1253 5064 conviciatur,
1298 5009 1486 5051 aurem
1541 5002 1686 5050 tuam

105 5094 338 5149 oltstrtle.

172 5185 330 5259 837
358 5183 449 5240 47.
478 5184 658 5257 (Vers.
694 5185 781 5251 16,
814 5182 931 5256 17.)
981 5181 1146 5239 David
1178 5178 1405 5236 tacendo
1431 5178 1563 5235 vicit
1592 5178 1688 5234 ad-

111 5280 373 5335 versarios
401 5292 531 5331 suos
567 5295 580 5330 :
636 5284 694 5331 et
722 5277 846 5346 quia
870 5277 1009 5331 sicut
1046 5282 1224 5329 mutus
1250 5272 1422 5327 factus
1452 5280 1556 5339 est,
1590 5284 1687 5325 vo-

108 5388 221 5428 cem
245 5367 483 5439 recepit;
522 5369 649 5439 quia
676 5383 977 5423 conversus
1006 5365 1072 5421 ad
1107 5365 1391 5421 Dominum
1428 5363 1687 5433 loqueba-

108 5473 192 5520 tur
220 5464 442 5517 dicens:
494 5461 752 5528 Quoniam
784 5462 837 5515 in
882 5469 962 5527 te,
1013 5458 1271 5523 Domine,
1312 5456 1515 5528 speravi
1555 5472 1574 5511 :
1630 5467 1685 5511 tu

110 5557 339 5612 cxaudies
372 5571 450 5608 me
469 5595 485 5621 ,
526 5553 748 5608 Domine
768 5594 782 5618 ,
818 5552 952 5607 Deus
980 5568 1141 5606 meus.
1170 5551 1305 5618 Quia
1333 5551 1466 5617 dimi,
1496 5567 1558 5605 ne
1589 5550 1687 5605 ali-

112 5647 305 5719 quando
345 5648 596 5703 exsultent
645 5648 699 5701 in
744 5662 824 5700 me
862 5645 1059 5699 inimici
1102 5646 1221 5697 mei.
1266 5642 1402 5697 Vide
1441 5644 1685 5713 singula:

114 5743 310 5799 tacebat
353 5739 544 5807 David,
579 5740 939 5811 loquebantur
970 5737 1198 5799 inimici,
1230 5746 1601 5809 provocauant
1632 5748 1687 5791 ιιι

114 5836 299 5908 aliquid
350 5844 405 5890 et
460 5835 573 5904 ipse
626 5835 958 5904 loqueretur.
1031 5830 1293 5888 Dicebant
1334 5848 1344 5883 :
1388 5829 1685 5886 Audiamus

538 5930 812 5992 PATROL.
856 5928 1029 5993 XIV.

1795 4714 2049 4783 frequens
2076 4710 2359 4767 translatio
2385 4726 2455 4766 ex
2487 4710 2718 4767 Hebraeo
2738 4710 2794 4767 in
2815 4713 3087 4785 Graecum,
3110 4732 3179 4773 ex
3198 4716 3395 4775 Graeco

1798 4806 1853 4861 iu
1887 4806 2137 4860 Latinum
2176 4812 2463 4859 attenuare
2491 4808 2797 4862 consuevit.

1870 4896 1962 4954 50.
2004 4895 2187 4969 (Vers.
2220 4894 2338 4965 18.)
2378 4895 2464 4952 Ad
2504 4898 2685 4953 omnia
2729 4897 2914 4968 itaque
2951 4900 3231 4969 superiora
3274 4904 3395 4973 pul-

1796 4990 1991 5046 chrum
2022 4986 2362 5055 remedium,
2406 4990 2549 5059 quod
2592 4990 2647 5044 in
2684 4988 2895 5060 ﬂagella
2939 5000 3159 5059 paratus
3184 5004 3290 5060 est,
3340 5003 3400 5050 et

1796 5082 1959 5138 oﬂ'ert
1995 5096 2055 5136 se
2084 5081 2316 5135 Domino
2338 5122 2354 5149 ,
2404 5090 2466 5136 ut
2494 5096 2616 5153 qua:
2640 5082 2946 5151 placuerint
2977 5082 3087 5137 Deo
3112 5124 3128 5149 ,
3174 5083 3391 5155 ﬂagella

1794 5177 2067 5234 sustineat
2100 5175 2157 5247 (ι
2197 5173 2325 5231 Par.
2362 5190 2475 5241 xxi,
2526 5176 2640 5244 15).
2699 5174 2945 5244 Elegisse
2993 5175 3209 5245 quidem
3268 5180 3389 5251 lego

1793 5278 2041 5326 sanctum
2090 5266 2262 5322 David
2311 5267 2510 5338 ﬂagelli
2564 5280 2769 5336 genus,
2826 5265 2971 5336 quod
3015 5270 3393 5339 aequanimiter

1793 5363 2097 5422 sustineret
2124 5378 2136 5416 :
2181 5360 2277 5418 sed
2307 5361 2499 5431 elegit,
2528 5360 2653 5430 quia
2681 5359 2751 5414 de
2784 5359 2958 5416 tribus
2985 5364 3390 5421 conditionibus

1793 5456 2055 5528 eligenda:
2095 5455 2256 5511 ttnius
2295 5451 2597 5510 necessitas
2626 5452 3005 5510 mundabatur.
3067 5454 3170 5513 Ubi
3200 5464 3384 5515 autem

1793 5568 1904 5608 non
1940 5550 2227 5607 mandatur
2249 5593 2263 5617 ,
2313 5549 2382 5603 ad
2411 5547 2592 5602 omnia
2634 5558 2855 5617 paratus
2883 5558 2969 5604 est
2994 5550 3085 5606 Dei
3115 5552 3382 5622 servulus,

1793 5660 1887 5702 seu
1918 5645 2259 5716 corporalem
2290 5638 2671 5711 aegritudinem
2718 5640 2948 5709 subeat,
3003 5658 3100 5699 seu
3141 5644 3322 5717 fugam
3356 5666 3383 5702 a

1789 5737 1928 5793 facie
1961 5736 2204 5802 inimici,
2246 5736 2359 5789 sive
2383 5732 2591 5787 obitum
2628 5732 2861 5786 filiorum
2886 5774 2899 5797 ,
2930 5750 3066 5804 quos
3094 5753 3199 5791 non
3234 5741 3384 5795 timet

1791 5830 2161 5902 praemittere;
2210 5827 2378 5899 838
2406 5827 2530 5897 quia
2551 5825 2809 5895 ‘reciperc
2841 5836 3019 5895 potest
3052 5830 3387 5902 imperterri.

2868 5922 2948 5986 33
