4008 6352
35 346 198 410 0‘57

1153 347 1220 404 IN
1262 340 1593 404 PSALMUM
1633 335 1882 401 XXXVII
1922 333 2345 402 ENARRATIO.

3245 346 3268 403 Ι
3280 341 3386 405 038

29 469 454 541 eliquerunt,
486 468 646 524 amici
674 467 781 524 mei
809 466 1264 538 impngnaverunt
1293 461 1551 517 dilectum
1581 459 1683 516 sibi
1708 479 1763 538 Α
1789 459 2014 515 morbos
2039 459 2170 516 dum
2200 459 2402 532 tegitur
2421 497 2436 523 ,
2483 456 2778 514 inardescit
2805 474 2822 526 ;
2868 458 2915 514 si
2941 457 3384 518 confessionibus

21 564 444 621 iroximum:
493 559 1218 630 non-appropinquaverunt.
1264 552 1678 626 Fugiebantmo

21 657 233 722 [nasi
265 665 604 720 mortuum,
623 662 696 707 et
711 651 1230 714 abominati-1m;
1271 647 1684 718 inﬁrm

22 760 180 802 nea
231 748 340 805 tibi
368 746 579 818 aperire
599 742 930 810 desideravi,
952 752 1010 797 et
1033 739 1283 797 conﬁteri
1308 755 1324 806 ;
1353 737 1479 808 quia
1505 735 1688 808 ﬂagel-

22 838 105 894 is
139 842 294 897 tuis
321 857 406 896 me
431 839 600 896 obtuli
631 835 1061 902 vulnerandum;
1093 834 1217 905 quia
1244 832 1384 904 elegi
1406 831 1688 889 cicatrices

21 932 380 990 vulnerum
403 945 567 1002 super
591 929 777 1000 epulas
798 943 1013 999 regum,
1033 935 1090 982 et
1117 925 1430 996 iactantiam
1459 926 1691 996 potesta-

21 1032 176 1080 tum
221 1045 242 1082 :
281 1035 337 1081 tu
365 1025 515 1080 solus
541 1037 631 1078 me
659 1037 767 1076 non
789 1019 1158 1089 derelinquas,
1184 1025 1238 1073 tu
1266 1017 1476 1072 mereas
1502 1032 1691 1072 servu-

21 1120 88 1171 lo
134 1126 290 1184 tuo,
320 1115 414 1188 qui
443 1116 510 1170 de
536 1125 683 1170 terra
713 1111 943 1167 suscitas
971 1109 1187 1181 inopem
1212 1150 1227 1173 ,
1259 1116 1313 1164 et
1351 1108 1420 1163 de
1445 1121 1691 1163 Stercore

21 1209 260 1280 erigis
293 1215 609 1281 pauperem.
668 1203 786 1260 Tuo
815 1202 1080 1258 comitatu
1110 1200 1276 1256 fretus
1298 1241 1313 1268 ,
1357 1198 1694 1270 frequentio-

21 1317 188 1358 rem
233 1317 332 1359 me
360 1298 723 1356 ambientibus
751 1296 968 1368 populis
997 1293 1300 1350 aestimabo.
1331 1291 1692 1362 Computrue-

21 1403 214 1452 runt
273 1394 493 1466 quidem
541 1391 824 1447 cicatrices
873 1402 1055 1453 meae;
1105 1386 1202 1442 sed
1248 1385 1423 1440 adhuc
1473 1392 1690 1439 tuorum

21 1489 384 1546 verberum
415 1484 671 1542 desidero
705 1483 1020 1546 cicatrices,
1073 1491 1198 1551 qua:
1223 1478 1427 1534 sanatis
1449 1475 1693 1532 Vulneri-

22 1580 174 1636 bus
221 1580 594 1642 obducuntur,
641 1585 701 1631 ut
734 1582 929 1647 postea
969 1570 1180 1628 nullum
1220 1571 1374 1625 ulcus
1395 1576 1688 1640 appareat.

28 1670 258 1728 Bonae
308 1665 720 1739 triumphalium
772 1665 1065 1721 vulnerum
1119 1661 1402 1717 cicatrices
1430 1701 1444 1727 ,
1497 1659 1694 1730 quibus

30 1767 335 1822 victores
379 1764 540 1834 hujus
587 1759 791 1816 terreni
843 1758 1013 1830 praelii
1075 1757 1400 1828 gloriantur.
1479 1754 1695 1822 Quanto

35 1858 397 1914 illustriora
423 1853 592 1928 8&0
618 1854 873 1918 vulnera,
919 1863 1040 1922 quae
1087 1862 1188 1920 pro
1217 1848 1324 1904 fide
1367 1856 1421 1904 et
1457 1845 1696 1903 nominis

37 1953 153 2008 tui
217 1953 400 2025 gloria
442 1949 701 2006 videntur
729 1955 954 2016 excepta
987 1945 1001 1999 !
1043 1945 1147 2000 Ista
1190 1951 1275 1998 est
1308 1940 1535 1998 cicatrix
1576 1952 1698 2010 qua:

43 2047 295 2105 ccelum
328 2048 532 2117 aperit,
565 2057 796 2116 regnum
828 2037 1083 2112 acquirit,
1119 2037 1582 2093 immortalitatem
1617 2034 1700 2089 in-

44 2142 269 2199 venit.
321 2138 449 2197 Haec
478 2151 643 2211 ergo,
678 2138 914 2204 fratres,
951 2143 1035 2190 est
1062 2130 1289 2190 cicatrix
1320 2129 1477 2186 beata
1505 2171 1520 2194 ,
1564 2141 1700 2199 quo-

51 2238 246 2292 niam
280 2235 421 2290 beati
453 2231 545 2303 qui
576 2231 828 2287 laverunt
855 2227 1024 2284 stolas
1050 2238 1176 2280 suas
1202 2224 1258 2279 in
1287 2219 1547 2294 sanguine
1573 2232 1695 2276 suo.

49 2329 179 2385 Sic
213 2327 386 2398 coepit
414 2325 553 2380 stola
587 2335 709 2379 esse
736 2321 959 2391 gloriae,
1000 2332 1130 2374 caro
1161 2315 1353 2371 mortis
1385 2313 1564 2386 (Rom.
1602 2325 1695 2378 vn,

59 2421 235 2494 24):
289 2422 342 2475 in
383 2433 485 2490 qua
515 2424 571 2474 et
600 2414 807 2471 Paulus
863 2422 990 2467 ante
1037 2407 1451 2481 periclitabatur
1495 2405 1701 2461 electus

53 2517 192 2572 ‘Dei
220 2557 236 2582 ,
295 2511 399 2568 nisi
442 2509 668 2582 petisset
693 2523 754 2564 se
779 2504 1004 2562 liberari
1029 2503 1095 2560 de
1123 2516 1354 2575 corpore
1383 2499 1575 2556 mortis
1602 2497 1702 2553 htt-

67 2608 208 2680 jus,
247 2615 310 2664 ut
342 2605 591 2676 legimus.

171 2699 269 2756 56.
318 2698 390 2754 Et
427 2695 550 2753 ideo
591 2693 684 2766 qui
735 2693 921 2750 'sumus
966 2691 1021 2746 in
1070 2689 1175 2746 hoc
1219 2701 1447 2760 corpore
1488 2686 1699 2752 mortis,

75 2808 330 2852 oremus
354 2806 422 2848 ne
453 2794 626 2847 bonus
658 2789 751 2846 ille
773 2788 1004 2844 dilectus
1034 2785 1126 2841 Dei
1154 2782 1399 2839 medicus
1428 2795 1526 2836 nos
1551 2779 1704 2835 dere-

77 2889 353 2958 linquat,
387 2900 545 2956 quem
577 2879 884 2953 patriarcha
913 2876 1082 2934 David
1113 2891 1183 2932 ne
1209 2892 1238 2931 a
1272 2889 1346 2930 se
1375 2872 1700 2938 discederet,

79 2979 454 3052 precabatur.
515 2976 624 3048 Ipsi
656 2989 754 3030 nos
783 2974 1219 3036 committamus,
1254 2977 1280 3005 ⁸
1307 2966 1484 3038 parati
1513 2963 1580 3021 ad
1606 2979 1703 3020 cu-

83 3074 341 3132 randum
372 3087 480 3143 quo
509 3071 640 3127 velit
684 3069 864 3124 curari
906 3065 1323 3122 medicamento.
1374 3061 1544 3117 Nemo
1575 3058 1707 3115 dicit

83 3167 325 3227 medico
362 3165 608 3241 corporis
659 3165 743 3220 sui
794 3159 1249 3234 quemadmodum
1297 3157 1366 3212 sit
1410 3153 1701 3211 curandus.

90 3266 272 3322 Novit
300 3262 542 3319 medicus
572 3273 692 3332 quae
720 3255 946 3328 singulis
973 3253 1284 3309 vulneribus
1311 3248 1704 3306 medicamenta

93 3357 462 3421 conveniant,
491 3354 645 3424 cuius
667 3350 865 3407 ulceris
892 3348 1122 3420 putredo
1149 3346 1296 3402 ferro
1322 3346 1394 3400 sit
1423 3353 1709 3415 amputan-

96 3452 180 3507 da
203 3493 216 3516 ,
249 3464 318 3506 ne
349 3449 401 3504 in
435 3446 598 3503 totius
625 3444 869 3516 corporis
898 3450 1084 3512 serpat
1115 3439 1362 3496 exitium.
1422 3438 1479 3494 Si
1510 3437 1710 3492 dixerit

97 3543 360 3600 medicus
410 3539 695 3596 medicina:
744 3553 913 3608 genus
945 3551 1053 3606 quo
1084 3533 1267 3589 curari
1311 3548 1454 3604 a‘ger
1490 3531 1707 3598 debeat,

98 3645 166 3694 et
196 3635 287 3690 ille
314 3633 590 3698 fastidiat,
619 3628 858 3686 discedit
889 3627 1132 3684 medicus
1159 3634 1214 3681 et
1237 3640 1440 3697 aegrum
1471 3623 1711 3680 derelin-

101 3729 249 3801 quit.
278 3725 417 3782 Vide
441 3739 566 3781 eum
594 3723 686 3795 qui
715 3720 891 3779 curari
919 3720 1072 3787 velit,
1101 3720 1246 3774 omni
1269 3733 1471 3790 genere
1495 3715 1710 3773 medico

103 3819 588 3890 acquiescentem;
652 3809 871 3869 attende
924 3812 1194 3867 ordinem.
1280 3810 1467 3879 Aperit
1534 3809 1710 3879 primo

101 3913 340 3970 vulnera
369 3926 462 3967 sua
493 3909 727 3974 medico,
756 3915 812 3962 et
837 3905 968 3961 dicit
993 3923 1005 3958 :
1048 3904 1189 3960 Cura
1220 3918 1324 3968 me,
1359 3901 1454 3958 sed
1484 3917 1615 3973 rogo
1643 3915 1710 3960 ne

108 4009 169 4064 in
200 4007 279 4061 ira
308 4016 418 4071 tua,
449 4002 576 4075 quia
605 4016 710 4057 non
744 3999 1018 4056 sustinent
1044 3996 1233 4050 duram
1263 3993 1588 4048 medicinam
1623 3993 1710 4047 in-

111 4098 405 4156 [irmitates
447 4110 604 4152 meae.
669 4091 936 4148 Medicina
981 4087 1214 4152 Christi,
1258 4087 1535 4155 correptio
1586 4095 1707 4152 est;

109 4191 340 4262 corripit
374 4190 520 4247 enim
550 4185 813 4242 Dominus
843 4196 1002 4254 quem
1034 4180 1149 4236 vult
1193 4186 1529 4234 convertere.
1583 4176 1710 4232 ideo

112 4296 172 4344 et
201 4276 401 4342 Paulus
427 4281 493 4338 ad
523 4279 793 4337 medicum
822 4278 954 4332 dicit
978 4293 990 4329 ε
1020 4274 1211 4346 Argue,
1235 4272 1467 4337 obsecra,
1503 4272 1713 4339 increpa

116 4377 190 4452 (ll
217 4377 354 4434 Tim.
390 4391 467 4442 tv,
497 4372 574 4447 2).
641 4372 758 4429 Non
791 4384 921 4441 ergo
950 4377 1167 4423 recusat
1197 4365 1408 4432 curari,
1460 4364 1548 4435 qui
1579 4364 1713 4434 petit

118 4472 270 4544 argui
298 4488 313 4536 ;
358 4470 452 4525 sed
483 4466 656 4525 levari
684 4467 797 4521 vult
825 4477 1040 4536 poenam
1067 4504 1083 4527 ,
1132 4476 1201 4517 ne
1232 4460 1284 4516 in
1312 4459 1593 4515 iracundia
1624 4467 1712 4513 ar;-

121 4575 334 4638 guatur,
358 4573 412 4620 et
441 4563 646 4633 impetu
669 4563 763 4616 ira:
789 4557 1138 4628 corripiatur.

122 4675 135 4704 ε
195 4660 284 4716 57.
326 4657 396 4712 Et
425 4653 546 4710 vide
577 4667 912 4725 processum.
955 4650 1140 4705 Primo
1174 4649 1310 4718 petit
1337 4645 1487 4718 argui
1517 4662 1530 4710 ;
1556 4653 1708 4716 post-

126 4769 225 4819 ea,
270 4749 414 4820 quod
462 4748 635 4818 majus
679 4756 797 4815 est,
845 4743 1068 4814 corripi.
1122 4741 1325 4798 Deinde
1372 4755 1483 4795 non
1533 4740 1709 4795 solum

127 4847 409 4904 conﬁtetur
440 4848 660 4914 peccata
692 4855 809 4906 sua,
839 4838 932 4895 sed
961 4838 1127 4893 etiam
1155 4844 1440 4890 enumerat
1468 4844 1521 4890 et
1552 4849 1713 4888 accu-

129 4949 240 5006 sat;
275 4953 381 4995 non
410 4937 524 4992 vult
548 4933 690 4991 enim
719 4933 887 4988 latere
914 4945 1009 4985 sua
1035 4927 1255 4982 delicta.
1290 4924 1422 4980 Nam
1451 4932 1508 4979 ut
1536 4924 1715 4979 febres

130 5051 245 5094 cum
274 5037 326 5090 in
356 5033 468 5089 alto
498 5037 654 5097 sunt,
711 5041 816 5084 non
847 5031 1050 5097 queunt
1083 5019 1317 5091 mitigari
1343 5033 1359 5084 ;
1401 5033 1523 5072 cum
1570 5017 1716 5073 foras

126 5125 437 5200 erumpunt,
470 5141 619 5196 spem
652 5120 886 5179 aderunt
912 5113 1238 5204 desinendi:
1273 5112 1345 5166 ita
1373 5119 1716 5182 peccatorum

203 5320 229 5349 ιι
253 5305 398 5364 Edit.
430 5317 622 5360 omnes
649 5315 713 5357 ac
743 5299 896 5372 pauci
924 5315 1055 5355 mss.
1084 5296 1343 5372 omittunt
1363 5336 1404 5372 ,_
1423 5292 1511 5372 ad_
1531 5307 1717 5372 curan-

137 5385 292 5446 dum;
322 5379 464 5450 quod
495 5364 766 5446 reperitur
796 5373 849 5450 in
877 5368 1337 5450 quinqueﬁallic.
1363 5365 1514 5450 Haud
1542 5364 1714 5450 male;

137 5436 444 5512 idem'enim
471 5436 591 5512 est',
649 5444 817 5514 parati
849 5436 916 5495 ad
947 5436 1266 5514 curandam,
1311 5453 1380 5514 ac
1400 5439 1444 5514 si
1482 5436 1715 5514 legeres,

139 5505 409 5599 Baiias:
435 5505 714 5599 curentur.
760 5514 1046 5599 [iniuriam
1077 5511 1384 5599 huiusmodi
1428 5505 1719 5599 locutiguis

141 5575 450 5665 {licentiae
481 5591 574 5646 Fr.
600 5588 903 5649 Sanctium,
935 5575 1180 5665 Minervae
1208 5581 1302 5637 lib.
1324 5592 1564 5665 _ttt,ncap.

207 5651 234 5708 δ
270 5651 361 5720 ηδ’
394 5675 583 5720 omnes
615 5673 747 5716 mss.
788 5665 950 5726 atque
979 5655 1110 5710 edit.
1150 5658 1373 5726 excepta
1400 5651 1557 5705 Rom.
1600 5660 1721 5726 qua}

145 5743 219 5796 sic
255 5736 444 5800 liabet,
481 5733 656 5786 dicens
701 5745 720 5784 :
775 5728 885 5799 Ego
915 5728 970 5780 in

145 5789 265 5866 alibi
287 5789 443 5860 :Fial
466 5819 651 5856 manus
668 5810 759 5855 tua
786 5789 845 5853 ni
863 5813 940 5852 me
965 5815 983 5860 .'
1009 5789 1110 5850 hOé
1131 5789 1412 5866 εδῑνῗεάάβ
1439 5789 1588 5866 *ἕθεν
1617 5797 1726 5866 εἶθ’

215 5858 414 5934 ἶὶὶοώέ
446 5873 574 5931 edit.
606 5872 744 5943 sola,
777 5885 928 5941 quem
956 5858 1121 5925 Graeci
1152 5858 1390 5922 nonnulli
1413 5861 1610 5921 codices
1639 5858 1733 5913 ha-

1723 1901 1773 1963 B

1786 553 2068 624 proditur,
2100 559 2378 625 evaporat.
2421 552 2489 608 Et
2515 552 2639 609 ideo
2663 551 2843 625 insitus
2869 563 3157 612 accusator
3186 565 3270 611 est
3296 556 3382 611 sui

1785 646 1843 701 in
1871 647 2136 717 principio
2155 646 2439 704 sermonis
2451 648 2852 716 T‘priusquam
2867 647 3154 716 contagio
3175 647 3390 702 ulceris

1786 747 1972 810 serpat
1998 739 2369 808 intrinsecus;
2421 750 2611 811 gravat
2639 739 2786 796 enim
2829 740 3219 796 conscientiam
3264 756 3381 796 me-

1788 829 1964 886 moria
1989 829 2336 899 delictorum,
2365 833 2467 888 nisi
2493 833 2761 890 medicina
2792 842 3063 904 poscatur.
3097 833 3169 890 Et
3201 835 3248 890 si
3278 834 3383 889 dif-'-

1788 924 1894 980 lcrt
1917 923 2182 993 modicus,
2217 939 2364 995 aeger
2409 925 2606 984 σπου-θ
2648 941 2709 983 se
2737 926 2934 995 debet,
2979 935 3038 982 ut
3083 927 3245 982 citius
3299 941 3384 983 se-

1788 1025 1976 1084 cetur;
2011 1018 2151 1073 sicut
2179 1018 2444 1075 offerebat
2474 1020 2743 1091 se},David
2789 1020 2841 1076 in
2873 1020 3082 1092 ﬂagella
3115 1021 3326 1076 Domini
3354 1021 3384 1060 ι’

1791 1113 2027 1168 dicens:
2073 1113 2258 1170 Redde
2316 1113 2449 1169 mihi
2493 1115 2727 1185 duplicia
2777 1125 3040 1186 peccata,
3087 1115 3387 1172 dummodo

1794 1199 1883 1258 hic
1911 1201 2192 1270 vindices;
2228 1204 2338 1258 noli
2387 1219 2474 1260 me
2518 1205 2804 1270 deserere,
2859 1204 2971 1261 noli
3004 1217 3255 1263 avertere
3299 1206 3384 1262 fa-

1793 1293 1933 1351 ciem
1982 1304 2128 1352 tuam
2157 1309 2187 1351 a
2213 1311 2338 1364 me;
2394 1297 2502 1353 noli
2533 1295 2815 1370 dedignari
2863 1309 3026 1371 atque
3067 1299 3390 1358 horrescere

1792 1389 2020 1444 fetorem
2065 1388 2352 1445 vulnerum
2399 1405 2671 1446 meorum.
2735 1389 2804 1446 Et
2832 1390 2936 1448 Job
2975 1394 3225 1450 servulus
3265 1403 3394 1452 tuus

1795 1489 2084 1551 percussus
2110 1489 2228 1537 erat
2252 1481 2437 1537 ulcere
2466 1495 2494 1536 a
2525 1481 2754 1552 pedibus
2785 1495 2955 1555 usque
2993 1484 3060 1541 ad
3087 1495 3253 1557 caput
3273 1527 3288 1554 ,
3337 1497 3394 1544 et

1795 1571 2096 1628 remedium
2128 1588 2241 1630 sua:
2272 1573 2518 1630 sanitatis
2547 1572 2794 1641 invenit;
2840 1575 2970 1630 licet
3011 1577 3145 1634 illud
3192 1579 3396 1634 vulnus

1795 1664 2011 1722 virtutis
2037 1667 2230 1734 fuerit,
2258 1667 2401 1724 iStud
2427 1668 2656 1725 erroris.
2702 1667 2970 1726 Fetebant
2991 1669 3240 1738 vulnera,
3272 1688 3396 1746 quae

1798 1757 1994 1815 medici
2030 1773 2225 1816 curare
2265 1775 2372 1817 non
2414 1768 2659 1834 possent.
2726 1761 2966 1820 Locutus
2999 1780 3057 1821 es
3082 1808 3097 1833 ,
3143 1766 3396 1836 Domine,

1798 1854 2054 1927 mysteria
2085 1864 2548 1912 sacramentorum
2600 1863 2812 1911 tuorum
2843 1900 2859 1926 ,
2907 1857 3264 1914 manilestasti
3303 1874 3398 1916 vce

1803 1961 1943 2001 nena
1968 1948 2286 2018 serpentis;
2314 1956 2369 2004 et
2391 1948 2558 2004 solius
2587 1948 2859 2006 sermonis
2888 1950 2961 2005 tui
2993 1949 3400 2008 medicamento

1803 2039 1952 2094 servi
1984 2040 2059 2095 tui
2091 2049 2278 2095 curata
2308 2052 2436 2096 sunt
2461 2040 2717 2110 vulnera,
2770 2042 2893 2112 quia
2920 2051 2976 2098 tu
3005 2057 3271 2099 eumnon
3304 2044 3401 2100 de-

1804 2132 2024 2188 seruisti
2051 2148 2064 2199 ;
2096 2143 2152 2190 et
2181 2151 2287 2190 non
2316 2134 2643 2208 derelinquas
2668 2152 2768 2206 me,
2792 2133 3034 2204 Domine,
3061 2155 3123 2193 ne
3149 2139 3402 2198 discesse-

1803 2228 1875 2281 ris
1901 2241 1934 2280 a
1969 2243 2065 2283 me.
2125 2227 2382 2286 Homines
2412 2245 2501 2286 me
2525 2229 2972 2303 dereliquerunt;
3015 2233 3137 2304 quia
3177 2233 3404 2290 sordent

1804 2317 1911 2375 illis
1943 2315 2168 2376 vulnera
2200 2333 2338 2388 mea,
2370 2335 2492 2393 qua:
2522 2315 2709 2393 pietati
2743 2332 2846 2380 tute
2872 2326 3060 2395 putavi
3089 2339 3214 2383 esse
3251 2341 3406 2384 rese-

1804 2409 1995 2467 randa.
2030 2411 2109 2467 llli
2141 2412 2360 2469 dicunt:
2383 2411 2488 2470 Exi
2520 2428 2550 2469 a
2579 2414 2756 2481 nobis,
2781 2417 2905 2486 quia
2936 2423 3192 2486 peccator
3223 2430 3282 2473 es
3309 2425 3402 2485 tu;

1803 2502 2045 2572 discede,
2075 2518 2145 2561 ne
2171 2519 2272 2561 nos
2300 2505 2532 2576 polluas.
2574 2503 2656 2562 Tu
2687 2507 2902 2578 autem},
2939 2506 3190 2577 Domine,
3221 2523 3404 2579 curas,

1806 2605 1860 2653 et
1891 2611 1996 2652 non
2048 2596 2349 2668 pollueris;
2401 2596 2660 2669 adiuvas,
2711 2606 2766 2653 et
2817 2613 2925 2653 non
2973 2599 3408 2667 contaminaris;

1805 2688 1930 2760 quia
1962 2687 2102 2744 Deus
2130 2689 2316 2745 salutis
2341 2706 2468 2746 mem
2498 2707 2552 2746 es
2574 2733 2590 2760 ,
2636 2689 2800 2764 841
2834 2691 3062 2750 Domine
3083 2735 3098 2762 ,
3131 2704 3186 2750 et
3213 2703 3411 2751 manus

1806 2791 1896 2836 tua
1927 2795 2034 2836 non
2065 2779 2312 2851 perdere,
2347 2782 2443 2838 sed
2474 2798 2669 2838 sanare
2697 2783 3000 2841 consuevit.

1879 2871 1968 2928 58.
2004 2871 2408 2944 Complevimus
2441 2874 2710 2945 psalmum
2748 2876 2912 2931 etiam
2947 2891 3070 2932 cum
3097 2878 3215 2948 ejus
3241 2877 3416 2936 inter-

1808 2965 2112 3035 pretatione
2152 2965 2408 3021 versiculi
2441 2976 2652 3038 cquem
2684 2966 2859 3023 Graeci
2891 2969 3137 3024 nonnulli
3160 2970 3410 3040 codices,

1808 3057 1903 3114 sed
1932 3072 2038 3114 non
2064 3071 2255 3114 omnes
2278 3059 2478 3115 habent
2500 3059 2670 3115 latini.
2696 3057 2830 3115 Nam
2853 3069 2978 3117 ante
2999 3065 3409 3134 responsorium

1808 3154 2121 3224 proximum
2170 3152 2468 3209 versiculus
2512 3161 2620 3221 est,
2667 3150 2736 3207 Et
2778 3157 3109 3226 proiecerunt
3135 3172 3250 3225 me,
3282 3157 3416 3213 sicut

1811 3254 2071 3301 mortuum
2120 3246 2502 3311 abominatum;
2551 3244 2656 3301 hoc
2701 3255 2818 3314 est,
2863 3245 2941 3302 illi
2987 3245 3080 3318 qui
3109 3247 3417 3306 reddebant

1811 3338 1942 3393 mihi
1971 3338 2111 3393 mala
2155 3352 2252 3409 pro
2281 3339 2458 3394 bonis.
2490 3337 2599 3394 Sed
2633 3347 2687 3393 tu
2721 3354 2783 3394 ne
2812 3339 3138 3410 derelinquas
3165 3356 3267 3408 me,
3292 3338 3410 3398 Do-

1811 3433 1966 3501 mine,
1995 3448 2058 3487 ne
2081 3433 2371 3488 discesseris
2401 3449 2433 3487 a
2460 3449 2570 3500 me;
2600 3431 2702 3488 hoc
2725 3434 2871 3488 enim
2902 3435 3183 3505 sequitur;
3210 3432 3262 3490 id
3287 3442 3371 3492 est
3395 3455 3412 3492 :

1813 3525 1892 3581 Tu
1937 3540 2005 3581 ne
2055 3525 2424 3598 derelinquas,
2457 3524 2548 3595 qui
2592 3532 2864 3580 mortuum
2914 3525 3173 3582 fetentem
3214 3541 3411 3584 curare

1812 3620 2108 3676 consuesti.
2143 3621 2384 3692 Denique
2411 3619 2674 3676 habemus
2703 3619 2808 3675 hoc
2848 3615 2900 3674 in
2926 3615 3242 3690 Evangelio.
3274 3619 3410 3676 Nam

1813 3730 1932 3771 cum
1966 3714 2204 3772 venisset
2233 3715 2299 3770 ad
2331 3723 2742 3770 monumentum
2773 3699 2964 3769 ‘Lazari
2991 3754 3006 3780 ,
3048 3720 3102 3768 et
3128 3712 3358 3770 dixisset
3394 3733 3408 3768 :

1810 3804 2007 3861 Tollite
2056 3807 2328 3877 lapidem;
2360 3811 2430 3861 ait
2483 3806 2736 3860 Mart/ta:
2773 3804 2894 3860 Jam
2921 3805 3081 3875 fetet,
3112 3805 3420 3875 quatriduu-

1813 3918 1910 3956 nus
1953 3911 2026 3955 est
2051 3902 2226 3968 enim;
2254 3901 2520 3970 respondit
2549 3901 2595 3954 ei
2620 3917 2632 3953 :
2667 3898 2789 3954 Non
2821 3900 2931 3954 dixi
2952 3899 3064 3966 tibi,
3093 3899 3215 3968 quia
3238 3899 3282 3954 si
3309 3915 3419 3955 ere-

1813 3995 2029 4059 dideris,
2063 3993 2254 4048 videbis
2282 3993 2501 4064 gloriam
2541 3990 2642 4047 Dei
2685 3991 2865 4065 (Joan.
2901 4006 2978 4058 χι,
3005 3989 3073 4048 59
3105 4000 3152 4045 et
3181 3990 3321 4064 40)?
3353 3993 3420 4048 Et

1813 4085 2066 4141 clamavit
2107 4084 2390 4153 Lazarum,
2420 4091 2476 4139 et
2504 4098 2669 4139 sanus
2710 4084 2892 4138 exivit.
2922 4081 3222 4140 Credamus
3249 4081 3419 4158 842

1815 4191 1944 4248 ergo
1983 4185 2038 4232 et
2079 4192 2208 4242 nos;
2255 4183 2313 4231 ut
2358 4175 2426 4231 de
2459 4175 2772 4230 vulneribus
2816 4174 3020 4230 nostris
3062 4175 3418 4246 acquiramus

1813 4269 2140 4325 medicinam
2172 4268 2382 4336 salutis,
2422 4275 2473 4324 et
2502 4267 2732 4324 futuram
2755 4267 3004 4339 gloriam.

1887 4362 1979 4419 59.
2017 4361 2074 4418 in
2119 4361 2457 4418 orationibus
2485 4361 2645 4432 igitur
2672 4369 2726 4415 et
2759 4359 3264 4426 obsecrationibus,
3299 4377 3422 4420 cum

1815 4456 2004 4513 dolore
2033 4465 2087 4512 et
2115 4450 2371 4528 lacrymis
2402 4453 2663 4525 exigenda
2693 4453 3012 4524 pmnitentia
3045 4463 3152 4523 est,
3183 4464 3242 4512 ut
3265 4457 3420 4513 illam

1813 4550 2043 4621 gloriam
2092 4549 2187 4606 Dei
2245 4548 2432 4605 videre
2481 4562 2806 4603 mereamur.
2861 4544 3049 4619 Neque
3102 4556 3158 4606 te
3207 4557 3426 4606 moveat

1817 4647 1961 4716 quod
2009 4646 2207 4709 luctus,
2241 4643 2418 4708 dolor,
2461 4641 2882 4698 commaceratio
2913 4643 3180 4713 corporis,
3212 4645 3424 4714 gravis-

1819 4739 1971 4795 simm
2015 4737 2293 4808 passiones
2323 4744 2447 4791 sunt
2474 4754 2488 4802 ;
2518 4735 2618 4791 etsi
2642 4735 2976 4806 gravissima:
3023 4733 3274 4790 videntur
3295 4777 3308 4800 ,
3340 4728 3422 4790 ta-

1822 4847 1946 4887 men
1972 4828 2205 4900 indigna:
2234 4836 2359 4884 sunt
2388 4826 2698 4897 hujusmodi
2723 4827 3002 4896 passiones
3023 4825 3089 4880 ad
3113 4840 3419 4895 superveni

1823 4931 2000 4976 turam
2031 4920 2261 4990 gloriam
2283 4960 2297 4984 ,
2331 4919 2473 4974 sicut
2505 4922 2658 4973 testis
2683 4917 2778 4972 tibi
2803 4925 2887 4972 est
2914 4915 3194 4986 apostolus
3221 4915 3422 4974 Paulus

1825 5014 2004 5088 (Rom.
2036 5029 2151 5082 vtu,
2185 5012 2296 5086 18).
2326 5012 2442 5067 Νοη
2472 5011 2649 5082 pigeat
2683 5025 2814 5080 ergo
2840 5023 2938 5063 nos
2979 5009 3065 5063 hic
3093 5006 3294 5064 leviora
3327 5010 3424 5068 dea

1825 5109 2006 5176 ferre;
2038 5117 2096 5165 ut
2123 5108 2193 5164 ibi
2223 5108 2380 5179 plena
2403 5105 2578 5163 laudis
2599 5113 2655 5161 et
2673 5104 2860 5176 gloriae
2885 5101 3158 5174 possimus
3171 5102 3421 5174 adipisci,

1819 5290 1976 5355 bent;
2012 5288 2104 5344 sed
2145 5302 2318 5341 omnes
2369 5280 2838 5355 Latini.AVersum
2885 5278 3426 5355 autemillumgnus-

1822 5351 1980 5431 quam
2011 5360 2139 5414 alibi
2168 5357 2429 5431 reperias,
2460 5355 2562 5431 nisi
2587 5353 2640 5407 in
2672 5351 2926 5406 versione
2949 5351 3198 5431 arabica;
3228 5352 3319 5406 ubi
3345 5354 3425 5431 le-z

1821 5423 1966 5504 gitur
1992 5433 2045 5486 in
2079 5432 2197 5504 haec
2233 5423 2401 5504 verba
2434 5443 2450 5504 _:
2490 5424 2816 5504 Respuet'unt
2863 5437 2943 5475 me
2969 5423 3245 5504 dilectum,
3277 5423 3428 5489 quasi

1824 5493 2082 5558 inermum
2131 5498 2574 5558 abominandum;
2600 5505 2644 5548 et
2684 5493 2841 5564 clauis
2890 5494 3212 5564 conﬁxerunt
3239 5509 3428 5564 corpus

1822 5592 2015 5630 meum.
2049 5572 2203 5642 Quod
2234 5580 2412 5642 autem
2441 5567 2518 5620 ait
2540 5563 2864 5642 Ambrosius
2887 5563 3028 5642 hunc
3053 5564 3230 5632 ipsum
3255 5563 3430 5642 versi-

1825 5648 2004 5703 culum
2033 5635 2129 5699 aibs
2153 5657 2212 5697 se
2243 5640 2406 5695 etiam
2447 5635 2754 5706 expositum
2777 5648 2922 5702 esse,
2955 5636 3104 5706 illum
3135 5649 3243 5689 non
3271 5636 3431 5691 dubia

1009 5704 1462 5849 ῥάνρείίίίρῖιταιιω
1491 5704 1644 5782 tum}
1671 5722 1728 5773 et
1829 5727 2005 5773 tamus
2049 5714 2324 5784 respicere
2356 5706 2422 5762 ad
2463 5704 2743 5777 superiora
2775 5707 2874 5760 ista
2909 5721 2927 5760 :
2958 5704 3211 5760 Homines
3239 5722 3318 5762 me
3343 5708 3432 5762 de-

1023 5811 1110 5849 ioc
1131 5801 1236 5849 est.
1254 5794 1412 5846 redde
1439 5789 1588 5849 mihi,
1617 5797 1726 5843 etc.
1835 5788 2145 5849 reliquerant
2161 5800 2180 5849 ;
2211 5781 2331 5849 quia
2351 5778 2557 5849 sordent
2581 5775 2689 5834 illis
2715 5775 2927 5834 vulnera
2953 5783 3096 5848 mea,
3124 5785 3232 5849 etc.

1023 5811 1040 5849 1

1835 5775 2180 5860 reliquerant;
2211 5781 2331 5854 quia
2351 5775 2557 5854 sordent
2581 5775 2689 5834 illis
2715 5775 2927 5834 vulnera
2953 5783 3096 5848 mea,
3124 5785 3232 5852 etc.
