4008 6352
22 365 238 427 .Oli

1144 376 1210 433 1N
1246 376 1579 435 PSALMUM
1620 375 1893 435 XXXVIII
1931 379 2355 439 ENABRATIO.

3268 386 3408 445 1049

22 483 213 538 :ula
263 506 275 541 :
321 484 448 543 Dixi
474 505 493 543 :
538 490 731 560 inquit,
771 490 1067 547 Custodiam
1102 494 1209 547 vias
1247 508 1400 546 meas.
1438 492 1570 559 Quae
1602 490 1709 548 sint
1734 498 1789 559 Α
1814 493 2093 552 intellectu
2122 496 2261 553 labia
2291 512 2427 565 sua;
2461 500 2564 557 hoc
2586 512 2669 558 est
2705 503 2998 573 prudenter
3026 512 3198 571 tacet,
3242 520 3311 561 ne
3336 506 3416 560 la-

24 574 271 641 gitnr
319 580 437 635 ista:
486 581 587 635 vize
636 581 911 648 hominis,
955 599 1073 654 qua!
1123 598 1448 653 magnopere
1502 598 1707 653 praeca-

21 672 329 738 rcnclm,
365 689 431 728 ne
471 673 599 744 quid
628 674 890 744 gravioris
918 675 1233 730 olli-usionis
1264 676 1573 743 incurrant,
1604 676 1705 732 ad-

22 772 296 820 nonet
344 781 444 823 nos
472 774 652 822 tantus
683 768 948 837 PrOphetu
982 768 1298 836 diligentius
1334 769 1701 829 considerare.

22 850 383 912 \dmonct
426 858 589 913 etiam
637 858 891 915 Salomon
919 861 1038 929 ejus
1065 860 1206 915 [ilius~
1241 868 1479 930 paterna:
1511 862 1708 917 mentis

22 946 381 1020 interpres
413 952 778 1020 perspicacius
809 953 1140 1021 examinare,
1170 957 1258 1024 qui
1285 955 1501 1023 scripsit
1534 972 1547 1007 :
1579 954 1705 1009 Tria

21 1040 223 1095 mihi
261 1053 386 1098 sunt
405 1043 744 1115 impossibilia
768 1045 1075 1117 intelligere,
1105 1056 1152 1099 et
1176 1055 1415 1115 quartum
1444 1046 1706 1114 quodnon

22 1146 353 1200 rIgnosco.
406 1134 689 1207 Vestigium
732 1138 919 1206 aquila:
947 1138 1185 1202 volantis,
1210 1148 1257 1191 et
1296 1140 1428 1192 viam
1459 1141 1706 1209 serpentis

21 1222 101 1275 in
172 1237 365 1297 petra,
397 1236 445 1280 et
470 1230 675 1282 semitas
701 1230 843 1282 navis
883 1230 935 1282 in
966 1229 1150 1299 pelago
1180 1232 1469 1301 nuvigantis
1492 1273 1504 1293 ,
1533 1242 1579 1284 et
1602 1234 1706 1285 vias

21 1316 176 1371 viri
212 1319 275 1373 in
299 1321 587 1389 juventute.
622 1318 762 1375 Talis
785 1322 866 1375 via
885 1324 1116 1376 mulieris
1138 1322 1410 1388 adulterio,
1434 1338 1547 1392 qua:
1566 1333 1707 1390 post-

21 1425 252 1477 quam
297 1413 424 1485 egit,
463 1412 641 1467 abluta
681 1413 812 1469 nihil
838 1416 1001 1487 egisse
1025 1432 1079 1469 se
1117 1416 1240 1469 dicit
1262 1416 1493 1486 iniquum
1517 1414 1701 1485 (Prov.

21 1519 227 1573 xxx,
263 1507 336 1563 18
366 1517 413 1562 et
438 1508 570 1579 seq).
593 1510 717 1564 Tria
745 1525 874 1579 ergo
912 1509 1264 1579 impossibilia
1290 1510 1392 1564 sibi
1425 1526 1547 1565 esse
1572 1509 1708 1564 dixit

22 1600 131 1654 ad
158 1602 612 1674 intelligendum,
628 1614 684 1659 et
700 1618 948 1675 quartum
966 1608 1108 1677 quod
1128 1608 1215 1661 ille
1236 1607 1441 1663 habens
1460 1608 1600 1661 inter
1615 1606 1707 1660 ho-

26 1695 275 1752 mines
304 1698 582 1767 sapicntite
614 1699 971 1769 signaculum,
1002 1717 1105 1755 non
1130 1710 1471 1772 agnosceret,
1496 1704 1704 1756 viarum

33 1789 361 1846 videlicet
389 1793 487 1846 viri
520 1792 573 1846 in
600 1793 883 1863 juventute
906 1810 1243 1864 processum.
1274 1796 1509 1863 Quarum
1545 1797 1707 1866 igitur

1814 587 2024 642 biorum
2071 605 2294 646 suorum
2347 595 2581 650 vinculis
2632 597 2907 669 alligetur.
2956 595 3145 652 Posuit
3184 599 3263 652 ori
3312 612 3413 653 suo

1811 682 2132 748 Custodiam.
2164 686 2332 754 sepsit
2359 703 2519 743 aures
2547 705 2672 745 snas
2702 691 2894 759 sninis,
2928 702 3136 747 vectem
3161 691 3414 748 adhibuit

1811 774 2019 830 foribus
2058 777 2168 831 oris
2206 780 2311 844 sui,
2341 791 2520 837 servat
2562 783 2873 839 thesaurum
2911 785 3091 840 cordis
3133 785 3215 840 sui
3243 794 3296 840 et
3324 802 3412 840 ar-

1810 881 2031 940 gentum
2083 871 2280 941 eloquii
2321 876 2443 941 sui,
2494 884 2553 932 ut
2594 878 2962 933 criminatum
3017 888 3070 935 et
3101 889 3408 951 purgatum,

1811 962 2027 1031 quando
2071 973 2309 1032 oportet,
2353 967 2620 1035 proferat;
2659 985 2726 1024 ne
2756 970 3040 1042 quisquam
3070 970 3216 1039 prius
3247 972 3333 1026 fur
3355 973 3409 1027 in

1812 1070 1907 1110 cor
1938 1055 2055 1124 ejus
2085 1069 2173 1111 aut
2212 1061 2557 1129 perturbatur
2596 1062 2891 1133 irrumpat,
2923 1075 2977 1117 et
3018 1064 3083 1119 ad
3114 1079 3211 1121 eos
3241 1066 3414 1137 capti-

1811 1162 1936 1201 vnm
1967 1147 2141 1201 trahat
2167 1190 2181 1215 ,
2212 1149 2407 1218 quibus
2430 1150 2628 1219 ﬂagitia
2659 1169 2753 1209 sua
2789 1156 3011 1212 vendat.

1886 1240 1939 1295 6.
1970 1241 2326 1297 Meditabatur
2355 1242 2523 1299 Judas
2567 1243 2841 1304 Christum
2887 1249 3122 1306 vendere
3144 1292 3159 1316 ,
3192 1249 3285 1305 sed
3317 1264 3411 1306 re-

1812 1333 2040 1388 meabat
2088 1349 2209 1388 eum
2260 1344 2406 1390 tanta
2452 1336 2662 1392 Domini
2695 1341 2863 1409 gratia
2888 1382 2904 1408 ,
2946 1352 3001 1395 et
3029 1342 3276 1412 qua‘dam
3316 1356 3413 1411 pa-

1815 1436 1980 1482 teram
2005 1427 2353 1485 delinitnenta
2387 1431 2623 1496 pietatis.
2653 1434 2848 1503 quibus
2879 1435 3025 1489 luror
3050 1437 3169 1505 ejus
3199 1436 3411 1491 mollie-

1812 1522 2010 1577 batur:
2059 1539 2157 1579 nec
2199 1527 2464 1595 erupisset
2505 1526 2556 1581 in
2588 1528 2789 1595 scelus,
2827 1527 2929 1583 nisi
2968 1545 3028 1583 se
3059 1532 3110 1583 in
3141 1547 3237 1585 cor
3267 1532 3407 1600 ejus,

1812 1616 1935 1687 quia
1987 1616 2263 1673 Christum
2309 1618 2497 1675 lallcre
2534 1634 2593 1675 se
2641 1620 2895 1688 putabat,
2925 1621 3272 1678 adversarius
3317 1624 3413 1675 de-

1812 1708 2111 1765 mersisset.
2155 1709 2273 1765 Non
2305 1726 2439 1781 ergo
2475 1710 2690 1767 dubites
2729 1714 2944 1780 quando
2972 1714 3135 1778 aliqui
3168 1714 3263 1767 tibi
3296 1727 3412 1767 mo-

1813 1799 1937 1854 lesti
1975 1812 2101 1855 sunt
2141 1800 2342 1856 videnti
2383 1816 2609 1858 servare
2647 1803 2911 1871 justitiam
2937 1846 2950 1867 ,
2983 1804 3261 1858 mini-tros
3290 1819 3414 1859 esse

39 1881 177 1935 vel
216 1884 643 1954 inexplicabilis.
676 1886 763 1938 vel
794 1886 1030 1941 difﬁcilis
1063 1887 1285 1958 agnitio,
1324 1899 1495 1957 polCSl
1530 1887 1703 1941 facilis
1734 1901 1782 1961 Β
1810 1891 1956 1946 illius
2008 1892 2325 1959 nequissimi
2361 1892 2693 1961 peccatoris,
2718 1895 2808 1966 qui
2839 1894 3080 1949 omnium
3112 1904 3302 1950 auctor
3328 1905 3415 1951 est

34 1988 287 2029 carum
340 1991 462 2031 esse
507 1976 748 2031 custodia
780 1978 803 2030 ἲ
833 1976 985 2032 Unde
1012 1994 1117 2032 non
1159 1979 1430 2033 immerito
1457 1979 1571 2047 ipse
1601 1979 1702 2032 Da-

51 2070 181 2122 vid
241 2069 569 2125 delictorum
604 2072 904 2140 juventutis
936 2088 1048 2127 sua:
1079 2088 1184 2127 non
1215 2072 1589 2129 delensioiiem
1616 2073 1707 2127 ob-

42 2161 255 2229 tulit,
290 2163 386 2216 sed
418 2162 746 2217 oblivionem
780 2167 1006 2232 rogavit.
1040 2164 1264 2227 Delicta.
1295 2166 1497 2233 inquit.
1516 2166 1703 2233 juven-

50 2254 219 2308 tutis
269 2269 436 2322 metu,
491 2265 539 2309 et
584 2256 890 2325 ignorantitc
934 2273 1059 2311 metu
1099 2273 1161 2311 ne
1200 2257 1490 2311 memineris
1526 2256 1698 2325 (Psal.

56 2359 258 2409 xxiv,
302 2346 380 2413 7).
424 2344 539 2400 Non
569 2346 839 2402 immerito
868 2349 1031 2417 igitur
1058 2349 1313 2407 Salomon
1344 2351 1481 2405 dixit
1509 2366 1568 2403 se
1593 2365 1702 2404 non

59 2451 408 2506 agnoscere
452 2438 596 2508 quod
631 2448 783 2508 pater
811 2439 951 2509 ejus,
990 2442 1040 2494 in
1069 2457 1175 2509 quo
1207 2440 1379 2510 major
1413 2441 1503 2495 Dei
1530 2442 1702 2508 gratia

53 2528 222 2592 fuit,
258 2542 321 2583 se
352 2529 630 2600 ignorasse
654 2538 1015 2585 teStatns-est.
1050 2530 1117 2585 Et
1141 2530 1371 2586 fortasse
1402 2532 1593 2586 delicta
1619 2531 1706 2600 ju-

62 2623 342 2677 ventutis
372 2622 438 2677 ad
470 2622 735 2678 fervorem
777 2623 959 2677 retulit
985 2623 1181 2685 carnis,
1218 2622 1581 2694 ignorantiam
1609 2639 1704 2678 au-

65 2724 207 2769 tem
236 2714 305 2769 ad
339 2715 625 2770 verborum
661 2716 1078 2785 prolapsionem,
1110 2732 1227 2786 quae
1255 2731 1359 2770 non
1392 2731 1459 2771 ex
1487 2724 1705 2771 sentt-n-

71 2807 167 2862 tia
206 2819 418 2873 nostra,
472 2808 566 2863 sed
616 2808 815 2878 impetu
864 2808 1095 2879 quodam
1144 2819 1198 2863 et
1245 2824 1404 2863 cursu
1450 2809 1705 2879 loquendi

74 2909 421 2976 plerumque
466 2907 790 2973 funduntur;
835 2906 977 2977 quod
1024 2906 1381 2977 periculosum
1425 2922 1547 2962 esse
1576 2906 1707 2960 Pro-

74 3001 268 3071 pheta
309 3016 643 3071 cognoscens
686 3002 759 3055 ait
792 3018 805 3053 :
839 3001 1048 3056 Credidi
1077 3011 1284 3073 propter
1322 3002 1459 3067 quod
1505 3001 1707 3054 locutus

77 3108 215 3147 sum
255 3090 429 3164 (Psal.
455 3108 577 3158 cxv,
602 3092 663 3160 t).
697 3093 867 3162 Supra
893 3093 1294 3147 lundantcntum
1326 3106 1459 3160 ergo
1490 3090 1706 3145 virtutis

79 3201 207 3241 vox
252 3194 368 3241 tuta
405 3196 517 3251 est;
548 3186 666 3242 sine
704 3184 1087 3248 fundamento,
1123 3184 1349 3240 lubrica.
1393 3183 1521 3238 Ideo
1553 3182 1705 3252 quasi

1805 1983 2154 2053 ﬂagitiorum.
2198 1983 2428 2039 Videbat
2459 1986 2627 2041 David
2662 1986 2991 2055 propheticis
3017 1988 3214 2051 oculis.
3244 2001 3415 2057 agno-

1805 2076 1991 2130 scebat
2036 2076 2152 2147 ejus
2198 2077 2456 2147 ﬁguram;
2491 2079 2613 2135 ideo
2646 2081 2887 2148 tacebat,
2922 2097 2989 2137 ne
3030 2082 3174 2136 illius
3206 2083 3412 2140 laceret

1807 2167 2175 2235 voluntatem,
2230 2172 2320 2240 qui
2370 2171 2737 2226 interturbare
2777 2174 2940 2242 gestit
2968 2173 3243 2228 allectum.
3274 2173 3409 2232 Pre-

1805 2262 1988 2316 mebat
2018 2277 2204 2317 vocem
2230 2305 2243 2327 ,
2274 2263 2559 2319 claudebat
2602 2272 2787 2333 portas
2826 2282 2953 2320 suas
2981 2266 3237 2332 silentio,
3269 2281 3409 2335 pra:-

1807 2355 2061 2410 teudebat
2105 2355 2157 2410 in
2203 2372 2269 2411 eo
2311 2356 2597 2427 patientia,
2644 2366 2699 2412 et
2740 2360 3119 2415 taciturnitatis
3154 2364 3410 2433 vigilabat

1804 2449 2083 2514 custodia;
2110 2464 2179 2503 ne
2206 2449 2457 2504 inimicus
2485 2450 2797 2520 obreperet,
2832 2469 2900 2507 ne
2929 2452 2997 2507 de
3020 2455 3275 2509 claustris
3296 2456 3411 2510 oris

1805 2558 1976 2615 vagus
2024 2544 2219 2613 aliquis
2252 2558 2433 2598 sermo
2464 2557 2515 2599 et
2554 2544 2805 2600 incautus
2830 2547 3025 2601 exiret.
3062 2546 3187 2601 Ideo
3216 2546 3410 2603 fortior

1807 2645 1892 2690 est
1924 2636 2167 2706 patiens,
2194 2636 2283 2706 qui
2316 2650 2376 2692 se
2416 2635 2593 2706 ipsum
2625 2638 2900 2703 continet,
2930 2653 3090 2708 quam
3124 2640 3215 2710 qui
3245 2639 3408 2696 urbes

1807 2730 1969 2798 capit.
2016 2727 2205 2783 Justus
2246 2729 2361 2800 ipse
2400 2730 2501 2784 sibi
2533 2729 2829 2784 claustrum
2861 2739 2973 2799 est,
3006 2730 3123 2801 ipse
3152 2731 3252 2787 sibi
3285 2746 3409 2803 per-

1806 2818 1936 2890 vigil
1966 2829 2170 2874 custos.

1880 2914 1933 2967 7.
1964 2909 2097 2965 Cum
2126 2911 2228 2966 sibi
2260 2926 2391 2983 ergo
2422 2913 2536 2980 ipse
2579 2914 2964 2982 pratenderet,
3000 2914 3323 2983 loquebatur
3352 2918 3408 2973 in

1808 3017 1909 3059 Suo
1953 3002 2115 3057 corde
2148 3019 2162 3056 :
2211 3001 2377 3056 Posui
2415 3004 2493 3056 ori
2522 3020 2632 3058 meo
2664 3004 2951 3059 custodiam
2974 3048 2989 3071 ,
3022 3006 3142 3059 dum
3177 3008 3412 3063 consistit

1809 3106 2049 3168 peccator
2084 3097 2355 3151 adversum
2398 3115 2498 3151 uie.
2532 3097 2697 3151 Adest
2727 3114 2942 3169 semper
2966 3098 3253 3166 inimicus,
3280 3103 3408 3172 quia

1809 3206 2028 3261 semper
2055 3191 2358 3245 insidiatur.
2394 3190 2508 3245 Etsi
2542 3192 2691 3246 illum
2735 3206 2840 3247 non
2871 3193 3038 3252 vides.
3070 3194 3219 3250 adest
3257 3213 3269 3248 :
3303 3198 3408 3251 etsi

84 3277 340 3347 quodam
391 3278 534 3334 tuba:
578 3294 713 3332 sono
740 3276 1257 3346 Srriptnrardivinte
1286 3275 1493 3329 electus
1530 3276 1696 3328 inter-
1725 3288 1766 3346 (ζ
1803 3282 1949 3337 ἰΙΙυιιι
1999 3297 2107 3335 non
2155 3281 2363 3347 sentis,
2408 3284 2665 3338 incursat.
2714 3282 2771 3338 Si
2823 3301 2927 3338 nou
2976 3284 3158 3352 vides,
3201 3287 3409 3344 videnti

87 3384 232 3440 pres
262 3372 528 3440 increpuit
556 3388 569 3425 :
600 3370 767 3426 Corde
797 3370 1026 3424 creditur
1052 3372 1120 3423 ad
1136 3371 1401 3443 justitiam
1433 3386 1447 3434 ;
1490 3385 1578 3423 ore
1605 3386 1699 3421 au-

92 3474 205 3518 tem
235 3465 492 3534 confessio
515 3465 572 3532 ﬁt
599 3464 668 3516 ad
693 3464 909 3518 salutem
939 3462 1117 3534 (Rom.
1153 3479 1209 3527 χ,
1241 3460 1352 3531 10).
1387 3460 1547 3516 Fides
1571 3458 1701 3516 Cre—

91 3555 347 3612 dentium
381 3556 693 3625 principalis
719 3565 835 3623 est,
868 3555 1141 3611 confessio
1169 3552 1553 3611 exsecutionis.

176 3650 231 3705 5.
272 3649 553 3714 Quomodo
601 3650 764 3720 igitur
805 3647 1146 3718 proposuerit
1186 3656 1404 3702 sanctus
1437 3645 1698 3715 propheta

97 3740 274 3796 David
300 3783 315 3805 ,
347 3752 440 3797 aut
471 3753 690 3812 propter
730 3741 857 3812 quid
888 3741 1159 3796 custodire
1196 3741 1308 3794 vias
1334 3754 1478 3798 suas.
1509 3738 1698 3793 audia-

97 3851 231 3895 mus
262 3853 275 3889 :
313 3834 380 3889 Ut
420 3852 555 3901 non,
591 3836 801 3904 inquit,
844 3836 1141 3904 delinquam
1181 3835 1235 3887 in
1278 3834 1455 3905 lingua
1481 3848 1610 3885 mea.
1642 3830 1701 3885 Si

102 3931 211 3986 hoc
235 3936 391 3984 cavet
419 3926 711 3996 Propheta,
744 3935 801 3980 tu
826 3942 930 3980 non
963 3926 1170 3980 caves?
1199 3924 1253 3980 Si
1281 3924 1383 3978 hoc
1404 3922 1615 3985 metuit,
1646 3921 1699 3975 in

102 4037 216 4096 quo
247 4023 337 4077 Dei
371 4022 541 4092 gratia
574 4021 914 4090 loquebatur,
946 4030 998 4072 tu
1030 4035 1136 4073 non
1171 4019 1387 4082 metuis,
1417 4016 1509 4087 qui
1543 4028 1698 4069 erro-

104 4116 186 4172 ris
222 4115 386 4169 verba
438 4128 543 4167 non
598 4110 832 4181 refugis,
864 4123 916 4167 et
960 4110 1313 4166 theatralibus
1356 4107 1702 4164 sermonibus

102 4208 440 4266 delectaris?
484 4207 561 4261 Tu
594 4223 701 4261 non
733 4206 1079 4269 reformidas,
1114 4207 1198 4259 cui
1239 4205 1498 4274 scriptum
1538 4211 1622 4257 est
1648 4204 1699 4256 in

109 4303 405 4373 Evangelio
455 4301 670 4373 (Matth.
724 4316 833 4366 xu,
879 4301 1009 4371 56),
1048 4302 1169 4369 quia
1200 4297 1368 4371 8M
1412 4312 1510 4367 pro
1552 4296 1703 4351 omni

109 4398 284 4453 otioso
322 4395 490 4450 verbo
536 4396 802 4450 rationem
840 4408 899 4447 es
941 4392 1282 4448 redditurus?
1312 4392 1367 4446 Si
1404 4404 1499 4459 pro
1526 4388 1703 4444 otioso

111 4491 276 4545 verbo
322 4490 617 4559 periculum
664 4500 739 4543 est
761 4529 776 4554 ,
809 4494 1011 4557 quanto
1045 4486 1213 4554 magis
1245 4500 1342 4554 pro
1370 4481 1697 4539 criminose!

112 4583 228 4638 Non
257 4598 416 4639 omne
440 4581 580 4651 quod
608 4580 865 4645 otiosum,
889 4588 971 4634 est
996 4578 1381 4634 criminosum:
1406 4575 1501 4631 sed
1540 4590 1703 4631 omne

1802 3375 1997 3431 crede:
2019 3374 2286 3441 Consistit,
2310 3374 2503 3445 inquit,
2534 3388 2772 3445 peccator
2797 3378 3066 3432 adversum
3081 3380 3297 3447 me.Qui
3322 3381 3405 3437 vi-

1803 3466 1893 3522 det
1925 3478 2203 3534 peccatum
2227 3482 2407 3530 suum,
2428 3468 2569 3521 videt
2592 3474 2753 3522 etiam
2781 3482 3116 3537 peceatorem
3137 3472 3235 3527 sibi
3262 3472 3316 3527 in
3341 3472 3408 3529 iis

1802 3574 1923 3625 qna-
1959 3559 2204 3627 gesserit,
2227 3558 2561 3614 illudentem.
2580 3559 2678 3627 Qui
2703 3571 2880 3614 autem
2904 3571 3240 3627 peccatorem
3266 3579 3407 3629 pra:-

1804 3650 2020 3715 viderit,
2049 3658 2229 3721 potest
2271 3651 2440 3705 vitare
2472 3660 2773 3719 peccatum.
2808 3650 3038 3707 Videbat
3071 3652 3235 3708 Daxid
3269 3668 3407 3709 cou-

1803 3744 1997 3798 sistere
2022 3742 2308 3798 adversum
2339 3758 2397 3797 se
2431 3755 2805 3810 peccatorem;
2838 3744 3056 3814 quando
3079 3743 3261 3799 Semei
3292 3759 3408 3799 ma-

1804 3834 2068 3890 ledicebat
2118 3845 2171 3889 et
2221 3834 2491 3900 lapidabat
2537 3849 2715 3902 regem
2767 3849 2924 3887 suum
2951 3876 2966 3897 ,
3009 3842 3066 3888 et
3094 3834 3407 3889 clamabat:

1804 3926 1930 3992 Exi,
1953 3929 2029 3981 vir
2058 3929 2369 3997 sanguinum
2398 3927 2464 3997 (Il
2492 3928 2623 3997 Reg.
2657 3942 2767 3990 xvi,
2803 3926 2881 3995 7).
2908 3925 3093 3995 Neque
3121 3928 3265 3981 enim
3296 3936 3406 3981 tam

1806 4031 2111 4090 ιιι-ευιιιριιιε
2148 4020 2310 4085 foret,
2344 4029 2403 4073 ut
2430 4034 2529 4073 nec
2558 4020 2688 4073 tanti
2721 4019 2863 4087 regis
2892 4016 3192 4073 reverentii
3222 4032 3407 4072 move-

1805 4120 1981 4177 retur,
2017 4126 2117 4166 nec
2159 4120 2429 4165 armatum
2478 4109 2598 4179 ejus
2649 4111 2867 4165 timeret
2914 4108 3249 4176 exercitum,
3280 4123 3409 4163 cum

1806 4219 1944 4259 unus
1993 4204 2061 4257 de
2109 4202 2349 4258 exercitu
2383 4202 2500 4272 ejus
2525 4202 2923 4257 conviciantem
2968 4201 3230 4271 potuisset
3262 4200 3409 4255 occi-

1805 4296 1971 4360 dere;
2014 4296 2109 4353 sed
2148 4307 2424 4351 amentem
2477 4294 2724 4350 diabolus
2770 4296 3003 4361 iecerat,
3031 4293 3123 4361 qui
3152 4307 3276 4348 eum
3308 4294 3409 4348 im-

1807 4391 2040 4462 pellebat
2071 4389 2139 4445 ad
2185 4399 2435 4445 mortem.
2481 4388 2609 4443 Ideo
2642 4387 2807 4443 David
2836 4386 3097 4442 adversus
3122 4393 3407 4441 auctorem

1807 4486 1979 4555 magis
2015 4484 2387 4555 prmliabatur,
2420 4498 2580 4552 quam
2614 4482 2921 4535 miniSIrum
2954 4481 3406 4551 persequebatur.

1806 4575 1945 4644 Quid
1973 4577 2118 4631 enim
2141 4590 2416 4645 maguum,
2442 4574 2509 4628 de
2534 4573 2755 4628 homine
2785 4571 3018 4626 invalido
3040 4569 3206 4644 85.5
3234 4571 3409 4626 vindi-

114 4675 253 4745 quod
296 4691 401 4730 non
444 4675 773 4730 fructuosum
800 4714 816 4740 ,
860 4673 1220 4742 periculosum
1253 4682 1414 4743 atque
1456 4671 1700 4727 eradica-
1724 4667 1777 4729 D
1803 4673 1956 4739 cari,
1987 4686 2146 4740 quem
2185 4670 2253 4723 ad
2292 4668 2526 4723 furorem
2566 4670 2701 4722 alter
2729 4666 2975 4735 urgebat,
3006 4667 3057 4719 iu
3089 4681 3244 4735 cujus
3272 4679 3408 4721 neco

117 4769 249 4835 bile;
281 4769 455 4823 omnis
495 4770 636 4823 enim
686 4769 848 4823 arbor
876 4783 984 4822 non
1013 4766 1216 4821 faciens
1242 4766 1474 4822 fructum
1493 4808 1509 4831 ,
1538 4768 1700 4821 6χεί-

117 4863 271 4917 detur
293 4902 307 4927 ,
338 4870 391 4915 et
437 4862 490 4915 in
531 4861 705 4930 ignem
731 4860 994 4914 mittetur.
1018 4856 1153 4912 Cum
1178 4869 1424 4914 movetur
1450 4858 1663 4912 animus
1681 4899 1698 4926 ,

120 4956 412 5025 exagitator
441 4952 844 5009 stimulantibus
865 4950 1213 5015 adversariis,
1236 4949 1699 5019 obstrepentibus,

123 5047 477 5112 illuilentibus,
511 5043 945 5109 criminantibus,
976 5042 1178 5097 excidit
1206 5042 1431 5096 verbum
1463 5032 1704 5095 cummo-

123 5141 302 5205 tionis;
336 5139 457 5194 ideo
507 5138 782 5193 silentium
832 5144 887 5192 et
938 5144 1108 5190 tutum
1155 5143 1271 5202 est,
1318 5143 1372 5189 et
1417 5133 1703 5202 decorum,

126 5233 258 5304 quod
298 5239 479 5287 servat
506 5245 627 5285 cum
658 5230 924 5300 gravitate
960 5227 1250 5282 cautelam.
1280 5224 1421 5294 Quid
1451 5224 1596 5279 enim
1628 5224 1708 5277 la-

126 5326 205 5381 bia
251 5334 431 5380 nostra
457 5364 474 5391 ,
519 5322 625 5378 nisi
663 5322 907 5391 quasdam
942 5330 1126 5375 nostra
1159 5318 1375 5374 vincula
1404 5317 1572 5371 sunt?
1598 5317 1705 5371 De-

124 5420 277 5488 nique
322 5416 551 5471 vinculis
590 5414 854 5468 labiorum
898 5426 1118 5465 suorum
1162 5409 1533 5478 unusquisque
1577 5421 1708 5461 con-

128 5509 415 5577 stringitur.
456 5506 581 5560 ldeo
619 5503 834 5574 sapiens
872 5503 923 5555 in
953 5509 1201 5571 tempore
1230 5512 1402 5565 tacet,
1434 5511 1491 5553 et
1520 5513 1705 5553 secum

132 5603 233 5671 ipse
274 5597 584 5654 considerat
622 5611 727 5664 quo
769 5604 1015 5661 tempore
1060 5592 1203 5662 loqui
1247 5591 1464 5647 debeat.
1499 5590 1573 5644 De
1600 5604 1707 5657 quo

130 5693 376 5764 praeclare
408 5691 525 5759 ipse
545 5688 801 5745 Salomon
824 5706 837 5739 :
868 5684 1029 5738 Labia
1053 5685 1317 5755 Sapientis
1344 5684 1559 5753 alligata
1587 5692 1709 5736 sunt

132 5785 377 5840 intellectu
416 5780 604 5851 (Prov.
640 5795 727 5844 xv,
755 5778 833 5849 7).
863 5777 1090 5844 Quando
1118 5792 1248 5845 ergo
1283 5776 1433 5831 vides
1470 5774 1705 5829 illuden-

135 5877 264 5932 tibus
302 5873 570 5946 protervis
591 5912 604 5939 ,
635 5870 935 5941 sapientem
967 5878 1168 5938 tacere,
1199 5866 1289 5925 dic
1316 5885 1332 5923 :
1360 5866 1573 5939 Ligavit
1603 5866 1706 5921 iste

1808 4775 2061 4834 peccator
2103 4761 2377 4816 habuisset
2420 4760 2707 4814 voluntatis
2749 4755 3042 4813 edoctum?
3075 4755 3191 4810 Non
3230 4755 3410 4824 gladio

1808 4857 2077 4918 diabolus,
2109 4854 2204 4909 sed
2242 4854 2406 4909 verbo
2437 4853 2531 4908 Dei
2562 4853 2794 4909 vincitur
2829 4872 2842 4906 :
2872 4852 2994 4906 ideo
3021 4859 3191 4904 taceat
3223 4850 3407 4919 lingua

1809 4949 2077 5011 hominis,
2106 4946 2201 5001 Dei
2243 4945 2471 5000 Verbum
2505 4947 2777 5016 loquatur.
2812 4943 3049 5013 Denique
3074 4952 3128 4996 et
3158 4939 3409 4998 Christus

1808 5040 2026 5094 tacebat
2056 5048 2180 5092 ante
2206 5036 2363 5092 Pilati
2381 5038 2641 5105 judicium
2664 5036 3011 5097 constitutus,
3043 5042 3099 5087 ut
3126 5033 3283 5088 nobis
3306 5033 3404 5087 da-

1809 5140 1894 5187 ret
1937 5131 2165 5185 formam
2204 5130 2449 5193 tacendi;
2481 5130 2605 5200 quia
2636 5130 2813 5198 lingua
2847 5127 3093 5195 corporis
3124 5125 3295 5181 facilis
3324 5134 3412 5181 est

1809 5224 1877 5278 ad
1905 5237 2178 5287 errorem,
2210 5222 2461 5293 proi-livis
2499 5222 2565 5277 ad
2605 5221 2834 5289 lapsum.
2865 5219 3005 5276 Sunt
3028 5229 3207 5273 autem
3236 5225 3293 5271 et
3315 5232 3393 5287 qu

1812 5325 2054 5371 tacentes
2095 5315 2414 5385 loquantur;
2461 5312 2599 5368 sicut
2645 5312 2857 5382 Moyses
2886 5311 2975 5379 qui
3010 5309 3186 5365 stabat
3211 5309 3411 5364 attoni-

1812 5417 1898 5463 tus
1917 5449 1931 5473 ,
1974 5418 2027 5462 ct
2051 5408 2293 5476 tacebat,
2322 5407 2406 5462 cui
2446 5405 2583 5460 dixit
2613 5406 2811 5460 tacenti
2842 5404 3019 5459 Deus:
3049 5403 3189 5470 Quid
3215 5402 3413 5457 clamas

1811 5501 1881 5554 ad
1929 5517 2010 5555 me
2058 5498 2252 5571 (Exod.
2299 5515 2425 5565 x1v,
2455 5498 2558 5568 5)?
2587 5496 2660 5554 Ut
2701 5496 2947 5553 Susanna
2969 5535 2986 5561 ,
3013 5511 3133 5566 quin
3164 5494 3331 5549 tacuit
3359 5494 3414 5549 in

1812 5592 2065 5662 periculis
2123 5592 2237 5646 suis
2267 5632 2281 5655 ,
2330 5600 2386 5645 et
2432 5589 2691 5644 Dominus
2739 5587 3012 5644 exaudivit
3067 5601 3206 5641 eam.
3270 5584 3417 5655 Ergo

1811 5686 2023 5739 etiamsi
2048 5682 2101 5736 in
2133 5693 2186 5739 te
2218 5682 2439 5736 verbum
2471 5680 2561 5734 Dei
2583 5682 2689 5745 sit;
2719 5688 2775 5734 et
2797 5679 3001 5734 tacebis
3025 5678 3077 5732 in
3104 5676 3201 5732 Dei
3226 5677 3412 5744 verbo,

1811 5785 1868 5832 et
1897 5776 2089 5830 tacitus
2116 5773 2400 5837 clamabis,
2429 5780 2487 5826 ut
2508 5772 2743 5827 andiaris
2771 5790 2799 5825 a
2828 5770 3068 5826 Christo.

1882 5870 1937 5925 8.
1982 5868 2241 5922 Meditare
2265 5879 2394 5935 ergo
2411 5881 2531 5937 quae
2563 5862 2762 5921 Christi
2787 5876 2933 5932 sunt,
2958 5881 3078 5937 quae
3100 5878 3283 5919 secum
3303 5866 3415 5919 me;
