  <div class='ocr_page' id='page_1' title='image "/cluster/home/n/w/nwhite01/storage/ocr_20150623/14/hvd.32044015471303/527.png"; bbox 0 0 4008 6352; ppageno 0'>
   <div class='ocr_carea' id='block_1_1' title="bbox 667 333 807 393">
    <p class='ocr_par' dir='ltr' id='par_1_1' title="bbox 667 333 807 393">
     <span class='ocr_line' id='line_1_1' title="bbox 667 333 807 393; baseline 0.014 -3"><span class='ocrx_word' id='word_1_1' title='bbox 667 333 807 393; x_wconf 72' lang='grc'><strong>1048</strong></span> 
     </span>
    </p>
   </div>
   <div class='ocr_carea' id='block_1_2' title="bbox 1995 327 2250 408">
    <p class='ocr_par' dir='ltr' id='par_1_2' title="bbox 1995 327 2240 408">
     <span class='ocr_line' id='line_1_2' title="bbox 1995 327 2240 408; baseline 0 -22"><span class='ocrx_word' id='word_1_2' title='bbox 1995 327 2240 408; x_wconf 70' lang='lat' dir='ltr'><strong>ssnon</strong></span> 
     </span>
    </p>
   </div>
   <div class='ocr_carea' id='block_1_3' title="bbox 2353 327 3889 408">
    <p class='ocr_par' dir='ltr' id='par_1_3' title="bbox 2353 329 3889 407">
     <span class='ocr_line' id='line_1_3' title="bbox 2353 329 3889 407; baseline 0.003 -20"><span class='ocrx_word' id='word_1_3' title='bbox 2353 329 2604 407; x_wconf 71' lang='lat' dir='ltr'><strong>sanasti</strong></span> <span class='ocrx_word' id='word_1_4' title='bbox 2635 398 2650 406; x_wconf 49' lang='grc'><em>,</em></span> <span class='ocrx_word' id='word_1_5' title='bbox 3821 339 3889 392; x_wconf 58' lang='grc' dir='ltr'>ιω</span> 
     </span>
    </p>
   </div>
   <div class='ocr_carea' id='block_1_4' title="bbox 654 409 3892 528">
    <p class='ocr_par' dir='ltr' id='par_1_4' title="bbox 654 409 3892 528">
     <span class='ocr_line' id='line_1_4' title="bbox 654 409 3892 528; baseline -0.002 -19"><span class='ocrx_word' id='word_1_6' title='bbox 654 409 930 510; x_wconf 86' lang='lat' dir='ltr'><strong>ditabatur</strong></span> <span class='ocrx_word' id='word_1_7' title='bbox 967 450 1240 528; x_wconf 85' lang='lat' dir='ltr'><strong>prepheta</strong></span> <span class='ocrx_word' id='word_1_8' title='bbox 1268 448 1465 515; x_wconf 88' lang='lat' dir='ltr'><strong>David,</strong></span> <span class='ocrx_word' id='word_1_9' title='bbox 1497 450 1551 506; x_wconf 94' lang='lat' dir='ltr'><strong>in</strong></span> <span class='ocrx_word' id='word_1_10' title='bbox 1581 462 1688 522; x_wconf 89' lang='lat' dir='ltr'><strong>quo</strong></span> <span class='ocrx_word' id='word_1_11' title='bbox 1721 464 1784 506; x_wconf 87' lang='lat' dir='ltr'><strong>ea</strong></span> <span class='ocrx_word' id='word_1_12' title='bbox 1825 463 1945 524; x_wconf 64' lang='lat' dir='ltr'><strong>quae</strong></span> <span class='ocrx_word' id='word_1_13' title='bbox 1996 462 2182 507; x_wconf 82' lang='lat' dir='ltr'><strong>secum</strong></span> <span class='ocrx_word' id='word_1_14' title='bbox 2209 449 2262 506; x_wconf 91' lang='lat' dir='ltr'><strong>in</strong></span> <span class='ocrx_word' id='word_1_15' title='bbox 2291 464 2340 528; x_wconf 68' lang='grc' dir='ltr'><strong>Α</strong></span> <span class='ocrx_word' id='word_1_16' title='bbox 2371 450 2586 510; x_wconf 87' lang='lat' dir='ltr'><strong>dicente</strong></span> <span class='ocrx_word' id='word_1_17' title='bbox 2633 449 2864 508; x_wconf 87' lang='lat' dir='ltr'><strong>Domino</strong></span> <span class='ocrx_word' id='word_1_18' title='bbox 2897 465 2912 504; x_wconf 89' lang='lat'><strong>:</strong></span> <span class='ocrx_word' id='word_1_19' title='bbox 2952 448 3445 524; x_wconf 77' lang='lat' dir='ltr'><strong>Diligiteinimicos</strong></span> <span class='ocrx_word' id='word_1_20' title='bbox 3465 449 3846 519; x_wconf 66' lang='lat' dir='ltr'><strong>miscellam.</strong></span> <span class='ocrx_word' id='word_1_21' title='bbox 3871 473 3892 516; x_wconf 30' lang='grc' dir='ltr'>ιθ</span> 
     </span>
    </p>
   </div>
   <div class='ocr_carea' id='block_1_5' title="bbox 658 543 2261 621">
    <p class='ocr_par' dir='ltr' id='par_1_5' title="bbox 658 543 2261 621">
     <span class='ocr_line' id='line_1_5' title="bbox 658 543 2261 621; baseline 0.001 -21"><span class='ocrx_word' id='word_1_22' title='bbox 658 543 766 601; x_wconf 87' lang='lat' dir='ltr'><strong>huc</strong></span> <span class='ocrx_word' id='word_1_23' title='bbox 803 545 1012 616; x_wconf 83' lang='lat' dir='ltr'><strong>psalmo</strong></span> <span class='ocrx_word' id='word_1_24' title='bbox 1039 543 1360 621; x_wconf 80' lang='lat' dir='ltr'><strong>meditatum</strong></span> <span class='ocrx_word' id='word_1_25' title='bbox 1405 558 1528 600; x_wconf 87' lang='lat' dir='ltr'><strong>esse</strong></span> <span class='ocrx_word' id='word_1_26' title='bbox 1553 557 1613 600; x_wconf 92' lang='lat' dir='ltr'><strong>se</strong></span> <span class='ocrx_word' id='word_1_27' title='bbox 1639 543 1792 612; x_wconf 85' lang='lat' dir='ltr'><strong>dicit,</strong></span> <span class='ocrx_word' id='word_1_28' title='bbox 1841 553 1971 602; x_wconf 90' lang='lat' dir='ltr'><strong>ante</strong></span> <span class='ocrx_word' id='word_1_29' title='bbox 2000 545 2057 600; x_wconf 90' lang='lat' dir='ltr'><strong>in</strong></span> <span class='ocrx_word' id='word_1_30' title='bbox 2085 559 2152 602; x_wconf 89' lang='lat' dir='ltr'><strong>eo</strong></span> <span class='ocrx_word' id='word_1_31' title='bbox 2179 545 2261 602; x_wconf 77' lang='lat' dir='ltr'><strong>lo-</strong></span> 
     </span>
    </p>
   </div>
   <div class='ocr_carea' id='block_1_6' title="bbox 660 636 2258 714">
    <p class='ocr_par' dir='ltr' id='par_1_6' title="bbox 660 636 2258 714">
     <span class='ocr_line' id='line_1_6' title="bbox 660 636 2258 714; baseline -0.001 -17"><span class='ocrx_word' id='word_1_32' title='bbox 660 649 819 697; x_wconf 86' lang='lat' dir='ltr'><strong>eutus</strong></span> <span class='ocrx_word' id='word_1_33' title='bbox 863 647 950 694; x_wconf 89' lang='lat' dir='ltr'><strong>est</strong></span> <span class='ocrx_word' id='word_1_34' title='bbox 989 637 1260 694; x_wconf 78' lang='lat' dir='ltr'><strong>Christus.</strong></span> <span class='ocrx_word' id='word_1_35' title='bbox 1292 636 1383 695; x_wconf 90' lang='lat' dir='ltr'><strong>Sic</strong></span> <span class='ocrx_word' id='word_1_36' title='bbox 1403 639 1548 695; x_wconf 89' lang='lat' dir='ltr'><strong>enim</strong></span> <span class='ocrx_word' id='word_1_37' title='bbox 1573 639 1835 710; x_wconf 86' lang='lat' dir='ltr'><strong>scriptum</strong></span> <span class='ocrx_word' id='word_1_38' title='bbox 1863 650 1952 708; x_wconf 80' lang='lat' dir='ltr'><strong>est</strong></span> <span class='ocrx_word' id='word_1_39' title='bbox 1979 658 1992 695; x_wconf 89' lang='lat'><strong>:</strong></span> <span class='ocrx_word' id='word_1_40' title='bbox 2020 639 2138 714; x_wconf 82' lang='lat' dir='ltr'><strong>Ego</strong></span> <span class='ocrx_word' id='word_1_41' title='bbox 2161 658 2258 704; x_wconf 40' lang='lat' dir='ltr'><strong>au..-</strong></span> 
     </span>
    </p>
   </div>
   <div class='ocr_carea' id='block_1_7' title="bbox 660 730 2263 801">
    <p class='ocr_par' dir='ltr' id='par_1_7' title="bbox 660 730 2263 801">
     <span class='ocr_line' id='line_1_7' title="bbox 660 730 2263 801; baseline 0.002 -15"><span class='ocrx_word' id='word_1_42' title='bbox 660 741 762 786; x_wconf 88' lang='lat' dir='ltr'><strong>tem</strong></span> <span class='ocrx_word' id='word_1_43' title='bbox 786 747 902 785; x_wconf 86' lang='lat' dir='ltr'><strong>cum</strong></span> <span class='ocrx_word' id='word_1_44' title='bbox 923 730 978 784; x_wconf 91' lang='lat' dir='ltr'><strong>in</strong></span> <span class='ocrx_word' id='word_1_45' title='bbox 1003 731 1178 801; x_wconf 86' lang='lat' dir='ltr'><strong>aliqua</strong></span> <span class='ocrx_word' id='word_1_46' title='bbox 1202 730 1329 785; x_wconf 86' lang='lat' dir='ltr'><strong>mihi</strong></span> <span class='ocrx_word' id='word_1_47' title='bbox 1352 731 1553 788; x_wconf 82' lang='lat' dir='ltr'><strong>molesti</strong></span> <span class='ocrx_word' id='word_1_48' title='bbox 1583 741 1768 799; x_wconf 81' lang='lat' dir='ltr'><strong>essent,</strong></span> <span class='ocrx_word' id='word_1_49' title='bbox 1786 732 2059 788; x_wconf 78' lang='lat' dir='ltr'><strong>induebant</strong></span> <span class='ocrx_word' id='word_1_50' title='bbox 2081 751 2164 790; x_wconf 82' lang='lat' dir='ltr'><strong>me</strong></span> <span class='ocrx_word' id='word_1_51' title='bbox 2189 735 2263 789; x_wconf 83' lang='lat' dir='ltr'><strong>ci-</strong></span> 
     </span>
    </p>
   </div>
   <div class='ocr_carea' id='block_1_8' title="bbox 661 811 2261 902">
    <p class='ocr_par' dir='ltr' id='par_1_8' title="bbox 661 811 2261 902">
     <span class='ocr_line' id='line_1_8' title="bbox 661 811 2261 902; baseline 0.003 -24"><span class='ocrx_word' id='word_1_52' title='bbox 661 823 816 888; x_wconf 85' lang='lat' dir='ltr'><strong>licio;</strong></span> <span class='ocrx_word' id='word_1_53' title='bbox 835 833 891 902; x_wconf 80' lang='lat' dir='ltr'><strong>et</strong></span> <span class='ocrx_word' id='word_1_54' title='bbox 917 821 1255 878; x_wconf 82' lang='lat' dir='ltr'><strong>humiliabam</strong></span> <span class='ocrx_word' id='word_1_55' title='bbox 1280 825 1333 878; x_wconf 86' lang='lat' dir='ltr'><strong>in</strong></span> <span class='ocrx_word' id='word_1_56' title='bbox 1346 811 1558 900; x_wconf 71' lang='lat' dir='ltr'><strong>jejunio</strong></span> <span class='ocrx_word' id='word_1_57' title='bbox 1579 826 1807 879; x_wconf 81' lang='lat' dir='ltr'><strong>animam</strong></span> <span class='ocrx_word' id='word_1_58' title='bbox 1827 842 2014 890; x_wconf 87' lang='lat' dir='ltr'><strong>meam,</strong></span> <span class='ocrx_word' id='word_1_59' title='bbox 2027 835 2076 882; x_wconf 82' lang='lat' dir='ltr'><strong>et</strong></span> <span class='ocrx_word' id='word_1_60' title='bbox 2097 828 2261 883; x_wconf 87' lang='lat' dir='ltr'><strong>oratio</strong></span> 
     </span>
    </p>
   </div>
   <div class='ocr_carea' id='block_1_9' title="bbox 663 916 2258 992">
    <p class='ocr_par' dir='ltr' id='par_1_9' title="bbox 663 916 2258 992">
     <span class='ocr_line' id='line_1_9' title="bbox 663 916 2258 992; baseline 0.003 -19"><span class='ocrx_word' id='word_1_61' title='bbox 663 934 798 992; x_wconf 78' lang='lat' dir='ltr'><strong>mea</strong></span> <span class='ocrx_word' id='word_1_62' title='bbox 827 917 884 973; x_wconf 82' lang='lat' dir='ltr'><strong>in</strong></span> <span class='ocrx_word' id='word_1_63' title='bbox 935 918 1054 972; x_wconf 88' lang='lat' dir='ltr'><strong>sinu</strong></span> <span class='ocrx_word' id='word_1_64' title='bbox 1081 934 1189 972; x_wconf 85' lang='lat' dir='ltr'><strong>meo</strong></span> <span class='ocrx_word' id='word_1_65' title='bbox 1216 927 1532 973; x_wconf 73' lang='lat' dir='ltr'><strong>convertatur</strong></span> <span class='ocrx_word' id='word_1_66' title='bbox 1557 916 1733 989; x_wconf 87' lang='lat' dir='ltr'><strong>(Psal.</strong></span> <span class='ocrx_word' id='word_1_67' title='bbox 1762 934 1947 986; x_wconf 78' lang='lat' dir='ltr'><strong>xxxiv,</strong></span> <span class='ocrx_word' id='word_1_68' title='bbox 1980 920 2089 990; x_wconf 77' lang='lat' dir='ltr'><strong>i3).</strong></span> <span class='ocrx_word' id='word_1_69' title='bbox 2117 919 2258 988; x_wconf 84' lang='lat' dir='ltr'><strong>Quid</strong></span> 
     </span>
    </p>
   </div>
   <div class='ocr_carea' id='block_1_10' title="bbox 655 1009 2262 1084">
    <p class='ocr_par' dir='ltr' id='par_1_10' title="bbox 655 1009 2262 1084">
     <span class='ocr_line' id='line_1_10' title="bbox 655 1009 2262 1084; baseline 0.002 -18"><span class='ocrx_word' id='word_1_70' title='bbox 655 1017 762 1076; x_wconf 87' lang='lat' dir='ltr'><strong>est,</strong></span> <span class='ocrx_word' id='word_1_71' title='bbox 789 1010 844 1064; x_wconf 86' lang='lat' dir='ltr'><strong>iu</strong></span> <span class='ocrx_word' id='word_1_72' title='bbox 869 1009 1083 1080; x_wconf 79' lang='lat' dir='ltr'><strong>aliqua?</strong></span> <span class='ocrx_word' id='word_1_73' title='bbox 1103 1010 1238 1078; x_wconf 84' lang='lat' dir='ltr'><strong>Quia</strong></span> <span class='ocrx_word' id='word_1_74' title='bbox 1284 1018 1414 1066; x_wconf 89' lang='lat' dir='ltr'><strong>tunc</strong></span> <span class='ocrx_word' id='word_1_75' title='bbox 1445 1011 1678 1066; x_wconf 83' lang='lat' dir='ltr'><strong>maxime</strong></span> <span class='ocrx_word' id='word_1_76' title='bbox 1712 1021 1804 1068; x_wconf 90' lang='lat' dir='ltr'><strong>aut</strong></span> <span class='ocrx_word' id='word_1_77' title='bbox 1824 1027 2006 1068; x_wconf 85' lang='lat' dir='ltr'><strong>sermo</strong></span> <span class='ocrx_word' id='word_1_78' title='bbox 2029 1027 2136 1069; x_wconf 89' lang='lat' dir='ltr'><strong>non</strong></span> <span class='ocrx_word' id='word_1_79' title='bbox 2161 1029 2262 1084; x_wconf 91' lang='lat' dir='ltr'><strong>op-</strong></span> 
     </span>
    </p>
   </div>
   <div class='ocr_carea' id='block_1_11' title="bbox 660 1103 2264 1176">
    <p class='ocr_par' dir='ltr' id='par_1_11' title="bbox 660 1103 2264 1176">
     <span class='ocr_line' id='line_1_11' title="bbox 660 1103 2264 1176; baseline 0.002 -17"><span class='ocrx_word' id='word_1_80' title='bbox 660 1112 925 1175; x_wconf 89' lang='lat' dir='ltr'><strong>portunus</strong></span> <span class='ocrx_word' id='word_1_81' title='bbox 946 1103 1202 1170; x_wconf 72' lang='lat' dir='ltr'><strong>elabitur,</strong></span> <span class='ocrx_word' id='word_1_82' title='bbox 1229 1112 1324 1158; x_wconf 86' lang='lat' dir='ltr'><strong>aut</strong></span> <span class='ocrx_word' id='word_1_83' title='bbox 1357 1103 1583 1160; x_wconf 82' lang='lat' dir='ltr'><strong>aﬂ&#39;ectns</strong></span> <span class='ocrx_word' id='word_1_84' title='bbox 1612 1114 1889 1172; x_wconf 90' lang='lat' dir='ltr'><strong>movetur;</strong></span> <span class='ocrx_word' id='word_1_85' title='bbox 1917 1107 2135 1176; x_wconf 83' lang='lat' dir='ltr'><strong>quando</strong></span> <span class='ocrx_word' id='word_1_86' title='bbox 2177 1106 2264 1164; x_wconf 85' lang='lat' dir='ltr'><strong>vel</strong></span> 
     </span>
    </p>
   </div>
   <div class='ocr_carea' id='block_1_12' title="bbox 654 1195 2264 1268">
    <p class='ocr_par' dir='ltr' id='par_1_12' title="bbox 654 1195 2264 1268">
     <span class='ocr_line' id='line_1_12' title="bbox 654 1195 2264 1268; baseline 0.002 -17"><span class='ocrx_word' id='word_1_87' title='bbox 654 1198 712 1251; x_wconf 91' lang='lat' dir='ltr'><strong>in</strong></span> <span class='ocrx_word' id='word_1_88' title='bbox 741 1195 934 1252; x_wconf 87' lang='lat' dir='ltr'><strong>dolore</strong></span> <span class='ocrx_word' id='word_1_89' title='bbox 959 1196 1140 1266; x_wconf 88' lang='lat' dir='ltr'><strong>aliquo</strong></span> <span class='ocrx_word' id='word_1_90' title='bbox 1180 1204 1236 1251; x_wconf 90' lang='lat' dir='ltr'><strong>et</strong></span> <span class='ocrx_word' id='word_1_91' title='bbox 1273 1196 1491 1251; x_wconf 88' lang='lat' dir='ltr'><strong>tristitia</strong></span> <span class='ocrx_word' id='word_1_92' title='bbox 1518 1210 1728 1262; x_wconf 88' lang='lat' dir='ltr'><strong>sumus,</strong></span> <span class='ocrx_word' id='word_1_93' title='bbox 1770 1196 1855 1252; x_wconf 89' lang='lat' dir='ltr'><strong>vel</strong></span> <span class='ocrx_word' id='word_1_94' title='bbox 1894 1196 2264 1268; x_wconf 77' lang='lat' dir='ltr'><strong>indignatione</strong></span> 
     </span>
    </p>
   </div>
   <div class='ocr_carea' id='block_1_13' title="bbox 651 1286 2264 1361">
    <p class='ocr_par' dir='ltr' id='par_1_13' title="bbox 651 1286 2264 1361">
     <span class='ocr_line' id='line_1_13' title="bbox 651 1286 2264 1361; baseline 0.004 -19"><span class='ocrx_word' id='word_1_95' title='bbox 651 1288 866 1343; x_wconf 89' lang='lat' dir='ltr'><strong>animus</strong></span> <span class='ocrx_word' id='word_1_96' title='bbox 896 1289 1167 1359; x_wconf 78' lang='lat' dir='ltr'><strong>aegrescit,</strong></span> <span class='ocrx_word' id='word_1_97' title='bbox 1201 1287 1286 1344; x_wconf 86' lang='lat' dir='ltr'><strong>vel</strong></span> <span class='ocrx_word' id='word_1_98' title='bbox 1315 1286 1586 1359; x_wconf 86' lang='lat' dir='ltr'><strong>aliquibus</strong></span> <span class='ocrx_word' id='word_1_99' title='bbox 1613 1288 2066 1345; x_wconf 79' lang='lat' dir='ltr'><strong>sollicitudinibus</strong></span> <span class='ocrx_word' id='word_1_100' title='bbox 2095 1290 2264 1361; x_wconf 87' lang='lat' dir='ltr'><strong>impe-</strong></span> 
     </span>
    </p>
   </div>
   <div class='ocr_carea' id='block_1_14' title="bbox 653 1380 2264 1455">
    <p class='ocr_par' dir='ltr' id='par_1_14' title="bbox 653 1380 2264 1455">
     <span class='ocr_line' id='line_1_14' title="bbox 653 1380 2264 1455; baseline 0.001 -17"><span class='ocrx_word' id='word_1_101' title='bbox 653 1382 822 1450; x_wconf 83' lang='lat' dir='ltr'><strong>ditur,</strong></span> <span class='ocrx_word' id='word_1_102' title='bbox 858 1391 950 1437; x_wconf 75' lang='lat' dir='ltr'><strong>aut</strong></span> <span class='ocrx_word' id='word_1_103' title='bbox 976 1380 1464 1454; x_wconf 81' lang='lat' dir='ltr'><strong>disceptationibus</strong></span> <span class='ocrx_word' id='word_1_104' title='bbox 1489 1391 1805 1451; x_wconf 83' lang='lat' dir='ltr'><strong>occupatur.</strong></span> <span class='ocrx_word' id='word_1_105' title='bbox 1831 1382 1931 1452; x_wconf 85' lang='lat' dir='ltr'><strong>Qui</strong></span> <span class='ocrx_word' id='word_1_106' title='bbox 1961 1383 2123 1455; x_wconf 77' lang='lat' dir='ltr'><strong>igitur</strong></span> <span class='ocrx_word' id='word_1_107' title='bbox 2143 1398 2264 1440; x_wconf 88' lang='lat' dir='ltr'><strong>mo-</strong></span> 
     </span>
    </p>
   </div>
   <div class='ocr_carea' id='block_1_15' title="bbox 653 1474 2266 1548">
    <p class='ocr_par' dir='ltr' id='par_1_15' title="bbox 653 1474 2266 1548">
     <span class='ocr_line' id='line_1_15' title="bbox 653 1474 2266 1548; baseline 0.004 -20"><span class='ocrx_word' id='word_1_108' title='bbox 653 1474 824 1532; x_wconf 86' lang='lat' dir='ltr'><strong>lesti?</strong></span> <span class='ocrx_word' id='word_1_109' title='bbox 857 1477 1099 1532; x_wconf 85' lang='lat' dir='ltr'><strong>Primum</strong></span> <span class='ocrx_word' id='word_1_110' title='bbox 1131 1476 1200 1531; x_wconf 89' lang='lat' dir='ltr'><strong>de</strong></span> <span class='ocrx_word' id='word_1_111' title='bbox 1232 1477 1350 1546; x_wconf 90' lang='lat' dir='ltr'><strong>ipso</strong></span> <span class='ocrx_word' id='word_1_112' title='bbox 1371 1482 1590 1532; x_wconf 89' lang='lat' dir='ltr'><strong>auctore</strong></span> <span class='ocrx_word' id='word_1_113' title='bbox 1614 1476 1816 1546; x_wconf 86' lang='lat' dir='ltr'><strong>peccati</strong></span> <span class='ocrx_word' id='word_1_114' title='bbox 1837 1485 1892 1531; x_wconf 90' lang='lat' dir='ltr'><strong>et</strong></span> <span class='ocrx_word' id='word_1_115' title='bbox 1918 1478 2124 1548; x_wconf 79' lang='lat' dir='ltr'><strong>angelis</strong></span> <span class='ocrx_word' id='word_1_116' title='bbox 2152 1478 2266 1534; x_wconf 87' lang='lat' dir='ltr'><strong>suis</strong></span> 
     </span>
    </p>
   </div>
   <div class='ocr_carea' id='block_1_16' title="bbox 653 1570 2267 1644">
    <p class='ocr_par' dir='ltr' id='par_1_16' title="bbox 653 1570 2267 1644">
     <span class='ocr_line' id='line_1_16' title="bbox 653 1570 2267 1644; baseline 0 -16"><span class='ocrx_word' id='word_1_117' title='bbox 653 1571 897 1642; x_wconf 88' lang='lat' dir='ltr'><strong>intellige</strong></span> <span class='ocrx_word' id='word_1_118' title='bbox 922 1589 936 1638; x_wconf 88' lang='lat'><strong>;</strong></span> <span class='ocrx_word' id='word_1_119' title='bbox 963 1571 1163 1630; x_wconf 90' lang='lat' dir='ltr'><strong>deinde</strong></span> <span class='ocrx_word' id='word_1_120' title='bbox 1205 1570 1276 1626; x_wconf 88' lang='lat' dir='ltr'><strong>de</strong></span> <span class='ocrx_word' id='word_1_121' title='bbox 1304 1571 1372 1627; x_wconf 91' lang='lat' dir='ltr'><strong>iis</strong></span> <span class='ocrx_word' id='word_1_122' title='bbox 1399 1581 1425 1608; x_wconf 65' lang='grc' dir='ltr'>τι</span> <span class='ocrx_word' id='word_1_123' title='bbox 1453 1571 1545 1644; x_wconf 92' lang='lat' dir='ltr'><strong>qui</strong></span> <span class='ocrx_word' id='word_1_124' title='bbox 1598 1570 1808 1626; x_wconf 90' lang='lat' dir='ltr'><strong>malunt</strong></span> <span class='ocrx_word' id='word_1_125' title='bbox 1850 1585 2112 1642; x_wconf 85' lang='lat' dir='ltr'><strong>sequaces</strong></span> <span class='ocrx_word' id='word_1_126' title='bbox 2145 1571 2267 1640; x_wconf 87' lang='lat' dir='ltr'><strong>ejus</strong></span> 
     </span>
    </p>
   </div>
   <div class='ocr_carea' id='block_1_17' title="bbox 658 1662 2268 1736">
    <p class='ocr_par' dir='ltr' id='par_1_17' title="bbox 658 1662 2268 1736">
     <span class='ocr_line' id='line_1_17' title="bbox 658 1662 2268 1736; baseline 0 -15"><span class='ocrx_word' id='word_1_127' title='bbox 658 1681 805 1731; x_wconf 90' lang='lat' dir='ltr'><strong>esse,</strong></span> <span class='ocrx_word' id='word_1_128' title='bbox 856 1680 1021 1736; x_wconf 84' lang='lat' dir='ltr'><strong>quam</strong></span> <span class='ocrx_word' id='word_1_129' title='bbox 1068 1662 1294 1720; x_wconf 85' lang='lat' dir='ltr'><strong>Christi.</strong></span> <span class='ocrx_word' id='word_1_130' title='bbox 1353 1663 1656 1735; x_wconf 86' lang='lat' dir='ltr'><strong>impellitur</strong></span> <span class='ocrx_word' id='word_1_131' title='bbox 1682 1678 1841 1728; x_wconf 83' lang='lat' dir='ltr'><strong>uxor,</strong></span> <span class='ocrx_word' id='word_1_132' title='bbox 1877 1673 1933 1719; x_wconf 91' lang='lat' dir='ltr'><strong>ut</strong></span> <span class='ocrx_word' id='word_1_133' title='bbox 1963 1664 2138 1720; x_wconf 88' lang='lat' dir='ltr'><strong>sancti</strong></span> <span class='ocrx_word' id='word_1_134' title='bbox 2163 1663 2268 1721; x_wconf 87' lang='lat' dir='ltr'><strong>Job</strong></span> 
     </span>
    </p>
   </div>
   <div class='ocr_carea' id='block_1_18' title="bbox 653 1756 2266 1830">
    <p class='ocr_par' dir='ltr' id='par_1_18' title="bbox 653 1756 2266 1830">
     <span class='ocr_line' id='line_1_18' title="bbox 653 1756 2266 1830; baseline 0.001 -17"><span class='ocrx_word' id='word_1_135' title='bbox 653 1757 782 1830; x_wconf 79' lang='lat' dir='ltr'><strong>(Job</strong></span> <span class='ocrx_word' id='word_1_136' title='bbox 815 1773 876 1826; x_wconf 87' lang='lat' dir='ltr'><strong>tt,</strong></span> <span class='ocrx_word' id='word_1_137' title='bbox 907 1756 974 1813; x_wconf 82' lang='lat' dir='ltr'><strong>t0</strong></span> <span class='ocrx_word' id='word_1_138' title='bbox 1003 1766 1050 1812; x_wconf 80' lang='lat' dir='ltr'><strong>et</strong></span> <span class='ocrx_word' id='word_1_139' title='bbox 1088 1756 1281 1828; x_wconf 82' lang='lat' dir='ltr'><strong>alibi):</strong></span> <span class='ocrx_word' id='word_1_140' title='bbox 1323 1757 1551 1822; x_wconf 90' lang='lat' dir='ltr'><strong>amicus,</strong></span> <span class='ocrx_word' id='word_1_141' title='bbox 1579 1756 1724 1828; x_wconf 89' lang='lat' dir='ltr'><strong>quod</strong></span> <span class='ocrx_word' id='word_1_142' title='bbox 1758 1758 1812 1812; x_wconf 89' lang='lat' dir='ltr'><strong>in</strong></span> <span class='ocrx_word' id='word_1_143' title='bbox 1855 1757 1949 1812; x_wconf 91' lang='lat' dir='ltr'><strong>illo</strong></span> <span class='ocrx_word' id='word_1_144' title='bbox 1976 1757 2095 1828; x_wconf 88' lang='lat' dir='ltr'><strong>ipso</strong></span> <span class='ocrx_word' id='word_1_145' title='bbox 2121 1758 2266 1814; x_wconf 80' lang='lat' dir='ltr'><strong>libro</strong></span> 
     </span>
    </p>
   </div>
   <div class='ocr_carea' id='block_1_19' title="bbox 641 1849 2260 1920">
    <p class='ocr_par' dir='ltr' id='par_1_19' title="bbox 641 1849 2260 1920">
     <span class='ocr_line' id='line_1_19' title="bbox 641 1849 2260 1920; baseline 0 -14"><span class='ocrx_word' id='word_1_146' title='bbox 641 1850 1070 1917; x_wconf 47' lang='lat' dir='ltr'><strong>,manikstatur;</strong></span> <span class='ocrx_word' id='word_1_147' title='bbox 1102 1851 1265 1918; x_wconf 87' lang='lat' dir='ltr'><strong>tilius,</strong></span> <span class='ocrx_word' id='word_1_148' title='bbox 1314 1861 1371 1906; x_wconf 91' lang='lat' dir='ltr'><strong>ut</strong></span> <span class='ocrx_word' id='word_1_149' title='bbox 1399 1849 1702 1906; x_wconf 80' lang='lat' dir='ltr'><strong>Abessalon</strong></span> <span class='ocrx_word' id='word_1_150' title='bbox 1726 1868 1740 1917; x_wconf 90' lang='lat'><strong>;</strong></span> <span class='ocrx_word' id='word_1_151' title='bbox 1767 1866 1984 1917; x_wconf 88' lang='lat' dir='ltr'><strong>servus,</strong></span> <span class='ocrx_word' id='word_1_152' title='bbox 2008 1851 2260 1920; x_wconf 87' lang='lat' dir='ltr'><strong>libertus,</strong></span> 
     </span>
    </p>
   </div>
   <div class='ocr_carea' id='block_1_20' title="bbox 653 1943 2258 2016">
    <p class='ocr_par' dir='ltr' id='par_1_20' title="bbox 653 1943 2258 2016">
     <span class='ocr_line' id='line_1_20' title="bbox 653 1943 2258 2016; baseline 0 -15"><span class='ocrx_word' id='word_1_153' title='bbox 653 1944 1020 2011; x_wconf 85' lang='lat' dir='ltr'><strong>domesticus;</strong></span> <span class='ocrx_word' id='word_1_154' title='bbox 1075 1945 1199 2016; x_wconf 86' lang='lat' dir='ltr'><strong>quia</strong></span> <span class='ocrx_word' id='word_1_155' title='bbox 1250 1944 1454 2000; x_wconf 89' lang='lat' dir='ltr'><strong>inimici</strong></span> <span class='ocrx_word' id='word_1_156' title='bbox 1493 1943 1730 1999; x_wconf 85' lang='lat' dir='ltr'><strong>hominis</strong></span> <span class='ocrx_word' id='word_1_157' title='bbox 1768 1944 1931 2000; x_wconf 90' lang='lat' dir='ltr'><strong>etiam</strong></span> <span class='ocrx_word' id='word_1_158' title='bbox 1973 1943 2258 2001; x_wconf 88' lang='lat' dir='ltr'><strong>domestici</strong></span> 
     </span>
    </p>
   </div>
   <div class='ocr_carea' id='block_1_21' title="bbox 651 2036 2255 2108">
    <p class='ocr_par' dir='ltr' id='par_1_21' title="bbox 651 2036 2255 2108">
     <span class='ocr_line' id='line_1_21' title="bbox 651 2036 2255 2108; baseline 0 -15"><span class='ocrx_word' id='word_1_159' title='bbox 651 2037 795 2107; x_wconf 89' lang='lat' dir='ltr'><strong>ejus,</strong></span> <span class='ocrx_word' id='word_1_160' title='bbox 814 2047 872 2091; x_wconf 88' lang='lat' dir='ltr'><strong>ut</strong></span> <span class='ocrx_word' id='word_1_161' title='bbox 899 2036 1174 2107; x_wconf 80' lang='lat' dir='ltr'><strong>exagitent</strong></span> <span class='ocrx_word' id='word_1_162' title='bbox 1201 2051 1324 2092; x_wconf 92' lang='lat' dir='ltr'><strong>eum</strong></span> <span class='ocrx_word' id='word_1_163' title='bbox 1350 2037 1566 2107; x_wconf 85' lang='lat' dir='ltr'><strong>singuli.</strong></span> <span class='ocrx_word' id='word_1_164' title='bbox 1593 2036 1748 2104; x_wconf 86' lang='lat' dir='ltr'><strong>Quod</strong></span> <span class='ocrx_word' id='word_1_165' title='bbox 1775 2038 1936 2108; x_wconf 80' lang='lat' dir='ltr'><strong>igitur</strong></span> <span class='ocrx_word' id='word_1_166' title='bbox 1956 2038 2255 2094; x_wconf 86' lang='lat' dir='ltr'><strong>remedium</strong></span> 
     </span>
    </p>
   </div>
   <div class='ocr_carea' id='block_1_22' title="bbox 652 2127 2256 2201">
    <p class='ocr_par' dir='ltr' id='par_1_22' title="bbox 652 2127 2256 2201">
     <span class='ocr_line' id='line_1_22' title="bbox 652 2127 2256 2201; baseline 0.001 -17"><span class='ocrx_word' id='word_1_167' title='bbox 652 2128 920 2185; x_wconf 83' lang='lat' dir='ltr'><strong>adversus</strong></span> <span class='ocrx_word' id='word_1_168' title='bbox 945 2127 1254 2198; x_wconf 74' lang='lat' dir='ltr'><strong>huiusmodi</strong></span> <span class='ocrx_word' id='word_1_169' title='bbox 1283 2130 1586 2185; x_wconf 85' lang='lat' dir='ltr'><strong>animorum</strong></span> <span class='ocrx_word' id='word_1_170' title='bbox 1616 2131 1967 2201; x_wconf 67' lang='lat' dir='ltr'><strong>aegritudines</strong></span> <span class='ocrx_word' id='word_1_171' title='bbox 1989 2171 2005 2196; x_wconf 92' lang='lat'><strong>,</strong></span> <span class='ocrx_word' id='word_1_172' title='bbox 2035 2131 2138 2186; x_wconf 91' lang='lat' dir='ltr'><strong>nisi</strong></span> <span class='ocrx_word' id='word_1_173' title='bbox 2159 2145 2256 2201; x_wconf 87' lang='lat' dir='ltr'><strong>pa-</strong></span> 
     </span>
    </p>
   </div>
   <div class='ocr_carea' id='block_1_23' title="bbox 652 2222 2255 2293">
    <p class='ocr_par' dir='ltr' id='par_1_23' title="bbox 652 2222 2255 2293">
     <span class='ocr_line' id='line_1_23' title="bbox 652 2222 2255 2293; baseline -0.001 -13"><span class='ocrx_word' id='word_1_174' title='bbox 652 2223 860 2288; x_wconf 76' lang='lat' dir='ltr'><strong>tientia,</strong></span> <span class='ocrx_word' id='word_1_175' title='bbox 909 2223 1013 2278; x_wconf 87' lang='lat' dir='ltr'><strong>nisi</strong></span> <span class='ocrx_word' id='word_1_176' title='bbox 1054 2222 1368 2280; x_wconf 83' lang='lat' dir='ltr'><strong>silentium?</strong></span> <span class='ocrx_word' id='word_1_177' title='bbox 1399 2223 1486 2289; x_wconf 83' lang='lat' dir='ltr'><strong>Et,</strong></span> <span class='ocrx_word' id='word_1_178' title='bbox 1519 2224 1663 2293; x_wconf 90' lang='lat' dir='ltr'><strong>quod</strong></span> <span class='ocrx_word' id='word_1_179' title='bbox 1701 2232 1786 2278; x_wconf 91' lang='lat' dir='ltr'><strong>est</strong></span> <span class='ocrx_word' id='word_1_180' title='bbox 1809 2223 2046 2292; x_wconf 82' lang='lat' dir='ltr'><strong>gravius,</strong></span> <span class='ocrx_word' id='word_1_181' title='bbox 2079 2224 2174 2278; x_wconf 91' lang='lat' dir='ltr'><strong>ille</strong></span> <span class='ocrx_word' id='word_1_182' title='bbox 2201 2233 2255 2286; x_wconf 85' lang='lat' dir='ltr'><strong>te</strong></span> 
     </span>
    </p>
   </div>
   <div class='ocr_carea' id='block_1_24' title="bbox 640 2317 2256 2389">
    <p class='ocr_par' dir='ltr' id='par_1_24' title="bbox 640 2317 2256 2389">
     <span class='ocr_line' id='line_1_24' title="bbox 640 2317 2256 2389; baseline 0 -15"><span class='ocrx_word' id='word_1_183' title='bbox 640 2318 821 2389; x_wconf 85' lang='lat' dir='ltr'><strong>magis</strong></span> <span class='ocrx_word' id='word_1_184' title='bbox 861 2318 1098 2383; x_wconf 86' lang='lat' dir='ltr'><strong>lacessit,</strong></span> <span class='ocrx_word' id='word_1_185' title='bbox 1144 2318 1236 2388; x_wconf 83' lang='lat' dir='ltr'><strong>qui</strong></span> <span class='ocrx_word' id='word_1_186' title='bbox 1261 2317 1541 2376; x_wconf 78' lang='lat' dir='ltr'><strong>beneficiis</strong></span> <span class='ocrx_word' id='word_1_187' title='bbox 1569 2319 1676 2374; x_wconf 89' lang='lat' dir='ltr'><strong>tuis</strong></span> <span class='ocrx_word' id='word_1_188' title='bbox 1704 2333 1838 2374; x_wconf 87' lang='lat' dir='ltr'><strong>usus</strong></span> <span class='ocrx_word' id='word_1_189' title='bbox 1864 2319 1936 2374; x_wconf 85' lang='lat' dir='ltr'><strong>sit</strong></span> <span class='ocrx_word' id='word_1_190' title='bbox 1974 2335 1988 2372; x_wconf 88' lang='lat'><strong>:</strong></span> <span class='ocrx_word' id='word_1_191' title='bbox 2020 2326 2075 2374; x_wconf 91' lang='lat' dir='ltr'><strong>et</strong></span> <span class='ocrx_word' id='word_1_192' title='bbox 2114 2318 2256 2375; x_wconf 90' lang='lat' dir='ltr'><strong>inter</strong></span> 
     </span>
    </p>
   </div>
   <div class='ocr_carea' id='block_1_25' title="bbox 647 2409 2250 2482">
    <p class='ocr_par' dir='ltr' id='par_1_25' title="bbox 647 2409 2250 2482">
     <span class='ocr_line' id='line_1_25' title="bbox 647 2409 2250 2482; baseline -0.002 -14"><span class='ocrx_word' id='word_1_193' title='bbox 647 2412 800 2482; x_wconf 85' lang='lat' dir='ltr'><strong>ipsos</strong></span> <span class='ocrx_word' id='word_1_194' title='bbox 838 2411 1072 2481; x_wconf 88' lang='lat' dir='ltr'><strong>amplius</strong></span> <span class='ocrx_word' id='word_1_195' title='bbox 1116 2409 1211 2466; x_wconf 90' lang='lat' dir='ltr'><strong>ille</strong></span> <span class='ocrx_word' id='word_1_196' title='bbox 1256 2421 1564 2480; x_wconf 79' lang='lat' dir='ltr'><strong>exasperat,</strong></span> <span class='ocrx_word' id='word_1_197' title='bbox 1605 2411 1699 2480; x_wconf 87' lang='lat' dir='ltr'><strong>qui</strong></span> <span class='ocrx_word' id='word_1_198' title='bbox 1724 2410 1846 2480; x_wconf 83' lang='lat' dir='ltr'><strong>plus</strong></span> <span class='ocrx_word' id='word_1_199' title='bbox 1896 2409 1993 2464; x_wconf 89' lang='lat' dir='ltr'><strong>tibi</strong></span> <span class='ocrx_word' id='word_1_200' title='bbox 2021 2409 2250 2477; x_wconf 86' lang='lat' dir='ltr'><strong>debeat;</strong></span> 
     </span>
    </p>
   </div>
   <div class='ocr_carea' id='block_1_26' title="bbox 645 2501 2254 2574">
    <p class='ocr_par' dir='ltr' id='par_1_26' title="bbox 645 2501 2254 2574">
     <span class='ocr_line' id='line_1_26' title="bbox 645 2501 2254 2574; baseline 0.002 -16"><span class='ocrx_word' id='word_1_201' title='bbox 645 2517 754 2572; x_wconf 89' lang='lat' dir='ltr'><strong>quo</strong></span> <span class='ocrx_word' id='word_1_202' title='bbox 781 2502 954 2574; x_wconf 86' lang='lat' dir='ltr'><strong>magis</strong></span> <span class='ocrx_word' id='word_1_203' title='bbox 984 2503 1183 2573; x_wconf 83' lang='lat' dir='ltr'><strong>ingrati</strong></span> <span class='ocrx_word' id='word_1_204' title='bbox 1207 2501 1446 2560; x_wconf 85' lang='lat' dir='ltr'><strong>hominis</strong></span> <span class='ocrx_word' id='word_1_205' title='bbox 1469 2501 1788 2569; x_wconf 86' lang='lat' dir='ltr'><strong>acerbitate,</strong></span> <span class='ocrx_word' id='word_1_206' title='bbox 1819 2511 1914 2558; x_wconf 88' lang='lat' dir='ltr'><strong>aut</strong></span> <span class='ocrx_word' id='word_1_207' title='bbox 1936 2503 2058 2559; x_wconf 92' lang='lat' dir='ltr'><strong>vilis</strong></span> <span class='ocrx_word' id='word_1_208' title='bbox 2087 2503 2254 2561; x_wconf 88' lang='lat' dir='ltr'><strong>alicu-</strong></span> 
     </span>
    </p>
   </div>
   <div class='ocr_carea' id='block_1_27' title="bbox 642 2593 1675 2666">
    <p class='ocr_par' dir='ltr' id='par_1_27' title="bbox 642 2593 1675 2666">
     <span class='ocr_line' id='line_1_27' title="bbox 642 2593 1675 2666; baseline -0.003 -16"><span class='ocrx_word' id='word_1_209' title='bbox 642 2594 736 2666; x_wconf 80' lang='lat' dir='ltr'><strong>jus</strong></span> <span class='ocrx_word' id='word_1_210' title='bbox 766 2608 1016 2663; x_wconf 64' lang='lat' dir='ltr'><strong>personae</strong></span> <span class='ocrx_word' id='word_1_211' title='bbox 1045 2593 1363 2664; x_wconf 87' lang='lat' dir='ltr'><strong>indignitate</strong></span> <span class='ocrx_word' id='word_1_212' title='bbox 1384 2595 1675 2650; x_wconf 87' lang='lat' dir='ltr'><strong>movearis.</strong></span> 
     </span>
    </p>
   </div>
   <div class='ocr_carea' id='block_1_28' title="bbox 720 2687 2253 2758">
    <p class='ocr_par' dir='ltr' id='par_1_28' title="bbox 720 2687 2253 2758">
     <span class='ocr_line' id='line_1_28' title="bbox 720 2687 2253 2758; baseline 0.003 -14"><span class='ocrx_word' id='word_1_213' title='bbox 720 2687 776 2744; x_wconf 88' lang='lat'><strong>9.</strong></span> <span class='ocrx_word' id='word_1_214' title='bbox 819 2687 962 2758; x_wconf 85' lang='lat' dir='ltr'><strong>Ergo</strong></span> <span class='ocrx_word' id='word_1_215' title='bbox 988 2687 1190 2758; x_wconf 91' lang='lat' dir='ltr'><strong>justus,</strong></span> <span class='ocrx_word' id='word_1_216' title='bbox 1216 2690 1320 2744; x_wconf 85' lang='lat' dir='ltr'><strong>etsi</strong></span> <span class='ocrx_word' id='word_1_217' title='bbox 1374 2689 1582 2746; x_wconf 87' lang='lat' dir='ltr'><strong>amicus</strong></span> <span class='ocrx_word' id='word_1_218' title='bbox 1611 2689 1661 2744; x_wconf 90' lang='lat' dir='ltr'><strong>ei</strong></span> <span class='ocrx_word' id='word_1_219' title='bbox 1683 2697 1768 2746; x_wconf 89' lang='lat' dir='ltr'><strong>est</strong></span> <span class='ocrx_word' id='word_1_220' title='bbox 1794 2687 2062 2758; x_wconf 90' lang='lat' dir='ltr'><strong>insolens,</strong></span> <span class='ocrx_word' id='word_1_221' title='bbox 2104 2689 2253 2749; x_wconf 88' lang='lat' dir='ltr'><strong>dolet</strong></span> 
     </span>
    </p>
   </div>
   <div class='ocr_carea' id='block_1_29' title="bbox 650 2779 2250 2856">
    <p class='ocr_par' dir='ltr' id='par_1_29' title="bbox 650 2779 2250 2856">
     <span class='ocr_line' id='line_1_29' title="bbox 650 2779 2250 2856; baseline 0.004 -21"><span class='ocrx_word' id='word_1_222' title='bbox 650 2795 748 2849; x_wconf 88' lang='lat' dir='ltr'><strong>pro</strong></span> <span class='ocrx_word' id='word_1_223' title='bbox 779 2779 985 2846; x_wconf 88' lang='lat' dir='ltr'><strong>amico;</strong></span> <span class='ocrx_word' id='word_1_224' title='bbox 1019 2780 1138 2849; x_wconf 84' lang='lat' dir='ltr'><strong>quia</strong></span> <span class='ocrx_word' id='word_1_225' title='bbox 1172 2781 1374 2836; x_wconf 89' lang='lat' dir='ltr'><strong>idcirco</strong></span> <span class='ocrx_word' id='word_1_226' title='bbox 1429 2781 1637 2838; x_wconf 90' lang='lat' dir='ltr'><strong>amicus</strong></span> <span class='ocrx_word' id='word_1_227' title='bbox 1668 2797 1798 2837; x_wconf 92' lang='lat' dir='ltr'><strong>suus</strong></span> <span class='ocrx_word' id='word_1_228' title='bbox 1823 2783 2043 2851; x_wconf 88' lang='lat' dir='ltr'><strong>labitur,</strong></span> <span class='ocrx_word' id='word_1_229' title='bbox 2075 2787 2250 2856; x_wconf 90' lang='lat' dir='ltr'><strong>quiaa</strong></span> 
     </span>
    </p>
   </div>
   <div class='ocr_carea' id='block_1_30' title="bbox 653 2872 2252 2945">
    <p class='ocr_par' dir='ltr' id='par_1_30' title="bbox 653 2872 2252 2945">
     <span class='ocr_line' id='line_1_30' title="bbox 653 2872 2252 2945; baseline 0.003 -17"><span class='ocrx_word' id='word_1_230' title='bbox 653 2881 924 2930; x_wconf 88' lang='lat' dir='ltr'><strong>tentatore</strong></span> <span class='ocrx_word' id='word_1_231' title='bbox 952 2872 1271 2944; x_wconf 88' lang='lat' dir='ltr'><strong>impellitur.</strong></span> <span class='ocrx_word' id='word_1_232' title='bbox 1302 2873 1360 2930; x_wconf 89' lang='lat' dir='ltr'><strong>Si</strong></span> <span class='ocrx_word' id='word_1_233' title='bbox 1392 2889 1491 2945; x_wconf 87' lang='lat' dir='ltr'><strong>pro</strong></span> <span class='ocrx_word' id='word_1_234' title='bbox 1537 2875 1713 2930; x_wconf 89' lang='lat' dir='ltr'><strong>amico</strong></span> <span class='ocrx_word' id='word_1_235' title='bbox 1735 2875 1904 2943; x_wconf 88' lang='lat' dir='ltr'><strong>dolet,</strong></span> <span class='ocrx_word' id='word_1_236' title='bbox 1934 2877 2105 2932; x_wconf 91' lang='lat' dir='ltr'><strong>multo</strong></span> <span class='ocrx_word' id='word_1_237' title='bbox 2136 2893 2252 2933; x_wconf 87' lang='lat' dir='ltr'><strong>ma-</strong></span> 
     </span>
    </p>
   </div>
   <div class='ocr_carea' id='block_1_31' title="bbox 643 2965 2250 3038">
    <p class='ocr_par' dir='ltr' id='par_1_31' title="bbox 643 2965 2250 3038">
     <span class='ocr_line' id='line_1_31' title="bbox 643 2965 2250 3038; baseline 0.003 -18"><span class='ocrx_word' id='word_1_238' title='bbox 643 2967 727 3037; x_wconf 89' lang='lat' dir='ltr'><strong>gis</strong></span> <span class='ocrx_word' id='word_1_239' title='bbox 751 2981 850 3036; x_wconf 89' lang='lat' dir='ltr'><strong>pro</strong></span> <span class='ocrx_word' id='word_1_240' title='bbox 880 2980 1068 3032; x_wconf 71' lang='lat' dir='ltr'><strong>uxore,</strong></span> <span class='ocrx_word' id='word_1_241' title='bbox 1101 2979 1200 3036; x_wconf 91' lang='lat' dir='ltr'><strong>pro</strong></span> <span class='ocrx_word' id='word_1_242' title='bbox 1228 2965 1339 3021; x_wconf 82' lang='lat' dir='ltr'><strong>tilio</strong></span> <span class='ocrx_word' id='word_1_243' title='bbox 1368 2983 1382 3020; x_wconf 90' lang='lat'><strong>:</strong></span> <span class='ocrx_word' id='word_1_244' title='bbox 1413 2966 1459 3022; x_wconf 92' lang='lat' dir='ltr'><strong>si</strong></span> <span class='ocrx_word' id='word_1_245' title='bbox 1489 2980 1586 3023; x_wconf 90' lang='lat' dir='ltr'><strong>eos</strong></span> <span class='ocrx_word' id='word_1_246' title='bbox 1613 2981 1830 3038; x_wconf 90' lang='lat' dir='ltr'><strong>quoque</strong></span> <span class='ocrx_word' id='word_1_247' title='bbox 1881 2969 1982 3024; x_wconf 87' lang='lat' dir='ltr'><strong>sibi</strong></span> <span class='ocrx_word' id='word_1_248' title='bbox 2007 2969 2250 3026; x_wconf 86' lang='lat' dir='ltr'><strong>insolen-</strong></span> 
     </span>
    </p>
   </div>
   <div class='ocr_carea' id='block_1_32' title="bbox 647 3058 2249 3130">
    <p class='ocr_par' dir='ltr' id='par_1_32' title="bbox 647 3058 2249 3130">
     <span class='ocr_line' id='line_1_32' title="bbox 647 3058 2249 3130; baseline 0.002 -14"><span class='ocrx_word' id='word_1_249' title='bbox 647 3070 731 3116; x_wconf 92' lang='lat' dir='ltr'><strong>tes</strong></span> <span class='ocrx_word' id='word_1_250' title='bbox 761 3060 1107 3129; x_wconf 81' lang='lat' dir='ltr'><strong>experiatur;</strong></span> <span class='ocrx_word' id='word_1_251' title='bbox 1148 3068 1203 3116; x_wconf 91' lang='lat' dir='ltr'><strong>et</strong></span> <span class='ocrx_word' id='word_1_252' title='bbox 1239 3059 1286 3115; x_wconf 89' lang='lat' dir='ltr'><strong>si</strong></span> <span class='ocrx_word' id='word_1_253' title='bbox 1323 3058 1492 3116; x_wconf 81' lang='lat' dir='ltr'><strong>frater</strong></span> <span class='ocrx_word' id='word_1_254' title='bbox 1531 3061 1790 3130; x_wconf 80' lang='lat' dir='ltr'><strong>exagitat,</strong></span> <span class='ocrx_word' id='word_1_255' title='bbox 1840 3069 1898 3116; x_wconf 86' lang='lat' dir='ltr'><strong>ut</strong></span> <span class='ocrx_word' id='word_1_256' title='bbox 1928 3062 2069 3118; x_wconf 84' lang='lat' dir='ltr'><strong>Esau</strong></span> <span class='ocrx_word' id='word_1_257' title='bbox 2091 3079 2249 3120; x_wconf 88' lang='lat' dir='ltr'><strong>sanc-</strong></span> 
     </span>
    </p>
   </div>
   <div class='ocr_carea' id='block_1_33' title="bbox 647 3152 2242 3224">
    <p class='ocr_par' dir='ltr' id='par_1_33' title="bbox 647 3152 2242 3224">
     <span class='ocr_line' id='line_1_33' title="bbox 647 3152 2242 3224; baseline 0.003 -16"><span class='ocrx_word' id='word_1_258' title='bbox 647 3163 759 3208; x_wconf 86' lang='lat' dir='ltr'><strong>tum</strong></span> <span class='ocrx_word' id='word_1_259' title='bbox 792 3152 980 3220; x_wconf 89' lang='lat' dir='ltr'><strong>Jacob,</strong></span> <span class='ocrx_word' id='word_1_260' title='bbox 1010 3152 1159 3210; x_wconf 91' lang='lat' dir='ltr'><strong>dolet</strong></span> <span class='ocrx_word' id='word_1_261' title='bbox 1182 3163 1238 3208; x_wconf 90' lang='lat' dir='ltr'><strong>et</strong></span> <span class='ocrx_word' id='word_1_262' title='bbox 1267 3153 1463 3224; x_wconf 67' lang='lat' dir='ltr'><strong>quaerit</strong></span> <span class='ocrx_word' id='word_1_263' title='bbox 1486 3153 1586 3208; x_wconf 90' lang='lat' dir='ltr'><strong>sibi</strong></span> <span class='ocrx_word' id='word_1_264' title='bbox 1612 3152 1834 3210; x_wconf 85' lang='lat' dir='ltr'><strong>fratrem</strong></span> <span class='ocrx_word' id='word_1_265' title='bbox 1866 3156 2242 3223; x_wconf 88' lang='lat' dir='ltr'><strong>reconciliare,</strong></span> 
     </span>
    </p>
   </div>
   <div class='ocr_carea' id='block_1_34' title="bbox 2360 540 3892 614">
    <p class='ocr_par' dir='ltr' id='par_1_34' title="bbox 2360 540 3892 614">
     <span class='ocr_line' id='line_1_34' title="bbox 2360 540 3892 614; baseline 0.001 -14"><span class='ocrx_word' id='word_1_266' title='bbox 2360 541 2477 613; x_wconf 69' lang='grc' dir='ltr'><strong>Μ).</strong></span> <span class='ocrx_word' id='word_1_267' title='bbox 2503 542 2692 599; x_wconf 81' lang='lat' dir='ltr'><strong>Justus</strong></span> <span class='ocrx_word' id='word_1_268' title='bbox 2716 551 2839 599; x_wconf 88' lang='lat' dir='ltr'><strong>orat</strong></span> <span class='ocrx_word' id='word_1_269' title='bbox 2892 558 2993 614; x_wconf 91' lang='lat' dir='ltr'><strong>pro</strong></span> <span class='ocrx_word' id='word_1_270' title='bbox 3044 541 3564 608; x_wconf 81' lang='lat' dir='ltr'><strong>calumniantibus;</strong></span> <span class='ocrx_word' id='word_1_271' title='bbox 3612 540 3733 612; x_wconf 59' lang='grc' dir='ltr'><strong>(μὴ</strong></span> <span class='ocrx_word' id='word_1_272' title='bbox 3771 553 3816 598; x_wconf 81' lang='lat' dir='ltr'><strong>et</strong></span> <span class='ocrx_word' id='word_1_273' title='bbox 3845 549 3892 601; x_wconf 66' lang='lat' dir='ltr'><strong>in</strong></span> 
     </span>
    </p>
   </div>
   <div class='ocr_carea' id='block_1_35' title="bbox 2364 633 3894 706">
    <p class='ocr_par' dir='ltr' id='par_1_35' title="bbox 2364 633 3894 706">
     <span class='ocr_line' id='line_1_35' title="bbox 2364 633 3894 706; baseline 0.001 -16"><span class='ocrx_word' id='word_1_274' title='bbox 2364 635 2620 705; x_wconf 81' lang='lat' dir='ltr'><strong>praecepit</strong></span> <span class='ocrx_word' id='word_1_275' title='bbox 2653 635 2915 692; x_wconf 86' lang='lat' dir='ltr'><strong>Dominus</strong></span> <span class='ocrx_word' id='word_1_276' title='bbox 2958 634 3269 706; x_wconf 79' lang='lat' dir='ltr'><strong>adjungens</strong></span> <span class='ocrx_word' id='word_1_277' title='bbox 3297 652 3312 688; x_wconf 86' lang='lat'><strong>:</strong></span> <span class='ocrx_word' id='word_1_278' title='bbox 3342 633 3656 706; x_wconf 73' lang='lat' dir='ltr'><strong>Benefacise</strong></span> <span class='ocrx_word' id='word_1_279' title='bbox 3674 635 3732 688; x_wconf 82' lang='lat' dir='ltr'><strong>iis</strong></span> <span class='ocrx_word' id='word_1_280' title='bbox 3757 639 3894 705; x_wconf 62' lang='lat' dir='ltr'><strong>quiis</strong></span> 
     </span>
    </p>
   </div>
   <div class='ocr_carea' id='block_1_36' title="bbox 2362 730 3894 802">
    <p class='ocr_par' dir='ltr' id='par_1_36' title="bbox 2362 730 3894 802">
     <span class='ocr_line' id='line_1_36' title="bbox 2362 730 3894 802; baseline -0.006 -15"><span class='ocrx_word' id='word_1_281' title='bbox 2362 742 2484 787; x_wconf 85' lang='lat' dir='ltr'><strong>runt</strong></span> <span class='ocrx_word' id='word_1_282' title='bbox 2525 748 2634 798; x_wconf 75' lang='lat' dir='ltr'><strong>eos,</strong></span> <span class='ocrx_word' id='word_1_283' title='bbox 2668 742 2812 790; x_wconf 81' lang='lat' dir='ltr'><strong>orate</strong></span> <span class='ocrx_word' id='word_1_284' title='bbox 2851 749 2948 802; x_wconf 85' lang='lat' dir='ltr'><strong>pro</strong></span> <span class='ocrx_word' id='word_1_285' title='bbox 2994 730 3444 788; x_wconf 74' lang='lat' dir='ltr'><strong>calumniantibus</strong></span> <span class='ocrx_word' id='word_1_286' title='bbox 3493 740 3544 786; x_wconf 85' lang='lat' dir='ltr'><strong>et</strong></span> 
     </span>
    </p>
   </div>
   <div class='ocr_carea' id='block_1_37' title="bbox 2363 822 3896 895">
    <p class='ocr_par' dir='ltr' id='par_1_37' title="bbox 2363 822 3896 895">
     <span class='ocr_line' id='line_1_37' title="bbox 2363 822 3896 895; baseline 0.001 -17"><span class='ocrx_word' id='word_1_287' title='bbox 2363 839 2449 879; x_wconf 79' lang='lat' dir='ltr'><strong>uos</strong></span> <span class='ocrx_word' id='word_1_288' title='bbox 2481 822 2698 895; x_wconf 64' lang='lat' dir='ltr'><strong>(Ibid)</strong></span> <span class='ocrx_word' id='word_1_289' title='bbox 2723 825 2841 894; x_wconf 87' lang='lat' dir='ltr'><strong>ipse</strong></span> <span class='ocrx_word' id='word_1_290' title='bbox 2864 832 2947 880; x_wconf 84' lang='lat' dir='ltr'><strong>est</strong></span> <span class='ocrx_word' id='word_1_291' title='bbox 2977 838 3074 893; x_wconf 90' lang='lat' dir='ltr'><strong>per</strong></span> <span class='ocrx_word' id='word_1_292' title='bbox 3097 825 3286 879; x_wconf 86' lang='lat' dir='ltr'><strong>omnia</strong></span> <span class='ocrx_word' id='word_1_293' title='bbox 3305 824 3524 893; x_wconf 81' lang='lat' dir='ltr'><strong>justus,</strong></span> <span class='ocrx_word' id='word_1_294' title='bbox 3553 823 3650 892; x_wconf 78' lang='lat' dir='ltr'><strong>qui</strong></span> <span class='ocrx_word' id='word_1_295' title='bbox 3670 823 3774 878; x_wconf 77' lang='lat' dir='ltr'><strong>inec</strong></span> <span class='ocrx_word' id='word_1_296' title='bbox 3795 839 3896 880; x_wconf 55' lang='lat' dir='ltr'><strong>es»</strong></span> 
     </span>
    </p>
   </div>
   <div class='ocr_carea' id='block_1_38' title="bbox 2363 917 3894 988">
    <p class='ocr_par' dir='ltr' id='par_1_38' title="bbox 2363 917 3894 988">
     <span class='ocr_line' id='line_1_38' title="bbox 2363 917 3894 988; baseline 0 -15"><span class='ocrx_word' id='word_1_297' title='bbox 2363 917 2444 973; x_wconf 90' lang='lat' dir='ltr'><strong>dit</strong></span> <span class='ocrx_word' id='word_1_298' title='bbox 2471 926 2526 972; x_wconf 83' lang='lat' dir='ltr'><strong>et</strong></span> <span class='ocrx_word' id='word_1_299' title='bbox 2546 929 2745 976; x_wconf 78' lang='lat' dir='ltr'><strong>servat.</strong></span> <span class='ocrx_word' id='word_1_300' title='bbox 2801 917 3066 985; x_wconf 83' lang='lat' dir='ltr'><strong>Primum,</strong></span> <span class='ocrx_word' id='word_1_301' title='bbox 3101 917 3228 988; x_wconf 82' lang='lat' dir='ltr'><strong>quia</strong></span> <span class='ocrx_word' id='word_1_302' title='bbox 3264 927 3436 984; x_wconf 83' lang='lat' dir='ltr'><strong>tacet,</strong></span> <span class='ocrx_word' id='word_1_303' title='bbox 3467 925 3529 976; x_wconf 88' lang='lat' dir='ltr'><strong>et</strong></span> <span class='ocrx_word' id='word_1_304' title='bbox 3559 932 3669 972; x_wconf 89' lang='lat' dir='ltr'><strong>non</strong></span> <span class='ocrx_word' id='word_1_305' title='bbox 3699 923 3894 988; x_wconf 65' lang='lat' dir='ltr'><strong>response</strong></span> 
     </span>
    </p>
   </div>
   <div class='ocr_carea' id='block_1_39' title="bbox 2367 1007 3894 1080">
    <p class='ocr_par' dir='ltr' id='par_1_39' title="bbox 2367 1007 3894 1080">
     <span class='ocr_line' id='line_1_39' title="bbox 2367 1007 3894 1080; baseline -0.01 -16"><span class='ocrx_word' id='word_1_306' title='bbox 2367 1008 2601 1064; x_wconf 79' lang='lat' dir='ltr'><strong>inimicis</strong></span> <span class='ocrx_word' id='word_1_307' title='bbox 2629 1008 2868 1074; x_wconf 87' lang='lat' dir='ltr'><strong>;deinde</strong></span> <span class='ocrx_word' id='word_1_308' title='bbox 2893 1010 3020 1080; x_wconf 88' lang='lat' dir='ltr'><strong>quia</strong></span> <span class='ocrx_word' id='word_1_309' title='bbox 3069 1019 3210 1073; x_wconf 86' lang='lat' dir='ltr'><strong>orat,</strong></span> <span class='ocrx_word' id='word_1_310' title='bbox 3264 1007 3374 1072; x_wconf 73' lang='lat' dir='ltr'><strong>hoc</strong></span> <span class='ocrx_word' id='word_1_311' title='bbox 3401 1017 3520 1073; x_wconf 61' lang='lat' dir='ltr'><strong>est,</strong></span> <span class='ocrx_word' id='word_1_312' title='bbox 3547 1022 3660 1068; x_wconf 66' lang='lat' dir='ltr'><strong>non</strong></span> <span class='ocrx_word' id='word_1_313' title='bbox 3687 1014 3894 1074; x_wconf 52' lang='lat' dir='ltr'><strong>cam</strong></span> 
     </span>
    </p>
   </div>
   <div class='ocr_carea' id='block_1_40' title="bbox 2365 1100 3897 1172">
    <p class='ocr_par' dir='ltr' id='par_1_40' title="bbox 2365 1100 3897 1172">
     <span class='ocr_line' id='line_1_40' title="bbox 2365 1100 3897 1172; baseline 0 -17"><span class='ocrx_word' id='word_1_314' title='bbox 2365 1101 2585 1158; x_wconf 79' lang='lat' dir='ltr'><strong>aﬂ‘ectu.</strong></span> <span class='ocrx_word' id='word_1_315' title='bbox 2634 1100 2704 1157; x_wconf 85' lang='lat' dir='ltr'><strong>Et</strong></span> <span class='ocrx_word' id='word_1_316' title='bbox 2759 1103 2848 1171; x_wconf 89' lang='lat' dir='ltr'><strong>qui</strong></span> <span class='ocrx_word' id='word_1_317' title='bbox 2880 1110 3022 1168; x_wconf 89' lang='lat' dir='ltr'><strong>orat,</strong></span> <span class='ocrx_word' id='word_1_318' title='bbox 3051 1100 3196 1158; x_wconf 91' lang='lat' dir='ltr'><strong>bona</strong></span> <span class='ocrx_word' id='word_1_319' title='bbox 3233 1110 3389 1169; x_wconf 78' lang='lat' dir='ltr'><strong>orat,</strong></span> <span class='ocrx_word' id='word_1_320' title='bbox 3417 1115 3537 1164; x_wconf 78' lang='lat' dir='ltr'><strong>non</strong></span> <span class='ocrx_word' id='word_1_321' title='bbox 3559 1116 3626 1158; x_wconf 83' lang='lat' dir='ltr'><strong>ea</strong></span> <span class='ocrx_word' id='word_1_322' title='bbox 3655 1117 3766 1170; x_wconf 72' lang='lat' dir='ltr'><strong>qua</strong></span> <span class='ocrx_word' id='word_1_323' title='bbox 3787 1105 3897 1172; x_wconf 51' lang='lat' dir='ltr'><strong>eam</strong></span> 
     </span>
    </p>
   </div>
   <div class='ocr_carea' id='block_1_41' title="bbox 2369 1193 3898 1266">
    <p class='ocr_par' dir='ltr' id='par_1_41' title="bbox 2369 1193 3898 1266">
     <span class='ocr_line' id='line_1_41' title="bbox 2369 1193 3898 1266; baseline 0 -16"><span class='ocrx_word' id='word_1_324' title='bbox 2369 1195 2576 1264; x_wconf 86' lang='lat' dir='ltr'><strong>possint</strong></span> <span class='ocrx_word' id='word_1_325' title='bbox 2596 1209 2697 1250; x_wconf 90' lang='lat' dir='ltr'><strong>suo</strong></span> <span class='ocrx_word' id='word_1_326' title='bbox 2727 1193 2949 1251; x_wconf 90' lang='lat' dir='ltr'><strong>inimico</strong></span> <span class='ocrx_word' id='word_1_327' title='bbox 2969 1210 3185 1252; x_wconf 89' lang='lat' dir='ltr'><strong>nocere.</strong></span> <span class='ocrx_word' id='word_1_328' title='bbox 3211 1196 3346 1254; x_wconf 79' lang='lat' dir='ltr'><strong>Plus</strong></span> <span class='ocrx_word' id='word_1_329' title='bbox 3365 1206 3456 1252; x_wconf 87' lang='lat' dir='ltr'><strong>est</strong></span> <span class='ocrx_word' id='word_1_330' title='bbox 3471 1209 3614 1264; x_wconf 73' lang='lat' dir='ltr'><strong>ergo</strong></span> <span class='ocrx_word' id='word_1_331' title='bbox 3636 1210 3898 1266; x_wconf 56' lang='lat' dir='ltr'><strong>orarem</strong></span> 
     </span>
    </p>
   </div>
   <div class='ocr_carea' id='block_1_42' title="bbox 2370 1285 3901 1348">
    <p class='ocr_par' dir='ltr' id='par_1_42' title="bbox 2370 1285 3901 1348">
     <span class='ocr_line' id='line_1_42' title="bbox 2370 1285 3901 1348; baseline 0.003 -7"><span class='ocrx_word' id='word_1_332' title='bbox 2370 1294 2570 1343; x_wconf 86' lang='lat' dir='ltr'><strong>tacere.</strong></span> <span class='ocrx_word' id='word_1_333' title='bbox 2600 1285 2787 1342; x_wconf 81' lang='lat' dir='ltr'><strong>Justus</strong></span> <span class='ocrx_word' id='word_1_334' title='bbox 2813 1286 3262 1348; x_wconf 77' lang='lat' dir='ltr'><strong>maledicentibus.</strong></span> <span class='ocrx_word' id='word_1_335' title='bbox 3289 1286 3398 1346; x_wconf 87' lang='lat' dir='ltr'><strong>sibi</strong></span> <span class='ocrx_word' id='word_1_336' title='bbox 3427 1287 3738 1346; x_wconf 64' lang='lat' dir='ltr'><strong>beneﬁcii.</strong></span> <span class='ocrx_word' id='word_1_337' title='bbox 3757 1287 3901 1346; x_wconf 67' lang='lat' dir='ltr'><strong>Pisis</strong></span> 
     </span>
    </p>
   </div>
   <div class='ocr_carea' id='block_1_43' title="bbox 2368 1380 3902 1450">
    <p class='ocr_par' dir='ltr' id='par_1_43' title="bbox 2368 1380 3902 1450">
     <span class='ocr_line' id='line_1_43' title="bbox 2368 1380 3902 1450; baseline -0.001 -14"><span class='ocrx_word' id='word_1_338' title='bbox 2368 1389 2426 1436; x_wconf 88' lang='lat' dir='ltr'><strong>et</strong></span> <span class='ocrx_word' id='word_1_339' title='bbox 2452 1380 2554 1434; x_wconf 86' lang='lat' dir='ltr'><strong>hoc</strong></span> <span class='ocrx_word' id='word_1_340' title='bbox 2580 1395 2746 1450; x_wconf 89' lang='lat' dir='ltr'><strong>quam</strong></span> <span class='ocrx_word' id='word_1_341' title='bbox 2772 1394 2934 1438; x_wconf 87' lang='lat' dir='ltr'><strong>orare</strong></span> <span class='ocrx_word' id='word_1_342' title='bbox 2956 1395 3054 1450; x_wconf 86' lang='lat' dir='ltr'><strong>pro</strong></span> <span class='ocrx_word' id='word_1_343' title='bbox 3081 1396 3142 1438; x_wconf 86' lang='lat' dir='ltr'><strong>se</strong></span> <span class='ocrx_word' id='word_1_344' title='bbox 3172 1397 3187 1447; x_wconf 93' lang='lat'><strong>;</strong></span> <span class='ocrx_word' id='word_1_345' title='bbox 3214 1395 3451 1442; x_wconf 73' lang='lat' dir='ltr'><strong>securus</strong></span> <span class='ocrx_word' id='word_1_346' title='bbox 3467 1382 3640 1442; x_wconf 78' lang='lat' dir='ltr'><strong>enim</strong></span> <span class='ocrx_word' id='word_1_347' title='bbox 3670 1383 3750 1438; x_wconf 84' lang='lat' dir='ltr'><strong>sui</strong></span> 
     </span>
    </p>
   </div>
   <div class='ocr_carea' id='block_1_44' title="bbox 2369 1472 3902 1545">
    <p class='ocr_par' dir='ltr' id='par_1_44' title="bbox 2369 1472 3902 1545">
     <span class='ocr_line' id='line_1_44' title="bbox 2369 1472 3902 1545; baseline 0.004 -19"><span class='ocrx_word' id='word_1_348' title='bbox 2369 1472 2440 1527; x_wconf 90' lang='lat' dir='ltr'><strong>cit</strong></span> <span class='ocrx_word' id='word_1_349' title='bbox 2466 1473 2541 1537; x_wconf 90' lang='lat' dir='ltr'><strong>ei,</strong></span> <span class='ocrx_word' id='word_1_350' title='bbox 2560 1488 2720 1542; x_wconf 90' lang='lat' dir='ltr'><strong>quem</strong></span> <span class='ocrx_word' id='word_1_351' title='bbox 2744 1488 2852 1530; x_wconf 90' lang='lat' dir='ltr'><strong>non</strong></span> <span class='ocrx_word' id='word_1_352' title='bbox 2878 1473 3048 1540; x_wconf 88' lang='lat' dir='ltr'><strong>timet,</strong></span> <span class='ocrx_word' id='word_1_353' title='bbox 3093 1475 3386 1534; x_wconf 74' lang='lat' dir='ltr'><strong>autetiam</strong></span> <span class='ocrx_word' id='word_1_354' title='bbox 3436 1473 3495 1536; x_wconf 81' lang='lat' dir='ltr'><strong>ei</strong></span> <span class='ocrx_word' id='word_1_355' title='bbox 3545 1488 3716 1545; x_wconf 72' lang='lat' dir='ltr'><strong>quem</strong></span> <span class='ocrx_word' id='word_1_356' title='bbox 3738 1484 3902 1532; x_wconf 59' lang='lat' dir='ltr'><strong>aeteae</strong></span> 
     </span>
    </p>
   </div>
   <div class='ocr_carea' id='block_1_45' title="bbox 2357 1565 3901 1637">
    <p class='ocr_par' dir='ltr' id='par_1_45' title="bbox 2357 1565 3901 1637">
     <span class='ocr_line' id='line_1_45' title="bbox 2357 1565 3901 1637; baseline 0.002 -19"><span class='ocrx_word' id='word_1_357' title='bbox 2357 1565 2577 1622; x_wconf 84' lang='lat' dir='ltr'><strong>tuebat.</strong></span> <span class='ocrx_word' id='word_1_358' title='bbox 2628 1565 2814 1622; x_wconf 84' lang='lat' dir='ltr'><strong>Justus</strong></span> <span class='ocrx_word' id='word_1_359' title='bbox 2858 1566 3032 1637; x_wconf 85' lang='lat' dir='ltr'><strong>diligit</strong></span> <span class='ocrx_word' id='word_1_360' title='bbox 3079 1566 3388 1632; x_wconf 78' lang='lat' dir='ltr'><strong>inimicum,</strong></span> <span class='ocrx_word' id='word_1_361' title='bbox 3440 1566 3588 1624; x_wconf 85' lang='lat' dir='ltr'><strong>Plus</strong></span> <span class='ocrx_word' id='word_1_362' title='bbox 3641 1567 3901 1636; x_wconf 62' lang='lat' dir='ltr'><strong>estdiligm.</strong></span> 
     </span>
    </p>
   </div>
   <div class='ocr_carea' id='block_1_46' title="bbox 2371 1657 3896 1730">
    <p class='ocr_par' dir='ltr' id='par_1_46' title="bbox 2371 1657 3896 1730">
     <span class='ocr_line' id='line_1_46' title="bbox 2371 1657 3896 1730; baseline -0.015 -15"><span class='ocrx_word' id='word_1_363' title='bbox 2371 1674 2533 1730; x_wconf 89' lang='lat' dir='ltr'><strong>quam</strong></span> <span class='ocrx_word' id='word_1_364' title='bbox 2574 1659 3082 1730; x_wconf 78' lang='lat' dir='ltr'><strong>benedicere;un</strong></span> <span class='ocrx_word' id='word_1_365' title='bbox 3107 1658 3282 1728; x_wconf 84' lang='lat' dir='ltr'><strong>major</strong></span> <span class='ocrx_word' id='word_1_366' title='bbox 3336 1667 3428 1714; x_wconf 71' lang='lat' dir='ltr'><strong>est</strong></span> <span class='ocrx_word' id='word_1_367' title='bbox 3486 1657 3700 1716; x_wconf 56' lang='lat' dir='ltr'><strong>manus</strong></span> <span class='ocrx_word' id='word_1_368' title='bbox 3749 1659 3896 1715; x_wconf 45' lang='grc' dir='ltr'><strong>,ωερε</strong></span> 
     </span>
    </p>
   </div>
   <div class='ocr_carea' id='block_1_47' title="bbox 2371 1749 3901 1823">
    <p class='ocr_par' dir='ltr' id='par_1_47' title="bbox 2371 1749 3901 1823">
     <span class='ocr_line' id='line_1_47' title="bbox 2371 1749 3901 1823; baseline -0.001 -15"><span class='ocrx_word' id='word_1_369' title='bbox 2371 1767 2532 1823; x_wconf 88' lang='lat' dir='ltr'><strong>quam</strong></span> <span class='ocrx_word' id='word_1_370' title='bbox 2560 1752 2830 1808; x_wconf 85' lang='lat' dir='ltr'><strong>sermonis</strong></span> <span class='ocrx_word' id='word_1_371' title='bbox 2855 1753 3045 1823; x_wconf 85' lang='lat' dir='ltr'><strong>gratia.</strong></span> <span class='ocrx_word' id='word_1_372' title='bbox 3075 1751 3261 1808; x_wconf 81' lang='lat' dir='ltr'><strong>Justus</strong></span> <span class='ocrx_word' id='word_1_373' title='bbox 3293 1749 3583 1808; x_wconf 79' lang='lat' dir='ltr'><strong>benefacit</strong></span> <span class='ocrx_word' id='word_1_374' title='bbox 3604 1751 3658 1807; x_wconf 87' lang='lat' dir='ltr'><strong>ei</strong></span> <span class='ocrx_word' id='word_1_375' title='bbox 3680 1751 3901 1822; x_wconf 58' lang='lat' dir='ltr'><strong>cujusvis</strong></span> 
     </span>
    </p>
   </div>
   <div class='ocr_carea' id='block_1_48' title="bbox 2293 1844 3904 1918">
    <p class='ocr_par' dir='ltr' id='par_1_48' title="bbox 2293 1844 3904 1918">
     <span class='ocr_line' id='line_1_48' title="bbox 2293 1844 3904 1918; baseline 0 -18"><span class='ocrx_word' id='word_1_376' title='bbox 2293 1857 2341 1918; x_wconf 75' lang='grc' dir='ltr'><strong>Β</strong></span> <span class='ocrx_word' id='word_1_377' title='bbox 2367 1847 2636 1916; x_wconf 89' lang='lat' dir='ltr'><strong>appetitus</strong></span> <span class='ocrx_word' id='word_1_378' title='bbox 2667 1854 2769 1906; x_wconf 88' lang='lat' dir='ltr'><strong>est.</strong></span> <span class='ocrx_word' id='word_1_379' title='bbox 2804 1845 2992 1902; x_wconf 89' lang='lat' dir='ltr'><strong>Justus</strong></span> <span class='ocrx_word' id='word_1_380' title='bbox 3039 1855 3158 1902; x_wconf 89' lang='lat' dir='ltr'><strong>orat</strong></span> <span class='ocrx_word' id='word_1_381' title='bbox 3186 1861 3285 1917; x_wconf 88' lang='lat' dir='ltr'><strong>pro</strong></span> <span class='ocrx_word' id='word_1_382' title='bbox 3315 1844 3904 1902; x_wconf 61' lang='lat' dir='ltr'><strong>calumniantibusﬁaa</strong></span> 
     </span>
    </p>
   </div>
   <div class='ocr_carea' id='block_1_49' title="bbox 2361 1937 3906 2009">
    <p class='ocr_par' dir='ltr' id='par_1_49' title="bbox 2361 1937 3906 2009">
     <span class='ocr_line' id='line_1_49' title="bbox 2361 1937 3906 2009; baseline -0.001 -15"><span class='ocrx_word' id='word_1_383' title='bbox 2361 1937 2618 2005; x_wconf 86' lang='lat' dir='ltr'><strong>cbaritas,</strong></span> <span class='ocrx_word' id='word_1_384' title='bbox 2645 1947 2702 1994; x_wconf 91' lang='lat' dir='ltr'><strong>et</strong></span> <span class='ocrx_word' id='word_1_385' title='bbox 2730 1939 2903 2009; x_wconf 88' lang='lat' dir='ltr'><strong>pietas</strong></span> <span class='ocrx_word' id='word_1_386' title='bbox 2931 1939 3074 1995; x_wconf 89' lang='lat' dir='ltr'><strong>bona</strong></span> <span class='ocrx_word' id='word_1_387' title='bbox 3104 1956 3117 1994; x_wconf 91' lang='lat'><strong>:</strong></span> <span class='ocrx_word' id='word_1_388' title='bbox 3145 1947 3442 2009; x_wconf 86' lang='lat' dir='ltr'><strong>utrumque</strong></span> <span class='ocrx_word' id='word_1_389' title='bbox 3475 1938 3612 2005; x_wconf 86' lang='lat' dir='ltr'><strong>Dei,</strong></span> <span class='ocrx_word' id='word_1_390' title='bbox 3643 1949 3702 1994; x_wconf 85' lang='lat' dir='ltr'><strong>et</strong></span> <span class='ocrx_word' id='word_1_391' title='bbox 3717 1948 3906 2009; x_wconf 65' lang='grc' dir='ltr'>ιιιτιιιξεε</span> 
     </span>
    </p>
   </div>
   <div class='ocr_carea' id='block_1_50' title="bbox 2360 2030 3907 2102">
    <p class='ocr_par' dir='ltr' id='par_1_50' title="bbox 2360 2030 3907 2102">
     <span class='ocr_line' id='line_1_50' title="bbox 2360 2030 3907 2102; baseline 0 -14"><span class='ocrx_word' id='word_1_392' title='bbox 2360 2043 2444 2088; x_wconf 87' lang='lat' dir='ltr'><strong>est</strong></span> <span class='ocrx_word' id='word_1_393' title='bbox 2466 2031 2640 2098; x_wconf 88' lang='lat' dir='ltr'><strong>Deus;</strong></span> <span class='ocrx_word' id='word_1_394' title='bbox 2664 2032 2790 2102; x_wconf 87' lang='lat' dir='ltr'><strong>quia</strong></span> <span class='ocrx_word' id='word_1_395' title='bbox 2814 2032 3042 2088; x_wconf 82' lang='lat' dir='ltr'><strong>charitas</strong></span> <span class='ocrx_word' id='word_1_396' title='bbox 3062 2042 3135 2087; x_wconf 84' lang='lat' dir='ltr'><strong>est</strong></span> <span class='ocrx_word' id='word_1_397' title='bbox 3163 2031 3327 2097; x_wconf 86' lang='lat' dir='ltr'><strong>Deus,</strong></span> <span class='ocrx_word' id='word_1_398' title='bbox 3357 2039 3422 2086; x_wconf 88' lang='lat' dir='ltr'><strong>ut</strong></span> <span class='ocrx_word' id='word_1_399' title='bbox 3471 2030 3629 2096; x_wconf 74' lang='lat' dir='ltr'><strong>dixit</strong></span> <span class='ocrx_word' id='word_1_400' title='bbox 3676 2030 3907 2088; x_wconf 63' lang='lat' dir='ltr'><strong>Joannes:</strong></span> 
     </span>
    </p>
   </div>
   <div class='ocr_carea' id='block_1_51' title="bbox 2360 2121 3904 2193">
    <p class='ocr_par' dir='ltr' id='par_1_51' title="bbox 2360 2121 3904 2193">
     <span class='ocr_line' id='line_1_51' title="bbox 2360 2121 3904 2193; baseline -0.003 -15"><span class='ocrx_word' id='word_1_401' title='bbox 2360 2122 2587 2192; x_wconf 86' lang='lat' dir='ltr'><strong>epistola</strong></span> <span class='ocrx_word' id='word_1_402' title='bbox 2610 2123 2656 2193; x_wconf 85' lang='grc' dir='ltr'><strong>(Ι</strong></span> <span class='ocrx_word' id='word_1_403' title='bbox 2683 2122 2846 2178; x_wconf 85' lang='lat' dir='ltr'><strong>Joan.</strong></span> <span class='ocrx_word' id='word_1_404' title='bbox 2866 2138 2948 2193; x_wconf 84' lang='lat' dir='ltr'><strong>tv,</strong></span> <span class='ocrx_word' id='word_1_405' title='bbox 2977 2121 3087 2192; x_wconf 81' lang='lat' dir='ltr'><strong>i6).</strong></span> <span class='ocrx_word' id='word_1_406' title='bbox 3134 2121 3263 2178; x_wconf 87' lang='lat' dir='ltr'><strong>Ideo</strong></span> <span class='ocrx_word' id='word_1_407' title='bbox 3303 2131 3624 2193; x_wconf 84' lang='lat' dir='ltr'><strong>utrumque</strong></span> <span class='ocrx_word' id='word_1_408' title='bbox 3647 2123 3904 2193; x_wconf 63' lang='lat' dir='ltr'><strong>conjunctae</strong></span> 
     </span>
    </p>
   </div>
   <div class='ocr_carea' id='block_1_52' title="bbox 2360 2210 3906 2285">
    <p class='ocr_par' dir='ltr' id='par_1_52' title="bbox 2360 2210 3906 2285">
     <span class='ocr_line' id='line_1_52' title="bbox 2360 2210 3906 2285; baseline -0.001 -15"><span class='ocrx_word' id='word_1_409' title='bbox 2360 2225 2482 2270; x_wconf 76' lang='lat' dir='ltr'><strong>eat:</strong></span> <span class='ocrx_word' id='word_1_410' title='bbox 2511 2210 2727 2284; x_wconf 83' lang='lat' dir='ltr'><strong>Diligite</strong></span> <span class='ocrx_word' id='word_1_411' title='bbox 2760 2214 2996 2268; x_wconf 86' lang='lat' dir='ltr'><strong>inimicos</strong></span> <span class='ocrx_word' id='word_1_412' title='bbox 3043 2224 3331 2270; x_wconf 71' lang='lat' dir='ltr'><strong>uestros...</strong></span> <span class='ocrx_word' id='word_1_413' title='bbox 3392 2226 3444 2271; x_wconf 83' lang='lat' dir='ltr'><strong>et</strong></span> <span class='ocrx_word' id='word_1_414' title='bbox 3499 2226 3660 2270; x_wconf 80' lang='lat' dir='ltr'><strong>orate</strong></span> <span class='ocrx_word' id='word_1_415' title='bbox 3688 2231 3774 2285; x_wconf 79' lang='lat' dir='ltr'><strong>pro</strong></span> <span class='ocrx_word' id='word_1_416' title='bbox 3790 2218 3906 2269; x_wconf 68' lang='lat' dir='ltr'><strong>rain</strong></span> 
     </span>
    </p>
   </div>
   <div class='ocr_carea' id='block_1_53' title="bbox 2359 2305 3906 2378">
    <p class='ocr_par' dir='ltr' id='par_1_53' title="bbox 2359 2305 3906 2378">
     <span class='ocr_line' id='line_1_53' title="bbox 2359 2305 3906 2378; baseline 0.001 -18"><span class='ocrx_word' id='word_1_417' title='bbox 2359 2305 2618 2361; x_wconf 75' lang='lat' dir='ltr'><strong>aientibus</strong></span> <span class='ocrx_word' id='word_1_418' title='bbox 2638 2316 2684 2360; x_wconf 87' lang='lat' dir='ltr'><strong>et</strong></span> <span class='ocrx_word' id='word_1_419' title='bbox 2696 2306 3111 2376; x_wconf 73' lang='lat' dir='ltr'><strong>persequentibus</strong></span> <span class='ocrx_word' id='word_1_420' title='bbox 3129 2322 3235 2361; x_wconf 79' lang='lat' dir='ltr'><strong>uos.</strong></span> <span class='ocrx_word' id='word_1_421' title='bbox 3256 2305 3568 2364; x_wconf 80' lang='lat' dir='ltr'><strong>Plenitudo</strong></span> <span class='ocrx_word' id='word_1_422' title='bbox 3588 2305 3753 2378; x_wconf 82' lang='lat' dir='ltr'><strong>Legis</strong></span> <span class='ocrx_word' id='word_1_423' title='bbox 3769 2307 3906 2362; x_wconf 67' lang='lat' dir='ltr'><strong>estsi:-</strong></span> 
     </span>
    </p>
   </div>
   <div class='ocr_carea' id='block_1_54' title="bbox 2356 2398 3906 2470">
    <p class='ocr_par' dir='ltr' id='par_1_54' title="bbox 2356 2398 3906 2470">
     <span class='ocr_line' id='line_1_54' title="bbox 2356 2398 3906 2470; baseline 0 -14"><span class='ocrx_word' id='word_1_424' title='bbox 2356 2399 2526 2456; x_wconf 86' lang='lat' dir='ltr'><strong>ritas:</strong></span> <span class='ocrx_word' id='word_1_425' title='bbox 2555 2398 2652 2456; x_wconf 86' lang='lat' dir='ltr'><strong>sed</strong></span> <span class='ocrx_word' id='word_1_426' title='bbox 2687 2400 2848 2457; x_wconf 86' lang='lat' dir='ltr'><strong>etiam</strong></span> <span class='ocrx_word' id='word_1_427' title='bbox 2874 2400 2989 2456; x_wconf 73' lang='lat' dir='ltr'><strong>haec</strong></span> <span class='ocrx_word' id='word_1_428' title='bbox 3020 2400 3299 2470; x_wconf 81' lang='lat' dir='ltr'><strong>Evangelii</strong></span> <span class='ocrx_word' id='word_1_429' title='bbox 3325 2399 3633 2470; x_wconf 79' lang='lat' dir='ltr'><strong>plenitudo</strong></span> <span class='ocrx_word' id='word_1_430' title='bbox 3665 2414 3764 2470; x_wconf 82' lang='lat' dir='ltr'><strong>pro</strong></span> 
     </span>
    </p>
   </div>
   <div class='ocr_carea' id='block_1_55' title="bbox 2357 2492 3903 2564">
    <p class='ocr_par' dir='ltr' id='par_1_55' title="bbox 2357 2492 3903 2564">
     <span class='ocr_line' id='line_1_55' title="bbox 2357 2492 3903 2564; baseline 0 -16"><span class='ocrx_word' id='word_1_431' title='bbox 2357 2493 2632 2549; x_wconf 88' lang='lat' dir='ltr'><strong>niantibus</strong></span> <span class='ocrx_word' id='word_1_432' title='bbox 2657 2501 2711 2548; x_wconf 90' lang='lat' dir='ltr'><strong>et</strong></span> <span class='ocrx_word' id='word_1_433' title='bbox 2731 2493 3179 2564; x_wconf 88' lang='lat' dir='ltr'><strong>persequentibus</strong></span> <span class='ocrx_word' id='word_1_434' title='bbox 3200 2507 3302 2550; x_wconf 89' lang='lat' dir='ltr'><strong>nos</strong></span> <span class='ocrx_word' id='word_1_435' title='bbox 3316 2492 3486 2562; x_wconf 81' lang='lat' dir='ltr'><strong>jubet</strong></span> <span class='ocrx_word' id='word_1_436' title='bbox 3499 2507 3698 2558; x_wconf 84' lang='lat' dir='ltr'><strong>orare,</strong></span> <span class='ocrx_word' id='word_1_437' title='bbox 3715 2501 3771 2548; x_wconf 84' lang='lat' dir='ltr'><strong>ut</strong></span> <span class='ocrx_word' id='word_1_438' title='bbox 3790 2507 3903 2563; x_wconf 62' lang='lat' dir='ltr'><strong>perun</strong></span> 
     </span>
    </p>
   </div>
   <div class='ocr_carea' id='block_1_56' title="bbox 2357 2585 3904 2658">
    <p class='ocr_par' dir='ltr' id='par_1_56' title="bbox 2357 2585 3904 2658">
     <span class='ocr_line' id='line_1_56' title="bbox 2357 2585 3904 2658; baseline -0.003 -14"><span class='ocrx_word' id='word_1_439' title='bbox 2357 2586 2426 2643; x_wconf 84' lang='lat' dir='ltr'><strong>tis</strong></span> <span class='ocrx_word' id='word_1_440' title='bbox 2455 2601 2642 2644; x_wconf 88' lang='lat' dir='ltr'><strong>eorum</strong></span> <span class='ocrx_word' id='word_1_441' title='bbox 2685 2589 2900 2642; x_wconf 89' lang='lat' dir='ltr'><strong>veniam</strong></span> <span class='ocrx_word' id='word_1_442' title='bbox 2951 2587 3318 2658; x_wconf 74' lang='lat' dir='ltr'><strong>postulamus;</strong></span> <span class='ocrx_word' id='word_1_443' title='bbox 3369 2587 3524 2641; x_wconf 86' lang='lat' dir='ltr'><strong>sicut</strong></span> <span class='ocrx_word' id='word_1_444' title='bbox 3565 2585 3761 2644; x_wconf 78' lang='lat' dir='ltr'><strong>divino</strong></span> <span class='ocrx_word' id='word_1_445' title='bbox 3782 2585 3904 2655; x_wconf 53' lang='lat' dir='ltr'><strong>jussu</strong></span> 
     </span>
    </p>
   </div>
   <div class='ocr_carea' id='block_1_57' title="bbox 2353 2679 3902 2749">
    <p class='ocr_par' dir='ltr' id='par_1_57' title="bbox 2353 2679 3902 2749">
     <span class='ocr_line' id='line_1_57' title="bbox 2353 2679 3902 2749; baseline -0.002 -14"><span class='ocrx_word' id='word_1_446' title='bbox 2353 2679 2460 2736; x_wconf 91' lang='lat' dir='ltr'><strong>Job</strong></span> <span class='ocrx_word' id='word_1_447' title='bbox 2508 2689 2724 2736; x_wconf 87' lang='lat' dir='ltr'><strong>sanctus</strong></span> <span class='ocrx_word' id='word_1_448' title='bbox 2772 2679 2981 2736; x_wconf 91' lang='lat' dir='ltr'><strong>electus</strong></span> <span class='ocrx_word' id='word_1_449' title='bbox 3032 2687 3135 2746; x_wconf 88' lang='lat' dir='ltr'><strong>est,</strong></span> <span class='ocrx_word' id='word_1_450' title='bbox 3185 2679 3342 2748; x_wconf 85' lang='lat' dir='ltr'><strong>cujus</strong></span> <span class='ocrx_word' id='word_1_451' title='bbox 3397 2679 3594 2735; x_wconf 76' lang='lat' dir='ltr'><strong>oratio</strong></span> <span class='ocrx_word' id='word_1_452' title='bbox 3642 2693 3814 2749; x_wconf 70' lang='lat' dir='ltr'><strong>regum</strong></span> 
     </span>
    </p>
   </div>
   <div class='ocr_carea' id='block_1_58' title="bbox 2355 2772 3900 2843">
    <p class='ocr_par' dir='ltr' id='par_1_58' title="bbox 2355 2772 3900 2843">
     <span class='ocr_line' id='line_1_58' title="bbox 2355 2772 3900 2843; baseline -0.006 -12"><span class='ocrx_word' id='word_1_453' title='bbox 2355 2791 2475 2831; x_wconf 90' lang='lat' dir='ltr'><strong>rum</strong></span> <span class='ocrx_word' id='word_1_454' title='bbox 2532 2773 2974 2832; x_wconf 86' lang='lat' dir='ltr'><strong>calumniantium</strong></span> <span class='ocrx_word' id='word_1_455' title='bbox 3021 2774 3173 2843; x_wconf 87' lang='lat' dir='ltr'><strong>justo</strong></span> <span class='ocrx_word' id='word_1_456' title='bbox 3226 2773 3481 2830; x_wconf 81' lang='lat' dir='ltr'><strong>aboleret</strong></span> <span class='ocrx_word' id='word_1_457' title='bbox 3540 2772 3804 2829; x_wconf 78' lang='lat' dir='ltr'><strong>oﬂ&#39;ensaai</strong></span> <span class='ocrx_word' id='word_1_458' title='bbox 3838 2773 3900 2835; x_wconf 68' lang='lat' dir='ltr'><strong>tta</strong></span> 
     </span>
    </p>
   </div>
   <div class='ocr_carea' id='block_1_59' title="bbox 2353 2866 2597 2940">
    <p class='ocr_par' dir='ltr' id='par_1_59' title="bbox 2353 2866 2597 2940">
     <span class='ocr_line' id='line_1_59' title="bbox 2353 2866 2597 2940; baseline -0.012 -15"><span class='ocrx_word' id='word_1_459' title='bbox 2353 2883 2483 2935; x_wconf 78' lang='lat' dir='ltr'><strong>ml,</strong></span> <span class='ocrx_word' id='word_1_460' title='bbox 2517 2866 2597 2940; x_wconf 88' lang='lat'><strong>8).</strong></span> 
     </span>
    </p>
   </div>
   <div class='ocr_carea' id='block_1_60' title="bbox 2430 2956 3903 3031">
    <p class='ocr_par' dir='ltr' id='par_1_60' title="bbox 2430 2956 3903 3031">
     <span class='ocr_line' id='line_1_60' title="bbox 2430 2956 3903 3031; baseline -0.005 -15"><span class='ocrx_word' id='word_1_461' title='bbox 2430 2961 2513 3016; x_wconf 82' lang='lat' dir='ltr'><strong>li.</strong></span> <span class='ocrx_word' id='word_1_462' title='bbox 2559 2958 2698 3031; x_wconf 86' lang='lat' dir='ltr'><strong>Ergo</strong></span> <span class='ocrx_word' id='word_1_463' title='bbox 2718 2960 2819 3015; x_wconf 90' lang='lat' dir='ltr'><strong>etsi</strong></span> <span class='ocrx_word' id='word_1_464' title='bbox 2836 2959 3082 3015; x_wconf 82' lang='lat' dir='ltr'><strong>inﬁrmus</strong></span> <span class='ocrx_word' id='word_1_465' title='bbox 3126 2973 3209 3026; x_wconf 89' lang='lat' dir='ltr'><strong>es,</strong></span> <span class='ocrx_word' id='word_1_466' title='bbox 3250 2972 3385 3022; x_wconf 87' lang='lat' dir='ltr'><strong>ora;</strong></span> <span class='ocrx_word' id='word_1_467' title='bbox 3417 2957 3532 3014; x_wconf 87' lang='lat' dir='ltr'><strong>etsi</strong></span> <span class='ocrx_word' id='word_1_468' title='bbox 3559 2956 3727 3013; x_wconf 76' lang='lat' dir='ltr'><strong>{ortis</strong></span> <span class='ocrx_word' id='word_1_469' title='bbox 3753 2970 3903 3024; x_wconf 49' lang='lat' dir='ltr'><strong>eam.</strong></span> 
     </span>
    </p>
   </div>
   <div class='ocr_carea' id='block_1_61' title="bbox 2351 3048 3905 3123">
    <p class='ocr_par' dir='ltr' id='par_1_61' title="bbox 2351 3048 3905 3123">
     <span class='ocr_line' id='line_1_61' title="bbox 2351 3048 3905 3123; baseline -0.008 -13"><span class='ocrx_word' id='word_1_470' title='bbox 2351 3053 2603 3112; x_wconf 87' lang='lat' dir='ltr'><strong>inlirtnus</strong></span> <span class='ocrx_word' id='word_1_471' title='bbox 2632 3067 2732 3123; x_wconf 85' lang='lat' dir='ltr'><strong>pro</strong></span> <span class='ocrx_word' id='word_1_472' title='bbox 2755 3062 2808 3109; x_wconf 89' lang='lat' dir='ltr'><strong>te</strong></span> <span class='ocrx_word' id='word_1_473' title='bbox 2835 3065 2982 3118; x_wconf 90' lang='lat' dir='ltr'><strong>oras,</strong></span> <span class='ocrx_word' id='word_1_474' title='bbox 3008 3050 3162 3106; x_wconf 82' lang='lat' dir='ltr'><strong>fortis</strong></span> <span class='ocrx_word' id='word_1_475' title='bbox 3189 3065 3286 3120; x_wconf 88' lang='lat' dir='ltr'><strong>pro</strong></span> <span class='ocrx_word' id='word_1_476' title='bbox 3317 3049 3561 3106; x_wconf 85' lang='lat' dir='ltr'><strong>inimico</strong></span> <span class='ocrx_word' id='word_1_477' title='bbox 3586 3058 3687 3104; x_wconf 90' lang='lat' dir='ltr'><strong>tuo</strong></span> <span class='ocrx_word' id='word_1_478' title='bbox 3710 3063 3830 3104; x_wconf 80' lang='lat' dir='ltr'><strong>oras.</strong></span> <span class='ocrx_word' id='word_1_479' title='bbox 3853 3048 3905 3100; x_wconf 45' lang='lat' dir='ltr'><strong>Bs</strong></span> 
     </span>
    </p>
   </div>
   <div class='ocr_carea' id='block_1_62' title="bbox 2352 3147 3902 3216">
    <p class='ocr_par' dir='ltr' id='par_1_62' title="bbox 2352 3147 3902 3216">
     <span class='ocr_line' id='line_1_62' title="bbox 2352 3147 3902 3216; baseline -0.005 -10"><span class='ocrx_word' id='word_1_480' title='bbox 2352 3165 2482 3206; x_wconf 90' lang='lat' dir='ltr'><strong>num</strong></span> <span class='ocrx_word' id='word_1_481' title='bbox 2515 3159 2726 3206; x_wconf 90' lang='lat' dir='ltr'><strong>scutum</strong></span> <span class='ocrx_word' id='word_1_482' title='bbox 2771 3148 3126 3215; x_wconf 82' lang='lat' dir='ltr'><strong>inﬁrmitatis,</strong></span> <span class='ocrx_word' id='word_1_483' title='bbox 3173 3148 3372 3204; x_wconf 88' lang='lat' dir='ltr'><strong>oratio.</strong></span> <span class='ocrx_word' id='word_1_484' title='bbox 3400 3148 3490 3204; x_wconf 82' lang='lat' dir='ltr'><strong>&#39;l‘u</strong></span> <span class='ocrx_word' id='word_1_485' title='bbox 3522 3163 3684 3216; x_wconf 84' lang='lat' dir='ltr'><strong>oras,</strong></span> <span class='ocrx_word' id='word_1_486' title='bbox 3715 3147 3902 3206; x_wconf 89' lang='lat' dir='ltr'><strong>et</strong></span> 
     </span>
    </p>
   </div>
   <div class='ocr_carea' id='block_1_63' title="bbox 648 3243 3904 3319">
    <p class='ocr_par' dir='ltr' id='par_1_63' title="bbox 648 3243 3904 3319">
     <span class='ocr_line' id='line_1_63' title="bbox 648 3243 3904 3319; baseline -0.001 -16"><span class='ocrx_word' id='word_1_487' title='bbox 648 3248 735 3305; x_wconf 89' lang='lat' dir='ltr'><strong>vel</strong></span> <span class='ocrx_word' id='word_1_488' title='bbox 760 3247 943 3319; x_wconf 84' lang='lat' dir='ltr'><strong>iugere</strong></span> <span class='ocrx_word' id='word_1_489' title='bbox 967 3262 997 3301; x_wconf 88' lang='lat' dir='ltr'><strong>a</strong></span> <span class='ocrx_word' id='word_1_490' title='bbox 1027 3246 1164 3303; x_wconf 82' lang='lat' dir='ltr'><strong>faeie</strong></span> <span class='ocrx_word' id='word_1_491' title='bbox 1190 3247 1327 3317; x_wconf 85' lang='lat' dir='ltr'><strong>ejus,</strong></span> <span class='ocrx_word' id='word_1_492' title='bbox 1372 3255 1430 3301; x_wconf 88' lang='lat' dir='ltr'><strong>ut</strong></span> <span class='ocrx_word' id='word_1_493' title='bbox 1455 3246 1701 3306; x_wconf 82' lang='lat' dir='ltr'><strong>Rebecca</strong></span> <span class='ocrx_word' id='word_1_494' title='bbox 1739 3247 2022 3314; x_wconf 84' lang='lat' dir='ltr'><strong>suadebat,</strong></span> <span class='ocrx_word' id='word_1_495' title='bbox 2056 3265 2123 3304; x_wconf 90' lang='lat' dir='ltr'><strong>ne</strong></span> <span class='ocrx_word' id='word_1_496' title='bbox 2149 3249 2254 3304; x_wconf 89' lang='lat' dir='ltr'><strong>ira-</strong></span> <span class='ocrx_word' id='word_1_497' title='bbox 2283 3253 2328 3317; x_wconf 74' lang='grc' dir='ltr'><strong>ρ</strong></span> <span class='ocrx_word' id='word_1_498' title='bbox 2361 3261 2463 3301; x_wconf 88' lang='lat' dir='ltr'><strong>nus</strong></span> <span class='ocrx_word' id='word_1_499' title='bbox 2491 3254 2543 3301; x_wconf 90' lang='lat' dir='ltr'><strong>te</strong></span> <span class='ocrx_word' id='word_1_500' title='bbox 2573 3243 2827 3316; x_wconf 87' lang='lat' dir='ltr'><strong>protegit.</strong></span> <span class='ocrx_word' id='word_1_501' title='bbox 2860 3244 3068 3301; x_wconf 90' lang='lat' dir='ltr'><strong>Bonum</strong></span> <span class='ocrx_word' id='word_1_502' title='bbox 3115 3253 3330 3302; x_wconf 86' lang='lat' dir='ltr'><strong>scutum</strong></span> <span class='ocrx_word' id='word_1_503' title='bbox 3358 3243 3540 3302; x_wconf 87' lang='lat' dir='ltr'><strong>etiam</strong></span> <span class='ocrx_word' id='word_1_504' title='bbox 3573 3244 3904 3316; x_wconf 49' lang='lat' dir='ltr'><strong>triumphante</strong></span> 
     </span>
    </p>
   </div>
   <div class='ocr_carea' id='block_1_64' title="bbox 647 3340 2246 3412">
    <p class='ocr_par' dir='ltr' id='par_1_64' title="bbox 647 3340 2246 3412">
     <span class='ocr_line' id='line_1_64' title="bbox 647 3340 2246 3412; baseline -0.001 -13"><span class='ocrx_word' id='word_1_505' title='bbox 647 3341 844 3399; x_wconf 86' lang='lat' dir='ltr'><strong>cundia</strong></span> <span class='ocrx_word' id='word_1_506' title='bbox 869 3341 1050 3397; x_wconf 77' lang='lat' dir='ltr'><strong>fratris</strong></span> <span class='ocrx_word' id='word_1_507' title='bbox 1068 3341 1414 3396; x_wconf 84' lang='lat' dir='ltr'><strong>occasionem</strong></span> <span class='ocrx_word' id='word_1_508' title='bbox 1442 3340 1673 3396; x_wconf 86' lang='lat' dir='ltr'><strong>nocendi</strong></span> <span class='ocrx_word' id='word_1_509' title='bbox 1700 3340 1934 3411; x_wconf 87' lang='lat' dir='ltr'><strong>aliquam</strong></span> <span class='ocrx_word' id='word_1_510' title='bbox 1960 3342 2246 3412; x_wconf 85' lang='lat' dir='ltr'><strong>reperiret;</strong></span> 
     </span>
    </p>
   </div>
   <div class='ocr_carea' id='block_1_65' title="bbox 649 3433 2243 3505">
    <p class='ocr_par' dir='ltr' id='par_1_65' title="bbox 649 3433 2243 3505">
     <span class='ocr_line' id='line_1_65' title="bbox 649 3433 2243 3505; baseline -0.002 -12"><span class='ocrx_word' id='word_1_511' title='bbox 649 3445 707 3493; x_wconf 84' lang='lat' dir='ltr'><strong>et</strong></span> <span class='ocrx_word' id='word_1_512' title='bbox 740 3436 787 3491; x_wconf 87' lang='lat' dir='ltr'><strong>si</strong></span> <span class='ocrx_word' id='word_1_513' title='bbox 817 3434 1094 3505; x_wconf 77' lang='lat' dir='ltr'><strong>proximus</strong></span> <span class='ocrx_word' id='word_1_514' title='bbox 1120 3443 1213 3488; x_wconf 89' lang='lat' dir='ltr'><strong>aut</strong></span> <span class='ocrx_word' id='word_1_515' title='bbox 1231 3433 1584 3499; x_wconf 85' lang='lat' dir='ltr'><strong>domesticus,</strong></span> <span class='ocrx_word' id='word_1_516' title='bbox 1612 3434 1790 3499; x_wconf 89' lang='lat' dir='ltr'><strong>dolet;</strong></span> <span class='ocrx_word' id='word_1_517' title='bbox 1825 3443 1880 3490; x_wconf 87' lang='lat' dir='ltr'><strong>et</strong></span> <span class='ocrx_word' id='word_1_518' title='bbox 1901 3435 1944 3490; x_wconf 91' lang='lat' dir='ltr'><strong>si</strong></span> <span class='ocrx_word' id='word_1_519' title='bbox 1975 3435 2243 3502; x_wconf 87' lang='lat' dir='ltr'><strong>minister,</strong></span> 
     </span>
    </p>
   </div>
   <div class='ocr_carea' id='block_1_66' title="bbox 645 3525 2249 3595">
    <p class='ocr_par' dir='ltr' id='par_1_66' title="bbox 645 3525 2249 3595">
     <span class='ocr_line' id='line_1_66' title="bbox 645 3525 2249 3595; baseline 0 -13"><span class='ocrx_word' id='word_1_520' title='bbox 645 3526 1108 3589; x_wconf 86' lang='lat' dir='ltr'><strong>autlibertus,aut</strong></span> <span class='ocrx_word' id='word_1_521' title='bbox 1131 3540 1342 3592; x_wconf 88' lang='lat' dir='ltr'><strong>servus,</strong></span> <span class='ocrx_word' id='word_1_522' title='bbox 1370 3525 1475 3582; x_wconf 78' lang='lat' dir='ltr'><strong>fert</strong></span> <span class='ocrx_word' id='word_1_523' title='bbox 1498 3526 1784 3595; x_wconf 88' lang='lat' dir='ltr'><strong>patienter,</strong></span> <span class='ocrx_word' id='word_1_524' title='bbox 1809 3527 1937 3582; x_wconf 90' lang='lat' dir='ltr'><strong>etin</strong></span> <span class='ocrx_word' id='word_1_525' title='bbox 1962 3526 2048 3583; x_wconf 88' lang='lat' dir='ltr'><strong>his</strong></span> <span class='ocrx_word' id='word_1_526' title='bbox 2073 3527 2249 3583; x_wconf 84' lang='lat' dir='ltr'><strong>omni-</strong></span> 
     </span>
    </p>
   </div>
   <div class='ocr_carea' id='block_1_67' title="bbox 644 3616 2220 3688">
    <p class='ocr_par' dir='ltr' id='par_1_67' title="bbox 644 3616 2220 3688">
     <span class='ocr_line' id='line_1_67' title="bbox 644 3616 2220 3688; baseline -0.001 -12"><span class='ocrx_word' id='word_1_527' title='bbox 644 3621 748 3676; x_wconf 85' lang='lat' dir='ltr'><strong>bus</strong></span> <span class='ocrx_word' id='word_1_528' title='bbox 777 3627 920 3674; x_wconf 85' lang='lat' dir='ltr'><strong>tacet</strong></span> <span class='ocrx_word' id='word_1_529' title='bbox 950 3633 964 3672; x_wconf 89' lang='lat'><strong>:</strong></span> <span class='ocrx_word' id='word_1_530' title='bbox 991 3632 1059 3672; x_wconf 88' lang='lat' dir='ltr'><strong>ne</strong></span> <span class='ocrx_word' id='word_1_531' title='bbox 1109 3617 1158 3673; x_wconf 88' lang='lat' dir='ltr'><strong>ei</strong></span> <span class='ocrx_word' id='word_1_532' title='bbox 1183 3616 1528 3686; x_wconf 85' lang='lat' dir='ltr'><strong>respondeat,</strong></span> <span class='ocrx_word' id='word_1_533' title='bbox 1559 3633 1588 3672; x_wconf 87' lang='lat' dir='ltr'><strong>a</strong></span> <span class='ocrx_word' id='word_1_534' title='bbox 1614 3633 1722 3688; x_wconf 88' lang='lat' dir='ltr'><strong>quo</strong></span> <span class='ocrx_word' id='word_1_535' title='bbox 1766 3633 1892 3673; x_wconf 90' lang='lat' dir='ltr'><strong>eum</strong></span> <span class='ocrx_word' id='word_1_536' title='bbox 1939 3619 2115 3675; x_wconf 89' lang='lat' dir='ltr'><strong>cernit</strong></span> <span class='ocrx_word' id='word_1_537' title='bbox 2149 3621 2220 3675; x_wconf 89' lang='lat' dir='ltr'><strong>im</strong></span> 
     </span>
    </p>
   </div>
   <div class='ocr_carea' id='block_1_68' title="bbox 646 3709 2248 3784">
    <p class='ocr_par' dir='ltr' id='par_1_68' title="bbox 646 3709 2248 3784">
     <span class='ocr_line' id='line_1_68' title="bbox 646 3709 2248 3784; baseline 0.001 -18"><span class='ocrx_word' id='word_1_538' title='bbox 646 3711 800 3784; x_wconf 68' lang='lat' dir='ltr'><strong>pelli.</strong></span> <span class='ocrx_word' id='word_1_539' title='bbox 848 3709 1197 3766; x_wconf 83' lang='lat' dir='ltr'><strong>Conviciatur</strong></span> <span class='ocrx_word' id='word_1_540' title='bbox 1222 3723 1354 3781; x_wconf 88' lang='lat' dir='ltr'><strong>ergo</strong></span> <span class='ocrx_word' id='word_1_541' title='bbox 1379 3725 1447 3765; x_wconf 88' lang='lat' dir='ltr'><strong>ex</strong></span> <span class='ocrx_word' id='word_1_542' title='bbox 1477 3709 1792 3766; x_wconf 90' lang='lat' dir='ltr'><strong>domesticis</strong></span> <span class='ocrx_word' id='word_1_543' title='bbox 1840 3711 2073 3782; x_wconf 81' lang='lat' dir='ltr'><strong>aliquis?</strong></span> <span class='ocrx_word' id='word_1_544' title='bbox 2099 3712 2248 3768; x_wconf 92' lang='lat' dir='ltr'><strong>dolet</strong></span> 
     </span>
    </p>
   </div>
   <div class='ocr_carea' id='block_1_69' title="bbox 645 3801 2247 3870">
    <p class='ocr_par' dir='ltr' id='par_1_69' title="bbox 645 3801 2247 3870">
     <span class='ocr_line' id='line_1_69' title="bbox 645 3801 2247 3870; baseline 0.001 -11"><span class='ocrx_word' id='word_1_545' title='bbox 645 3813 702 3859; x_wconf 91' lang='lat' dir='ltr'><strong>et</strong></span> <span class='ocrx_word' id='word_1_546' title='bbox 739 3811 911 3862; x_wconf 84' lang='lat' dir='ltr'><strong>tacet;</strong></span> <span class='ocrx_word' id='word_1_547' title='bbox 969 3801 1303 3858; x_wconf 84' lang='lat' dir='ltr'><strong>conviciatur</strong></span> <span class='ocrx_word' id='word_1_548' title='bbox 1357 3801 1619 3858; x_wconf 87' lang='lat' dir='ltr'><strong>libertus?</strong></span> <span class='ocrx_word' id='word_1_549' title='bbox 1676 3809 1865 3870; x_wconf 88' lang='lat' dir='ltr'><strong>tacet;</strong></span> <span class='ocrx_word' id='word_1_550' title='bbox 1914 3803 2247 3861; x_wconf 82' lang='lat' dir='ltr'><strong>conviciator</strong></span> 
     </span>
    </p>
   </div>
   <div class='ocr_carea' id='block_1_70' title="bbox 646 3893 2245 3965">
    <p class='ocr_par' dir='ltr' id='par_1_70' title="bbox 646 3893 2245 3965">
     <span class='ocr_line' id='line_1_70' title="bbox 646 3893 2245 3965; baseline 0 -13"><span class='ocrx_word' id='word_1_551' title='bbox 646 3895 874 3952; x_wconf 86' lang='lat' dir='ltr'><strong>servus?</strong></span> <span class='ocrx_word' id='word_1_552' title='bbox 917 3903 1077 3949; x_wconf 84' lang='lat' dir='ltr'><strong>tacet.</strong></span> <span class='ocrx_word' id='word_1_553' title='bbox 1104 3893 1196 3950; x_wconf 85' lang='lat' dir='ltr'><strong>Sic</strong></span> <span class='ocrx_word' id='word_1_554' title='bbox 1215 3893 1450 3950; x_wconf 87' lang='lat' dir='ltr'><strong>vincitur</strong></span> <span class='ocrx_word' id='word_1_555' title='bbox 1491 3895 1583 3964; x_wconf 87' lang='lat' dir='ltr'><strong>qui</strong></span> <span class='ocrx_word' id='word_1_556' title='bbox 1624 3894 1874 3965; x_wconf 89' lang='lat' dir='ltr'><strong>laqueum</strong></span> <span class='ocrx_word' id='word_1_557' title='bbox 1903 3895 2021 3965; x_wconf 86' lang='lat' dir='ltr'><strong>ejus</strong></span> <span class='ocrx_word' id='word_1_558' title='bbox 2048 3897 2245 3953; x_wconf 66' lang='lat' dir='ltr'><strong>animae</strong></span> 
     </span>
    </p>
   </div>
   <div class='ocr_carea' id='block_1_71' title="bbox 642 3985 2245 4059">
    <p class='ocr_par' dir='ltr' id='par_1_71' title="bbox 642 3985 2245 4059">
     <span class='ocr_line' id='line_1_71' title="bbox 642 3985 2245 4059; baseline 0.001 -15"><span class='ocrx_word' id='word_1_559' title='bbox 642 4003 742 4059; x_wconf 85' lang='lat' dir='ltr'><strong>per</strong></span> <span class='ocrx_word' id='word_1_560' title='bbox 766 4001 946 4044; x_wconf 86' lang='lat' dir='ltr'><strong>escam</strong></span> <span class='ocrx_word' id='word_1_561' title='bbox 977 3987 1126 4042; x_wconf 85' lang='lat' dir='ltr'><strong>vocis</strong></span> <span class='ocrx_word' id='word_1_562' title='bbox 1155 3985 1416 4042; x_wconf 82' lang='lat' dir='ltr'><strong>extendit.</strong></span> <span class='ocrx_word' id='word_1_563' title='bbox 1441 3985 1583 4042; x_wconf 89' lang='lat' dir='ltr'><strong>Tace</strong></span> <span class='ocrx_word' id='word_1_564' title='bbox 1610 4001 1741 4057; x_wconf 86' lang='lat' dir='ltr'><strong>ergo</strong></span> <span class='ocrx_word' id='word_1_565' title='bbox 1784 3997 1838 4042; x_wconf 90' lang='lat' dir='ltr'><strong>et</strong></span> <span class='ocrx_word' id='word_1_566' title='bbox 1890 3996 1946 4043; x_wconf 91' lang='lat' dir='ltr'><strong>tu</strong></span> <span class='ocrx_word' id='word_1_567' title='bbox 1992 4002 2117 4044; x_wconf 89' lang='lat' dir='ltr'><strong>cum</strong></span> <span class='ocrx_word' id='word_1_568' title='bbox 2149 3988 2245 4046; x_wconf 86' lang='lat' dir='ltr'><strong>tibi</strong></span> 
     </span>
    </p>
   </div>
   <div class='ocr_carea' id='block_1_72' title="bbox 641 4080 2246 4154">
    <p class='ocr_par' dir='ltr' id='par_1_72' title="bbox 641 4080 2246 4154">
     <span class='ocr_line' id='line_1_72' title="bbox 641 4080 2246 4154; baseline 0 -16"><span class='ocrx_word' id='word_1_569' title='bbox 641 4081 896 4154; x_wconf 87' lang='lat' dir='ltr'><strong>indignus</strong></span> <span class='ocrx_word' id='word_1_570' title='bbox 915 4080 1282 4145; x_wconf 81' lang='lat' dir='ltr'><strong>conviciator;</strong></span> <span class='ocrx_word' id='word_1_571' title='bbox 1318 4090 1435 4136; x_wconf 89' lang='lat' dir='ltr'><strong>tace</strong></span> <span class='ocrx_word' id='word_1_572' title='bbox 1461 4091 1583 4136; x_wconf 89' lang='lat' dir='ltr'><strong>cum</strong></span> <span class='ocrx_word' id='word_1_573' title='bbox 1614 4080 1711 4136; x_wconf 91' lang='lat' dir='ltr'><strong>tibi</strong></span> <span class='ocrx_word' id='word_1_574' title='bbox 1749 4095 1960 4147; x_wconf 87' lang='lat' dir='ltr'><strong>servus,</strong></span> <span class='ocrx_word' id='word_1_575' title='bbox 1995 4092 2046 4138; x_wconf 91' lang='lat' dir='ltr'><strong>et</strong></span> <span class='ocrx_word' id='word_1_576' title='bbox 2066 4085 2246 4140; x_wconf 85' lang='lat' dir='ltr'><strong>maxi-</strong></span> 
     </span>
    </p>
   </div>
   <div class='ocr_carea' id='block_1_73' title="bbox 644 4174 2241 4244">
    <p class='ocr_par' dir='ltr' id='par_1_73' title="bbox 644 4174 2241 4244">
     <span class='ocr_line' id='line_1_73' title="bbox 644 4174 2241 4244; baseline 0.001 -12"><span class='ocrx_word' id='word_1_577' title='bbox 644 4192 734 4232; x_wconf 86' lang='lat' dir='ltr'><strong>me</strong></span> <span class='ocrx_word' id='word_1_578' title='bbox 772 4184 918 4244; x_wconf 87' lang='lat' dir='ltr'><strong>tuus,</strong></span> <span class='ocrx_word' id='word_1_579' title='bbox 950 4174 1336 4231; x_wconf 87' lang='lat' dir='ltr'><strong>contumeliam</strong></span> <span class='ocrx_word' id='word_1_580' title='bbox 1376 4174 1499 4230; x_wconf 85' lang='lat' dir='ltr'><strong>iacit</strong></span> <span class='ocrx_word' id='word_1_581' title='bbox 1530 4191 1545 4240; x_wconf 92' lang='lat'><strong>;</strong></span> <span class='ocrx_word' id='word_1_582' title='bbox 1575 4183 1630 4231; x_wconf 91' lang='lat' dir='ltr'><strong>et</strong></span> <span class='ocrx_word' id='word_1_583' title='bbox 1676 4174 1764 4231; x_wconf 87' lang='lat' dir='ltr'><strong>dic</strong></span> <span class='ocrx_word' id='word_1_584' title='bbox 1805 4175 1860 4232; x_wconf 90' lang='lat' dir='ltr'><strong>in</strong></span> <span class='ocrx_word' id='word_1_585' title='bbox 1889 4178 2055 4234; x_wconf 90' lang='lat' dir='ltr'><strong>corde</strong></span> <span class='ocrx_word' id='word_1_586' title='bbox 2109 4185 2241 4233; x_wconf 87' lang='lat' dir='ltr'><strong>tuo:</strong></span> 
     </span>
    </p>
   </div>
   <div class='ocr_carea' id='block_1_74' title="bbox 644 4265 2242 4340">
    <p class='ocr_par' dir='ltr' id='par_1_74' title="bbox 644 4265 2242 4340">
     <span class='ocr_line' id='line_1_74' title="bbox 644 4265 2242 4340; baseline 0.003 -16"><span class='ocrx_word' id='word_1_587' title='bbox 644 4269 760 4338; x_wconf 84' lang='lat' dir='ltr'><strong>Ego</strong></span> <span class='ocrx_word' id='word_1_588' title='bbox 788 4273 941 4324; x_wconf 84' lang='lat' dir='ltr'><strong>taceo</strong></span> <span class='ocrx_word' id='word_1_589' title='bbox 963 4283 982 4322; x_wconf 85' lang='lat'><strong><em>:</em></strong></span> <span class='ocrx_word' id='word_1_590' title='bbox 1010 4265 1092 4322; x_wconf 87' lang='lat' dir='ltr'><strong>Tu</strong></span> <span class='ocrx_word' id='word_1_591' title='bbox 1118 4276 1287 4322; x_wconf 68' lang='lat' dir='ltr'><strong>unum</strong></span> <span class='ocrx_word' id='word_1_592' title='bbox 1307 4284 1371 4322; x_wconf 88' lang='lat' dir='ltr'><strong>ne</strong></span> <span class='ocrx_word' id='word_1_593' title='bbox 1390 4279 1581 4336; x_wconf 84' lang='lat' dir='ltr'><strong>taceas,</strong></span> <span class='ocrx_word' id='word_1_594' title='bbox 1604 4267 1826 4324; x_wconf 81' lang='lat' dir='ltr'><strong>Domine</strong></span> <span class='ocrx_word' id='word_1_595' title='bbox 1853 4269 2026 4340; x_wconf 84' lang='lat' dir='ltr'><strong>(Psal.</strong></span> <span class='ocrx_word' id='word_1_596' title='bbox 2057 4287 2242 4340; x_wconf 70' lang='lat' dir='ltr'><strong>xxxrv,</strong></span> 
     </span>
    </p>
   </div>
   <div class='ocr_carea' id='block_1_75' title="bbox 644 4359 2244 4438">
    <p class='ocr_par' dir='ltr' id='par_1_75' title="bbox 644 4359 2244 4438">
     <span class='ocr_line' id='line_1_75' title="bbox 644 4359 2244 4438; baseline 0.006 -23"><span class='ocrx_word' id='word_1_597' title='bbox 644 4360 742 4433; x_wconf 88' lang='grc'><strong>22)</strong></span> <span class='ocrx_word' id='word_1_598' title='bbox 763 4377 780 4426; x_wconf 88' lang='lat'><strong>;</strong></span> <span class='ocrx_word' id='word_1_599' title='bbox 801 4371 858 4416; x_wconf 85' lang='lat' dir='ltr'><strong>et</strong></span> <span class='ocrx_word' id='word_1_600' title='bbox 877 4361 1016 4417; x_wconf 86' lang='lat' dir='ltr'><strong>adde</strong></span> <span class='ocrx_word' id='word_1_601' title='bbox 1040 4378 1054 4416; x_wconf 90' lang='lat'><strong>:</strong></span> <span class='ocrx_word' id='word_1_602' title='bbox 1079 4359 1167 4418; x_wconf 88' lang='lat' dir='ltr'><strong>Ne</strong></span> <span class='ocrx_word' id='word_1_603' title='bbox 1213 4363 1450 4416; x_wconf 79' lang='lat' dir='ltr'><strong>discedas</strong></span> <span class='ocrx_word' id='word_1_604' title='bbox 1476 4379 1510 4417; x_wconf 78' lang='grc' dir='ltr'>α</span> <span class='ocrx_word' id='word_1_605' title='bbox 1533 4377 1634 4430; x_wconf 85' lang='lat' dir='ltr'><strong>me,</strong></span> <span class='ocrx_word' id='word_1_606' title='bbox 1665 4372 1724 4418; x_wconf 90' lang='lat' dir='ltr'><strong>ut</strong></span> <span class='ocrx_word' id='word_1_607' title='bbox 1763 4365 1932 4420; x_wconf 88' lang='lat' dir='ltr'><strong>David</strong></span> <span class='ocrx_word' id='word_1_608' title='bbox 1978 4368 2244 4438; x_wconf 88' lang='lat' dir='ltr'><strong>propheta</strong></span> 
     </span>
    </p>
   </div>
   <div class='ocr_carea' id='block_1_76' title="bbox 645 4454 2241 4529">
    <p class='ocr_par' dir='ltr' id='par_1_76' title="bbox 645 4454 2241 4529">
     <span class='ocr_line' id='line_1_76' title="bbox 645 4454 2241 4529; baseline 0.004 -18"><span class='ocrx_word' id='word_1_609' title='bbox 645 4455 890 4520; x_wconf 86' lang='lat' dir='ltr'><strong>dicebat;</strong></span> <span class='ocrx_word' id='word_1_610' title='bbox 919 4454 1021 4509; x_wconf 86' lang='lat' dir='ltr'><strong>hoc</strong></span> <span class='ocrx_word' id='word_1_611' title='bbox 1047 4465 1152 4519; x_wconf 83' lang='lat' dir='ltr'><strong>est,</strong></span> <span class='ocrx_word' id='word_1_612' title='bbox 1181 4470 1251 4513; x_wconf 86' lang='lat' dir='ltr'><strong>ne</strong></span> <span class='ocrx_word' id='word_1_613' title='bbox 1295 4456 1470 4510; x_wconf 86' lang='lat' dir='ltr'><strong>solum</strong></span> <span class='ocrx_word' id='word_1_614' title='bbox 1500 4471 1587 4511; x_wconf 92' lang='lat' dir='ltr'><strong>me</strong></span> <span class='ocrx_word' id='word_1_615' title='bbox 1615 4459 2053 4529; x_wconf 87' lang='lat' dir='ltr'><strong>impugnantibus</strong></span> <span class='ocrx_word' id='word_1_616' title='bbox 2081 4461 2241 4518; x_wconf 87' lang='lat' dir='ltr'><strong>dere-</strong></span> 
     </span>
    </p>
   </div>
   <div class='ocr_carea' id='block_1_77' title="bbox 643 4542 2238 4621">
    <p class='ocr_par' dir='ltr' id='par_1_77' title="bbox 643 4542 2238 4621">
     <span class='ocr_line' id='line_1_77' title="bbox 643 4542 2238 4621; baseline 0.006 -17"><span class='ocrx_word' id='word_1_617' title='bbox 643 4543 884 4618; x_wconf 76' lang='lat' dir='ltr'><strong>linquas.</strong></span> <span class='ocrx_word' id='word_1_618' title='bbox 914 4542 1032 4606; x_wconf 83' lang='lat' dir='ltr'><strong>Non</strong></span> <span class='ocrx_word' id='word_1_619' title='bbox 1059 4554 1145 4603; x_wconf 86' lang='lat' dir='ltr'><strong>est</strong></span> <span class='ocrx_word' id='word_1_620' title='bbox 1162 4548 1307 4603; x_wconf 89' lang='lat' dir='ltr'><strong>enim</strong></span> <span class='ocrx_word' id='word_1_621' title='bbox 1337 4549 1505 4618; x_wconf 88' lang='lat' dir='ltr'><strong>solus,</strong></span> <span class='ocrx_word' id='word_1_622' title='bbox 1547 4550 1634 4605; x_wconf 92' lang='lat' dir='ltr'><strong>cui</strong></span> <span class='ocrx_word' id='word_1_623' title='bbox 1666 4550 1808 4608; x_wconf 85' lang='lat' dir='ltr'><strong>Deus</strong></span> <span class='ocrx_word' id='word_1_624' title='bbox 1859 4567 2098 4621; x_wconf 67' lang='lat' dir='ltr'><strong>praesens</strong></span> <span class='ocrx_word' id='word_1_625' title='bbox 2133 4563 2238 4613; x_wconf 89' lang='lat' dir='ltr'><strong>est.</strong></span> 
     </span>
    </p>
   </div>
   <div class='ocr_carea' id='block_1_78' title="bbox 2356 3338 3904 3410">
    <p class='ocr_par' dir='ltr' id='par_1_78' title="bbox 2356 3338 3904 3410">
     <span class='ocr_line' id='line_1_78' title="bbox 2356 3338 3904 3410; baseline -0.003 -16"><span class='ocrx_word' id='word_1_626' title='bbox 2356 3341 2700 3396; x_wconf 88' lang='lat' dir='ltr'><strong>utinimicum</strong></span> <span class='ocrx_word' id='word_1_627' title='bbox 2717 3349 2865 3396; x_wconf 90' lang='lat' dir='ltr'><strong>tuum</strong></span> <span class='ocrx_word' id='word_1_628' title='bbox 2879 3354 3038 3410; x_wconf 90' lang='lat' dir='ltr'><strong>quem</strong></span> <span class='ocrx_word' id='word_1_629' title='bbox 3060 3339 3233 3409; x_wconf 85' lang='lat' dir='ltr'><strong>possis</strong></span> <span class='ocrx_word' id='word_1_630' title='bbox 3259 3338 3452 3406; x_wconf 82' lang='lat' dir='ltr'><strong>ferire,</strong></span> <span class='ocrx_word' id='word_1_631' title='bbox 3483 3339 3783 3405; x_wconf 76' lang='lat' dir='ltr'><strong>defendas;</strong></span> <span class='ocrx_word' id='word_1_632' title='bbox 3814 3356 3861 3394; x_wconf 73' lang='lat' dir='ltr'><strong>ne</strong></span> <span class='ocrx_word' id='word_1_633' title='bbox 3877 3356 3904 3390; x_wconf 59' lang='grc' dir='ltr'>ιλ</span> 
     </span>
    </p>
   </div>
   <div class='ocr_carea' id='block_1_79' title="bbox 2350 3432 3902 3502">
    <p class='ocr_par' dir='ltr' id='par_1_79' title="bbox 2350 3432 3902 3502">
     <span class='ocr_line' id='line_1_79' title="bbox 2350 3432 3902 3502; baseline 0.003 -16"><span class='ocrx_word' id='word_1_634' title='bbox 2350 3432 2535 3502; x_wconf 87' lang='lat' dir='ltr'><strong>aliquo</strong></span> <span class='ocrx_word' id='word_1_635' title='bbox 2559 3432 2948 3497; x_wconf 88' lang='lat' dir='ltr'><strong>trucidetur,et</strong></span> <span class='ocrx_word' id='word_1_636' title='bbox 2979 3432 3155 3502; x_wconf 87' lang='lat' dir='ltr'><strong>(quod</strong></span> <span class='ocrx_word' id='word_1_637' title='bbox 3181 3440 3267 3488; x_wconf 89' lang='lat' dir='ltr'><strong>est</strong></span> <span class='ocrx_word' id='word_1_638' title='bbox 3287 3432 3498 3502; x_wconf 86' lang='lat' dir='ltr'><strong>majus)</strong></span> <span class='ocrx_word' id='word_1_639' title='bbox 3545 3449 3578 3487; x_wconf 84' lang='lat' dir='ltr'><strong>a</strong></span> <span class='ocrx_word' id='word_1_640' title='bbox 3621 3433 3902 3498; x_wconf 59' lang='lat' dir='ltr'><strong>Christus:</strong></span> 
     </span>
    </p>
   </div>
   <div class='ocr_carea' id='block_1_80' title="bbox 2351 3523 3904 3596">
    <p class='ocr_par' dir='ltr' id='par_1_80' title="bbox 2351 3523 3904 3596">
     <span class='ocr_line' id='line_1_80' title="bbox 2351 3523 3904 3596; baseline -0.001 -14"><span class='ocrx_word' id='word_1_641' title='bbox 2351 3525 2490 3582; x_wconf 81' lang='lat' dir='ltr'><strong>dixit</strong></span> <span class='ocrx_word' id='word_1_642' title='bbox 2519 3543 2533 3579; x_wconf 90' lang='lat'><strong>:</strong></span> <span class='ocrx_word' id='word_1_643' title='bbox 2561 3523 2694 3579; x_wconf 80' lang='lat' dir='ltr'><strong>Mihi</strong></span> <span class='ocrx_word' id='word_1_644' title='bbox 2710 3525 3072 3594; x_wconf 60' lang='lat' dir='ltr'><strong>vindictam,“</strong></span> <span class='ocrx_word' id='word_1_645' title='bbox 3094 3541 3186 3596; x_wconf 86' lang='lat' dir='ltr'><strong>ego</strong></span> <span class='ocrx_word' id='word_1_646' title='bbox 3206 3525 3499 3582; x_wconf 80' lang='lat' dir='ltr'><strong>retribuam</strong></span> <span class='ocrx_word' id='word_1_647' title='bbox 3529 3525 3722 3596; x_wconf 75' lang='lat' dir='ltr'><strong>(Rom.</strong></span> <span class='ocrx_word' id='word_1_648' title='bbox 3748 3543 3828 3590; x_wconf 80' lang='lat' dir='ltr'><strong>xu.</strong></span> <span class='ocrx_word' id='word_1_649' title='bbox 3848 3530 3904 3580; x_wconf 60' lang='lat' dir='ltr'><strong>iit.</strong></span> 
     </span>
    </p>
   </div>
   <div class='ocr_carea' id='block_1_81' title="bbox 2353 3619 3907 3692">
    <p class='ocr_par' dir='ltr' id='par_1_81' title="bbox 2353 3619 3907 3692">
     <span class='ocr_line' id='line_1_81' title="bbox 2353 3619 3907 3692; baseline 0.001 -18"><span class='ocrx_word' id='word_1_650' title='bbox 2353 3619 2480 3674; x_wconf 66' lang='lat' dir='ltr'><strong>Haec</strong></span> <span class='ocrx_word' id='word_1_651' title='bbox 2509 3626 2595 3674; x_wconf 90' lang='lat' dir='ltr'><strong>est</strong></span> <span class='ocrx_word' id='word_1_652' title='bbox 2620 3619 2817 3682; x_wconf 76' lang='lat' dir='ltr'><strong>oratio,</strong></span> <span class='ocrx_word' id='word_1_653' title='bbox 2843 3633 2967 3687; x_wconf 69' lang='lat' dir='ltr'><strong>qua:</strong></span> <span class='ocrx_word' id='word_1_654' title='bbox 2995 3619 3050 3674; x_wconf 91' lang='lat' dir='ltr'><strong>in</strong></span> <span class='ocrx_word' id='word_1_655' title='bbox 3073 3619 3251 3674; x_wconf 91' lang='lat' dir='ltr'><strong>sinum</strong></span> <span class='ocrx_word' id='word_1_656' title='bbox 3280 3621 3647 3676; x_wconf 84' lang='lat' dir='ltr'><strong>convertitur</strong></span> <span class='ocrx_word' id='word_1_657' title='bbox 3686 3620 3907 3692; x_wconf 60' lang='lat' dir='ltr'><strong>depreca-</strong></span> 
     </span>
    </p>
   </div>
   <div class='ocr_carea' id='block_1_82' title="bbox 2352 3708 3907 3783">
    <p class='ocr_par' dir='ltr' id='par_1_82' title="bbox 2352 3708 3907 3783">
     <span class='ocr_line' id='line_1_82' title="bbox 2352 3708 3907 3783; baseline -0.001 -19"><span class='ocrx_word' id='word_1_658' title='bbox 2352 3712 2442 3777; x_wconf 88' lang='lat' dir='ltr'><strong>tis,</strong></span> <span class='ocrx_word' id='word_1_659' title='bbox 2473 3710 2706 3766; x_wconf 80' lang='lat' dir='ltr'><strong>fructum</strong></span> <span class='ocrx_word' id='word_1_660' title='bbox 2732 3708 2975 3766; x_wconf 79' lang='lat' dir='ltr'><strong>referens</strong></span> <span class='ocrx_word' id='word_1_661' title='bbox 2993 3725 3184 3766; x_wconf 90' lang='lat' dir='ltr'><strong>eorum</strong></span> <span class='ocrx_word' id='word_1_662' title='bbox 3208 3724 3332 3780; x_wconf 67' lang='lat' dir='ltr'><strong>quae</strong></span> <span class='ocrx_word' id='word_1_663' title='bbox 3354 3710 3540 3768; x_wconf 87' lang='lat' dir='ltr'><strong>voluit</strong></span> <span class='ocrx_word' id='word_1_664' title='bbox 3571 3712 3865 3783; x_wconf 73' lang='lat' dir='ltr'><strong>impetrare;</strong></span> <span class='ocrx_word' id='word_1_665' title='bbox 3881 3727 3907 3762; x_wconf 65' lang='grc' dir='ltr'><strong>ιι</strong></span> 
     </span>
    </p>
   </div>
   <div class='ocr_carea' id='block_1_83' title="bbox 2349 3803 3906 3878">
    <p class='ocr_par' dir='ltr' id='par_1_83' title="bbox 2349 3803 3906 3878">
     <span class='ocr_line' id='line_1_83' title="bbox 2349 3803 3906 3878; baseline 0 -19"><span class='ocrx_word' id='word_1_666' title='bbox 2349 3803 2491 3859; x_wconf 86' lang='lat' dir='ltr'><strong>dona</strong></span> <span class='ocrx_word' id='word_1_667' title='bbox 2524 3804 2578 3857; x_wconf 91' lang='lat' dir='ltr'><strong>in</strong></span> <span class='ocrx_word' id='word_1_668' title='bbox 2600 3803 2717 3872; x_wconf 88' lang='lat' dir='ltr'><strong>ejus</strong></span> <span class='ocrx_word' id='word_1_669' title='bbox 2735 3803 2971 3878; x_wconf 82' lang='lat' dir='ltr'><strong>animam</strong></span> <span class='ocrx_word' id='word_1_670' title='bbox 3000 3818 3062 3860; x_wconf 89' lang='lat' dir='ltr'><strong>ac</strong></span> <span class='ocrx_word' id='word_1_671' title='bbox 3089 3814 3326 3862; x_wconf 88' lang='lat' dir='ltr'><strong>mentem</strong></span> <span class='ocrx_word' id='word_1_672' title='bbox 3378 3816 3716 3871; x_wconf 87' lang='lat' dir='ltr'><strong>recurrant,</strong></span> <span class='ocrx_word' id='word_1_673' title='bbox 3741 3821 3839 3876; x_wconf 79' lang='lat' dir='ltr'><strong>qua:</strong></span> <span class='ocrx_word' id='word_1_674' title='bbox 3858 3820 3906 3872; x_wconf 57' lang='lat' dir='ltr'><strong>re</strong></span> 
     </span>
    </p>
   </div>
   <div class='ocr_carea' id='block_1_84' title="bbox 2347 3895 3906 3969">
    <p class='ocr_par' dir='ltr' id='par_1_84' title="bbox 2347 3895 3906 3969">
     <span class='ocr_line' id='line_1_84' title="bbox 2347 3895 3906 3969; baseline -0.003 -17"><span class='ocrx_word' id='word_1_675' title='bbox 2347 3897 2524 3969; x_wconf 89' lang='lat' dir='ltr'><strong>poscit</strong></span> <span class='ocrx_word' id='word_1_676' title='bbox 2543 3913 2575 3952; x_wconf 91' lang='lat' dir='ltr'><strong>a</strong></span> <span class='ocrx_word' id='word_1_677' title='bbox 2602 3895 2864 3962; x_wconf 88' lang='lat' dir='ltr'><strong>Domino;</strong></span> <span class='ocrx_word' id='word_1_678' title='bbox 2889 3897 3031 3953; x_wconf 89' lang='lat' dir='ltr'><strong>sicut</strong></span> <span class='ocrx_word' id='word_1_679' title='bbox 3057 3897 3110 3951; x_wconf 91' lang='lat' dir='ltr'><strong>in</strong></span> <span class='ocrx_word' id='word_1_680' title='bbox 3135 3896 3538 3966; x_wconf 87' lang='lat' dir='ltr'><strong>posterioribus</strong></span> <span class='ocrx_word' id='word_1_681' title='bbox 3566 3897 3663 3954; x_wconf 88' lang='lat' dir='ltr'><strong>hic</strong></span> <span class='ocrx_word' id='word_1_682' title='bbox 3687 3899 3817 3955; x_wconf 83' lang='lat' dir='ltr'><strong>idem</strong></span> <span class='ocrx_word' id='word_1_683' title='bbox 3834 3913 3906 3964; x_wconf 65' lang='lat' dir='ltr'><strong>prs</strong></span> 
     </span>
    </p>
   </div>
   <div class='ocr_carea' id='block_1_85' title="bbox 2346 3989 3908 4060">
    <p class='ocr_par' dir='ltr' id='par_1_85' title="bbox 2346 3989 3908 4060">
     <span class='ocr_line' id='line_1_85' title="bbox 2346 3989 3908 4060; baseline -0.011 -13"><span class='ocrx_word' id='word_1_684' title='bbox 2346 3989 2509 4060; x_wconf 85' lang='lat' dir='ltr'><strong>pheta</strong></span> <span class='ocrx_word' id='word_1_685' title='bbox 2545 3997 2597 4044; x_wconf 87' lang='lat' dir='ltr'><strong>te</strong></span> <span class='ocrx_word' id='word_1_686' title='bbox 2625 3989 2811 4045; x_wconf 89' lang='lat' dir='ltr'><strong>docuit</strong></span> <span class='ocrx_word' id='word_1_687' title='bbox 2833 3990 3020 4046; x_wconf 84' lang='lat' dir='ltr'><strong>dicens</strong></span> <span class='ocrx_word' id='word_1_688' title='bbox 3045 4008 3059 4044; x_wconf 88' lang='lat'><strong>:</strong></span> <span class='ocrx_word' id='word_1_689' title='bbox 3094 3989 3185 4044; x_wconf 83' lang='lat' dir='ltr'><strong>Sic</strong></span> <span class='ocrx_word' id='word_1_690' title='bbox 3211 3989 3516 4045; x_wconf 74' lang='lat' dir='ltr'><strong>benedicens</strong></span> <span class='ocrx_word' id='word_1_691' title='bbox 3539 3999 3594 4046; x_wconf 77' lang='lat' dir='ltr'><strong>te</strong></span> <span class='ocrx_word' id='word_1_692' title='bbox 3622 3992 3684 4046; x_wconf 70' lang='grc' dir='ltr'><strong>εκ</strong></span> <span class='ocrx_word' id='word_1_693' title='bbox 3712 3993 3805 4045; x_wconf 62' lang='grc' dir='ltr'><strong>νέω</strong></span> 
     </span>
    </p>
   </div>
   <div class='ocr_carea' id='block_1_86' title="bbox 2346 4079 3909 4152">
    <p class='ocr_par' dir='ltr' id='par_1_86' title="bbox 2346 4079 3909 4152">
     <span class='ocr_line' id='line_1_86' title="bbox 2346 4079 3909 4152; baseline -0.001 -15"><span class='ocrx_word' id='word_1_694' title='bbox 2346 4092 2395 4137; x_wconf 85' lang='lat' dir='ltr'><strong>et</strong></span> <span class='ocrx_word' id='word_1_695' title='bbox 2434 4084 2489 4137; x_wconf 89' lang='lat' dir='ltr'><strong>in</strong></span> <span class='ocrx_word' id='word_1_696' title='bbox 2523 4083 2727 4138; x_wconf 82' lang='lat' dir='ltr'><strong>nomine</strong></span> <span class='ocrx_word' id='word_1_697' title='bbox 2763 4091 2854 4137; x_wconf 87' lang='lat' dir='ltr'><strong>tuo</strong></span> <span class='ocrx_word' id='word_1_698' title='bbox 2877 4083 3052 4138; x_wconf 82' lang='lat' dir='ltr'><strong>leuabo</strong></span> <span class='ocrx_word' id='word_1_699' title='bbox 3078 4097 3262 4137; x_wconf 87' lang='lat' dir='ltr'><strong>manus</strong></span> <span class='ocrx_word' id='word_1_700' title='bbox 3286 4096 3450 4136; x_wconf 75' lang='lat' dir='ltr'><strong>nicas.</strong></span> <span class='ocrx_word' id='word_1_701' title='bbox 3490 4079 3787 4152; x_wconf 68' lang='lat' dir='ltr'><strong>Tamquam</strong></span> <span class='ocrx_word' id='word_1_702' title='bbox 3815 4084 3909 4146; x_wconf 61' lang='grc' dir='ltr'><strong>στέφε</strong></span> 
     </span>
    </p>
   </div>
   <div class='ocr_carea' id='block_1_87' title="bbox 2345 4166 3905 4250">
    <p class='ocr_par' dir='ltr' id='par_1_87' title="bbox 2345 4166 3905 4250">
     <span class='ocr_line' id='line_1_87' title="bbox 2345 4166 3905 4250; baseline -0.004 -18"><span class='ocrx_word' id='word_1_703' title='bbox 2345 4186 2393 4232; x_wconf 88' lang='lat' dir='ltr'><strong>et</strong></span> <span class='ocrx_word' id='word_1_704' title='bbox 2419 4177 2727 4250; x_wconf 81' lang='lat' dir='ltr'><strong>pinguedine</strong></span> <span class='ocrx_word' id='word_1_705' title='bbox 2746 4166 3005 4246; x_wconf 70' lang='lat' dir='ltr'><strong>repleatur</strong></span> <span class='ocrx_word' id='word_1_706' title='bbox 3032 4176 3209 4230; x_wconf 86' lang='lat' dir='ltr'><strong>anima</strong></span> <span class='ocrx_word' id='word_1_707' title='bbox 3239 4173 3555 4246; x_wconf 84' lang='lat' dir='ltr'><strong>mea(Psal.</strong></span> <span class='ocrx_word' id='word_1_708' title='bbox 3594 4192 3741 4244; x_wconf 75' lang='lat' dir='ltr'><strong>uti,</strong></span> <span class='ocrx_word' id='word_1_709' title='bbox 3758 4176 3788 4233; x_wconf 83' lang='lat'><strong>5</strong></span> <span class='ocrx_word' id='word_1_710' title='bbox 3808 4187 3843 4230; x_wconf 69' lang='lat' dir='ltr'><strong>et</strong></span> <span class='ocrx_word' id='word_1_711' title='bbox 3863 4174 3905 4226; x_wconf 15' lang='lat'><strong>6‘.</strong></span> 
     </span>
    </p>
   </div>
   <div class='ocr_carea' id='block_1_88' title="bbox 2337 4267 3907 4342">
    <p class='ocr_par' dir='ltr' id='par_1_88' title="bbox 2337 4267 3907 4342">
     <span class='ocr_line' id='line_1_88' title="bbox 2337 4267 3907 4342; baseline -0.003 -14"><span class='ocrx_word' id='word_1_712' title='bbox 2337 4269 2460 4342; x_wconf 85' lang='lat' dir='ltr'><strong>ipse</strong></span> <span class='ocrx_word' id='word_1_713' title='bbox 2486 4281 2570 4328; x_wconf 89' lang='lat' dir='ltr'><strong>est</strong></span> <span class='ocrx_word' id='word_1_714' title='bbox 2588 4272 2739 4327; x_wconf 88' lang='lat' dir='ltr'><strong>sinus</strong></span> <span class='ocrx_word' id='word_1_715' title='bbox 2766 4271 2981 4337; x_wconf 84' lang='lat' dir='ltr'><strong>animae,</strong></span> <span class='ocrx_word' id='word_1_716' title='bbox 3012 4278 3278 4325; x_wconf 88' lang='lat' dir='ltr'><strong>secretum</strong></span> <span class='ocrx_word' id='word_1_717' title='bbox 3291 4267 3568 4324; x_wconf 87' lang='lat' dir='ltr'><strong>orationis</strong></span> <span class='ocrx_word' id='word_1_718' title='bbox 3587 4269 3716 4340; x_wconf 83' lang='lat' dir='ltr'><strong>ejus</strong></span> <span class='ocrx_word' id='word_1_719' title='bbox 3733 4281 3907 4340; x_wconf 75' lang='lat' dir='ltr'><strong>penem-</strong></span> 
     </span>
    </p>
   </div>
   <div class='ocr_carea' id='block_1_89' title="bbox 2344 4363 3906 4436">
    <p class='ocr_par' dir='ltr' id='par_1_89' title="bbox 2344 4363 3906 4436">
     <span class='ocr_line' id='line_1_89' title="bbox 2344 4363 3906 4436; baseline -0.004 -14"><span class='ocrx_word' id='word_1_720' title='bbox 2344 4366 2414 4422; x_wconf 89' lang='lat' dir='ltr'><strong>lia</strong></span> <span class='ocrx_word' id='word_1_721' title='bbox 2428 4367 2743 4434; x_wconf 89' lang='lat' dir='ltr'><strong>voluntatis,</strong></span> <span class='ocrx_word' id='word_1_722' title='bbox 2759 4365 3072 4436; x_wconf 72' lang='lat' dir='ltr'><strong>etqutedam</strong></span> <span class='ocrx_word' id='word_1_723' title='bbox 3086 4363 3487 4420; x_wconf 89' lang='lat' dir='ltr'><strong>recurrentium</strong></span> <span class='ocrx_word' id='word_1_724' title='bbox 3502 4373 3766 4420; x_wconf 86' lang='lat' dir='ltr'><strong>votorum</strong></span> <span class='ocrx_word' id='word_1_725' title='bbox 3781 4366 3906 4420; x_wconf 72' lang='lat' dir='ltr'><strong>intimi</strong></span> 
     </span>
    </p>
   </div>
   <div class='ocr_carea' id='block_1_90' title="bbox 2341 4455 3906 4532">
    <p class='ocr_par' dir='ltr' id='par_1_90' title="bbox 2341 4455 3906 4532">
     <span class='ocr_line' id='line_1_90' title="bbox 2341 4455 3906 4532; baseline -0.005 -16"><span class='ocrx_word' id='word_1_726' title='bbox 2341 4461 2702 4532; x_wconf 88' lang='lat' dir='ltr'><strong>receptacula.</strong></span> <span class='ocrx_word' id='word_1_727' title='bbox 2725 4459 2881 4516; x_wconf 92' lang='lat' dir='ltr'><strong>Unde</strong></span> <span class='ocrx_word' id='word_1_728' title='bbox 2906 4469 2960 4516; x_wconf 90' lang='lat' dir='ltr'><strong>et</strong></span> <span class='ocrx_word' id='word_1_729' title='bbox 2980 4458 3114 4530; x_wconf 87' lang='lat' dir='ltr'><strong>justi</strong></span> <span class='ocrx_word' id='word_1_730' title='bbox 3145 4457 3198 4514; x_wconf 92' lang='lat' dir='ltr'><strong>in</strong></span> <span class='ocrx_word' id='word_1_731' title='bbox 3251 4455 3493 4513; x_wconf 72' lang='lat' dir='ltr'><strong>Abrahae</strong></span> <span class='ocrx_word' id='word_1_732' title='bbox 3543 4457 3682 4514; x_wconf 87' lang='lat' dir='ltr'><strong>sinu</strong></span> <span class='ocrx_word' id='word_1_733' title='bbox 3726 4459 3906 4525; x_wconf 56' lang='lat' dir='ltr'><strong>requies</strong></span> 
     </span>
    </p>
   </div>
   <div class='ocr_carea' id='block_1_91' title="bbox 2341 4549 3902 4626">
    <p class='ocr_par' dir='ltr' id='par_1_91' title="bbox 2341 4549 3902 4626">
     <span class='ocr_line' id='line_1_91' title="bbox 2341 4549 3902 4626; baseline -0.008 -15"><span class='ocrx_word' id='word_1_734' title='bbox 2341 4569 2466 4611; x_wconf 87' lang='lat' dir='ltr'><strong>cere</strong></span> <span class='ocrx_word' id='word_1_735' title='bbox 2494 4555 2748 4626; x_wconf 89' lang='lat' dir='ltr'><strong>leguntur</strong></span> <span class='ocrx_word' id='word_1_736' title='bbox 2773 4553 2929 4626; x_wconf 85' lang='lat' dir='ltr'><strong>(Luc.</strong></span> <span class='ocrx_word' id='word_1_737' title='bbox 2959 4568 3070 4619; x_wconf 78' lang='lat' dir='ltr'><strong>xvi,</strong></span> <span class='ocrx_word' id='word_1_738' title='bbox 3102 4549 3222 4623; x_wconf 87' lang='grc'>22),</span> <span class='ocrx_word' id='word_1_739' title='bbox 3260 4549 3407 4621; x_wconf 91' lang='lat' dir='ltr'><strong>quod</strong></span> <span class='ocrx_word' id='word_1_740' title='bbox 3440 4550 3494 4605; x_wconf 91' lang='lat' dir='ltr'><strong>in</strong></span> <span class='ocrx_word' id='word_1_741' title='bbox 3529 4551 3661 4621; x_wconf 85' lang='lat' dir='ltr'><strong>ejus</strong></span> <span class='ocrx_word' id='word_1_742' title='bbox 3687 4549 3902 4622; x_wconf 56' lang='lat' dir='ltr'><strong>gratiae</strong></span> 
     </span>
    </p>
   </div>
   <div class='ocr_carea' id='block_1_92' title="bbox 643 4641 3903 4719">
    <p class='ocr_par' dir='ltr' id='par_1_92' title="bbox 643 4641 3903 4719">
     <span class='ocr_line' id='line_1_92' title="bbox 643 4641 3903 4719; baseline -0 -20"><span class='ocrx_word' id='word_1_743' title='bbox 643 4643 845 4714; x_wconf 73' lang='lat' dir='ltr'><strong>Accipe</strong></span> <span class='ocrx_word' id='word_1_744' title='bbox 867 4641 1258 4700; x_wconf 86' lang='lat' dir='ltr'><strong>testimonium.</strong></span> <span class='ocrx_word' id='word_1_745' title='bbox 1296 4643 1473 4713; x_wconf 65' lang='lat' dir='ltr'><strong>Eme,“</strong></span> <span class='ocrx_word' id='word_1_746' title='bbox 1479 4643 1671 4714; x_wconf 84' lang='lat' dir='ltr'><strong>inquit,</strong></span> <span class='ocrx_word' id='word_1_747' title='bbox 1704 4645 1839 4700; x_wconf 82' lang='lat' dir='ltr'><strong>venit</strong></span> <span class='ocrx_word' id='word_1_748' title='bbox 1860 4645 2017 4714; x_wconf 84' lang='lat' dir='ltr'><strong>hara,</strong></span> <span class='ocrx_word' id='word_1_749' title='bbox 2049 4657 2105 4703; x_wconf 85' lang='lat' dir='ltr'><strong>ut</strong></span> <span class='ocrx_word' id='word_1_750' title='bbox 2134 4649 2242 4705; x_wconf 84' lang='lat' dir='ltr'><strong>dis-</strong></span> <span class='ocrx_word' id='word_1_751' title='bbox 2267 4655 2321 4718; x_wconf 80' lang='grc' dir='ltr'>ι)</span> <span class='ocrx_word' id='word_1_752' title='bbox 2345 4649 2465 4719; x_wconf 88' lang='lat' dir='ltr'><strong>ejus</strong></span> <span class='ocrx_word' id='word_1_753' title='bbox 2493 4648 2702 4718; x_wconf 92' lang='lat' dir='ltr'><strong>requie,</strong></span> <span class='ocrx_word' id='word_1_754' title='bbox 2726 4648 2778 4702; x_wconf 90' lang='lat' dir='ltr'><strong>in</strong></span> <span class='ocrx_word' id='word_1_755' title='bbox 2803 4647 2922 4717; x_wconf 89' lang='lat' dir='ltr'><strong>ejus</strong></span> <span class='ocrx_word' id='word_1_756' title='bbox 2952 4645 3262 4716; x_wconf 89' lang='lat' dir='ltr'><strong>placiditate</strong></span> <span class='ocrx_word' id='word_1_757' title='bbox 3286 4641 3675 4714; x_wconf 88' lang='lat' dir='ltr'><strong>requiescant,</strong></span> <span class='ocrx_word' id='word_1_758' title='bbox 3728 4645 3810 4716; x_wconf 88' lang='lat' dir='ltr'><strong>qui</strong></span> <span class='ocrx_word' id='word_1_759' title='bbox 3828 4656 3903 4698; x_wconf 68' lang='lat' dir='ltr'><strong>cos»</strong></span> 
     </span>
    </p>
   </div>
   <div class='ocr_carea' id='block_1_93' title="bbox 639 4738 2247 4812">
    <p class='ocr_par' dir='ltr' id='par_1_93' title="bbox 639 4738 2247 4812">
     <span class='ocr_line' id='line_1_93' title="bbox 639 4738 2247 4812; baseline 0.001 -17"><span class='ocrx_word' id='word_1_760' title='bbox 639 4739 927 4810; x_wconf 81' lang='lat' dir='ltr'><strong>pergamini</strong></span> <span class='ocrx_word' id='word_1_761' title='bbox 971 4738 1326 4808; x_wconf 76' lang='lat' dir='ltr'><strong>unusquisque</strong></span> <span class='ocrx_word' id='word_1_762' title='bbox 1361 4738 1414 4792; x_wconf 81' lang='lat' dir='ltr'><strong>in</strong></span> <span class='ocrx_word' id='word_1_763' title='bbox 1453 4754 1569 4807; x_wconf 83' lang='lat' dir='ltr'><strong>sua,</strong></span> <span class='ocrx_word' id='word_1_764' title='bbox 1603 4747 1650 4793; x_wconf 79' lang='lat' dir='ltr'><strong>et</strong></span> <span class='ocrx_word' id='word_1_765' title='bbox 1675 4739 1844 4812; x_wconf 64' lang='grc' dir='ltr'><strong>βω</strong></span> <span class='ocrx_word' id='word_1_766' title='bbox 1868 4757 1948 4795; x_wconf 87' lang='lat' dir='ltr'><strong>me</strong></span> <span class='ocrx_word' id='word_1_767' title='bbox 1974 4742 2140 4797; x_wconf 82' lang='lat' dir='ltr'><strong>solum</strong></span> <span class='ocrx_word' id='word_1_768' title='bbox 2164 4759 2247 4798; x_wconf 86' lang='lat' dir='ltr'><strong>re-</strong></span> 
     </span>
    </p>
   </div>
   <div class='ocr_carea' id='block_1_94' title="bbox 640 4830 2246 4904">
    <p class='ocr_par' dir='ltr' id='par_1_94' title="bbox 640 4830 2246 4904">
     <span class='ocr_line' id='line_1_94' title="bbox 640 4830 2246 4904; baseline 0.003 -17"><span class='ocrx_word' id='word_1_769' title='bbox 640 4834 889 4904; x_wconf 76' lang='lat' dir='ltr'><strong>linquatis</strong></span> <span class='ocrx_word' id='word_1_770' title='bbox 913 4849 934 4900; x_wconf 90' lang='lat'><strong>;</strong></span> <span class='ocrx_word' id='word_1_771' title='bbox 957 4833 1049 4887; x_wconf 78' lang='lat' dir='ltr'><strong>sed</strong></span> <span class='ocrx_word' id='word_1_772' title='bbox 1092 4843 1196 4885; x_wconf 77' lang='lat' dir='ltr'><strong>non</strong></span> <span class='ocrx_word' id='word_1_773' title='bbox 1226 4847 1340 4886; x_wconf 86' lang='lat' dir='ltr'><strong>sum</strong></span> <span class='ocrx_word' id='word_1_774' title='bbox 1371 4830 1534 4901; x_wconf 86' lang='lat' dir='ltr'><strong>salus,</strong></span> <span class='ocrx_word' id='word_1_775' title='bbox 1589 4836 1830 4904; x_wconf 82' lang='lat' dir='ltr'><strong>quoniam</strong></span> <span class='ocrx_word' id='word_1_776' title='bbox 1863 4833 2025 4891; x_wconf 82' lang='lat' dir='ltr'><strong>Pater</strong></span> <span class='ocrx_word' id='word_1_777' title='bbox 2049 4853 2246 4892; x_wconf 86' lang='lat' dir='ltr'><strong>mecum</strong></span> 
     </span>
    </p>
   </div>
   <div class='ocr_carea' id='block_1_95' title="bbox 637 4921 1214 4998">
    <p class='ocr_par' dir='ltr' id='par_1_95' title="bbox 637 4921 1214 4998">
     <span class='ocr_line' id='line_1_95' title="bbox 637 4921 1214 4998; baseline -0.005 -18"><span class='ocrx_word' id='word_1_778' title='bbox 637 4937 714 4982; x_wconf 83' lang='lat' dir='ltr'><strong>est</strong></span> <span class='ocrx_word' id='word_1_779' title='bbox 745 4923 929 4998; x_wconf 82' lang='lat' dir='ltr'><strong>(Joan.</strong></span> <span class='ocrx_word' id='word_1_780' title='bbox 959 4939 1072 4990; x_wconf 76' lang='lat' dir='ltr'><strong>xw,</strong></span> <span class='ocrx_word' id='word_1_781' title='bbox 1100 4921 1214 4995; x_wconf 74' lang='grc'>52).</span> 
     </span>
    </p>
   </div>
   <div class='ocr_carea' id='block_1_96' title="bbox 715 5018 2247 5095">
    <p class='ocr_par' dir='ltr' id='par_1_96' title="bbox 715 5018 2247 5095">
     <span class='ocr_line' id='line_1_96' title="bbox 715 5018 2247 5095; baseline 0.005 -22"><span class='ocrx_word' id='word_1_782' title='bbox 715 5020 804 5074; x_wconf 74' lang='grc'><strong>10.</strong></span> <span class='ocrx_word' id='word_1_783' title='bbox 843 5019 1032 5075; x_wconf 82' lang='lat' dir='ltr'><strong>Justus</strong></span> <span class='ocrx_word' id='word_1_784' title='bbox 1055 5032 1186 5089; x_wconf 81' lang='lat' dir='ltr'><strong>ergo</strong></span> <span class='ocrx_word' id='word_1_785' title='bbox 1213 5018 1781 5076; x_wconf 85' lang='lat' dir='ltr'><strong>adversusinsolentes</strong></span> <span class='ocrx_word' id='word_1_786' title='bbox 1811 5021 1910 5076; x_wconf 86' lang='lat' dir='ltr'><strong>sibi</strong></span> <span class='ocrx_word' id='word_1_787' title='bbox 1943 5032 2104 5089; x_wconf 88' lang='lat' dir='ltr'><strong>Iacet,</strong></span> <span class='ocrx_word' id='word_1_788' title='bbox 2128 5026 2247 5095; x_wconf 81' lang='lat' dir='ltr'><strong>jus-</strong></span> 
     </span>
    </p>
   </div>
   <div class='ocr_carea' id='block_1_97' title="bbox 639 5109 2242 5187">
    <p class='ocr_par' dir='ltr' id='par_1_97' title="bbox 639 5109 2242 5187">
     <span class='ocr_line' id='line_1_97' title="bbox 639 5109 2242 5187; baseline 0.002 -22"><span class='ocrx_word' id='word_1_789' title='bbox 639 5113 727 5166; x_wconf 84' lang='lat' dir='ltr'><strong>tus</strong></span> <span class='ocrx_word' id='word_1_790' title='bbox 756 5121 898 5166; x_wconf 88' lang='lat' dir='ltr'><strong>orat.-</strong></span> <span class='ocrx_word' id='word_1_791' title='bbox 932 5111 1070 5165; x_wconf 78' lang='lat' dir='ltr'><strong>Audi</strong></span> <span class='ocrx_word' id='word_1_792' title='bbox 1106 5111 1311 5180; x_wconf 86' lang='lat' dir='ltr'><strong>justum</strong></span> <span class='ocrx_word' id='word_1_793' title='bbox 1338 5120 1584 5166; x_wconf 86' lang='lat' dir='ltr'><strong>orantem</strong></span> <span class='ocrx_word' id='word_1_794' title='bbox 1613 5128 1624 5163; x_wconf 92' lang='lat'>:</span> <span class='ocrx_word' id='word_1_795' title='bbox 1650 5109 1758 5165; x_wconf 89' lang='lat' dir='ltr'><strong>Pro</strong></span> <span class='ocrx_word' id='word_1_796' title='bbox 1783 5127 1843 5165; x_wconf 88' lang='lat' dir='ltr'><strong>eo</strong></span> <span class='ocrx_word' id='word_1_797' title='bbox 1871 5122 1928 5166; x_wconf 81' lang='lat' dir='ltr'><strong>ut</strong></span> <span class='ocrx_word' id='word_1_798' title='bbox 1946 5127 2030 5168; x_wconf 87' lang='lat' dir='ltr'><strong>me</strong></span> <span class='ocrx_word' id='word_1_799' title='bbox 2057 5115 2242 5187; x_wconf 77' lang='lat' dir='ltr'><strong>dilige-</strong></span> 
     </span>
    </p>
   </div>
   <div class='ocr_carea' id='block_1_98' title="bbox 638 5204 2236 5278">
    <p class='ocr_par' dir='ltr' id='par_1_98' title="bbox 638 5204 2236 5278">
     <span class='ocr_line' id='line_1_98' title="bbox 638 5204 2236 5278; baseline 0.004 -20"><span class='ocrx_word' id='word_1_800' title='bbox 638 5215 773 5270; x_wconf 77' lang='lat' dir='ltr'><strong>rent,</strong></span> <span class='ocrx_word' id='word_1_801' title='bbox 796 5204 1128 5259; x_wconf 66' lang='lat' dir='ltr'><strong>detrahebant</strong></span> <span class='ocrx_word' id='word_1_802' title='bbox 1155 5206 1281 5258; x_wconf 82' lang='lat' dir='ltr'><strong>mihi</strong></span> <span class='ocrx_word' id='word_1_803' title='bbox 1313 5221 1332 5258; x_wconf 87' lang='lat'><strong><em>:</em></strong></span> <span class='ocrx_word' id='word_1_804' title='bbox 1354 5219 1446 5276; x_wconf 73' lang='lat' dir='ltr'><strong>ego</strong></span> <span class='ocrx_word' id='word_1_805' title='bbox 1469 5213 1640 5258; x_wconf 83' lang='lat' dir='ltr'><strong>autem</strong></span> <span class='ocrx_word' id='word_1_806' title='bbox 1669 5206 2066 5278; x_wconf 83' lang='lat' dir='ltr'><strong>orabam(Psal.</strong></span> <span class='ocrx_word' id='word_1_807' title='bbox 2084 5225 2236 5276; x_wconf 85' lang='lat' dir='ltr'><strong>cvm,</strong></span> 
     </span>
    </p>
   </div>
   <div class='ocr_carea' id='block_1_99' title="bbox 636 5294 2237 5366">
    <p class='ocr_par' dir='ltr' id='par_1_99' title="bbox 636 5294 2237 5366">
     <span class='ocr_line' id='line_1_99' title="bbox 636 5294 2237 5366; baseline 0.004 -16"><span class='ocrx_word' id='word_1_808' title='bbox 636 5296 717 5366; x_wconf 69' lang='grc'><strong>4).</strong></span> <span class='ocrx_word' id='word_1_809' title='bbox 743 5294 933 5351; x_wconf 84' lang='lat' dir='ltr'><strong>Justus</strong></span> <span class='ocrx_word' id='word_1_810' title='bbox 989 5295 1434 5356; x_wconf 85' lang='lat' dir='ltr'><strong>maledicentlhus</strong></span> <span class='ocrx_word' id='word_1_811' title='bbox 1483 5295 1584 5350; x_wconf 85' lang='lat' dir='ltr'><strong>sibi</strong></span> <span class='ocrx_word' id='word_1_812' title='bbox 1633 5297 1944 5365; x_wconf 82' lang='lat' dir='ltr'><strong>henedicit;</strong></span> <span class='ocrx_word' id='word_1_813' title='bbox 1993 5301 2237 5357; x_wconf 81' lang='lat' dir='ltr'><strong>utlaeie-</strong></span> 
     </span>
    </p>
   </div>
   <div class='ocr_carea' id='block_1_100' title="bbox 639 5384 2238 5457">
    <p class='ocr_par' dir='ltr' id='par_1_100' title="bbox 639 5384 2238 5457">
     <span class='ocr_line' id='line_1_100' title="bbox 639 5384 2238 5457; baseline 0.005 -17"><span class='ocrx_word' id='word_1_814' title='bbox 639 5388 770 5441; x_wconf 84' lang='lat' dir='ltr'><strong>bant</strong></span> <span class='ocrx_word' id='word_1_815' title='bbox 789 5387 1046 5457; x_wconf 84' lang='lat' dir='ltr'><strong>apostoli,</strong></span> <span class='ocrx_word' id='word_1_816' title='bbox 1075 5384 1215 5441; x_wconf 85' lang='lat' dir='ltr'><strong>sicut</strong></span> <span class='ocrx_word' id='word_1_817' title='bbox 1245 5387 1448 5442; x_wconf 87' lang='lat' dir='ltr'><strong>Paulus</strong></span> <span class='ocrx_word' id='word_1_818' title='bbox 1473 5388 1668 5443; x_wconf 87' lang='lat' dir='ltr'><strong>asserit</strong></span> <span class='ocrx_word' id='word_1_819' title='bbox 1699 5388 1887 5443; x_wconf 88' lang='lat' dir='ltr'><strong>dicens</strong></span> <span class='ocrx_word' id='word_1_820' title='bbox 1919 5407 1933 5443; x_wconf 90' lang='lat'>:</span> <span class='ocrx_word' id='word_1_821' title='bbox 1964 5389 2238 5448; x_wconf 82' lang='lat' dir='ltr'><strong>Malediei-</strong></span> 
     </span>
    </p>
   </div>
   <div class='ocr_carea' id='block_1_101' title="bbox 637 5476 2241 5552">
    <p class='ocr_par' dir='ltr' id='par_1_101' title="bbox 637 5476 2241 5552">
     <span class='ocr_line' id='line_1_101' title="bbox 637 5476 2241 5552; baseline 0.004 -22"><span class='ocrx_word' id='word_1_822' title='bbox 637 5495 775 5544; x_wconf 84' lang='lat' dir='ltr'><strong>mur,</strong></span> <span class='ocrx_word' id='word_1_823' title='bbox 807 5487 855 5532; x_wconf 84' lang='lat' dir='ltr'><strong>et</strong></span> <span class='ocrx_word' id='word_1_824' title='bbox 887 5478 1232 5532; x_wconf 82' lang='lat' dir='ltr'><strong>benedicimus</strong></span> <span class='ocrx_word' id='word_1_825' title='bbox 1257 5477 1302 5550; x_wconf 89' lang='lat' dir='ltr'><strong>(l</strong></span> <span class='ocrx_word' id='word_1_826' title='bbox 1317 5476 1439 5532; x_wconf 84' lang='lat' dir='ltr'><strong>Cor.</strong></span> <span class='ocrx_word' id='word_1_827' title='bbox 1473 5495 1546 5544; x_wconf 84' lang='lat' dir='ltr'><strong>tv,</strong></span> <span class='ocrx_word' id='word_1_828' title='bbox 1580 5477 1688 5550; x_wconf 78' lang='grc'><strong>15).</strong></span> <span class='ocrx_word' id='word_1_829' title='bbox 1718 5478 1904 5535; x_wconf 87' lang='lat' dir='ltr'><strong>Justus</strong></span> <span class='ocrx_word' id='word_1_830' title='bbox 1928 5479 2105 5552; x_wconf 89' lang='lat' dir='ltr'><strong>diligit</strong></span> <span class='ocrx_word' id='word_1_831' title='bbox 2136 5484 2241 5542; x_wconf 84' lang='lat' dir='ltr'><strong>ini-</strong></span> 
     </span>
    </p>
   </div>
   <div class='ocr_carea' id='block_1_102' title="bbox 642 5568 2238 5644">
    <p class='ocr_par' dir='ltr' id='par_1_102' title="bbox 642 5568 2238 5644">
     <span class='ocr_line' id='line_1_102' title="bbox 642 5568 2238 5644; baseline 0.005 -22"><span class='ocrx_word' id='word_1_832' title='bbox 642 5572 810 5623; x_wconf 83' lang='lat' dir='ltr'><strong>micos</strong></span> <span class='ocrx_word' id='word_1_833' title='bbox 837 5583 985 5623; x_wconf 86' lang='lat' dir='ltr'><strong>suos.</strong></span> <span class='ocrx_word' id='word_1_834' title='bbox 1016 5568 1149 5624; x_wconf 79' lang='lat' dir='ltr'><strong>V&#39;ide</strong></span> <span class='ocrx_word' id='word_1_835' title='bbox 1169 5570 1622 5640; x_wconf 83' lang='lat' dir='ltr'><strong>quemadmodum</strong></span> <span class='ocrx_word' id='word_1_836' title='bbox 1653 5571 1912 5642; x_wconf 80' lang='lat' dir='ltr'><strong>paulatim</strong></span> <span class='ocrx_word' id='word_1_837' title='bbox 1929 5574 2238 5644; x_wconf 82' lang='lat' dir='ltr'><strong>pergradns</strong></span> 
     </span>
    </p>
   </div>
   <div class='ocr_carea' id='block_1_103' title="bbox 637 5659 2234 5733">
    <p class='ocr_par' dir='ltr' id='par_1_103' title="bbox 637 5659 2234 5733">
     <span class='ocr_line' id='line_1_103' title="bbox 637 5659 2234 5733; baseline 0.004 -19"><span class='ocrx_word' id='word_1_838' title='bbox 637 5659 879 5731; x_wconf 73' lang='lat' dir='ltr'><strong>singulos</strong></span> <span class='ocrx_word' id='word_1_839' title='bbox 911 5661 1210 5718; x_wconf 83' lang='lat' dir='ltr'><strong>ascendere</strong></span> <span class='ocrx_word' id='word_1_840' title='bbox 1235 5662 1460 5718; x_wconf 87' lang='lat' dir='ltr'><strong>docetur</strong></span> <span class='ocrx_word' id='word_1_841' title='bbox 1502 5661 1570 5716; x_wconf 91' lang='lat' dir='ltr'><strong>ad</strong></span> <span class='ocrx_word' id='word_1_842' title='bbox 1604 5663 1934 5720; x_wconf 86' lang='lat' dir='ltr'><strong>incrementa</strong></span> <span class='ocrx_word' id='word_1_843' title='bbox 1953 5664 2234 5733; x_wconf 88' lang='lat' dir='ltr'><strong>virtutum,</strong></span> 
     </span>
    </p>
   </div>
   <div class='ocr_carea' id='block_1_104' title="bbox 2349 4735 3905 4804">
    <p class='ocr_par' dir='ltr' id='par_1_104' title="bbox 2349 4735 3905 4804">
     <span class='ocr_line' id='line_1_104' title="bbox 2349 4735 3905 4804; baseline -0.005 -8"><span class='ocrx_word' id='word_1_844' title='bbox 2349 4743 2574 4798; x_wconf 81' lang='lat' dir='ltr'><strong>formem</strong></span> <span class='ocrx_word' id='word_1_845' title='bbox 2605 4741 2655 4796; x_wconf 90' lang='lat' dir='ltr'><strong>ei</strong></span> <span class='ocrx_word' id='word_1_846' title='bbox 2685 4737 3154 4804; x_wconf 80' lang='lat' dir='ltr'><strong>induerintﬁdem,</strong></span> <span class='ocrx_word' id='word_1_847' title='bbox 3189 4744 3246 4793; x_wconf 90' lang='lat' dir='ltr'><strong>et</strong></span> <span class='ocrx_word' id='word_1_848' title='bbox 3267 4735 3523 4793; x_wconf 85' lang='lat' dir='ltr'><strong>eamdem</strong></span> <span class='ocrx_word' id='word_1_849' title='bbox 3555 4737 3617 4793; x_wconf 89' lang='lat' dir='ltr'><strong>in</strong></span> <span class='ocrx_word' id='word_1_850' title='bbox 3637 4736 3797 4794; x_wconf 83' lang='lat' dir='ltr'><strong>bouis</strong></span> <span class='ocrx_word' id='word_1_851' title='bbox 3825 4749 3905 4804; x_wconf 53' lang='lat' dir='ltr'><strong>ops</strong></span> 
     </span>
    </p>
   </div>
   <div class='ocr_carea' id='block_1_105' title="bbox 2349 4831 3124 4891">
    <p class='ocr_par' dir='ltr' id='par_1_105' title="bbox 2349 4831 3124 4891">
     <span class='ocr_line' id='line_1_105' title="bbox 2349 4831 3124 4891; baseline -0.008 0"><span class='ocrx_word' id='word_1_852' title='bbox 2349 4835 2499 4891; x_wconf 86' lang='lat' dir='ltr'><strong>ribus</strong></span> <span class='ocrx_word' id='word_1_853' title='bbox 2523 4832 2750 4889; x_wconf 82' lang='lat' dir='ltr'><strong>iecerint</strong></span> <span class='ocrx_word' id='word_1_854' title='bbox 2771 4831 3124 4888; x_wconf 86' lang='lat' dir='ltr'><strong>voluntatem.</strong></span> 
     </span>
    </p>
   </div>
   <div class='ocr_carea' id='block_1_106' title="bbox 2423 4918 3904 4992">
    <p class='ocr_par' dir='ltr' id='par_1_106' title="bbox 2423 4918 3904 4992">
     <span class='ocr_line' id='line_1_106' title="bbox 2423 4918 3904 4992; baseline -0.009 -11"><span class='ocrx_word' id='word_1_855' title='bbox 2423 4927 2512 4981; x_wconf 74' lang='grc'><strong>12.</strong></span> <span class='ocrx_word' id='word_1_856' title='bbox 2554 4926 2662 4984; x_wconf 87' lang='lat' dir='ltr'><strong>Sed</strong></span> <span class='ocrx_word' id='word_1_857' title='bbox 2691 4925 2832 4981; x_wconf 80' lang='lat' dir='ltr'><strong>forte</strong></span> <span class='ocrx_word' id='word_1_858' title='bbox 2855 4925 3080 4980; x_wconf 90' lang='lat' dir='ltr'><strong>miretur</strong></span> <span class='ocrx_word' id='word_1_859' title='bbox 3106 4921 3320 4992; x_wconf 87' lang='lat' dir='ltr'><strong>aliquis,</strong></span> <span class='ocrx_word' id='word_1_860' title='bbox 3347 4935 3475 4976; x_wconf 90' lang='lat' dir='ltr'><strong>cum</strong></span> <span class='ocrx_word' id='word_1_861' title='bbox 3527 4920 3798 4978; x_wconf 85' lang='lat' dir='ltr'><strong>Dominus</strong></span> <span class='ocrx_word' id='word_1_862' title='bbox 3815 4918 3904 4973; x_wconf 62' lang='lat' dir='ltr'><strong>dixe</strong></span> 
     </span>
    </p>
   </div>
   <div class='ocr_carea' id='block_1_107' title="bbox 2349 5012 3906 5090">
    <p class='ocr_par' dir='ltr' id='par_1_107' title="bbox 2349 5012 3906 5090">
     <span class='ocr_line' id='line_1_107' title="bbox 2349 5012 3906 5090; baseline -0.008 -14"><span class='ocrx_word' id='word_1_863' title='bbox 2349 5020 2418 5076; x_wconf 84' lang='lat' dir='ltr'><strong>rit</strong></span> <span class='ocrx_word' id='word_1_864' title='bbox 2437 5034 2531 5090; x_wconf 89' lang='lat' dir='ltr'><strong>per</strong></span> <span class='ocrx_word' id='word_1_865' title='bbox 2560 5035 2620 5073; x_wconf 91' lang='lat' dir='ltr'><strong>os</strong></span> <span class='ocrx_word' id='word_1_866' title='bbox 2645 5017 2834 5084; x_wconf 88' lang='lat' dir='ltr'><strong>David,</strong></span> <span class='ocrx_word' id='word_1_867' title='bbox 2859 5017 3001 5087; x_wconf 91' lang='lat' dir='ltr'><strong>quod</strong></span> <span class='ocrx_word' id='word_1_868' title='bbox 3044 5013 3362 5071; x_wconf 83' lang='lat' dir='ltr'><strong>humiliabat</strong></span> <span class='ocrx_word' id='word_1_869' title='bbox 3389 5012 3443 5068; x_wconf 91' lang='lat' dir='ltr'><strong>in</strong></span> <span class='ocrx_word' id='word_1_870' title='bbox 3466 5013 3692 5082; x_wconf 89' lang='lat' dir='ltr'><strong>jejunio</strong></span> <span class='ocrx_word' id='word_1_871' title='bbox 3737 5014 3906 5068; x_wconf 70' lang='lat' dir='ltr'><strong>animas</strong></span> 
     </span>
    </p>
   </div>
   <div class='ocr_carea' id='block_1_108' title="bbox 2350 5104 3906 5182">
    <p class='ocr_par' dir='ltr' id='par_1_108' title="bbox 2350 5104 3906 5182">
     <span class='ocr_line' id='line_1_108' title="bbox 2350 5104 3906 5182; baseline -0.01 -13"><span class='ocrx_word' id='word_1_872' title='bbox 2350 5128 2502 5169; x_wconf 84' lang='lat' dir='ltr'><strong>suam</strong></span> <span class='ocrx_word' id='word_1_873' title='bbox 2532 5110 2707 5182; x_wconf 81' lang='lat' dir='ltr'><strong>(Psal.</strong></span> <span class='ocrx_word' id='word_1_874' title='bbox 2744 5125 2924 5178; x_wconf 71' lang='lat' dir='ltr'><strong>xxxnv,</strong></span> <span class='ocrx_word' id='word_1_875' title='bbox 2960 5109 3082 5178; x_wconf 79' lang='lat' dir='ltr'><strong>l5);</strong></span> <span class='ocrx_word' id='word_1_876' title='bbox 3108 5105 3380 5178; x_wconf 88' lang='lat' dir='ltr'><strong>quomodo</strong></span> <span class='ocrx_word' id='word_1_877' title='bbox 3422 5105 3547 5175; x_wconf 86' lang='lat' dir='ltr'><strong>ipse</strong></span> <span class='ocrx_word' id='word_1_878' title='bbox 3595 5105 3768 5162; x_wconf 83' lang='lat' dir='ltr'><strong>David</strong></span> <span class='ocrx_word' id='word_1_879' title='bbox 3805 5104 3906 5157; x_wconf 68' lang='lat' dir='ltr'><strong>alia</strong></span> 
     </span>
    </p>
   </div>
   <div class='ocr_carea' id='block_1_109' title="bbox 2349 5200 3908 5275">
    <p class='ocr_par' dir='ltr' id='par_1_109' title="bbox 2349 5200 3908 5275">
     <span class='ocr_line' id='line_1_109' title="bbox 2349 5200 3908 5275; baseline -0.004 -14"><span class='ocrx_word' id='word_1_880' title='bbox 2349 5205 2742 5275; x_wconf 85' lang='lat' dir='ltr'><strong>posterioribus</strong></span> <span class='ocrx_word' id='word_1_881' title='bbox 2775 5222 2786 5258; x_wconf 93' lang='lat'>:</span> <span class='ocrx_word' id='word_1_882' title='bbox 2821 5203 2881 5259; x_wconf 89' lang='lat' dir='ltr'><strong>Si</strong></span> <span class='ocrx_word' id='word_1_883' title='bbox 2927 5219 3029 5258; x_wconf 87' lang='lat' dir='ltr'><strong>non</strong></span> <span class='ocrx_word' id='word_1_884' title='bbox 3075 5201 3338 5256; x_wconf 82' lang='lat' dir='ltr'><strong>humiliter</strong></span> <span class='ocrx_word' id='word_1_885' title='bbox 3359 5200 3694 5268; x_wconf 84' lang='lat' dir='ltr'><strong>sentiebam;</strong></span> <span class='ocrx_word' id='word_1_886' title='bbox 3719 5202 3805 5258; x_wconf 80' lang='lat' dir='ltr'><strong>sed</strong></span> <span class='ocrx_word' id='word_1_887' title='bbox 3818 5203 3908 5256; x_wconf 60' lang='lat' dir='ltr'><strong><em>r145-</em></strong></span> 
     </span>
    </p>
   </div>
   <div class='ocr_carea' id='block_1_110' title="bbox 2343 5290 3908 5367">
    <p class='ocr_par' dir='ltr' id='par_1_110' title="bbox 2343 5290 3908 5367">
     <span class='ocr_line' id='line_1_110' title="bbox 2343 5290 3908 5367; baseline -0.005 -15"><span class='ocrx_word' id='word_1_888' title='bbox 2343 5298 2447 5352; x_wconf 76' lang='lat' dir='ltr'><strong>tari</strong></span> <span class='ocrx_word' id='word_1_889' title='bbox 2499 5298 2724 5351; x_wconf 85' lang='lat' dir='ltr'><strong>animam</strong></span> <span class='ocrx_word' id='word_1_890' title='bbox 2769 5312 2940 5352; x_wconf 78' lang='lat' dir='ltr'><strong>meum</strong></span> <span class='ocrx_word' id='word_1_891' title='bbox 2966 5294 3142 5367; x_wconf 88' lang='lat' dir='ltr'><strong>(Psal.</strong></span> <span class='ocrx_word' id='word_1_892' title='bbox 3167 5308 3330 5360; x_wconf 80' lang='lat' dir='ltr'><strong>cxxx,</strong></span> <span class='ocrx_word' id='word_1_893' title='bbox 3351 5291 3436 5361; x_wconf 85' lang='grc'>2).</span> <span class='ocrx_word' id='word_1_894' title='bbox 3471 5292 3688 5352; x_wconf 80' lang='lat' dir='ltr'><strong>Verum</strong></span> <span class='ocrx_word' id='word_1_895' title='bbox 3719 5295 3765 5352; x_wconf 83' lang='lat' dir='ltr'><strong>is</strong></span> <span class='ocrx_word' id='word_1_896' title='bbox 3787 5290 3908 5350; x_wconf 56' lang='lat' dir='ltr'><strong>cons?</strong></span> 
     </span>
    </p>
   </div>
   <div class='ocr_carea' id='block_1_111' title="bbox 2344 5388 3908 5462">
    <p class='ocr_par' dir='ltr' id='par_1_111' title="bbox 2344 5388 3908 5462">
     <span class='ocr_line' id='line_1_111' title="bbox 2344 5388 3908 5462; baseline -0.005 -15"><span class='ocrx_word' id='word_1_897' title='bbox 2344 5392 2498 5448; x_wconf 85' lang='lat' dir='ltr'><strong>deret</strong></span> <span class='ocrx_word' id='word_1_898' title='bbox 2526 5391 2674 5447; x_wconf 89' lang='lat' dir='ltr'><strong>aliud</strong></span> <span class='ocrx_word' id='word_1_899' title='bbox 2691 5406 2814 5446; x_wconf 88' lang='lat' dir='ltr'><strong>esse</strong></span> <span class='ocrx_word' id='word_1_900' title='bbox 2839 5389 3001 5462; x_wconf 65' lang='lat'><strong>847</strong></span> <span class='ocrx_word' id='word_1_901' title='bbox 3030 5389 3171 5460; x_wconf 92' lang='lat' dir='ltr'><strong>quod</strong></span> <span class='ocrx_word' id='word_1_902' title='bbox 3193 5388 3259 5444; x_wconf 91' lang='lat' dir='ltr'><strong>ad</strong></span> <span class='ocrx_word' id='word_1_903' title='bbox 3289 5388 3626 5456; x_wconf 87' lang='lat' dir='ltr'><strong>sapientiam</strong></span> <span class='ocrx_word' id='word_1_904' title='bbox 3657 5391 3840 5446; x_wconf 82' lang='lat' dir='ltr'><strong>mentis</strong></span> <span class='ocrx_word' id='word_1_905' title='bbox 3860 5401 3908 5439; x_wconf 72' lang='grc' dir='ltr'><strong>τεο</strong></span> 
     </span>
    </p>
   </div>
   <div class='ocr_carea' id='block_1_112' title="bbox 2346 5479 3907 5553">
    <p class='ocr_par' dir='ltr' id='par_1_112' title="bbox 2346 5479 3907 5553">
     <span class='ocr_line' id='line_1_112' title="bbox 2346 5479 3907 5553; baseline -0.004 -15"><span class='ocrx_word' id='word_1_906' title='bbox 2346 5485 2537 5552; x_wconf 73' lang='lat' dir='ltr'><strong>fertur,</strong></span> <span class='ocrx_word' id='word_1_907' title='bbox 2568 5483 2712 5538; x_wconf 88' lang='lat' dir='ltr'><strong>aliud</strong></span> <span class='ocrx_word' id='word_1_908' title='bbox 2743 5484 2886 5553; x_wconf 90' lang='lat' dir='ltr'><strong>quod</strong></span> <span class='ocrx_word' id='word_1_909' title='bbox 2937 5483 3005 5536; x_wconf 83' lang='lat' dir='ltr'><strong>ad</strong></span> <span class='ocrx_word' id='word_1_910' title='bbox 3048 5480 3409 5536; x_wconf 85' lang='lat' dir='ltr'><strong>humilitatem</strong></span> <span class='ocrx_word' id='word_1_911' title='bbox 3431 5480 3627 5538; x_wconf 80' lang='lat' dir='ltr'><strong>cordis</strong></span> <span class='ocrx_word' id='word_1_912' title='bbox 3660 5479 3907 5552; x_wconf 67' lang='lat' dir='ltr'><strong>:sapieatéi</strong></span> 
     </span>
    </p>
   </div>
   <div class='ocr_carea' id='block_1_113' title="bbox 2345 5571 3908 5642">
    <p class='ocr_par' dir='ltr' id='par_1_113' title="bbox 2345 5571 3908 5642">
     <span class='ocr_line' id='line_1_113' title="bbox 2345 5571 3908 5642; baseline -0.003 -12"><span class='ocrx_word' id='word_1_913' title='bbox 2345 5577 2542 5631; x_wconf 90' lang='lat' dir='ltr'><strong>mentis</strong></span> <span class='ocrx_word' id='word_1_914' title='bbox 2573 5575 2820 5630; x_wconf 90' lang='lat' dir='ltr'><strong>sublimis</strong></span> <span class='ocrx_word' id='word_1_915' title='bbox 2841 5582 2964 5640; x_wconf 88' lang='lat' dir='ltr'><strong>est;</strong></span> <span class='ocrx_word' id='word_1_916' title='bbox 2996 5573 3258 5642; x_wconf 87' lang='lat' dir='ltr'><strong>sapientia</strong></span> <span class='ocrx_word' id='word_1_917' title='bbox 3281 5580 3467 5628; x_wconf 89' lang='lat' dir='ltr'><strong>autem</strong></span> <span class='ocrx_word' id='word_1_918' title='bbox 3511 5578 3708 5633; x_wconf 84' lang='lat' dir='ltr'><strong>carnis</strong></span> <span class='ocrx_word' id='word_1_919' title='bbox 3732 5590 3827 5632; x_wconf 87' lang='lat' dir='ltr'><strong>non</strong></span> <span class='ocrx_word' id='word_1_920' title='bbox 3848 5571 3908 5626; x_wconf 65' lang='lat' dir='ltr'><strong>tle-</strong></span> 
     </span>
    </p>
   </div>
   <div class='ocr_carea' id='block_1_114' title="bbox 2348 5664 3941 5737">
    <p class='ocr_par' dir='ltr' id='par_1_114' title="bbox 2348 5664 3941 5737">
     <span class='ocr_line' id='line_1_114' title="bbox 2348 5664 3941 5737; baseline -0.004 -13"><span class='ocrx_word' id='word_1_921' title='bbox 2348 5665 2650 5724; x_wconf 85' lang='lat' dir='ltr'><strong>betinilari.</strong></span> <span class='ocrx_word' id='word_1_922' title='bbox 2673 5665 3008 5722; x_wconf 83' lang='lat' dir='ltr'><strong>Humiliabat</strong></span> <span class='ocrx_word' id='word_1_923' title='bbox 3032 5679 3166 5736; x_wconf 89' lang='lat' dir='ltr'><strong>ergo</strong></span> <span class='ocrx_word' id='word_1_924' title='bbox 3191 5664 3359 5721; x_wconf 89' lang='lat' dir='ltr'><strong>David</strong></span> <span class='ocrx_word' id='word_1_925' title='bbox 3383 5664 3438 5722; x_wconf 90' lang='lat' dir='ltr'><strong>in</strong></span> <span class='ocrx_word' id='word_1_926' title='bbox 3464 5665 3686 5737; x_wconf 85' lang='lat' dir='ltr'><strong>jejunio</strong></span> <span class='ocrx_word' id='word_1_927' title='bbox 3727 5669 3906 5726; x_wconf 70' lang='lat' dir='ltr'><strong>animi</strong></span> <span class='ocrx_word' id='word_1_928' title='bbox 3940 5664 3941 5718; x_wconf 70' lang='grc'><strong>1</strong></span> 
     </span>
    </p>
   </div>
   <div class='ocr_carea' id='block_1_115' title="bbox 717 5856 3090 5964">
    <p class='ocr_par' dir='ltr' id='par_1_115' title="bbox 717 5856 3090 5964">
     <span class='ocr_line' id='line_1_115' title="bbox 717 5856 3090 5964; baseline -0.001 -31"><span class='ocrx_word' id='word_1_929' title='bbox 717 5881 739 5915; x_wconf 67' lang='grc' dir='ltr'><strong>υ</strong></span> <span class='ocrx_word' id='word_1_930' title='bbox 767 5856 903 5933; x_wconf 77' lang='lat' dir='ltr'><strong>Cod.</strong></span> <span class='ocrx_word' id='word_1_931' title='bbox 933 5861 1068 5948; x_wconf 79' lang='lat' dir='ltr'><strong>iteg.</strong></span> <span class='ocrx_word' id='word_1_932' title='bbox 1087 5883 1143 5933; x_wconf 87' lang='lat' dir='ltr'><strong>et</strong></span> <span class='ocrx_word' id='word_1_933' title='bbox 1166 5873 1256 5934; x_wconf 77' lang='lat' dir='ltr'><strong>alii</strong></span> <span class='ocrx_word' id='word_1_934' title='bbox 1282 5882 1511 5964; x_wconf 82' lang='lat' dir='ltr'><strong>quatuor</strong></span> <span class='ocrx_word' id='word_1_935' title='bbox 1533 5887 1653 5952; x_wconf 78' lang='lat' dir='ltr'><strong>cum</strong></span> <span class='ocrx_word' id='word_1_936' title='bbox 1677 5885 1789 5936; x_wconf 81' lang='lat' dir='ltr'><strong>aut.</strong></span> <span class='ocrx_word' id='word_1_937' title='bbox 1820 5874 1952 5938; x_wconf 89' lang='lat' dir='ltr'><strong>edit.</strong></span> <span class='ocrx_word' id='word_1_938' title='bbox 1971 5875 2025 5964; x_wconf 87' lang='lat' dir='ltr'><strong>in</strong></span> <span class='ocrx_word' id='word_1_939' title='bbox 2045 5888 2246 5948; x_wconf 86' lang='lat' dir='ltr'><strong>marg.,</strong></span> <span class='ocrx_word' id='word_1_940' title='bbox 2265 5873 2354 5954; x_wconf 78' lang='lat' dir='ltr'><strong>qui</strong></span> <span class='ocrx_word' id='word_1_941' title='bbox 2379 5875 2579 5935; x_wconf 80' lang='lat' dir='ltr'><strong>malum</strong></span> <span class='ocrx_word' id='word_1_942' title='bbox 2607 5890 2661 5934; x_wconf 85' lang='lat' dir='ltr'><strong>se</strong></span> <span class='ocrx_word' id='word_1_943' title='bbox 2687 5891 2807 5934; x_wconf 79' lang='lat' dir='ltr'><strong>uasa</strong></span> <span class='ocrx_word' id='word_1_944' title='bbox 2831 5876 2942 5956; x_wconf 78' lang='lat' dir='ltr'><strong>ejus</strong></span> <span class='ocrx_word' id='word_1_945' title='bbox 2963 5889 3090 5956; x_wconf 65' lang='lat' dir='ltr'><strong>esse.</strong></span> 
     </span>
    </p>
   </div>
  </div>
