4008 6352
584 320 725 377 ΙΟΠ
1965 321 2177 378 SANC'I

2285 323 2577 382 tMBROSll
3753 344 3860 401 τίθη

581 445 690 502 quo
719 431 1053 488 illuminaret
1072 431 1279 487 animas
1301 431 1703 501 universorum,
1728 430 1968 489 studium
1995 446 2190 490 accen-
2215 434 2526 514 Aquisque
2580 439 2726 495 enim
2770 441 2823 496 in
2857 455 2958 497 suo
3004 443 3222 500 ordine.
3281 445 3578 504 Praecessit
3621 465 3780 522 ergo,
3820 475 3856 514 ιι

580 524 760 594 deret,
791 527 1000 582 crimen
1029 535 1304 582 exureret.
2295 538 2518 600 pararet
2543 529 2596 585 in
2626 545 2686 587 se
2712 533 3061 591 credentibus
3109 536 3320 594 locum.
3361 537 3526 595 Unde
3549 542 3780 600 etiamet
3801 551 3857 602 iis;

655 619 744 677 16.
771 619 952 692 (Vers.
973 619 1055 692 5.)
1077 619 1693 694 Locutussumintingua
1719 638 1831 677 mea
1864 640 1880 677 :
1908 634 2084 679 notum
2105 625 2192 695 {ac
2295 623 2407 677 xit:
2434 625 2494 678 Si
2520 625 2724 694 abiero,
2753 636 2799 682 et
2824 645 3075 700 paravero
3098 633 3242 687 vobis
3273 632 3451 687 locum
3472 673 3490 701 ,
3520 635 3704 690 iterum
3753 647 3857 696 sees

580 712 727 776 mihi,
745 710 980 774 Domine,
997 712 1151 782 linem
1164 729 1332 767 meum
1355 729 1374 768 :
1400 727 1446 768 et
1469 730 1736 769 numerum
1749 714 1950 769 dierum
1962 731 2190 770 meorum
2293 715 2363 768 ad
2389 731 2499 782 vos,
2519 729 2839 776 etmtcersam
2861 738 2951 778 vos
2967 726 3037 778 ad
3059 727 3319 797 meipsum
3341 744 3365 794 ;
3393 737 3451 781 ut
3480 728 3569 782 ubi
3587 747 3680 800 ego
3698 749 3813 799 su,
3829 754 3859 790 τε

580 804 804 874 quiest;
834 812 892 858 ut
912 804 1073 858 sciam
1091 804 1216 875 quid
1237 804 1369 860 desit
1390 806 1534 861 mihi.
1561 805 1745 862 Bonus
1766 807 1928 878 ignis,
1941 808 2032 878 qui
2063 807 2190 864 fecit
2292 825 2380 864 vos
2408 811 2521 866 sitis
2545 829 2565 867 :
2591 823 2638 869 et
2663 830 2762 885 quo
2784 815 2914 872 vado
2925 818 3085 884 scitis,
3109 828 3158 872 et
3170 822 3308 873 viam
3330 820 3678 893 scitis(lbid.,
3701 826 3736 879 3
3755 831 3856 897 ett},

579 905 641 952 ut
663 896 934 966 PrOphela
985 896 1320 969 loqueretur.
1366 897 1434 953 Et
1488 897 1610 955 vide
1649 915 1719 956 ne
1758 898 1878 970 ipse
1922 899 1995 955 sit
2048 899 2191 968 ignis
2295 903 2537 976 Estergo
2562 907 2646 961 via
2677 923 2955 979 perquam
2985 925 3280 982 resurgens
3325 911 3589 970 Christus
3634 896 3852 973 ascendit.

581 988 672 1058 qui
726 987 876 1042 visus
898 996 1005 1055 est,
1039 989 1256 1060 quando
1281 991 1335 1045 in
1389 991 1478 1045 die
1521 990 1870 1048 Pentecostes
1921 992 1972 1046 in
2023 1007 2190 1046 unum
2292 995 2359 1052 Et
2386 998 2478 1054 ille
2507 1001 2723 1071 quidem
2770 1005 3022 1060 ascendit
3048 1021 3215 1077 super
3244 1022 3442 1064 omnes
3488 1011 3750 1067 caelosad
3793 1015 3858 1071 [isi

578 1078 760 1135 locum
812 1080 1097 1149 discipulis
1169 1082 1538 1153 congregatis,
1599 1082 1801 1138 decidit
1843 1099 1964 1139 cum
2011 1081 2188 1155 849
2292 1092 2512 1148 sedem:
2549 1095 2797 1152 homines
2823 1110 3006 1155 autem
3029 1114 3058 1154 a
3085 1098 3263 1170 primo
3292 1104 3439 1158 coelo
3470 1105 3540 1159 ad
3567 1110 3856 1176 secunda.

581 1171 636 1226 vi
665 1186 856 1242 magna
885 1187 1050 1244 super
1079 1187 1176 1230 eos
1190 1173 1428 1246 Spiritus
1453 1185 1696 1241 sanctus,
1720 1187 1774 1232 et
1800 1175 1995 1247 linguis
2021 1177 2189 1232 variis
2292 1194 2347 1240 et
2366 1183 2624 1258 deinceps
2649 1203 2680 1243 a
2708 1190 2948 1246 secundo
2975 1192 3040 1247 ad
3067 1195 3312 1260 tertium,
3340 1205 3399 1251 et
3435 1197 3515 1252 ab
3543 1197 3643 1253 ilio
3667 1214 3756 1269 per
3778 1174 3859 1258 dis-

577 1263 966 1334 loquebantur.
991 1265 1082 1321 Sic
1106 1267 1253 1322 enim
1284 1267 1549 1338 scriptum
1583 1277 1666 1323 est
1699 1286 1711 1321 :
1741 1266 1878 1334 Quia
1925 1269 2046 1324 visa:
2068 1278 2187 1323 sunt
2292 1277 2587 1337 unctiones
2637 1282 2754 1340 fere
2781 1285 2848 1340 ad
2879 1286 3172 1356 septimum
3202 1291 3432 1357 οωιυω,
3467 1290 3498 1330 b
3529 1263 3701 1364 auio;
3726 1295 3776 1350 iii
3800 1299 3852 1368 ipf

579 1357 774 1430 lingua
797 1374 973 1413 eorum
994 1358 1244 1428 dispersa:
1277 1370 1542 1430 tamquam
1570 1361 1702 1432 ignis
1727 1362 1867 1433 (Act.
1893 1378 1950 1427 ιι,
1981 1362 2058 1432 5).
2091 1363 2186 1419 llic
2289 1389 2405 1430 sam
2430 1377 2673 1445 apsidem
2697 1388 2751 1434 et
2771 1381 3140 1438 summitatem
3162 1384 3436 1441 calorum
3467 1387 3566 1457 qui
3600 1357 3856 1448 inea-cmst

580 1461 667 1506 est
719 1466 850 1523 ergo
881 1454 972 1522 qui
998 1452 1136 1506 dixit
1161 1454 1229 1507 ad
1259 1453 1586 1509 Hieremiam
1614 1471 1628 1508 :
1664 1452 1799 1508 Ecce
1827 1456 1894 1508 do
1931 1455 2022 1509 tibi
2049 1457 2103 1509 in
2129 1471 2186 1509 os
2289 1468 2611 1524 ascendunt,
2641 1470 2698 1526 Si
2729 1486 2862 1543 ergo
2889 1489 3148 1530 numerus
3171 1476 3388 1531 viai-um
3411 1452 3526 1545 esi,
3559 1489 3622 1534 ει
3647 1497 3856 1537 nam

576 1544 730 1598 verba
757 1561 866 1600 mea
888 1546 942 1600 in
972 1546 1141 1617 ignem
1158 1544 1374 1615 (lerem.
1399 1545 1582 1617 ν,14).
1614 1547 1764 1604 Hanc
1779 1563 1910 1618 ergo
1939 1559 1992 1604 et
2019 1548 2184 1603 David
2291 1561 2666 1628 mansionum;
2701 1565 2883 1634 utique
2908 1569 3166 1622 numerus
3193 1566 3414 1624 dierum
3446 1544 3538 1626 cst
3565 1613 3580 1637 ,
3633 1586 3728 1642 ρετ
3765 1589 3856 1643 quis

577 1635 816 1706 linguam
842 1638 980 1709 ignis
1010 1637 1241 1709 accepit,
1273 1649 1332 1694 ut
1360 1640 1556 1695 divinae
1595 1641 1921 1712 cognitionis
1957 1658 2186 1698 succen-
2290 1651 2356 1706 ad
2377 1652 2502 1709 cmli
2526 1654 2865 1711 altitudinem
2889 1658 3219 1726 pervenitur.

544 1760 550 1766 ι
577 1745 672 1784 sus
723 1731 920 1786 ardore
963 1733 1279 1803 loqueretur
1304 1752 1316 1788 :
1344 1732 1542 1789 Notum
1589 1739 1674 1806 fac
1729 1737 1877 1803 milii,
1937 1736 2184 1802 Domine,
2361 1746 2448 1802 18.
2478 1746 2758 1820 (Vers.6.)
2785 1747 2919 1804 Ecce
2940 1760 3128 1806 veteres
3153 1755 3378 1824 posuisti
3395 1754 3515 1810 dies
3545 1771 3690 1811 meos
3710 1773 3728 1810 :
3749 1758 3859 1813 Aﬁss

579 1821 737 1890 ﬁnem
767 1838 956 1876 meum.
981 1822 1098 1879 Non
1123 1825 1191 1880 de
1217 1835 1392 1882 morte
1418 1843 1513 1882 sua
1560 1829 1801 1898 quam”
1831 1843 2008 1900 neque
2037 1830 2180 1884 enim
2213 1853 2262 1914 Β
2289 1839 2490 1896 habet;
2546 1839 2803 1896 Palmm
2860 1845 3078 1913 posuisti
3120 1821 3231 1900 dies
3258 1863 3428 1902 τηεσε.
3477 1848 3541 1904 Si
3603 1853 3856 1907 secum;

579 1911 670 1968 hic
704 1913 826 1968 linis
855 1915 1251 1988 resurrecturo)
1283 1916 1376 1974 sed
1400 1918 1469 1974 de
1495 1935 1562 1974 eo
1590 1918 1698 1976 ﬁne
1733 1922 1947 1991 quatrit,
1981 1921 2050 1978 de
2075 1937 2177 1993 quo

2287 1934 2637 2008 Septuaginta
2670 1939 2836 2004 viros,
2862 1911 3076 1995 veteres
3101 1940 3408 2012 accipimus
3438 1942 3608 2010 dies;
3646 1943 3748 2000 hoc
3772 1959 3857 2012 est,

578 2004 878 2077 Apostolus
903 2007 1037 2063 dixit
1062 2008 1108 2078 (Ι
1132 2009 1252 2064 Cor.
1284 2027 1373 2077 xv,
1398 2009 1470 2064 24
1493 2021 1544 2066 et
1565 2012 1700 2083 seq.)
1723 2031 1735 2066 :
1759 2013 1896 2082 Quia
1919 2015 2007 2069 ille
2033 2013 2177 2082 ﬁnis,

2287 2029 2584 2084 secundum
2608 2031 2774 2103 850
2801 2041 3037 2088 veterem
3079 2033 3362 2091 hominem
3415 2036 3777 2107 intelligimus
3799 2055 3860 2093 ex-

575 2100 796 2170 quando
819 2101 1082 2158 Dominus
1105 2103 1265 2160 Jesus
1296 2104 1471 2159 tradct
1497 2120 1725 2176 regnum
1779 2107 1892 2162 Deo
1921 2106 2092 2171 Patri,
2127 2116 2177 2162 et

2286 2131 2459 2178 actos.
2485 2107 2592 2179 Sed
2623 2100 2779 2179 vetus
2811 2125 2975 2180 homo
2997 2137 3187 2182 noster
3203 2127 3408 2184 afﬁxus
3457 2139 3551 2186 est
3605 2134 3772 2187 cruci.
3793 2133 3858 2187 Er-

576 2196 866 2251 evacuabit
892 2212 1082 2254 omnes
1105 2198 1450 2269 Principatus
1478 2200 1850 2256 etPotestates
1882 2212 1970 2257 :et
2001 2217 2179 2272 quan-
2285 2228 2356 2285 go
2375 2225 2430 2270 ρι
2453 2225 2614 2272 vetus
2639 2216 2760 2273 dies
2781 2219 3040 2287 praei-iit
3061 2259 3076 2283 ,
3106 2235 3287 2276 novus
3335 2226 3517 2278 venit.
3550 2223 3712 2279 Atius
3755 2228 3856 2280 enim

576 2288 650 2342 do
673 2304 820 2345 mors
847 2290 1141 2346 novissima
1163 2293 1404 2348 omnium
1431 2292 1742 2349 destruetur
1781 2311 1794 2347 :
1843 2303 1904 2349 ut
1929 2295 2069 2350 mala
2089 2295 2183 2351 de-
2285 2307 2401 2363 dies
2434 2309 2689 2378 hominis,
2719 2311 2858 2366 alius
2887 2310 3004 2367 dies
3033 2309 3259 2378 Christi,
3305 2328 3476 2385 quem
3513 2316 3786 2372 Αδηιηω
3808 2320 3857 2370 ii.

577 2379 786 2450 ﬁciant,
809 2391 864 2438 et
886 2381 1027 2438 bona
1047 2392 1251 2439 aeterna
1267 2387 1581 2440 succedant.
1612 2385 1681 2441 Et
1698 2385 1820 2442 ideo
1839 2387 2045 2443 dictum
2063 2398 2176 2445 est:
2286 2399 2387 2465 dit,
2414 2410 2470 2456 ει
2497 2401 2716 2472 gavisus
2737 2413 2820 2458 est
2851 2419 2866 2469 ;
2895 2401 2962 2459 de
2983 2420 3091 2475 quo
3121 2414 3174 2460 et
3205 2379 3374 2462 David
3403 2407 3482 2462 ait
3509 2423 3525 2462 :
3565 2406 3672 2462 Hic
3707 2421 3772 2463 est
3789 2412 3858 2463 άξιι

579 2472 742 2546 Fugit
783 2477 954 2543 dolor,
1005 2479 1252 2572 tristitia,
1285 2490 1333 2533 et
1360 2481 1581 2550 gemitus
1627 2480 1798 2551 (Esai.
1846 2499 2010 2552 xxxv,
2065 2485 2176 2555 10).
2285 2512 2437 2567 quem
2458 2497 2575 2564 fecit
2593 2495 2868 2563 Dominus,
2887 2472 3201 2553 exsultemus
3224 2508 3270 2553 et
3297 2501 3548 2555 laetemur
3570 2503 3630 2567 in
3655 2502 3856 2572 eoiPssi.

575 2565 732 2622 Hunc
751 2568 914 2622 tinem
933 2571 989 2623 in
1004 2567 1316 2627 hominibus
1335 2573 1727 2642 operabaturet
1744 2575 1943 2631 Paulus
1960 2577 2144 2633 dicens
2167 2595 2180 2632 :
2285 2565 2454 2654 ρχνιι,
2476 2590 2596 2661 24),
2628 2590 2860 2647 Sanctus
2883 2607 3012 2662 ergo
3039 2593 3093 2647 in
3121 2593 3211 2649 die
3232 2594 3456 2650 Domini
3472 2565 3720 2650 exsultat
3740 2565 3785 2651 in
3801 2597 3856 2649 die

581 2657 653 2712 Et
679 2659 793 2725 quis
813 2670 892 2714 est
919 2662 1007 2731 qui
1031 2663 1261 2732 ltetiﬁcat
1283 2681 1382 2728 me,
1414 2666 1513 2720 nisi
1535 2667 1624 2735 qui
1652 2670 1988 2723 contristatur
2010 2679 2074 2725 ea:
2103 2688 2183 2726 me
2287 2699 2452 2749 πονο,
2473 2684 2527 2740 in
2556 2657 2664 2754 quo
2680 2685 2823 2740 Deus
2843 2657 3103 2742 [ιοιῆίηυε
3125 2687 3314 2759 ίιιυιῑι⁶
3332 2689 3524 2756 nobis,
3549 2700 3610 2746 et
3637 2690 3775 2746 dedit
3794 2704 3859 2744 ιω-

581 2750 650 2823 (ll
672 2749 819 2819 Cor.,
839 2768 898 2819 ιι,
928 2753 1013 2822 2)?
1033 2755 1382 2828 Objurgando
1404 2759 1548 2813 enim
1575 2761 1847 2830 dolorem,
1881 2765 2177 2832 tristitiam,

2285 2778 2596 2836 vamlucem
2617 2781 2668 2832 in
2689 2777 2962 2833 innoxiam
2987 2783 3154 2834 vitam
3177 2791 3230 2836 et
3253 2781 3538 2853 integram
3571 2783 3856 2839 reformatis.

579 2845 943 2913 gemitusexci
953 2849 1121 2916 tabat,
1137 2860 1423 2922 utagerent
1441 2855 1841 2923 paenitentiam;
1857 2872 1963 2928 quo
1975 2858 2177 2914 irrevo-

2285 2872 2410 2928 ldeo
2429 2873 2510 2928 vir
2528 2873 2708 2942 justus
2745 2888 2972 2930 securus
2994 2889 3146 2930 nova:
3168 2876 3308 2931 lucis
3330 2887 3385 2930 et
3413 2878 3624 2947 gratim
3657 2876 3749 2931 Dei
3767 2877 3858 2930 dicit

578 2937 808 2995 cabilem
823 2941 1038 2997 veniam
1052 2952 1106 2998 et
1122 2945 1373 3012 salutem,
1391 2945 1546 3015 cujus
1560 2947 1727 3003 Deum
1744 2964 1848 3003 non
1865 2951 2177 3020 pmniteret,

2285 2967 2469 3041 (Apoc.
2503 2937 2619 3032 x-xt,
2652 2970 2706 3035 1,
2731 2977 2781 3022 et
2811 2979 2968 3034 κη’,
2997 2967 3076 3040 5):
3111 2968 3228 3024 Erit
3275 2937 3664 3025 mihivcmlum
3686 2983 3855 3035 novius,

579 3044 944 3090 mererentur.
978 3037 1074 3093 Ille
1096 3038 1259 3108 igitur
1290 3054 1456 3095 verus
1482 3049 1567 3095 est
1593 3039 1735 3107 ﬁnis,
1761 3041 1854 3112 qui
1881 3057 1988 3098 non
2021 3044 2181 3098 unius
2284 3037 2510 3116 έιίεξιιιια
2543 3077 2702 3128 πονε,
2731 3070 2788 3116 οι
2809 3075 3008 3116 novum
3033 3037 3240 3118 iumen,
3269 3059 3394 3116 Non
3442 3063 3604 3116 enim
3638 3062 3855 3118 lucerna.

579 3131 687 3186 erit
716 3132 859 3195 finis,
892 3134 987 3190 sed
1031 3137 1293 3192 omnium.
1327 3136 1614 3206 Quomodo
1641 3153 1772 3208 ergo
1801 3139 1964 3194 ﬁnem
1997 3155 2177 3195 meum

2285 3162 2339 3208 et
2367 3153 2551 3210 lumen
2579 3155 2712 3210 solis
2735 3154 2846 3210 illic
2875 3152 3097 3217 lucebit,
3149 3161 3248 3208 aut
3275 3154 3467 3220 lunaz;
3503 3155 3608 3211 sed
3646 3154 3856 3210 Dominus

581 3221 766 3278 dixit?
813 3223 920 3280 Sed
963 3227 1248 3281 considera
1282 3230 1403 3298 quis
1447 3229 1718 3299 loquatur.
1764 3228 1960 3300 Utique
1988 3230 2174 3298 homo,

2285 3247 2609 3304 illuminabit
2628 3265 2794 3319 super
2808 3249 3062 3319 populum
3082 3263 3260 3303 suum.
3286 3247 3387 3303 Illa
3405 3263 3555 3320 ergo
3578 3248 3855 3311 desiderari,

580 3317 668 3373 vel
723 3334 864 3374 unus
892 3335 959 3376 ex
989 3321 1304 3376 hominibus
1334 3337 1463 3377 usus
1504 3324 1896 3379 communitate
1925 3325 2179 3380 substan-
2283 3343 2375 3399 illa
2401 3345 2655 3415 “omni
2688 3317 2707 3410 έ
2733 3350 2788 3399 ει
2811 3317 2938 3398 ἰδέα
2967 3342 3110 3398 diem
3140 3341 3384 3397 hominis
3428 3317 3550 3398 non
3587 3343 3830 3414 requisivi.

581 3399 692 3477 ne,
741 3413 824 3467 vel
867 3415 992 3484 quia
1028 3413 1095 3469 ad
1137 3414 1370 3470 formam
1413 3416 1792 3472 universorum
1829 3418 2176 3486 describitur,
2347 3423 2444 3492 '19,
2501 3399 2654 3505 éuod
2685 3399 2731 3491 ἐξ
2761 3436 3007 3506 palmstas
3035 3434 3335 3506 accipimus
3363 3435 3533 3500 dies‘,
3565 3451 3640 3491 ex
3668 3399 3854 3490 .nomine

581 3510 637 3556 et
663 3501 731 3557 ad
763 3504 1154 3573 perfectionem
1180 3507 1543 3562 consummati
1573 3509 1810 3564 hominis
1836 3512 2106 3567 eruditur.
2281 3501 2636 3602 inieiiigiiiiiis
2679 3501 2868 3602 ριέηοε
2897 3529 3214 3585 certaminis
3255 3538 3311 3585 et
3336 3530 3602 3597 laboris;
3654 3531 3852 3602 quoniam

656 3592 745 3647 17.
789 3592 944 3651 Unde
970 3606 1027 3652 et
1047 3595 1258 3651 addidit
1279 3610 1465 3653 notum
1491 3599 1594 3654 sibi
1627 3600 1746 3656 ﬁeri
1763 3617 2044 3657 numerum
2067 3603 2184 3659 die-
2286 3592 2524 3692 ρθιωεῖω
2554 3592 2848 3678 meta-[ores
2879 3621 2934 3677 in
2963 3636 3136 3692 agone
3163 3622 3466 3690 dicuntur,
3499 3592 3604 3695 qui
3637 3592 3853 3679 luctantur

584 3699 707 3740 rum
747 3687 838 3754 qui
863 3695 948 3742 est
975 3729 990 3752 ,
1024 3697 1082 3742 ut
1106 3688 1246 3745 sciat
1279 3690 1410 3760 quid
1439 3691 1580 3748 desit
1606 3693 1728 3748 sibi.
1757 3694 1837 3748 Ad
1888 3695 2176 3764 perfectio-

2285 3687 2350 3770 ad
2379 3730 2659 3770 coronam.
2686 3715 2830 3786 Ergo
2859 3715 2983 3786 quia
2999 3687 3065 3770 et
3085 3714 3246 3770 nobis
3272 3716 3424 3770 lucta
3449 3687 3579 3772 non
3611 3715 3852 3772 solutusd-

585 3791 711 3833 “em
742 3778 927 3849 “lique
958 3780 1087 3850 quid
1118 3781 1260 3837 des“
1286 3825 1300 3849 ν
1333 3797 1440 3839 ³³οη
1465 3785 1531 3838 πά
1562 3785 1718 3840 ίεῑίυε
1743 3788 1989 3857 corporis
2021 3788 2184 3844 Vim“
2287 3824 2476 3864 versus
2503 3824 2720 3864 carnem
2744 3778 2798 3864 et
2818 3778 3133 3878 Sanguinem
3163 3816 3250 3863 cst
3272 3825 3287 3870 ;
3307 3809 3406 3864 sed
3437 3807 3852 3878 etadversusspi-

582 3870 655 3926 de
681 3885 790 3943 quo
820 3873 1081 3943 propheta
1102 3875 1267 3931 David
1294 3877 1546 3948 cupiebat
1574 3880 1782 3935 absolvi
1804 3881 1993 3938 dicens
2017 3901 2030 3938 :
2068 3881 2177 3937 Heu

2286 3899 2744 3971 ritalianequitia:
2770 3901 2821 3954 in
2845 3899 3196 3963 caelestibus;
3225 3900 3346 3955 dies
3381 3902 3565 3957 nostri
3605 3944 3620 3966 ,
3655 3903 3849 3957 hocest.

583 3963 822 4035 me!quia
841 3967 1092 4022 incolatus
1105 3971 1595 4041 meusprolongatus
1624 3981 1720 4040 est,
1749 3983 1797 4026 et
1823 3971 2183 4046 habitaviicum
2287 3992 2411 4047 vim
2440 3963 2598 4048 ίςιίυέ
2618 4035 2633 4058 ,
2666 4004 2688 4032 c
2719 3994 2774 4048 in
2803 3992 2988 4048 labore
3016 4003 3144 4047 sum
3186 4003 3240 4047 ει
3294 3992 3517 4049 dolore,
3578 3963 3727 4051 [inde
3758 3994 3851 4048 etin

582 4056 934 4111 habitantibus
958 4058 1312 4131 Cedar(Psal.
1328 4064 1563 4133 cxxx,5).
1581 4063 1823 4135 Denique
1853 4065 2064 4120 dierum
2084 4082 2184 4120 nu-

582 4162 794 4203 mcrnm
815 4163 1147 4221 cognoscere
1175 4153 1412 4217 volebat,
1443 4171 1550 4210 non
1577 4157 1738 4212 etiam
1759 4158 2017 4213 noctium.
2041 4169 2066 4197 ἰ
2085 4159 2183 4215 Hic

583 4236 729 4292 enim
758 4238 876 4295 dies
907 4251 961 4295 et
983 4254 1172 4298 noctes
1197 4254 1355 4300 sunt:
1389 4245 1458 4301 ibi
1515 4262 1646 4301 vero
1674 4248 1792 4304 dies
1831 4251 1968 4316 soli,
2003 4251 2076 4306 ibi
2105 4253 2184 4306 Iu-

585 4343 708 4383 men
737 4341 1058 4401 perpetuum
1087 4345 1246 4404 atque
1273 4336 1610 4393 diuturnum.
1644 4341 1712 4395 Et
1767 4342 1890 4397 ideo
1931 4344 2138 4400 addidit
2166 4363 2179 4399 :

586 4421 693 4488 Qui
717 4433 792 4476 est
819 4464 833 4488 ,
890 4425 1064 4493 inquit
1086 4465 1100 4488 ,
1135 4442 1241 4482 non
1273 4428 1365 4498 qui
1393 4439 1654 4487 transeat.
1689 4434 1896 4490 Casium
1930 4439 2076 4493 enim
2129 4447 2185 4495 et

587 4523 730 4570 terra
766 4517 1163 4585 praeteribunt,
1212 4521 1347 4576 iides
1377 4531 1558 4578 autem
1608 4538 1930 4598 permanet,
1984 4540 2040 4586 et
2066 4532 2184 4588 dies

583 4603 829 4673 Christi;
867 4607 995 4678 quia
1025 4609 1140 4665 heri
1167 4619 1222 4666 et
1275 4611 1440 4668 hodie
1471 4615 1586 4685 ipse
1615 4626 1733 4684 est,
1781 4620 1908 4674 etin
1959 4623 2178 4678 saecula.

583 4699 758 4768 Quem
781 4712 962 4757 autem
990 4717 1277 4760 numerum
1300 4717 1506 4778 quaerat
1528 4751 1543 4775 ,
1564 4711 1769 4782 accipe.
1796 4711 1861 4767 In
1878 4714 2031 4769 domo
2052 4756 2067 4782 ,
2101 4717 2184 4770 in-

2284 4178 2512 4233 buatur:
2542 4177 2650 4233 dies
2690 4195 2945 4233 annorum
2971 4188 3264 4232 nostrorum
3297 4180 3354 4233 in
3387 4180 3522 4250 ipsis
3570 4181 3849 4252 septuaginta

2281 4273 2426 4326 anni.
2459 4271 2523 4328 Si
2552 4282 2720 4326 autem
2749 4273 2802 4326 in
2831 4273 3197 4342 ροτοιηῑαιίὁιιε,
3223 4275 3496 4342 octoginta
3514 4275 3645 4328 anni
3667 4291 3686 4328 :
3712 4285 3754 4329 et
3770 4278 3848 4341 pis-

2285 4366 2476 4419 rimum
2504 4382 2678 4421 eorum
2711 4365 2854 4420 labor
2876 4375 2922 4419 et
2943 4366 3092 4420 dolor
3128 4364 3308 4436 (Psal.
3336 4383 3537 4426 uxxrx
3566 4411 3584 4432 ,
3631 4369 3666 4424 9
3691 4379 3736 4423 et
3769 4367 3842 4430 l0).

2284 4457 2440 4514 Unde
2471 4470 2523 4513 et
2549 4460 2825 4529 apostolus
2853 4458 3054 4513 Paulus
3097 4458 3473 4516 abundantius
3515 4463 3730 4517 caeteris
3757 4475 3847 4531 apo-

2285 4550 2436 4605 stolis
2491 4549 2794 4617 laboravit;
2825 4561 2882 4606 ut
2925 4551 3168 4621 legitime
3225 4551 3498 4610 certando
3527 4554 3600 4610 ad
3637 4569 3846 4612 coronam

2209 4687 2264 4748 D
2287 4657 2448 4714 quam
2477 4653 2724 4713 cuperet,
2755 4643 3080 4714 perveniret.

2357 4735 2446 4791 20.
2475 4736 2580 4794 Sed
2610 4746 2788 4792 tamen
2820 4737 2942 4808 quia
2973 4746 3024 4792 ct
3046 4736 3476 4796 architectorum
3506 4757 3768 4799 mensura
3785 4757 3847 4812 io-

2287 4085 2678 4155 posterioribus
2706 4086 2824 4139 ait:
2865 4083 2997 4137 Anni
3047 4083 3210 4138 nostri
3261 4085 3400 4138 sicut
3439 4102 3648 4141 aranea
3687 4085 3851 4140 medite-
3932 4083 3933 4138 Ῑ

579 4794 718 4862 quit,
746 4790 924 4847 Patris
956 4796 1053 4849 mei
1081 4798 1371 4852 mansiones
1400 4801 1578 4854 multae
1597 4812 1716 4858 sunt
1749 4803 1930 4874 (Joan.
1953 4822 2065 4873 xrv,
2097 4807 2178 4877 2).

587 4886 687 4940 Dat
711 4901 840 4957 ergo
888 4889 1176 4960 unicuique
1212 4891 1390 4946 locum
1420 4893 1680 4968 Dominus
1703 4897 1863 4953 Jesus
1888 4941 1902 4965 ,
1929 4898 2030 4954 hoc
2058 4912 2140 4954 cst
2162 4942 2178 4966 ,

583 4985 764 5048 aptam
797 4994 895 5049 pro
917 4983 1341 5056 uniuscujusque
1370 4988 1583 5044 meritis
1612 4991 1971 5048 mansionem.
2005 4993 2180 5050 Unus-

656 5171 684 5199 ⁸
893 5162 1196 5246 ξξυῐηᾫβὼ
1226 5169 1498 5246 εηῄημίεε
1510 5181 1575 5246 et
1595 5181 1765 5246 noctes
1787 5185 1925 5246 sunt.
1951 5173 2034 5228 Ibi
2054 5191 2175 5246 ergo

581 5234 692 5287 dies
718 5232 863 5286 solis.
898 5234 1022 5288 Mss.
1046 5233 1185 5292 Vict.
1213 5248 1267 5291 et
1289 5237 1470 5300 Cnlh..
1500 5240 1604 5293 Hic
1629 5243 1766 5295 enim
1787 5243 1977 5299 diceret
2001 5232 2176 5300 noctes

581 5313 724 5357 sunt.
757 5300 843 5384 1ῥὶ
868 5319 988 5373 ergo
1015 5307 1144 5374 dies,
1175 5307 1249 5362 ibi
1274 5312 1371 5364 sol.
1405 5309 1524 5365 Vct.
1561 5311 1689 5366 edit.
1723 5321 1776 5368 et
1801 5313 1892 5368 alii
1935 5316 2171 5383 codices,

585 5384 644 5426 Ill.
670 5387 770 5428 nos
794 5389 845 5427 ιη
873 5386 1043 5430 ιρχιιι.

655 5465 680 5503 b
717 5464 861 5547 Edit.
896 5476 1005 5521 vet.
1035 5483 1100 5547 ac
1129 5485 1264 5547 mss.
1289 5473 1431 5547 _\’_ict.
1465 5483 1521 5528 et
1541 5474 1721 5540 Colb.,
1748 5485 1900 5546 atque
1929 5478 1981 5530 in
2006 5479 2173 5547 ipsam

580 5536 924 5613 summitatem
952 5540 1214 5613 caelorum.
1226 5540 1342 5613 _Alii
1375 5555 1605 5612 quatuor
1623 5587 1638 5611 ,
1669 5536 1722 5599 in
1748 5536 1919 5613 ipsum
1949 5536 2096 5602 axem
2121 5560 2172 5604 et

582 5603 634 5684 in
651 5609 1007 5689 summitatem
1034 5613 1164 5664 coeli.
1199 5611 1322 5689 Vat_.
1352 5603 1407 5666 et
1436 5615 1609 5689 Reg,
1626 5603 1791 5689 atque
1818 5618 1870 5689 in
1896 5618 2061 5689 ipsam
2087 5603 2174 5674 as;

581 5673 1124 5758 sideri-ssun‘tmitatent,
1153 5683 1450 5758 etcLLege,
1484 5673 1729 5758 Apsidein
1755 5729 1768 5749 ,
1793 5673 2135 5758 sive'Apss'dai
2153 5734 2167 5758 ,

585 5743 986 5828 urt‘editaltom.
1018 5747 1340 5828 habet._l_Zst
1365 5743 1546 5809 autem
1578 5743 1768 5825 apsida
1787 5800 1800 5822 ,
1845 5743 1995 5812 latior
2050 5743 2170 5828 pars

580 5813 707 5866 tedis
729 5854 745 5881 ,
778 5823 836 5870 ut
864 5813 1166 5875 habeturin
1201 5821 1383 5878 Gloss.
1411 5837 1542 5881 mss.
1587 5813 1726 5895 apud
1757 5813 2166 5899 (έθηςὶιιηιίᾸῑξ

2285 4829 2454 4883 laestrc
2477 4828 2581 4883 dici
2611 4829 2878 4894 feruntur,
2928 4827 3124 4898 quibus
3149 4827 3219 4884 ad
3264 4839 3571 4888 structura:
3609 4849 3846 4889 numerum

2286 4921 2368 4976 vel
2403 4921 2618 4976 modum
2665 4922 2824 4991 spatii
2865 4921 3272 4993 colligendum,
3308 4925 3544 4982 aediﬁcia
3575 4929 3845 4991 metiuntur.

2284 5015 2570 5086 locumque
2609 5031 2733 5070 eum
2760 5016 2815 5070 in
2839 5033 2944 5085 quo
2972 5017 3198 5073 aediﬁcia
3227 5029 3358 5074 sunt
3387 5021 3624 5078 locanda
3648 5041 3663 5090 ;
3691 5033 3740 5081 et
3758 5023 3847 5096 quia

2287 5187 2465 5248 tamen
2495 5177 2756 5248 scriptum
2793 5178 3112 5245 mallemus,
3149 5179 3346 5246 altior;
3376 5196 3506 5236 cum
3565 5186 3638 5241 sit
3684 5201 3844 5243 summa

2285 5247 2508 5328 fornicis
2532 5247 2840 5303 Cttrvatnra.
2870 5249 3100 5328 .liie‘rntt.
3128 5250 3222 5303 lib.
3255 5266 3292 5305 ll
3320 5252 3373 5305 in
3400 5253 3584 5328 Epist.
3617 5258 3682 5312 ad
3708 5259 3843 5328 Ephe-

2283 5319 2432 5394 sios,
2460 5318 2542 5394 In_
2559 5335 2755 5394 summa
2785 5320 2900 5394 ctuti
2949 5322 3144 5394 fornice
3165 5361 3181 5386 ,
3239 5331 3285 5374 et
3317 5332 3374 5375 ut
3404 5318 3525 5390 ipso
3553 5328 3698 5383 verba
3723 5318 3812 5383 n'tar
3831 5372 3842 5394 ,

2281 5389 2479 5455 upside.
2521 5391 2798 5446 Invenitur
2824 5391 2983 5444 etiam
3000 5391 3100 5462 illa
3151 5405 3255 5462 vox
3291 5396 3441 5462 apud
3492 5389 3846 5456 ecclesiasticos

2281 5463 2574 5528 scriptores
2602 5469 2878 5532 usurpata,
2907 5470 2965 5513 ut
2998 5460 3259 5532 Ecclesia:
3293 5460 3508 5530 partem
3563 5471 3634 5527 ab
3662 5472 3762 5526 aliis
3781 5487 3843 5528 se-

2285 5538 2550 5614 paratam,
2571 5541 2631 5614 _e_t
2656 5531 2779 5614 quia
2803 5532 3072 5613 propriam
3106 5531 3336 5587 haberet
3357 5551 3668 5614 cameram,
3688 5543 3844 5614 signiti—

2273 5610 2378 5684 εει.
2409 5601 2542 5678 Vide
2568 5601 2935 5656 Mabillonium
2961 5611 3232 5669 nostrum,
3255 5615 3392 5661 tom.
3415 5623 3428 5662 I
3452 5601 3843 5684 Analectqatque

2273 5671 2434 5724 alios.

2321 5772 2368 5808 ,ο
2401 5761 2534 5845 Reg.
2569 5763 2718 5845 cod,
2747 5764 2999 5845 intonare
3015 5773 3138 5845 sunt
3157 5777 3208 5822 et
3229 5767 3439 5840 dolore,
3475 5773 3580 5832 hoc
3603 5789 3701 5845 est,
3727 5779 3839 5834 inlt-

2269 5832 2391 5888 bore
2421 5832 2540 5891 vitta
2567 5835 2745 5892 istius.
2775 5832 2948 5901 Unde,
2971 5843 3081 5891 etc.
