4008 6352
124 355 304 415 1019

1206 349 1272 407 IN
1313 343 1642 406 PSALMUM
1683 341 1952 400 XXXVIII
1993 339 2415 399 ENARRATIO.

3321 337 3463 397 1050

122 493 257 550 per
292 482 504 539 Esaiam
533 479 744 535 locutus
774 483 860 530 est
889 473 1064 528 Deus:
1096 469 1223 535 Quis
1247 481 1453 521 mensus
1497 472 1571 518 est
1599 476 1755 514 manu
1784 460 1837 520 Α
1863 471 2111 550 quaerere
2141 455 2446 550 veritatem,
2474 463 2624 511 tuum
2652 461 2736 510 est
2765 452 2969 550 eligere
2994 449 3124 550 quid
3145 452 3456 550 sequaris):

121 594 371 650 aquam,
397 585 445 630 et
474 573 659 630 calum
681 571 877 645 palmo,
914 576 959 623 et
995 565 1286 623 universam
1337 571 1529 616 terram
1577 558 1759 612 clausa

129 675 372 730 manu?
409 673 538 740 Quis
564 669 742 725 statuit
768 676 965 722 montes
1017 674 1209 720 statera
1236 659 1406 729 (Fsai.
1462 674 1565 720 XL,
1622 653 1760 723 12)?

123 765 457 823 Videamus
479 779 546 819 ne
595 761 734 817 forte
765 760 852 814 hic
884 770 1080 814 sensus
1111 757 1213 808 hoc
1251 765 1503 808 sermone
1532 748 1604 803 sit
1644 746 1758 802 col-

125 860 512 933 ligendus,eo
537 855 681 928 qttod
703 854 947 926 cognitos
968 852 1086 906 dies
1112 848 1350 904 omnium
1369 846 1566 902 habeat
1583 843 1755 897 Deus:

127 957 246 1012 cui
279 954 413 1009 nihil
437 953 760 1008 immensum
779 950 871 1014 sit,
897 947 988 1018 qui
1028 946 1209 1001 omnia
1240 956 1492 998 mensura
1524 938 1754 1011 quadam

128 1061 272 1103 suae
302 1045 546 1102 scientia:
567 1039 1019 1111 comprehendat,
1041 1037 1282 1107 nihilque
1299 1037 1350 1093 ei
1376 1035 1445 1089 sit
1463 1033 1758 1088 iuatstima-

125 1140 288 1210 bile,
319 1140 451 1196 nihil
481 1137 906 1194 inesaminatum
964 1142 1126 1202 atque.
1177 1128 1612 1192 innumerabile,
1665 1125 1756 1197 qui

128 1234 263 1289 ait:
299 1232 408 1290 Sed
435 1241 482 1287 et
510 1231 686 1299 capilli
733 1228 915 1299 capitis
955 1227 1107 1282 vestri
1156 1241 1329 1280 omnes
1359 1223 1619 1278 numerati
1637 1229 1758 1276 sunt

128 1326 312 1397 (Luc.
340 1342 440 1394 xu,
480 1325 561 1398 7).
591 1324 704 1380 lloc
729 1339 862 1394 ergo
883 1319 1332 1390 dicitPropheta:
1372 1317 1515 1374 Ecce
1555 1314 1757 1372 novisti

129 1421 274 1477 dies
305 1435 497 1485 meos;
525 1435 633 1474 non
663 1428 716 1473 te
739 1424 1068 1488 praetereunt
1091 1413 1387 1485 quotidiani
1418 1420 1570 1467 actus
1605 1409 1752 1475 mei;

132 1522 382 1585 peccata
410 1528 530 1571 mea
560 1522 688 1568 ante
717 1511 908 1567 oculos
948 1519 1069 1565 tuos
1095 1507 1357 1580 posuisti:
1390 1514 1446 1561 et
1475 1504 1598 1560 ideo
1638 1503 1758 1557 sub-

130 1609 343 1663 stantia
389 1623 500 1661 mea
540 1615 801 1675 tamquam
829 1602 1050 1658 nihilum
1071 1611 1190 1654 ante
1217 1610 1284 1654 te.
1313 1596 1454 1665 Quid
1483 1597 1625 1652 enim
1674 1603 1753 1651 est

132 1699 344 1767 homo,
378 1699 481 1754 nisi
512 1698 636 1770 quia
670 1712 882 1752 memor
909 1695 1028 1764 ejus
1073 1694 1176 1749 es?
1231 1692 1404 1748 Homo
1434 1691 1660 1745 vanitati
1682 1689 1757 1744 si-

134 1791 301 1848 milis
323 1791 498 1848 factus
517 1801 618 1847 est.
645 1789 820 1846 IIomo
837 1789 889 1843 in
909 1795 1130 1859 peccato
1153 1804 1165 1840 :
1195 1793 1250 1841 et
1275 1785 1318 1840 si
1336 1783 1540 1852 aliquid
1565 1783 1756 1838 habeat

133 1886 442 1958 probitatis
486 1894 648 1956 atque
673 1884 893 1940 virtutis
920 1923 934 1948 ,
968 1891 1116 1937 recte
1145 1880 1359 1937 ctcteris
1381 1878 1612 1934 terrenis
1637 1876 1757 1931 ani-
1789 1853 1831 1912 Β

133 1980 433 2036 mantibus
467 1978 783 2043 antefertur,
815 1987 869 2032 et
901 1976 953 2031 in
980 1985 1275 2046 conspectu
1298 1971 1612 2028 animalium
1633 1971 1756 2042 qui-

139 2072 258 2128 bus
289 2081 373 2127 est
395 2072 739 2143 praepositus,
771 2067 1082 2134 antecellit;
1120 2069 1171 2122 in
1219 2075 1514 2136 conspectu
1572 2077 1756 2121 autem

139 2166 257 2222 Dei
292 2176 564 2236 tamquam
590 2164 726 2221 nihil
751 2174 833 2220 est
862 2163 980 2234 ejus
1002 2161 1324 2218 substantia.
1360 2159 1518 2217 Unde
1545 2169 1600 2214 et
1627 2159 1758 2216 alibi

139 2261 230 2314 ait
254 2276 269 2313 :
307 2259 561 2327 Quoniam
592 2275 692 2312 non
707 2256 1085 2331 justi/imbitur
1109 2255 1162 2310 in
1190 2255 1464 2324 conspectu
1483 2263 1568 2308 tuo
1592 2256 1758 2308 omnis

143 2355 314 2407 homo
364 2355 536 2408 vivens
576 2351 754 2423 (Psal.
802 2367 944 2408 chu
979 2393 993 2416 ,
1033 2349 1133 2420 ‘2).
1189 2349 1346 2417 Quod
1399 2347 1760 2420 Symmachus

142 2445 495 2502 manifestius
521 2445 791 2516 expressit
812 2444 997 2500 dicens
1025 2463 1036 2497 :
1057 2441 1120 2498 Et
1145 2438 1248 2498 vita
1270 2460 1380 2497 mea
1396 2451 1655 2514 tamquam
1671 2442 1755 2496 ni-

145 2540 324 2594 hilum
351 2549 468 2593 ante
494 2548 562 2594 te.

227 2643 320 2697 21.
355 2643 490 2699 Sunt
537 2650 720 2698 autem
771 2643 863 2710 qui
907 2642 1099 2699 breves
1153 2650 1344 2713 putant
1389 2642 1504 2698 dies
1533 2625 1706 2698 dictos
1735 2684 1752 2710 ,

143 2737 282 2808 quia
327 2735 692 2809 Symmachus
735 2737 993 2809 σπιθαμὰς
1039 2736 1262 2808 posuit:
1292 2738 1522 2809 σπιθαμὴ
1569 2745 1755 2791 autem

149 2831 373 2900 palmus
400 2838 486 2885 est
514 2847 528 2891 ;
565 2840 618 2884 et
646 2829 770 2899 quia
791 2829 972 2898 palmo
995 2843 1214 2884 mensus
1239 2828 1438 2883 dicitur
1464 2827 1634 2901 (Esai.
1662 2844 1748 2893 ιι,

149 2923 252 2992 12)
289 2923 429 2980 Deus
453 2923 617 2996 851
658 2923 853 2979 cmlum
909 2921 1134 2994 (palma
1180 2930 1359 2977 autem
1414 2921 1500 2977 vel
1543 2920 1754 2990 palmus

150 3015 340 3086 portio
369 3030 560 3070 manus
597 3023 683 3071 est
713 3015 986 3071 metientis
1009 3056 1025 3082 ,
1067 3023 1121 3070 et
1141 3014 1341 3086 aliquid
1396 3013 1754 3084 comprehen-

151 3107 388 3178 dentis),
417 3107 540 3164 ideo
569 3117 842 3179 tamquam
871 3111 1069 3166 breves
1098 3109 1220 3165 dies
1246 3111 1519 3164 mstimant
1542 3123 1753 3165 nuncu-

154 3212 357 3273 patos;
393 3218 513 3258 cum
543 3204 782 3269 cognitio
823 3204 916 3260 Dei
955 3218 1055 3276 per
1107 3220 1438 3272 mensuram,

153 3294 418 3364 diximus,
451 3298 624 3367 possit
651 3298 877 3368 intelligi
904 3315 918 3354 :
956 3298 1198 3355 caelestis
1225 3308 1400 3354 autem
1434 3299 1533 3353 ista
1562 3300 1751 3367 cogni-

153 3389 257 3454 tio,
283 3399 337 3444 ut
365 3389 433 3444 ad
462 3405 768 3446 mensuram
801 3390 941 3447 facta
975 3393 1083 3446 sint
1107 3393 1306 3447 omnia.
1334 3391 1454 3447 Non
1480 3407 1610 3460 ergo
1633 3393 1752 3448 bre-

155 3497 275 3549 ves,
294 3481 386 3537 sed
413 3483 589 3553 magni
623 3483 740 3538 dies
762 3485 1047 3552 Propheta:
1077 3493 1304 3555 possunt
1331 3484 1583 3554 intelligi,
1615 3497 1752 3554 quos

156 3573 304 3629 Deus
332 3590 550 3630 mensus
576 3586 661 3631 est
682 3577 892 3649 palmo,
918 3593 1026 3648 quo
1056 3592 1275 3633 mensus
1305 3586 1390 3633 est
1408 3578 1628 3634 caelum.
1648 3576 1770 3637 Ne-.

157 3682 269 3738 que
290 3669 432 3724 enim
457 3670 648 3726 breves
671 3685 784 3726 suae
816 3672 943 3727 vitae
983 3671 1102 3727 dies
1141 3672 1386 3740 diceret,
1428 3675 1515 3743 qui
1562 3655 1751 3745 postea

159 3759 282 3814 ait:
338 3759 453 3816 Heu
474 3779 554 3819 me
576 3765 596 3816 .'
641 3766 761 3832 quia
805 3764 1054 3819 iucolatus
1108 3782 1250 3821 meus
1298 3767 1632 3838 prolongatus
1679 3775 1754 3823 est

160 3851 337 3923 (Psal.
370 3871 519 3920 cxrx,
581 3854 678 3926 5);
733 3858 833 3912 nisi
886 3857 1026 3913 forte
1077 3859 1202 3929 quia
1251 3869 1477 3930 propter
1529 3870 1752 3930 peccata

165 3946 442 4002 hominum
473 3949 751 4004 breviores
781 3950 904 4004 vita:
933 3951 1088 4006 istius
1117 3951 1237 4006 dics
1265 3951 1392 4006 fecit
1421 3953 1560 4007 Deus
1587 3997 1600 4018 ,
1633 3970 1754 4022 qua:

164 4047 292 4092 ante
316 4049 372 4094 et
400 4038 685 4111 nongentis
705 4050 754 4092 ct
769 4042 1131 4111 septingentis
1153 4043 1310 4096 annis
1330 4044 1725 4121 ostendebatur

166 4138 388 4185 utnunc
416 4131 554 4186 intra
603 4141 818 4187 centum
845 4147 1110 4188 annorum
1164 4134 1430 4189 curricula
1450 4136 1751 4192 claudatur.

167 4221 257 4277 Sic
277 4236 408 4292 ergo
451 4223 855 4295 intelligendum
889 4232 973 4280 est
1001 4242 1015 4280 :
1067 4225 1209 4281 Ecce
1241 4235 1465 4295 peccato
1493 4227 1758 4284 obnoxios

167 4313 284 4369 dies
310 4329 460 4371 meos
485 4317 626 4371 nosti
654 4333 668 4381 ;
701 4317 820 4372 dies
842 4319 985 4373 enim
1017 4318 1144 4373 vita:
1167 4318 1326 4388 hujus
1351 4361 1365 4384 ,
1421 4335 1541 4390 quae
1566 4336 1756 4392 pecca-
1784 4303 1837 4364 D

166 4417 224 4462 to
250 4418 333 4464 est
360 4408 591 4465 obnoxia
619 4452 632 4479 ,
663 4410 855 4466 breves
879 4421 1040 4468 sunt:
1071 4412 1188 4469 dies
1217 4422 1396 4468 autem
1449 4415 1574 4471 vita:
1600 4427 1758 4473 aeter-

170 4514 254 4556 na:
281 4501 398 4558 sine
419 4501 544 4559 fine.

239 4600 331 4657 ξε.
362 4601 466 4658 Aut
497 4610 645 4660 certe
686 4604 766 4660 sic
825 4603 1096 4676 (nostrum
1125 4613 1208 4662 est
1251 4607 1396 4662 enim
1425 4612 1760 4680 argumentis

244 4753 268 4780 ιι
296 4743 430 4818 God.
452 4743 573 4798 Vat.
596 4757 669 4818 Aac
689 4743 882 4818 Gallic.
909 4745 1132 4816 aliquot,
1164 4744 1295 4800 Ideo
1319 4746 1628 4802 laboriosam
1656 4765 1762 4818 pa:—

175 4815 435 4869 uiteutiam
462 4814 633 4870 suavis
661 4815 828 4885 gratia
873 4814 1125 4886 sequitur.
1156 4819 1262 4873 Alii
1297 4833 1422 4873 cum
1452 4818 1585 4874 edit.
1632 4814 1765 4877 cou-

177 4888 431 4941 scntiunt.

244 4955 271 4994 δ
289 4956 708 5027 Diapsalma,est
727 4955 1040 5024 qttmdamin
1062 4955 1270 5019 psalmo
1290 4957 1507 5023 divisio,
1525 4961 1608 5015 vel
1643 4978 1759 5016 mu-

177 5029 342 5104 tatio:
367 5026 424 5104 ut
457 5027 620 5104 sicubi
642 5026 758 5100 (ait
782 5027 1277 5104 IIilarius_Proloqo
1298 5028 1350 5104 in
1377 5027 1511 5104 fieri).
1546 5033 1762 5104 malm.)

179 5097 462 5165 diapsalnta
479 5097 838 5160 intercesserit,
855 5107 940 5151 aut
965 5098 1161 5166 aliquid
1188 5097 1331 5151 aliud
1357 5097 1482 5162 dici,
1498 5111 1586 5153 aut
1609 5097 1764 5157 etiam

180 5169 240 5221 ab
267 5169 429 5222 altero
455 5169 581 5235 dici,
609 5177 696 5222 aut
722 5168 773 5222 in
796 5169 959 5223 altero
982 5171 1108 5224 artis
1124 5169 1335 5222 musica
1352 5169 1564 5223 modulo
1587 5181 1765 5226 canta-

180 5239 226 5310 ri
249 5239 630 5310 intelligendum
653 5240 738 5310 sit.
766 5239 1148 5310 Hieronymus.
1170 5239 1465 5305 epist.138,
1488 5240 1552 5293 ad
1573 5241 1765 5310 Marc.,

181 5309 246 5362 ab
275 5309 374 5363 hac
402 5309 657 5378 opinione
681 5309 983 5377 discrepat,
1004 5310 1342 5366 contendens
1362 5310 1652 5376 diapsalma
1680 5309 1764 5367 ni;

181 5380 252 5434 hil
281 5381 425 5434 aliud
455 5395 673 5446 sonare,
705 5395 864 5449 quam
893 5380 1240 5436 llebra‘orum
1272 5382 1400 5445 seta,
1421 5381 1472 5434 id
1491 5391 1594 5447 est,
1623 5398 1767 5436 sem-

183 5465 296 5518 per,
327 5451 469 5518 quod
504 5459 710 5505 tantum
735 5450 1097 5522 diStinctionis
1121 5467 1283 5506 causa
1303 5452 1627 5522 p0ue'batur.
1661 5451 1766 5509 Ve-

183 5537 295 5576 rum
328 5522 486 5590 longe
529 5522 687 5576 aliter
731 5521 797 5574 de
844 5523 1032 5577 eadem
1077 5538 1210 5578 voce
1238 5521 1460 5577 disserit
1501 5522 1767 5578 Eusebius

185 5590 383 5663 Cmsar.
418 5593 469 5645 in
509 5591 838 5662 Expositione
862 5591 1031 5648 (ἐνίει.
1059 5593 1126 5647 Ρ.
1161 5594 1227 5648 Ρ.
1253 5594 1305 5646 in
1329 5593 1555 5663 psalmos
1585 5608 1613 5646 a
1646 5593 1770 5648 Bal—

184 5673 286 5715 taz.
317 5661 593 5735 Camerio
610 5663 959 5735 concinnata,
978 5671 1033 5735 et
1052 5661 1368 5734 Antuerpiie
1395 5664 1539 5735 typis
1568 5664 1759 5720 Moreti

185 5747 271 5785 an.
309 5733 450 5805 1645
466 5732 642 5805 pedita.
679 5731 795 5805 Illic
822 5733 1088 5805 siquidem
1143 5731 1322 5790 narrat
1349 5731 1588 5805 quinque
1633 5750 1763 5789 can-

191 5803 566 5877 tores‘ordinis
595 5793 838 5877 levitici,
870 5793 1007 5872 quos
1030 5804 1196 5877 David
1226 5793 1462 5877 elegerat
1484 5793 1582 5870 ζει
1626 5821 1763 5875 quo-

191 5870 302 5930 rum
335 5873 451 5944 ipse
489 5870 698 5932 medius
715 5870 912 5944 Stabat,
942 5875 1150 5947 singula
1174 5870 1376 5937 musica
1403 5870 1758 5934 instrumenta

1861 549 1940 606 Ne
1962 559 2264 621 peccatum,
2293 549 2488 622 inquit,
2516 557 2806 614 cresceret,
2831 545 3160 603 abbreviasti
3182 544 3302 602 dies
3338 544 3461 601 vita:

1862 641 2114 698 humante
2138 658 2241 713 qua
2273 641 2530 710 vivimus,
2569 641 2625 696 in
2678 640 2762 695 his
2787 639 2978 705 terris;
3012 645 3066 694 et
3109 647 3289 693 tamen
3338 651 3461 693 cum

1859 733 2122 788 maturior
2150 735 2202 787 in
2234 733 2338 788 hoc
2361 733 2510 789 brevi
2543 745 2709 788 cursu
2739 731 2896 786 istius
2917 729 3043 783 vitae
3085 727 3206 783 linis
3237 726 3308 782 sit
3338 742 3464 797 pec-

1857 833 2127 892 catorum,
2160 829 2352 883 mortis
2373 829 2656 884 celeritate
2699 827 2986 883 substantia
3034 841 3148 880 mea
3202 833 3460 895 tamquam

1859 918 2081 973 nihilum
2105 928 2225 974 ante
2245 929 2293 975 te
2328 937 2350 986 ,°
2376 926 2498 992 quia
2523 921 2625 978 etsi
2651 921 2718 975 ad
2764 921 3052 992 imaginem
3085 916 3465 975 etsimilitudi-

1859 1027 1983 1067 nem
2019 1013 2112 1068 Dei
2145 1013 2274 1068 facti
2304 1028 2528 1082 sumus,
2570 1022 2759 1084 gravat
2785 1023 2967 1070 tamen
2992 1030 3092 1070 nos
3125 1015 3177 1070 in
3211 1013 3316 1068 hoc
3341 1026 3463 1068 cor-

1857 1119 1989 1176 pore
2017 1105 2342 1161 constitutos
2366 1106 2614 1177 quaedam
2646 1117 2862 1163 terrena
2883 1107 3137 1178 contagio
3165 1124 3178 1162 :
3205 1121 3325 1177 qua:
3349 1118 3459 1160 nou

1857 1206 2142 1268 gravaret,
2197 1198 2242 1253 si
2283 1212 2385 1254 nos
2414 1214 2617 1255 exuere
2650 1201 2819 1270 magis
2869 1210 3110 1256 veterem
3139 1198 3414 1255 hominem
3448 1239 3463 1263 ,

1857 1304 1979 1345 cum
2033 1289 2306 1346 induimus
2335 1292 2565 1361 gratiam
2591 1333 2608 1358 ,
2641 1307 2805 1363 quam
2856 1293 3224 1364 supervestire
3271 1293 3463 1348 malle-

1856 1397 2016 1448 mus;
2047 1384 2314 1439 minorem
2346 1384 2510 1440 etiam
2537 1383 2778 1439 laborem
2812 1387 2971 1441 nobis
3001 1385 3341 1456 exspoliatus
3362 1385 3461 1440 ho-

1857 1489 1947 1530 mo
1977 1483 2167 1542 vetus,
2193 1491 2350 1546 quam
2394 1476 2794 1546 supervestitus
2840 1475 3080 1533 afferret.
3135 1477 3268 1533 Nam
3316 1475 3463 1548 quod

1855 1565 2247 1635 esspoliamur,
2289 1567 2606 1638 abjicimus:
2637 1568 2782 1638 quod
2816 1568 3463 1640 supervestimur,indui-

1856 1673 2000 1714 mus.
2053 1660 2121 1716 Et
2166 1660 2288 1716 ideo
2337 1660 2743 1731 ingemiscimus
2790 1671 2844 1716 et
2890 1661 3202 1716 laboramus
3230 1701 3246 1728 ,
3293 1661 3469 1717 donec

1855 1752 2085 1808 mortale
2125 1752 2228 1808 hoc
2278 1756 2483 1809 veteris
2514 1753 2752 1809 hominis
2782 1752 3178 1817 indumentum,
3206 1767 3261 1809 et
3289 1754 3464 1810 errori

1860 1843 2113 1898 effectum
2137 1845 2458 1912 obnoxium,
2489 1847 2728 1902 novitate
2754 1860 2866 1902 suae
2902 1847 3026 1902 vita:
3047 1846 3344 1916 spiritualis
3370 1846 3466 1902 ab-

1860 1939 2112 2004 sorbent;
2145 1950 2201 1994 ut
2227 1939 2272 1995 si
2303 1954 2472 2012 supra
2495 1955 2762 1996 venenum
2785 1940 3020 2012 plurima
3047 1941 3210 1997 mella
3233 1941 3464 1997 fundan-

1861 2039 1965 2094 tur,
2000 2047 2144 2103 aegre
2175 2047 2237 2087 ac
2264 2035 2425 2088 nimis
2451 2048 2576 2088 sero
2601 2033 2794 2088 veneni
2828 2029 2974 2088 virus
3003 2033 3272 2089 aboletur.
3307 2033 3461 2105 Aqua

1857 2123 2024 2177 etiam
2078 2123 2243 2178 multa
2271 2124 2361 2178 diu
2392 2140 2516 2179 cum
2561 2125 2762 2181 veneni
2789 2125 2914 2181 felle
2945 2125 3182 2181 luctatur
3204 2168 3220 2193 ,
3278 2127 3323 2181 si
3353 2143 3461 2182 non

1859 2213 1990 2270 illud
2021 2227 2271 2285 exspuat,
2303 2219 2403 2272 sed
2433 2219 2744 2274 absorbeat.
2775 2227 2802 2257 ⁸
2833 2203 2961 2276 Ideo
2990 2219 3262 2276 laboriosa
3293 2223 3466 2292 paeni-

1860 2308 2046 2373 tentia,
2079 2310 2264 2363 suavis
2292 2311 2498 2380 gratia;
2524 2312 2650 2382 quia
2684 2321 2964 2382 peccatum
2991 2314 3350 2383 esspoliatur,
3373 2314 3464 2370 ubi

1855 2401 2026 2471 gratia
2051 2413 2135 2458 est
2156 2421 2170 2458 :
2190 2403 2536 2472 absorbetur,
2555 2405 2643 2459 tibi
2674 2405 3023 2475 pmnitentia;
3045 2405 3118 2461 ibi
3144 2407 3462 2471 remittitur,

1858 2495 1948 2551 hic
1975 2496 2351 2553 absconditur.
2384 2499 2447 2553 Et
2471 2498 2593 2554 ideo
2620 2499 2884 2568 scriptum
2912 2507 3031 2554 est:
3057 2498 3205 2554 Beati
3247 2516 3470 2570 quarunt

1856 2589 2085 2643 remissa:
2103 2598 2221 2642 sunt
2247 2590 2564 2659 iniquitates,
2590 2599 2638 2645 et
2681 2605 2902 2660 quorum
2947 2599 3083 2646 tecta
3109 2601 3225 2646 sunt
3257 2600 3468 2662 peccata

1862 2677 2037 2750 (Psal.
2066 2696 2223 2746 χχχι,
2260 2681 2334 2751 l).

1927 2773 2018 2827 25.
2057 2772 2236 2844 (Vers.
2273 2774 2352 2844 7.)
2383 2773 2449 2829 Et
2480 2775 2746 2844 requievit
2776 2775 3052 2846 paulisper
3098 2776 3466 2844 ingemiscens

1857 2864 2106 2920 humana:
2132 2864 2457 2920 conditionis
2478 2881 2808 2930 aerumnam;
2833 2868 2955 2936 quia
2971 2867 3210 2922 dixerat:
3241 2866 3468 2923 Verum-

1854 2966 2022 3012 tamen
2049 2957 2285 3012 universa
2314 2959 2532 3023 vanitas,
2554 2958 2720 3012 omnis
2741 2957 2897 3013 homo
2924 2959 3115 3014 vivens.
3168 2961 3232 3014 Et
3262 2972 3382 3031 post
3429 2961 3457 3000 ι)

1855 3047 2176 3118 diapsalma,
2199 3057 2477 3117 resumpto
2509 3049 2728 3120 spiritu,
2751 3050 2862 3104 ait:
2896 3049 3222 3122 Quamquam
3252 3053 3304 3106 in
3327 3055 3462 3107 inta-

1859 3143 1974 3212 gine
1986 3141 2082 3196 Dei
2099 3141 2320 3197 ambulet
2331 3141 2484 3196 homo
2500 3159 2519 3208 ;
2539 3151 2711 3197 tamen
2725 3160 2853 3198 vane
2866 3147 3204 3198 conturbatur
3221 3161 3238 3200 :
3258 3146 3463 3201 thesau-

1473 3213 1532 3259 ¹¹ι
1587 3219 1750 3309 ⁸¹¹Ρ¹ξ³
1779 3232 1826 3294 C
1857 3237 2010 3300 rizat,
2041 3244 2090 3289 et
2115 3236 2320 3309 ignorat
2351 3235 2436 3289 cui
2459 3247 2740 3308 congregat
2761 3253 2841 3290 ea.
2880 3236 3015 3292 Vide
3042 3238 3317 3307 quomodo
3334 3249 3463 3296 ante

1861 3327 2207 3396 asperitatem
2237 3342 2351 3383 suae
2379 3329 2669 3384 sententia:
2701 3331 3060 3398 temperavit:
3089 3339 3271 3398 postea
3300 3335 3466 3388 ratio-

1860 3433 1984 3474 nem
2008 3433 2120 3475 suae
2149 3419 2296 3474 vocis
2326 3419 2580 3474 absolvit.
2613 3420 2960 3491 Temperavit
3008 3422 3174 3494 852
3191 3423 3423 3480 dicendo
3449 3443 3462 3480 :

1863 3510 1999 3575 Quia
2027 3513 2081 3566 in
2111 3512 2335 3585 imagine
2358 3511 2455 3567 Dei
2477 3513 2708 3568 ambulat
2738 3513 2911 3569 homo.
2934 3515 3132 3570 Beatus
3156 3518 3341 3581 homo,
3371 3517 3464 3585 qui

1859 3603 1926 3659 ad
1951 3604 2363 3660 similitudinem
2395 3605 2490 3660 Dei
2523 3621 2619 3676 per
2650 3606 2811 3661 fidem
2839 3608 3118 3662 ambulas:
3156 3609 3348 3662 beattts
3371 3608 3462 3678 qui

1861 3697 1914 3753 in
1949 3705 1999 3753 te
2026 3698 2186 3753 Iidem
2219 3698 2424 3754 habes:
2457 3698 2666 3754 beatior
2695 3701 2739 3753 si
2767 3700 3050 3754 avaritiam
3078 3714 3184 3754 non
3211 3700 3465 3754 haberes.

1859 3788 2020 3845 Aliud
2053 3789 2253 3845 bonum
2287 3791 2485 3845 mentis
2512 3799 2598 3846 est
2617 3800 2906 3857 aeternum,
2931 3791 3077 3846 aliud
3111 3806 3308 3845 vanum
3339 3805 3464 3846 car.

1862 3881 2001 3935 nalis
2027 3880 2339 3949 cupiditatis
2363 3881 2692 3936 incendium.
2727 3881 2893 3938 Fides
2915 3882 3058 3937 enim
3083 3882 3197 3936 Deo
3227 3881 3420 3936 militat
3445 3900 3459 3946 ;

1862 3972 2087 4026 avaritia
2117 3971 2403 4026 tentatori:
2431 3973 2530 4026 ista
2561 3973 2805 4043 congerit
2831 3973 2976 4043 quod
3008 3973 3106 4028 sibi
3143 3975 3336 4044 prosit,
3373 3975 3464 4030 illa

1862 4061 2004 4132 quod
2021 4062 2270 4132 proficiat
2286 4063 2500 4119 alienis.
2513 4064 2654 4132 Quid
2671 4065 2830 4134 igitur
2845 4074 2952 4118 tam
2969 4079 3187 4130 vanum,
3205 4079 3364 4134 quam
3379 4081 3467 4121 ne—

1864 4152 2004 4208 scire
2035 4153 2119 4208 cui
2148 4153 2763 4223 laboretharredi?Quis
2785 4156 2960 4211 cenim
2993 4157 3093 4212 scit
3113 4157 3158 4211 si
3181 4156 3280 4212 sibi
3303 4156 3464 4224 filius,

1863 4254 1954 4300 aut
1980 4261 2150 4316 nepos
2170 4248 2424 4318 proprius
2452 4249 2804 4318 supervivat?
2829 4249 2986 4320 Saepe
3013 4257 3104 4304 aut
3156 4249 3209 4304 iu
3269 4249 3467 4304 tabulis

1866 4340 2177 4396 testamenti
2207 4339 2442 4411 scriptus
2471 4340 2646 4398 lia-res
2671 4341 2890 4399 funesto
2913 4343 3118 4397 ambitu
3147 4352 3466 4398 teatatorem

1865 4434 2123 4504 prtecedit
2151 4435 2220 4491 ad
2250 4436 2582 4501 tumulum,-
2614 4447 2705 4491 aut
2759 4437 3136 4492 lrzureditatetn
3185 4446 3471 4507 superstes

1865 4526 2154 4594 absorbet,
2207 4536 2302 4583 aut
2330 4527 2644 4584 luxuriosus
2671 4529 2939 4598 dissipat,
2968 4539 3061 4584 aut
3111 4529 3470 4585 stultissimus

1866 4630 1975 4672 non
2030 4625 2230 4684 tuetur,
2257 4628 2351 4674 aut
2382 4621 2723 4692 proscriptus
2773 4621 2990 4676 amittit.
3032 4620 3089 4676 Si
3136 4635 3297 4690 quem
3343 4634 3474 4688 ergo

1868 4752 2152 4822 pulsantes
2179 4762 2366 4808 contra
2396 4754 2776 4809 Sanctuarium
2813 4755 3049 4824 psallere
3079 4755 3272 4811 solitos
3300 4753 3472 4823 Spiri-

1869 4835 1925 4878 tu
1956 4832 2145 4878 sancto
2172 4824 2488 4891 insnirante.
2522 4826 2595 4880 At
2633 4826 2678 4880 si
2709 4828 2924 4896 quando
2953 4827 3070 4893 ejus
3100 4825 3314 4880 afflatus
3343 4839 3466 4878 ces-

1868 4903 2036 4960 saret,
2069 4909 2164 4948 eos
2184 4909 2396 4965 quoque
2425 4898 2690 4964 tantisper
2719 4915 2746 4948 a
2771 4905 2932 4950 cantu
2952 4898 3250 4961 destitisse,
3271 4910 3334 4948 ac
3355 4904 3466 4950 tum

1868 4965 2179 5037 scripsisse,
2189 4964 2504 5037 tliapsalma.
2540 4967 2838 5037 Gregorius
2859 4967 3040 5036 Nyss..
3064 4976 3196 5037 trac.
3222 4967 3257 5019 2
3285 4969 3335 5020 in
3362 4981 3469 5035 ps.,

1868 5051 1990 5104 cap.
2017 5036 2106 5098 10,
2137 5035 2413 5090 silentium
2445 5039 2575 5091 illud
2610 5035 2714 5091 nun
2745 5035 3036 5092 cessationi
3077 5036 3243 5090 divini
3276 5037 3470 5091 iustin-

1868 5118 2010 5173 cms,
2043 5107 2141 5161 sed
2166 5121 2321 5161 nova:
2347 5110 2578 5177 cuipiam
2606 5106 2950 5162 illustratiooi
2983 5123 3011 5159 a
3047 5107 3250 5176 Spiritu
3277 5117 3466 5162 sancto

1871 5177 1924 5230 in
1950 5187 2185 5232 mentem
2219 5178 2435 5234 Davitlis
2463 5179 2719 5233 immissa:
2749 5177 3016 5231 attribuit.
3045 5178 3196 5232 llunc
3216 5179 3379 5232 adeas
3405 5177 3468 5230 li-

1867 5256 1990 5371 ςῗμ
2019 5246 2160 5303 sicut
2203 5261 2260 5305 et
2288 5249 2535 5305 Cassiod.
2578 5248 2725 5303 Prol.
2757 5248 2810 5302 in
2857 5248 3096 5317 psalmos
3122 5264 3244 5318 cap.
3286 5248 3346 5303 ll
3375 5287 3388 5313 ,
3412 5257 3468 5302 et

1869 5332 1897 5371 a
1926 5333 2028 5371 tos.

1869 5332 2028 5371 illius.

1943 5398 1965 5425 ο
1996 5387 2071 5441 Ita
2095 5389 2228 5444 edit.
2257 5399 2313 5445 et
2340 5389 2620 5444 mss.Viet.
2648 5398 2700 5442 et
2722 5387 2876 5444 Colb.
2903 5389 2976 5444 At
2999 5388 3130 5454 Reg.
3150 5399 3196 5442 et
3215 5389 3304 5442 alii
3327 5403 3460 5458 qua-

1869 5467 1992 5512 tuor
2012 5460 2056 5513 si
2081 5469 2169 5512 aut
2190 5461 2348 5529 ﬁlios.
2377 5471 2466 5512 aut
2488 5471 2694 5529 nepotes
2723 5459 2966 5528 proprios
2989 5460 3300 5529 supervivat.
3326 5458 3462 5514 Ilur-

1867 5541 1961 5582 sns
1975 5530 2164 5583 eodem
2186 5528 2284 5584 hoc
2298 5531 2438 5594 loco,
2453 5528 2586 5584 edit.
2603 5538 2711 5582 vet.
2732 5543 2782 5582 et
2801 5530 3068 5584 cod.Vict.
3090 5528 3334 5593 ctColb.,
3351 5545 3466 5584 con-

1867 5600 1989 5654 ditis
2009 5600 2220 5663 tabulis,
2243 5603 2556 5654 testamentis
2585 5600 2790 5668 scriptis
2818 5600 2981 5653 haeres
3012 5603 3220 5669 funereo
3247 5601 3461 5668 ambitu,

1865 5681 1972 5725 etc.
2006 5672 2146 5725 Edit.
2195 5673 2351 5725 llom.
2383 5685 2505 5724 cum
2541 5685 2669 5723 mss.
2693 5670 2930 5739 quinque
2963 5683 3022 5724 ut
3054 5685 3154 5723 nos
3183 5673 3234 5724 in
3268 5679 3456 5736 textu,

1870 5742 1974 5796 uisi
2006 5742 2149 5811 quod
2179 5740 2344 5808 aliqui
2370 5755 2489 5808 pro,
2520 5740 2736 5804 ambitu,
2765 5743 2943 5809 legunt
2967 5781 2982 5805 ,
3013 5740 3196 5804 obitu;
3229 5741 3316 5796 alii
3354 5742 3466 5796 abi-

1868 5821 1923 5868 tu
1947 5851 1964 5878 ,
1999 5812 2050 5869 id
2081 5821 2186 5879 est,
2217 5812 2487 5879 discessu,
2523 5811 2602 5868 vel
2635 5826 2881 5868 excessu.
