4008 6352
179 405 184 408 .
213 365 356 420 l055

1242 361 1304 415 ΙΝ
1347 356 1678 418 ΡδΑωιυιι
1718 357 1990 422 XXXV!“
2031 356 2451 418 ENARRATIO.

3364 347 3503 426 103i

196 490 277 542 est
298 482 610 553 exspectatio
636 481 788 558 mea?
810 495 978 536 nonne
991 472 1368 540 Dentiuust’Et
1381 473 1670 542 substantia
1691 489 1800 530 utea
1826 485 1878 543 Α
1895 476 2038 545 cari,
2063 485 2120 535 et
2159 486 2281 547 post
2315 476 2435 545 haec
2465 490 2634 548 regno
2679 490 2780 532 suo
2831 468 3046 549 integro
3091 479 3373 536 restitutus
3402 483 3502 550 sil;

196 583 325 630 ante
359 583 406 630 te
437 584 535 634 est.
584 574 722 646 Spes
759 581 816 631 et
863 570 1118 645 patientia
1164 576 1350 639 nostra
1381 566 1632 625 Christus
1672 574 1800 624 est:

203 667 326 748 ipse
357 666 532 724 factus
559 675 646 724 est
673 665 975 736 redemptio
1005 671 1211 728 nostra,
1239 663 1354 733 ipse
1383 669 1466 717 est
1487 667 1673 716 nostra
1707 672 1804 716 ex-

205 758 506 830 spectatio;
537 766 598 814 ut
622 757 864 816 dicamus
893 756 1090 828 singuli
1123 773 1138 810 :
1169 751 1492 825 Exspectans
1521 749 1808 822 exspectaui

205 844 524 917 Dominum,
563 859 610 906 et
648 850 874 922 respexit
922 864 1003 905 me
1035 845 1213 921 (Psat.
1245 860 1432 911 xxxix,
1459 841 1538 912 2).
1573 841 1808 914 Respice

203 957 344 1018 ergo
371 957 471 998 nos
510 943 566 998 in
592 942 800 1013 judicio
825 950 936 996 luo.
970 937 1437 1010 llespiciatfsuper
1459 951 1558 992 nos
1588 935 1806 994 miseri-

201 1033 393 1090 cordia
439 1042 559 1098 tua;
611 1041 674 1089 ut
698 1033 790 1104 qui
821 1032 891 1088 de
920 1031 1116 1088 merito
1145 1029 1442 1086 difﬁdimus
1475 1037 1684 1095 nostro,
1712 1043 1808 1101 per

205 1133 357 1181 tuum
382 1125 807 1182 misericordiam
834 1124 1152 1190 liberemur,
1177 1123 1232 1179 in
1249 1122 1405 1194 cujus
1429 1129 1696 1193 potestate
1721 1129 1810 1179 est

203 1219 406 1276 anima:
439 1229 640 1278 nostrae
673 1221 902 1290 vitteque
940 1217 1264 1276 substantia.
1305 1217 1373 1271 Et
1414 1215 1536 1271 ideo
1575 1231 1683 1272 non
1739 1215 1808 1269 ti-

203 1330 460 1374 meamus.
494 1315 740 1386 corporis
761 1323 1026 1380 mortem;
1053 1312 1150 1370 sed
1175 1328 1298 1370 eum
1341 1313 1433 1384 qui
1473 1320 1651 1385 potest
1695 1309 1812 1367 ani-

204 1422 355 1476 mam
381 1415 624 1464 nostram
671 1406 757 1464 vel
780 1421 1033 1475 _servare,
1078 1406 1164 1462 vel
1195 1405 1460 1476 perdere:
1488 1407 1644 1475 cujus
1681 1405 1814 1463 sub-

204 1499 409 1555 stantia
450 1499 624 1556 virtus
665 1509 774 1567 est,
816 1515 976 1570 quam
1024 1498 1167 1555 Deus
1193 1497 1259 1556 ad
1288 1497 1699 1554 similitudinem
1730 1496 1814 1554 sui

205 1595 526 1666 pectoribus
556 1593 752 1652 infudit
783 1593 1054 1651 humanis.

280 1688 374 1744 29.
420 1687 602 1760 (Vers.
635 1683 716 1759 9.)
744 1686 999 1759 Quisquis
1025 1687 1185 1758 igitur
1206 1684 1545 1743 babetistam
1559 1683 1814 1742 substan-

209 1782 344 1839 tiam
386 1783 582 1840 animte
629 1797 768 1848 suae,
803 1781 934 1838 dicit
985 1798 999 1835 :
1051 1780 1126 1836 Ab
1174 1781 1412 1836 omnibus
1458 1779 1814 1850 iniquitatibus

209 1877 338 1932 meis
355 1877 496 1949 eripe
520 1891 618 1931 me.
647 1875 766 1933 Non
792 1875 953 1930 unius
981 1873 1225 1929 criminis
1244 1874 1457 1943 lapsum
1473 1872 1692 1940 fatetur,
1722 1870 1812 1941 qui

1908 570 2033 641 quia
2071 579 2128 628 et
2155 571 2503 642 opprobrium
2533 587 2564 627 a
2603 572 2834 629 Domino
2877 572 2967 640 sit,
3017 583 3073 628 et
3113 575 3283 644 prosit
3330 576 3505 648 magis

1906 662 2184 719 sustinere
2210 663 2585 734 cpprohrium,
2617 654 3081 735 quam'rei'cllere.
3115 665 3359 739 Denique
3389 669 3504 724 vic-

1909 756 2047 811 toria
2077 763 2201 827 post
2229 769 2412 814 secuta
2445 768 2549 816 est.
2574 760 2718 831 Ergo
2749 761 3100 832 opprobrium
3129 763 3370 834 prodest.
3397 762 3506 821 Sed

1907 847 2039 920 quid
2066 858 2149 903 est
2169 849 2314 919 quod
2335 849 2544 907 addidit
2576 869 2591 906 :
2623 852 2881 922 Quoniam
2909 864 2963 908 tu
2989 855 3160 926 fecisti
3181 855 3299 910 me?
3318 855 3509 914 Nonne

1909 942 2036 1000 ideo
2057 941 2394 1000 obmutuisse
2421 959 2481 1001 se
2505 944 2656 1011 dicit,
2689 955 2744 1003 et
2771 963 2876 1002 non
2918 950 3198 1021 aperuisse
3226 965 3288 1005 os
3317 965 3505 1009 suum:

1910 1034 2036 1105 quia
2064 1037 2287 1105 agnovit
2322 1037 2536 1094 Domini
2565 1040 2899 1097 voluntatem
2934 1061 2947 1100 :
2977 1055 3264 1114 propterea
3296 1029 3507 1116 patieué

1913 1135 1998 1183 ter
2021 1141 2082 1199 se
2125 1128 2450 1198 pertulisse,
2497 1139 2559 1187 ut
2590 1133 2882 1190 satisfieret
2907 1134 3141 1192 Domino
3190 1153 3284 1208 per
3313 1153 3510 1210 cppro-

1911 1219 2091 1292 brium
2119 1237 2218 1290 pro
2244 1223 2508 1290 peccato?

1985 1310 2074 1368 52.
2117 1310 2297 1382 (Vere.
2347 1311 2465 1386 11.)
2497 1313 2650 1371 Unde
2696 1326 2751 1372 et
2794 1317 3080 1390 adiunxit:
3133 1321 3324 1376 Amore
3363 1339 3394 1375 a
3430 1338 3510 1378 me

1915 1405 2097 1476 plagas
2133 1417 2247 1459 tuas
2293 1404 2466 1477 (Psat.
2517 1423 2724 1477 xxxvu,
2755 1410 2868 1482 18).
2915 1415 3201 1484 Quomodo
3244 1409 3351 1471 hoc
3405 1416 3506 1472 sibi

1914 1497 2199 1569 congruit?
2247 1499 2304 1554 in
2345 1502 2628 1571 superiore
2673 1505 2883 1574 psalmo
2933 1507 3157 1578 ﬂagellis
3188 1525 3246 1564 se
3288 1508 3509 1579 obtulit,

1917 1591 2006 1649 hic
2029 1592 2244 1664 ﬂagella
2292 1609 2324 1650 a
2372 1610 2430 1651 se
2461 1597 2699 1667 postulat
2744 1602 3016 1666 amoveri;
3063 1602 3166 1656 nisi
3199 1603 3321 1672 quia
3353 1604 3517 1659 solvit

1911 1685 2022 1756 jam
2052 1687 2123 1744 de
2152 1703 2313 1744 manu
2353 1688 2570 1745 Domini
2615 1690 2850 1762 duplicia
2890 1705 3111 1764 peccata
3140 1709 3258 1762 sua,
3292 1698 3515 1752 erubes-

1917 1781 2110 1846 cendo,
2131 1782 2422 1852 opprobria
2454 1784 2812 1840 sustinendo?
2838 1784 3304 1856 Compunctiones
3333 1788 3514 1850 cordis

1917 1872 2000 1928 sui
2023 1883 2150 1932 sunt
2187 1882 2243 1929 et
2269 1874 2679 1946 cogitationum,
2711 1886 2836 1932 sunt
2872 1887 2926 1934 et
2965 1877 3396 1948 increpationum
3421 1879 3516 1934 ila-

209 1967 281 2024 ab
336 1969 590 2024 omnibus
636 1982 696 2024 se
758 1965 1135 2036 iniquitatibus
1187 1965 1327 2022 solvi
1376 1976 1650 2036 precatur.
1697 1963 1814 2019 Scit
1841 1952 1888 2013 Β
1915 1968 2078 2038 gelia.
2119 1969 2407 2026 Videamus
2453 1981 2734 2028 tamenne
2776 1973 2898 2028 ideo
2945 1974 3146 2028 dixerit
3189 1982 3313 2029 ante
3343 1966 3514 2029 Deum

211 2061 366 2116 enim
392 2059 534 2133 quod
557 2058 662 2115 nisi
697 2059 964 2119 Dominus
1000 2059 1264 2130 ignoscat,
1297 2073 1458 2113 nemo
1485 2058 1667 2116 salvus
1693 2070 1817 2112 esse

211 2154 413 2228 possit,
446 2154 772 2226 quicumque
816 2162 972 2212 natus
1010 2162 1095 2212 est
1115 2153 1217 2213 sub
1241 2162 1480 2223 peccato,
1507 2167 1668 2222 quem
1692 2151 1813 2222 ipsa

212 2245 394 2304 noxiae
425 2246 755 2314 conditionis
772 2245 1061 2302 litereditas
1089 2246 1346 2302 astrinxit
1370 2245 1438 2301 ad
1461 2247 1698 2316 cuipam.

287 2337 396 2408 50.,
423 2336 793 2410 Opprobrium,
821 2338 1017 2410 inquit,
1044 2339 1309 2408 insipienti
1337 2338 1522 2393 dedisti
1553 2355 1652 2394 me.
1685 2339 1819 2407 Quis

217 2440 304 2486 est
336 2431 620 2504 insipiens,
652 2431 758 2490 nisi
788 2433 881 2503 qui
919 2441 1198 2502 peceatum
1231 2431 1380 2497 iacit,
1410 2441 1465 2488 et
1494 2432 1648 2502 eligit
1677 2433 1818 2490 mala

218 2539 319 2594 pro
347 2524 537 2582 bonis?
567 2523 832 2595 Ergoﬁqui
859 2531 1050 2580 auctor
1080 2533 1165 2582 est
1191 2533 1568 2594 peccatorum,
1597 2525 1712 2594 ipse
1738 2524 1820 2581 iu-

217 2614 422 2685 sipiens
459 2615 648 2688 magis,
688 2629 849 2690 quam
891 2615 1012 2686 ejus
1052 2616 1320 2674 minister.
1353 2615 1488 2672 Cum
1533 2632 1820 2686 peccamus

218 2707 407 2779 igitur,
443 2707 499 2766 in
540 2708 893 2780 Oppi-obrium
941 2708 1206 2766 tradimur
1236 2708 1584 2776 adversario;
1635 2718 1694 2765 ut
1730 2709 1823 2766 ille

220 2815 323 2858 nos
369 2803 525 2873 quasi
555 2801 807 2862 inimicus
841 2801 894 2857 iu
921 2801 1010 2858 die
1043 2801 1233 2872 judicii
1276 2811 1495 2858 accuset
1522 2810 1577 2860 et
1607 2801 1820 2872 prodat.

219 2893 594 2964 Suscipiamus
637 2909 768 2964 ergo
805 2893 1159 2964 opprobrium
1191 2895 1370 2952 erucis
1409 2892 1634 2961 Christi,
1680 2893 1824 2966 quod

219 2989 464 3058 suscepit
496 2989 732 3061 Moyses,
760 2999 816 3046 et
837 2987 1059 3059 ΕΒΗ)ιὶ
1084 2987 1358 3048 thesauris
1379 2987 1655 3060 regalibus
1688 3002 1825 3058 prie-

219 3079 387 3151 tulit;
419 3088 474 3135 et
495 3080 620 3151 ideo
641 3095 750 3138 non
777 3088 862 3136 est
889 3079 1164 3150 insipienti
1193 3082 1246 3137 in
1272 3083 1630 3152 opprobrium
1661 3081 1828 3140 tradi-

223 3183 331 3228 tus.
365 3173 472 3231 Alii
522 3167 721 3230 habent
751 3173 967 3231 codices
1015 3193 1029 3229 :
1074 3174 1423 3246 Upprobrium
1471 3175 1732 3241 insipienti
1763 3191 1828 3230 ne

223 3265 401 3322 tradas
431 3282 530 3321 me.
561 3265 667 3324 Sed
702 3265 874 3337 magis
906 3267 1076 3322 David
1105 3280 1223 3326 eam
1249 3267 1694 3324 consuetudinem
1726 3267 1826 3322 ha-

1916 2076 2040 2118 esse
2068 2064 2422 2120 substantiam
2465 2067 2659 2120 animm
2688 2080 2833 2132 suae;
2884 2065 3006 2136 quia
3037 2081 3147 2121 non
3180 2065 3520 2136 impugnaret

1919 2153 2264 2211 adversarius
2299 2172 2440 2224 eam,
2492 2158 2592 2213 nisi
2636 2167 2961 2228 potestatem
3010 2157 3313 2228 accepisset
3344 2173 3373 2212 a
3413 2156 3520 2212 Do-

1921 2251 2102 2316 mino;
2131 2252 2273 2322 quod
2302 2253 2445 2307 enim
2487 2253 2617 2310 fecit
2657 2254 2945 2329 Dominus,
2966 2262 3021 2308 et
3050 2261 3248 2308 tuetur.
3281 2253 3521 2322 Denique

1921 2343 2146 2413 angelus
2185 2345 2239 2398 in
2287 2346 2514 2401 circuitu
2559 2354 2641 2402 est
2682 2343 2939 2414 hominis,
2977 2346 3067 2418 qui
3119 2345 3427 2417 praetendit,
3453 2361 3520 2401 ne

1922 2434 2043 2503 quis
2073 2446 2266 2492 noceat
2304 2438 2376 2493 ei.
2411 2437 2528 2493 Non
2560 2437 2790 2494 discedit
2837 2441 3084 2510 angelus,
3140 2438 3240 2494 nisi
3274 2437 3458 2509 jussus
3490 2452 3520 2493 a

1924 2523 2176 2593 Domino,
2217 2538 2275 2583 ut
2308 2543 2439 2584 suus
2479 2529 2678 2586 athleta
2727 2529 2992 2587 decertet.
3028 2531 3172 2602 Ergo
3210 2532 3362 2601 quasi
3394 2531 3522 2587 sub-

1925 2620 2120 2674 stantia
2146 2621 2358 2675 Domini
2383 2622 2889 2692 prtesumitVeniam
2908 2623 3010 2677 sibi
3037 2623 3377 2694 iniquitatum
3401 2637 3524 2680 sua-

1926 2728 2045 2767 rum
2075 2727 2105 2767 a
2148 2713 2440 2770 Cotiditore
2468 2729 2570 2770 suo
2615 2729 2775 2786 posse
2815 2715 3076 2782 concedi;
3110 2724 3164 2772 et
3196 2715 3320 2772 ideo
3347 2725 3521 2788 rogat,

1925 2805 2050 2875 quia
2091 2806 2240 2860 novit
2281 2805 2573 2862 Auctorem
2628 2821 2787 2862 suum
2839 2807 3271 2863 misericordem.
3317 2807 3524 2864 Deinde

1927 2899 2051 2968 quia
2077 2898 2237 2955 datus
2278 2900 2348 2954 sit
2386 2901 2439 2955 in
2466 2901 2842 2971 opprobrium,
2874 2917 2982 2956 non
3011 2901 3250 2969 resistit;
3297 2901 3391 2958 sed
3426 2918 3523 2974 pa-

1927 2990 2057 3044 titur
2081 2989 2366 3046 adversum
2395 3007 2456 3047 se
2476 2993 2734 3050 assistere
2761 3006 3124 3065 peccatorum,
3157 3005 3211 3052 et
3244 2996 3371 3053 silet
3398 2996 3526 3052 sub-

1929 3082 2145 3139 stantia:
2197 3100 2307 3142 sua:
2352 3088 2709 3156 conscientia,
2741 3105 2861 3160 quia
2909 3090 3050 3145 bona
3090 3097 3191 3157 est,
3242 3099 3298 3146 et
3345 3100 3522 3160 potest

1929 3179 2174 3249 corporis
2223 3179 2559 3236 ferocitatem
2610 3181 2906 3250 refrenare,
2942 3191 2999 3236 ut
3043 3181 3214 3237 virtus
3246 3181 3522 3247 succedat,

1932 3275 2087 3346 culpa
2115 3282 2365 3346 ponatur.
2398 3274 2680 3330 Postremo
2698 3275 2824 3346 quia
2845 3275 3015 3330 factus
3034 3290 3062 3328 a
3079 3274 3308 3329 Domino
3326 3283 3429 3340 est,
3463 3274 3532 3328 ci-

223 3357 340 3424 hei»
371 3366 428 3414 υι
453 3373 546 3413 ειη
570 3359 742 3430 magis
769 3358 1064 3430 opprobria
1095 3367 1151 3416 et
1194 3371 1415 3430 peccata
1445 3360 1698 3426 fateatur,
1731 3373 1832 3416 nec
1857 3347 1903 3412 Ο
1938 3366 2044 3422 tius
2063 3366 2164 3420 sibi
2186 3379 2345 3435 posse
2367 3365 2557 3420 donari
2576 3376 2856 3436 peccatum
2873 3367 3210 3422 confidenter
3227 3365 3523 3430 existimat,

223 3455 294 3511 de
331 3455 565 3525 peccatis
599 3455 712 3511 suis
737 3455 1026 3513 erubescat
1053 3463 1111 3511 et
1149 3454 1479 3526 opprobriis,
1512 3455 1607 3526 qui
1643 3455 1746 3511 scit
1773 3454 1827 3510 in

223 3548 571 3606 confessione
595 3564 718 3608 esse
737 3551 973 3618 veniam,
1005 3557 1060 3606 et
1087 3548 1144 3606 in
1191 3548 1398 3620 peccati
1443 3548 1525 3606 sui
1569 3547 1830 3606 condem-

224 3640 448 3698 natione
473 3640 767 3711 justitiam.

297 3733 387 3787 31.
431 3731 612 3805 (Vers.
659 3729 777 3804 10.)
814 3731 1055 3804 Denique
1092 3746 1162 3788 ex
1211 3730 1296 3788 his
1335 3746 1456 3802 quae
1505 3737 1828 3802 sequuntur,

227 3824 605 3880 manifestatur
635 3824 723 3879 hic
747 3838 975 3889 sensus;
1007 3823 1138 3894 quia
1163 3822 1399 3892 subjecit
1436 3839 1448 3875 ς
1483 3821 1750 3890 Obmutui,
1783 3829 1831 3876 et

225 3932 330 3972 non
359 3916 541 3988 aperui
571 3932 627 3970 os
654 3931 824 3970 meum
840 3932 860 3982 ;
885 3915 1133 3987 quoniam
1168 3922 1224 3972 tu
1253 3915 1422 3985 fecisti
1451 3930 1563 3977 me;
1591 3913 1696 3968 hoc
1723 3922 1829 3981 est,

227 4006 427 4064 dedisti
466 4021 552 4063 me
582 4007 639 4062 in
680 4005 1035 4076 opprobrium
1079 4004 1380 4074 insipienti,
1413 4002 1536 4061 ideo
1559 4003 1829 4070 obmutui,

229 4112 280 4158 et
304 4117 410 4158 non
439 4101 626 4172 aperui
652 4116 716 4156 os
737 4114 938 4167 meum,
971 4113 1039 4154 ne
1067 4107 1283 4165 peccata
1308 4097 1515 4168 majora
1541 4095 1832 4153 contrahe-

232 4211 369 4255 retn.
408 4195 611 4267 Agnovi
645 4193 981 4250 voluntatem
1014 4202 1186 4257 tuam,
1241 4198 1300 4245 ut
1332 4189 1399 4246 ad
1451 4196 1664 4259 tempus
1708 4203 1832 4244 eru-

229 4287 534 4355 bescerem,
556 4295 614 4342 et
630 4293 816 4356 postea
837 4283 1017 4340 salvus
1038 4283 1226 4344 ﬁerem
1249 4283 1461 4340 veniam
1486 4281 1828 4353 postulando.

233 4379 464 4438 Prodest
512 4393 643 4449 ergo
698 4376 970 4435 interdum
1015 4385 1070 4436 et
1123 4375 1495 4449 opprobrium.
1555 4373 1831 4445 Siquidem

233 4473 395 4532 etiam
443 4473 559 4544 ipse
587 4470 809 4543 prodest
846 4471 1029 4530 carnis
1076 4470 1358 4537 interitus;
1408 4479 1467 4526 ut
1515 4467 1832 4526 testificatur

235 4565 528 4637 Apostolus
557 4565 744 4622 dicens
770 4582 784 4620 ;
806 4563 1027 4620 Tradidi
1075 4579 1191 4619 eum
1221 4564 1278 4619 in
1313 4563 1577 4620 interitum
1619 4561 1830 4628 carnis;

235 4671 290 4716 ut
316 4661 530 4730 spiritus
560 4660 732 4716 salvus
761 4659 828 4714 sit
856 4659 911 4714 in
933 4659 1018 4716 die
1038 4658 1247 4721 Domini
1268 4659 1430 4714 nostri
1459 4655 1588 4716 Jesu
1609 4654 1824 4711 Christi.

1933 3459 2024 3529 qui
2063 3458 2437 3514 fortitudinem
2479 3474 2671 3515 manus
2709 3460 2919 3515 Domini
2954 3457 3193 3531 potuerit
3229 3458 3522 3514 sustinere.

2003 3549 2093 3605 33.
2136 3549 2202 3604 Et
2240 3549 2343 3605 hoc
2395 3551 2579 3622 utique
2628 3551 2784 3607 bona:
2837 3550 3158 3607 substantim
3203 3559 3308 3616 est,
3349 3550 3451 3606 etsi
3495 3565 3524 3604 a

1933 3638 2251 3696 fortitudine
2295 3656 2488 3698 manus
2521 3642 2730 3698 Domini
2762 3643 3031 3698 defecisse
3057 3656 3117 3698 se
3151 3641 3303 3698 dicit.
3349 3639 3528 3696 Fortis

1933 3746 2125 3788 manus
2154 3733 2294 3787 sicut
2319 3735 2459 3789 male
2493 3735 2751 3805 percutit,
2779 3736 2857 3789 sic
2885 3735 2993 3790 cito
3022 3741 3177 3788 sanat
3211 3751 3226 3787 :
3259 3748 3381 3804 quin
3413 3730 3526 3788 ior-

1935 3821 2002 3875 tis
2041 3821 2109 3877 ad
2149 3823 2361 3890 vulnus,
2409 3824 2562 3879 fortis
2603 3834 2660 3880 et
2701 3827 2767 3880 ad
2799 3826 3098 3881 remedium
3143 3833 3246 3881 est.
3281 3823 3434 3879 Unde
3475 3835 3530 3879 et

1935 3910 2053 3980 ipse
2097 3912 2175 3968 ait
2205 3929 2219 3965 :
2248 3912 2572 3983 Psrcutiam,
2620 3925 2666 3968 et
2717 3917 2910 3971 sanabo
2959 3915 3137 3987 (Deut.
3181 3929 3346 3982 xxxii,
3401 3913 3525 3983 39);

1935 4009 1993 4054 ut
2018 4017 2127 4057 non
2151 4003 2463 4059 meminerit
2487 4005 2752 4071 vulneris,
2777 4007 2866 4076 qui
2890 4016 3112 4060 sanatus
3147 4005 3339 4060 evasit.
3370 4005 3531 4060 Deni-

1933 4107 2039 4162 que
2085 4093 2202 4149 harc
2244 4110 2438 4150 manus
2471 4097 2677 4152 Domini
2721 4105 2911 4152 sancto
2935 4097 3036 4152 Job
3064 4096 3242 4151 omnia
3287 4095 3529 4166 abstulit,

1934 4193 1989 4240 et
2015 4185 2192 4242 omnia
2223 4189 2663 4258 repraesentavit;
2695 4190 2857 4243 immo
2896 4189 3078 4244 omnia
3103 4189 3324 4243 cumulo
3358 4189 3532 4258 auxit,

1936 4286 1994 4336 ut
2018 4279 2217 4336 amissa
2245 4281 2565 4351 seminaret.
2592 4280 2703 4338 Nec
2733 4290 2786 4339 te
2815 4291 3030 4338 moveat
3073 4279 3217 4354 quod
3264 4281 3530 4339 defecisse

1937 4386 1997 4428 se
2009 4371 2165 4428 dixit.
2189 4372 2287 4429 Est
2313 4373 2402 4445 qui
2421 4373 2686 4441 deiicit,et
2703 4375 2899 4431 fortior
2923 4375 3116 4446 surgit;
3134 4374 3366 4430 suiluicit
3387 4375 3532 4431 enim

1936 4463 2199 4524 Dominus
2227 4481 2416 4524 omnes
2442 4468 2535 4539 qui
2561 4474 2744 4535 ruunt,
2773 4474 2829 4523 et
2853 4468 3077 4540 corrigit
3117 4481 3308 4522 omnes
3345 4466 3530 4523 elisos.

1935 4554 2071 4613 Cum
2104 4557 2305 4616 virtute
2340 4559 2484 4614 eiiim
2512 4561 2686 4630 surgit
2725 4560 3052 4631 quicumque
3091 4559 3396 4629 corrigitur.
3431 4559 3534 4615 De-

1937 4645 2065 4705 iecit
2084 4649 2280 4706 Paulus
2304 4667 2336 4706 a
2365 4650 2680 4707 fortitudine
2701 4667 2893 4706 manus
2917 4651 3094 4722 hujus.
3117 4649 3326 4706 Cecidit
3352 4659 3536 4720 perse-

235 4751 280 4823 (l
305 4750 425 4810 Cor.
466 4769 522 4817 v,
554 4752 633 4822 5).
684 4751 1050 4821 Opprobrium
1095 4766 1313 4822 quoque
1360 4749 1618 4821 prodesse
1662 4747 1831 4806 David
1859 4745 1914 4806 1)
1937 4749 2114 4809 cutor,
2133 4751 2191 4798 et
2219 4743 2458 4798 surrexit
2485 4743 2759 4815 Evangelii
2789 4743 3135 4815 praedicator.
3153 4743 3265 4797 Hoc
3291 4750 3375 4798 est
3389 4742 3532 4813 quod

237 4843 352 4914 ipse
384 4852 610 4901 testatus
635 4852 720 4900 est
745 4843 932 4902 dicens
951 4844 1018 4900 ad
1041 4843 1302 4904 Abessam
1334 4862 1348 4900 :
1379 4842 1527 4910 Sine,
1559 4841 1835 4900 maledicat

235 4937 362 4992 mihi
385 4935 696 5002 Jeminteus;
723 4936 966 5007 quoniam
989 4937 1124 4993 dixit
1149 4936 1230 4994 illi
1259 4936 1552 5005 Dominus;
1582 4947 1637 4992 ut
1663 4937 1834 4992 videat

238 5029 578 5086 humilitatem
616 5045 806 5094 meam,
852 5039 900 5086 et
941 5029 1191 5088 retribuat
1233 5029 1359 5086 mihi
1401 5027 1660 5084 Dominus
1699 5028 1834 5085 bona

237 5137 327 5192 pro
357 5122 628 5177 maledicto
659 5124 775 5175 hoc.
811 5121 882 5194 (Il
911 5120 1042 5192 Reg.
1075 5136 1188 5188 xvt,
1224 5121 1284 5176 11
1321 5129 1367 5175 et
1400 5120 1512 5189 12).
1542 5119 1607 5174 Et
1638 5133 1830 5174 revera

237 5215 369 5272 vidit
397 5213 752 5286 opprobrium
793 5213 912 5284 ejus
952 5213 1236 5282 Dominus,
1279 5212 1422 5283 quod
1451 5212 1588 5270 ﬂens
1627 5210 1740 5267 ibat
1778 5221 1832 5266 et

236 5307 596 5370 excalceatus,
649 5315 842 5374 operto
870 5306 1086 5374 capite;
1137 5314 1194 5360 et
1231 5305 1443 5358 amovit
1491 5304 1610 5373 ejus
1635 5318 1840 5372 oppro-

1937 4831 2012 4887 ait
2039 4850 2054 4887 :
2088 4833 2130 4888 Α
2153 4833 2460 4903 fortitudine
2485 4851 2669 4891 manus
2695 4846 2800 4890 tua
2833 4852 2928 4908 ego
2955 4836 3139 4907 defeci.

2007 4922 2098 4979 54.
2147 4923 2328 4996 (Vers.
2363 4925 2479 4998 12.)
2511 4928 2576 4982 Et
2601 4927 2810 4982 addidit
2841 4943 2854 4981 :
2885 4926 2954 4980 In
2979 4927 3416 4998 increpationibus
3443 4943 3536 4981 su-

1935 5033 2027 5089 per
2051 5017 2370 5088 iniquitatem
2410 5020 2627 5074 erudisti
2653 5019 2913 5074 hominem
2946 5034 2964 5073 :
2992 5027 3044 5072 et
3083 5018 3340 5075 tabescere
3367 5018 3537 5088 fecisti

1935 5108 2064 5162 sicut
2109 5125 2350 5162 araneam
2406 5109 2631 5163 animant
2671 5111 2805 5180 ejus.
2858 5108 3080 5164 Graecus
3136 5111 3268 5186 ὑπὲρ
3327 5111 3538 5182 ἀνομίας

1938 5201 2094 5268 dixit,
2129 5201 2234 5258 hoc
2263 5211 2364 5269 est,
2393 5220 2488 5273 pro
2514 5203 2811 5271 iniquitate;
2841 5212 2894 5258 et
2921 5203 3187 5272 integrum
3218 5215 3456 5267 versum,
3485 5205 3536 5257 ἓν

1945 5297 2170 5371 ἐλεγμοῖς
2191 5299 2324 5374 ὑπὲρ
2338 5299 2546 5370 ἀνομίας
2558 5294 2870 5359 ἐπαίδευσας
2892 5293 3156 5373 ἄνθρωπον
3179 5295 3373 5364 posuit,
3391 5297 3536 5363 (μιοά

237 5399 430 5455 brium.
451 5399 646 5470 Liquet
661 5398 822 5468 igitur
836 5397 958 5467 quia
974 5414 1098 5453 cum
1114 5397 1272 5453 datus
1294 5397 1346 5452 in
1366 5397 1717 5469 opprobrium
1737 5396 1844 5451 Da-
1943 5398 2028 5444 est
2048 5407 2060 5443 :
2088 5387 2152 5443 In
2167 5389 2604 5460 increpationibus
2620 5404 2712 5457 pro
2730 5389 3001 5459 iniquitate
3022 5387 3237 5442 erudisti
3259 5387 3532 5442 hominem.

239 5493 324 5548 vid
354 5491 569 5564 fugerit,
598 5490 992 5546 cthumiliatus
1018 5490 1110 5558 sit,
1145 5501 1199 5546 et
1227 5489 1392 5568 855
1421 5488 1584 5544 nudis
1608 5488 1838 5560 pedibus
1943 5484 2070 5542 ideo
2096 5485 2328 5558 Sapiens
2363 5484 2501 5540 dixit
2533 5499 2545 5537 :
2582 5492 2607 5521 ει
2635 5483 2764 5549 Quis
2813 5484 2939 5538 mihi
2985 5485 3126 5539 dabit
3171 5481 3538 5553 cogitationum

239 5583 468 5640 Domino
497 5581 848 5648 satisfecerit,
880 5591 934 5637 et
963 5581 1173 5652 lapides
1196 5582 1487 5654 iacientem
1512 5596 1620 5640 non
1652 5596 1841 5650 reper-
1941 5594 2170 5634 mearum
2194 5577 2502 5648 flagellum.
2525 5574 2716 5646 (Eccli.
2737 5592 2886 5639 xxur,
2905 5577 2960 5644 2)
2975 5588 3024 5631 et
3043 5577 3540 5631 tabiorummsorum

238 5678 486 5744 euaserit,
510 5687 567 5734 et
607 5678 662 5732 in
705 5674 1126 5734 maledicentem
1165 5691 1272 5734 non
1305 5675 1617 5748 permiserit
1657 5675 1836 5730 vindi.
1941 5669 2473 5748 signaculum(Eccli.
2508 5684 2639 5737 χχιι,
2667 5667 2800 5741 35)?
2827 5669 2994 5746 856
3021 5668 3089 5726 Ut
3115 5684 3210 5726 cor
3239 5684 3392 5725 suum
3423 5669 3540 5740 ipse

312 5821 337 5850 η
377 5793 617 5885 itamss.
647 5827 730 5885 ac.
760 5811 891 5885 edit.
927 5795 1152 5878 omnes,
1175 5797 1405 5885 'ereepta
1433 5811 1684 5885 Rom._in
1729 5827 1833 5882 qua
1858 5813 2005 5885 legas
2037 5831 2062 5869 ε.
2083 5810 2607 5885 Quismihiimponet
2636 5811 3006 5885 cogitationum
3046 5824 3276 5885 mearum
3296 5806 3504 5882 ﬂagella
3522 5824 3543 5876 ,-

242 5891 287 5968 ες
306 5884 418 5974 quis
439 5882 578 5942 dabit
606 5884 731 5973 inihi
760 5882 1034 5962 (abiaram,
1066 5894 1172 5944 etc.
1196 5884 1296 5946 Ubi
1321 5882 1498 5964 locum
1530 5883 1700 5975 voluit
1720 5882 2140 5974 accommodare
2157 5883 2226 5964 ad
2247 5882 2388 5968 sacri
2407 5882 2590 5961 textus
2607 5882 2796 5966 verba,
2824 5897 2948 5967 quae
2967 5883 3212 5946 consule.
3535 5905 3540 5910 -
