4008 6352
537 326 562 382 1
573 325 681 384 058

1897 346 2146 406 SANCTI
2184 350 2505 412 AMBROSII

3715 373 3825 426 “15b

537 444 652 499 suis
681 444 1104 516 cogitationibus
1138 446 1462 520 flagellaret,
1485 463 1541 510 et
1570 455 1812 527 signaret
1843 460 1984 518 labia
2019 479 2144 533 sua;
2175 477 2224 536 Α
2256 481 2376 538 tur;
2424 471 2518 528 sed
2548 473 2602 528 in
2654 489 2824 531 vacuo
2864 478 3233 548 suspenditur.
3267 478 3421 537 Nihil
3465 483 3676 552 laxum,
3719 488 3826 544 nihil

537 552 647 610 quo
677 547 734 593 et
759 549 940 595 vetera
973 549 1186 610 peccata
1202 543 1491 612 minueret,
1510 562 1609 604 nec
1635 550 1740 606 alia
1770 553 2038 625 loquendo
2061 575 2140 614 re-

538 640 762 686 novaret
781 645 797 696 ;
822 646 928 701 quo
946 633 1176 703 propriis
1203 634 1662 708 increpationibus
1679 645 1946 714 eruditus,
1974 665 2138 707 eser-

535 720 663 774 citia
686 720 898 775 virtutis
916 721 1184 779 indueret.
1200 725 1454 784 Tabescit
1492 745 1674 788 autem
1695 737 1900 806 anima,
1919 742 2140 812 quando

543 821 828 880 peccatum
867 812 1128 870 minuitur
1157 833 1171 872 :
1203 818 1288 873 vel
1318 834 1442 875 cum
1479 827 1665 880 anima
1697 829 1942 899 tabescit,
1981 836 2138 906 culpa

535 901 827 972 deponitur
842 920 858 958 :
873 904 1223 976 incrassatur,
1240 925 1363 967 cum
1380 925 1596 983 peccata
1611 921 1978 980 cumulantur.
1990 901 2141 986 Unde

539 995 618 1082 ait
646 993 904 1051 Dominus
932 997 1001 1054 de
1029 1004 1403 1070 peccatoribus
1430 1023 1443 1059 :
1477 1005 1600 1064 Non
1636 1019 1950 1082 permanebit
1978 1023 2030 1074 in
2060 1023 2142 1080 liis

535 1081 769 1154 Spiritus
798 1102 940 1142 meus
972 1089 1026 1144 in
1059 1101 1302 1147 teternum
1319 1111 1341 1162 ;
1367 1100 1610 1166 quoniam
1631 1121 1811 1161 carnes
1841 1123 1956 1165 sunt
1981 1113 2135 1185 (Gen.

537 1189 610 1243 v1,
631 1176 708 1248 ὅ).
739 1179 805 1234 Ει
825 1181 953 1236 alibi
978 1183 1254 1253 Scriptura
1279 1186 1411 1244 dicit
1431 1207 1443 1242 :
1463 1189 1822 1252 Incrassatum
1844 1213 1918 1257 est
1942 1176 2030 1258 cur
2046 1222 2140 1276 po-

541 1269 653 1366 puli
670 1273 824 1366 Itujus
844 1272 864 1344 (
876 1273 992 1366 Act.
1013 1291 1200 1344 xxvut,
1223 1279 1349 1355 27).
1371 1283 1498 1341 ldeo
1513 1296 1569 1342 et
1589 1289 1889 1352 Hieremias
1908 1269 2140 1366 primum

539 1358 794 1417 baculum
847 1364 980 1421 vidit
1029 1370 1286 1426 nucinum
1321 1391 1334 1430 :
1367 1375 1565 1435 deinde
1601 1381 1765 1437 ollam
1817 1358 2140 1458 ferventem,

537 1464 598 1507 ut
647 1456 954 1513 tabesceret
1003 1461 1181 1517 anima
1239 1473 1265 1501 ι
1314 1469 1593 1538 prophetae
1631 1473 1980 1545 incipientis;
2036 1456 2144 1552 quo

537 1547 696 1618 culpa
726 1549 1058 1618 discederet,
1103 1565 1159 1610 ut
1188 1559 1477 1616 accederet
1512 1565 1705 1634 gratia.
1736 1567 1844 1624 Sed
1867 1587 1966 1627 cur
1996 1547 2143 1644 prius

538 1640 816 1714 baculum,
861 1659 1050 1718 postea
1093 1651 1297 1708 ollam?
1348 1656 1612 1722 Quoniam
1659 1664 1750 1732 qui
1802 1640 2142 1726 baculo'non

538 1739 854 1810 corrigitur,
903 1740 956 1796 in
998 1744 1162 1798 ollam
1197 1747 1446 1815 mittitur,
1479 1763 1532 1807 ut
1577 1754 1764 1811 ardeat
1791 1769 1845 1812 et
1877 1761 2142 1819 tabescat.

541 1828 612 1885 Et
637 1833 762 1888 ideo
786 1834 851 1888 ad
876 1837 1194 1908 prophetam
1218 1841 1560 1903 Ezechielem
1579 1849 1780 1906 dicitur
1803 1870 1819 1908 :
1844 1855 2031 1927 Accipe
2051 1857 2143 1912 tibi

541 1927 953 1998 sartaginem...:
977 1940 1026 1984 et
1056 1933 1276 2002 accipies
1318 1937 1613 2010 iniquitates
1651 1943 1834 2000 domus
1873 1945 2137 2006 Israel....

541 2026 590 2072 et
617 2023 1014 2085 consummabis.
1039 2034 1085 2078 et
1109 2026 1386 2096 tabescent,
1415 2032 1609 2103 inquit,
1641 2036 1692 2089 in
1714 2035 1823 2092 suis
1851 2040 2141 2110 iniquitati-

546 2107 643 2163 bus
673 2107 886 2182 (Ezecli.
918 2129 991 2180 ιν,
1016 2115 1051 2170 5
1078 2127 1124 2170 et
1145 2118 1299 2190 seq.).
1335 2121 1399 2177 Et
1430 2124 1558 2179 alibi
1583 2125 1636 2180 in
1669 2128 1860 2185 eodem
1889 2107 2032 2188 noro
2060 2135 2145 2190 (ιε-

545 2200 622 2256 cit
665 2202 968 2263 Dominus:
1001 2209 1110 2264 Sed
1152 2228 1247 2284 ego
1284 2232 1526 2288 magnum
1574 2222 1763 2291 faciam
1805 2225 2056 2295 titionem,
2099 2239 2146 2284 et

543 2296 899 2368 multiplicabo
931 2300 1107 2372 ligna;
1137 2315 1191 2360 et
1237 2311 1544 2366 succendunt
1587 2314 1792 2384 ignem;
1832 2328 1888 2372 ut
1916 2321 2146 2390 lique/fat

542 2403 687 2455 caro,
728 2401 774 2444 et
803 2393 1139 2452 imminuatur
1159 2403 1252 2472 jus
1279 2401 1505 2474 (Ezech.
1542 2423 1694 2471 utv.
1738 2411 1770 2465 9
1793 2423 1839 2468 et
1871 2413 1984 2486 10).
2017 2417 2147 2482 Qui-

541 2479 645 2535 bus
675 2484 1001 2541 testimoniis
1031 2490 1370 2560 signilicatur
1407 2498 1550 2567 quod
1590 2502 1784 2557 animae
1817 2479 2144 2573 perfidorum

542 2571 764 2628 adm0to
811 2578 935 2646 igne
977 2579 1292 2650 tabescaut;
1341 2596 1401 2641 ut
1449 2589 1726 2658 deponant
1765 2571 2146 2656 crassitudinis

542 2669 832 2736 quemdam
867 2674 1106 2729 carnalis
1132 2677 1438 2736 humorem.
1468 2683 1752 2743 Mittuntur
1778 2705 1910 2762 ergo
1935 2692 1986 2748 in
2033 2708 2148 2750 sar-

545 2761 783 2830 taginetu
817 2771 872 2818 et
915 2767 1112 2822 anima:
1158 2782 1532 2840 peccatorum;
1568 2791 1626 2833 ut
1664 2761 1866 2837 deﬂuat
1895 2787 2143 2854 quaedam

543 2854 750 2920 peccati
773 2869 920 2920 caro,
948 2875 1069 2928 quae
1096 2861 1398 2922 obduxerat
1441 2871 1638 2926 anima:
1667 2890 1732 2930 ac
1775 2881 1972 2934 mentis
1999 2883 2147 2953 vigo-

545 2956 698 3009 rem;
731 2956 786 3000 et
817 2949 1109 3022 velutjure
1140 2959 1395 3026 quodam,
1452 2962 1523 3016 ita
1561 2965 1886 3034 quibusdam
1930 2949 2146 3029 infude-

542 3045 628 3092 rat
655 3039 889 3096 animam
932 3043 1200 3105 illecebris
1227 3052 1598 3122 cupiditatum.
1625 3058 1960 3132 Exspectant
1988 3066 2149 3137 igitur

545 3144 646 3185 nos
675 3134 920 3203 quaedam
957 3144 1295 3212 sartagines;
1351 3148 1474 3204 ideo
1525 3151 1612 3208 ltic
1656 3168 2006 3216 conteramus
2053 3179 2150 3219 cor

2243 564 2409 619 molle
2448 581 2633 621 verum
2675 565 2875 624 Christi
2930 569 3157 626 militem
3208 571 3407 639 decet;
3442 591 3579 632 ecce
3604 580 3736 633 enim
3755 587 3825 649 qui

2241 655 2496 711 mollibus
2523 658 2844 726 vestiuntur,
2877 661 2929 716 in
2953 661 3205 719 domibus
3242 681 3436 735 regum
3482 677 3634 724 sunt.
3669 673 3825 742 Arguti

2243 745 2346 801 sibi
2377 758 2433 803 et
2463 748 2713 805 industrii
2759 768 2948 808 omnes
2989 754 3135 809 avari
3176 755 3451 814 videntur.
3501 759 3645 828 Quid
3685 779 3826 833 argu-

2245 843 2370 907 tius,
2400 844 2527 911 quid
2559 845 2840 902 sollicitius
2861 863 3081 914 aranea,
3109 865 3230 921 qua:
3258 854 3416 922 operi
3447 868 3554 908 suo
3583 854 3760 910 diebus
3780 873 3827 912 sc

2244 937 2495 993 noctibus
2525 953 2741 1010 semper
2768 942 3021 1011 intendit,
3064 959 3164 1000 nec
3205 948 3316 1000 ullo
3347 959 3599 1018 sumptu,
3641 951 3826 1020 ullaque

2245 1029 2488 1100 impensa
2544 1034 2762 1088 conficit
2805 1036 3231 1092 vestimentum?
3281 1038 3389 1094 Sed
3449 1056 3654 1095 vanum
3690 1044 3826 1117 857

2245 1132 2329 1178 est
2354 1140 2514 1182 omne
2533 1128 2675 1198 quod
2701 1128 2910 1184 fecerit.
2940 1130 3032 1186 Sic
3063 1131 3224 1186 homo
3253 1134 3436 1189 onmis
3458 1143 3571 1202 est,
3599 1138 3688 1206 qui
3717 1154 3828 1205 opus

2244 1234 2402 1273 suum
2453 1235 2614 1290 supra
2660 1222 2860 1279 Christi
2915 1240 3024 1280 non
3073 1227 3356 1282 constituit
3409 1227 3824 1286 fundamentum.

2245 1311 2396 1370 Vane
2428 1316 2676 1372 noctibus
2723 1325 2776 1373 et
2809 1318 3001 1374 diebus
3038 1328 3092 1374 et
3119 1322 3231 1390 ipse
3253 1321 3544 1388 turbatur;
3577 1339 3696 1378 cum
3723 1341 3825 1380 eum

2243 1407 2566 1478 plerumque
2615 1425 2826 1466 aranea:
2872 1411 3032 1466 modo
3067 1422 3090 1451 ο
3128 1415 3290 1468 etiam
3344 1415 3399 1469 in
3439 1414 3565 1484 ipso
3603 1431 3712 1471 sua
3748 1417 3827 1471 int-

2247 1500 2532 1570 probitatis
2565 1503 2862 1569 molimine,
2887 1506 3070 1574 Operis
3089 1506 3172 1560 sui
3206 1506 3360 1561 ruina
3392 1509 3712 1562 convolvat.

2319 1592 2410 1648 56.
2452 1593 2633 1663 (Vers.
2668 1596 2782 1668 l5.)
2823 1597 2888 1651 Et
2918 1597 3040 1652 ideo
3060 1597 3279 1665 Sapiens
3308 1600 3403 1670 qui
3437 1602 3720 1672 cognoscit
3747 1602 3828 1655 lm-

2243 1686 2332 1756 jus
2363 1688 2548 1744 smculi
2570 1691 2862 1746 vanitatem
2881 1733 2897 1758 ,
2923 1707 3028 1746 non
3058 1691 3369 1747 diuturnam
3401 1695 3531 1750 vitae
3556 1696 3712 1765 hujus
3731 1711 3830 1764 pre-

2249 1787 2404 1832 catur
2431 1795 2648 1835 usuram
2683 1797 2697 1848 ;
2730 1781 2823 1836 sed
2854 1782 2917 1836 ad
2954 1783 3044 1837 illa
3071 1793 3270 1838 mterna
3304 1785 3559 1849 festinat,
3587 1798 3644 1840 et
3672 1788 3828 1842 labore

2171 1889 2221 1952 Β
2251 1870 2409 1942 hujus
2451 1873 2703 1942 corporis
2743 1885 2796 1929 et
2827 1874 3018 1930 dolore
3063 1878 3224 1944 gestit
3252 1877 3465 1931 absolvi
3502 1894 3518 1941 ;
3553 1879 3692 1932 sicut
3716 1877 3825 1933 Pro~

2246 1968 2408 2032 pheta
2446 1964 2791 2022 desiderasse
2827 1968 3175 2038 cognoscitur
3203 1968 3392 2024 dicens
3426 1985 3440 2023 :
3474 1969 3714 2038 Exaudi,
3745 1969 3827 2023 De-

2245 2058 2415 2121 mine,
2447 2061 2726 2112 orationem
2756 2076 2920 2114 meam
2954 2070 3000 2113 et
3031 2060 3444 2128 deprecationem
3474 2077 3645 2116 meam
3672 2078 3692 2115 :
3716 2065 3830 2115 auri-

2246 2151 2339 2204 bus
2371 2152 2575 2221 percipe
2613 2152 2872 2222 lacrymas
2907 2169 3065 2206 meas.
3115 2152 3198 2206 Nc
3225 2155 3377 2208 sileas
3408 2172 3441 2208 a
3467 2171 3552 2207 me
3571 2195 3588 2218 ,
3617 2156 3826 2223 alarias

2245 2242 2441 2295 advena
2470 2258 2562 2314 ego
2601 2259 2716 2296 sum
2748 2243 2890 2312 apud
2920 2253 2966 2297 te
2989 2245 3043 2297 in
3072 2253 3240 2311 terra,
3266 2255 3316 2298 et
3341 2247 3653 2316 peregrinus
3680 2247 3828 2310 ;sicat

2247 2349 2422 2387 omnes
2445 2345 2615 2402 patres
2633 2336 2749 2390 mei.
2779 2334 2931 2390 Alius
2952 2345 3035 2389 est
3056 2336 3230 2390 incola
3247 2377 3264 2403 ,
3293 2336 3436 2391 alius
3454 2337 3666 2392 advena
3682 2378 3698 2403 ,
3717 2339 3827 2391 alios

2246 2428 2452 2480 neeola.
2499 2425 2676 2481 locola
2699 2468 2715 2493 ,
2745 2431 2836 2494 qui
2874 2428 2943 2485 de
2969 2429 3088 2484 loco
3120 2438 3208 2484 est
3228 2471 3244 2494 ,
3271 2439 3324 2485 et
3350 2431 3652 2500 genitalem
3680 2430 3827 2485 locum

2249 2521 2436 2576 incolit
2467 2539 2480 2574 :
2512 2519 2720 2575 advena
2767 2522 2858 2593 qui
2903 2520 3121 2577 aliunde
3169 2523 3318 2577 venit
3351 2539 3364 2576 :
3397 2523 3628 2589 accola,
3664 2525 3746 2593 qui
3778 2521 3826 2576 ad

2249 2621 2462 2684 tempus
2509 2615 2668 2681 colit,
2703 2625 2759 2669 et
2802 2624 3037 2670 mutatur
3064 2631 3330 2671 annorum
3358 2616 3598 2671 vicibus.
3634 2615 3744 2671 Hoc
3766 2627 3828 2669 est

2247 2719 2380 2776 ergo
2399 2705 2544 2774 quod
2565 2706 2696 2761 dicit
2721 2707 2890 2762 David
2921 2724 2935 2762 :
2969 2708 3118 2778 Apud
3148 2717 3199 2763 te
3225 2708 3436 2763 alienus
3459 2724 3583 2763 sum
3605 2750 3623 2776 ,
3646 2707 3768 2762 dum
3789 2708 3828 2760 in

2249 2805 2395 2851 terra
2429 2811 2547 2851 sum
2581 2815 2594 2850 :
2627 2814 2734 2852 nou
2765 2815 2884 2852 sum
2916 2815 3059 2854 nunc
3088 2800 3323 2870 paradisi
3354 2801 3430 2855 tui
3462 2800 3669 2855 incola.
3703 2799 3828 2857 Unde

2249 2889 2497 2956 exposuit
2533 2887 2637 2943 hoc
2680 2889 2798 2959 ipse
2843 2892 3138 2961 sulijicieus
3173 2910 3187 2947 :
3223 2891 3288 2946 Et
3339 2892 3650 2963 peregrinus
3681 2910 3702 2956 ;
3728 2897 3831 2946 sicut

2251 2998 2426 3035 omnes
2457 2992 2627 3050 patres
2654 2985 2774 3038 mei.
2800 2984 2951 3052 Quod
2982 2987 3194 3055 aperuit
3223 2995 3279 3041 et
3299 2987 3590 3056 apostolus
3621 2985 3829 3050 Paulus,

2249 3087 2502 3130 asserens
2523 3079 2781 3147 quoniam
2808 3094 2926 3132 cum
2947 3094 3122 3133 sumus
3144 3081 3196 3132 in
3225 3079 3324 3133 hoc
3350 3095 3605 3151 corpore,
3635 3079 3832 3148 peregri-

2253 3183 2437 3220 namur
2465 3184 2497 3220 α
2528 3166 2750 3223 Domino
2777 3168 2847 3240 (ll
2875 3167 2995 3224 Cor.
3029 3186 3060 3224 v
3081 3211 3095 3232 ,
3137 3171 3192 3240 7)
3222 3186 3238 3236 ;
3297 3169 3422 3240 quia
3464 3171 3574 3226 etsi
3631 3169 3758 3224 fides
3791 3174 3829 3222 in

547 3232 819 3292 nostrum,
844 3237 904 3282 ut
943 3232 1148 3290 subtile
1171 3235 1284 3304 fiat,
1309 3249 1360 3294 et
1380 3241 1616 3312 deponat
1643 3262 1862 3307 omnem
1886 3252 2142 3312 duritiem
2175 3275 2221 3340 ρ
2253 3260 2410 3315 nobis
2453 3272 2566 3328 est,
2607 3277 2705 3332 per
2752 3232 2912 3317 fidem
2959 3272 3137 3318 tamen
3186 3264 3566 3325 ambulamus.
3609 3280 3714 3319 non
3759 3278 3833 3332 per

544 3325 601 3371 et
641 3318 1034 3418 pinguedinem
1081 3330 1369 3397 quamdam
1417 3339 1650 3394 carnalis
1695 3344 1898 3399 arvina:
1945 3364 1959 3399 :
2000 3350 2144 3418 quod

544 3409 819 3476 patientur
847 3415 939 3484 qui
965 3416 1215 3475 luxuriati
1244 3434 1370 3478 sunt
1404 3426 1455 3480 in
1481 3425 1584 3483 hac
1611 3433 1752 3498 vita;
1781 3446 1837 3490 et
1864 3409 2034 3509 magis
2063 3441 2146 3496 lu-

545 3499 721 3557 dibria
769 3504 1120 3577 dedecorum,
1163 3530 1323 3584 quam
1352 3533 1520 3589 Opera
1555 3522 1664 3578 ulla
1696 3499 2144 3588 virtutumvexer-

544 3595 720 3650 cenda
764 3599 868 3655 sibi
922 3618 1075 3659 more
1118 3606 1346 3664 Judaico
1385 3615 1757 3674 crediderunt.
1807 3623 2147 3685 lucrassatus

545 3697 629 3742 est
657 3689 799 3744 enim
829 3690 1020 3760 Jacob,
1050 3707 1106 3753 et
1137 3698 1352 3770 pinguis
1375 3703 1548 3763 factus
1575 3719 1680 3773 est.
1709 3721 1765 3768 et
1791 3718 2033 3773 surrexit
2062 3720 2145 3774 lu-

544 3776 677 3876 dere
709 3797 723 3834 :
751 3798 913 3852 quem
945 3802 974 3840 a
999 3788 1119 3844 fidei
1153 3792 1378 3850 veritate
1399 3797 1549 3852 lusus
1568 3800 1658 3856 ille
1689 3803 1741 3859 in
1770 3808 2012 3876 perfidiae
2040 3819 2147 3865 tra-

544 3869 700 3926 duxit
729 3889 994 3932 errorem.
1024 3880 1373 3957 Meritoergo
1401 3888 1605 3948 Paulus
1626 3869 1925 3968 castigabat
1947 3917 2144 3972 corpus

547 3975 730 4027 suum,
766 3980 834 4020 ne
867 3971 1102 4027 nutriret
1135 3989 1337 4047 corpus
1380 3985 1617 4051 peccati;
1646 3987 1970 4046 luxuriando
1998 3971 2141 4048 enim

547 4053 774 4112 facimus
815 4061 1059 4117 membra
1099 4068 1328 4136 peccati,
1363 4072 1658 4132 sobrietate
1683 4090 1864 4135 autem
1903 4085 2140 4140 membra

541 4144 796 4245 jus—time.
818 4148 936 4208 Non
961 4165 1153 4213 natura
1180 4175 1332 4232 ergo,
1361 4165 1455 4220 sed
1483 4169 1641 4238 culpa
1673 4171 1960 4245 delinquit.

617 4239 713 4295 55.
753 4240 865 4298 Nec
893 4244 1094 4304 iterum
1126 4265 1259 4309 vana
1297 4264 1355 4310 et
1401 4258 1582 4316 inania
1621 4239 1935 4334 sequam-ur,
1965 4284 2033 4325 ne
2059 4279 2141 4326 te-

543 4331 654 4388 lam
681 4348 895 4391 araneac
923 4348 1112 4399 texere
1129 4345 1470 4414 iudicemur:
1496 4369 1564 4410 eo
1583 4331 1726 4426 quod
1751 4331 1970 4429 peccata
1999 4363 2145 4419 nulla

543 4429 924 4496 perpetuitatis
955 4448 1181 4503 possunt
1210 4440 1410 4500 habere
1431 4447 1807 4507 substantiam.
1842 4454 1996 4511 Unde
2022 4471 2144 4512 cum

548 4515 1002 4616 videt-isnaliquos
1049 4530 1269 4589 studere
1297 4535 1643 4597 facultatibus
1669 4546 2010 4616 ampliandis,
2054 4564 2147 4604 cu-

547 4610 816 4668 mulandis
847 4620 1226 4689 potestatibus,
1266 4625 1571 4686 affectando
1599 4610 1806 4703 decori,
1835 4610 2144 4696 dices—illud

547 4703 722 4760 Esaia:
767 4725 780 4762 :
828 4709 856 4750 δ
889 4709 1069 4769 Telam
1113 4733 1326 4776 araneae
1366 4732 1544 4780 texunt
1586 4729 1675 4783 isti
1707 4731 1762 4784 in
1781 4734 2015 4790 omnibus
2044 4736 2148 4793 diei

546 4801 722 4866 unius,
761 4801 933 4875 (Esai.
957 4822 1068 4876 ιιι,
1098 4810 1180 4880 5),
1205 4827 1325 4883 qua:
1353 4815 1604 4875 diuturna
1641 4835 1764 4878 esse
1793 4840 1899 4880 non
1934 4837 2138 4896 potest;

544 4899 639 4952 sed
668 4899 776 4956 cito
805 4903 1091 4974 scinditur,
1121 4915 1284 4978 atque
1308 4927 1446 4982 opus
1475 4914 1593 4985 ejus
1615 4932 1776 4976 omne
1807 4921 2139 4979 dissolvitur.

546 4988 663 5046 Non
691 4993 836 5051 enim
866 5009 1028 5068 supra
1048 4999 1284 5060 solidum
1316 5003 1536 5076 aliquod
1571 5010 1970 5068 firmamentum
2000 5015 2146 5072 loca-

622 5205 648 5233 ει
689 5195 848 5273 Rom.
880 5198 1038 5265 edit.,
1072 5200 1336 5271 propheta:
1356 5201 1663 5273 insipientis.
1685 5204 1876 5262 Melius
1910 5206 2052 5273 alite,
2089 5224 2150 5264 ac

551 5283 684 5342 mss.
728 5270 955 5342 aliquot,
1008 5273 1275 5342 propheta:
1313 5270 1647 5339 incipientis;
1689 5291 1812 5330 cum
1854 5270 2050 5334 istluec
2084 5281 2153 5335 de

548 5337 786 5414 ._l_eremia
812 5342 885 5414 Ain
928 5337 1044 5412 ipso
1088 5337 1267 5412 primo
1295 5337 1565 5411 ejus'libri
1596 5337 1775 5414 capite
1819 5350 2151 5406 referantur.

549 5409 863 5487 ljon‘malc
891 5409 1104 5487 tamen
1146 5414 1241 5487 alii
1279 5409 1439 5487 mss,
1499 5409 1768 5486 propheta:
1807 5417 2150 5487 inspicientis.

551 5480 704 5546 Quod
735 5499 868 5537 vero
889 5483 1116 5558 baculus
1143 5485 1234 5558 ille
1259 5480 1479 5552 dicitur,
1499 5480 1697 5541 'nuc'eus
1721 5489 1801 5543 vel
1827 5480 2066 5558 uu'cinus,
2102 5495 2153 5547 id

554 5564 820 5642 nusquam
851 5557 1339 5642 alibinrepcritnns.
1500 5629 1534 5642 η
1734 5631 1747 5642 Δ

625 5620 776 5695 ξιεὶο
812 5641 944 5680 mss.
978 5620 1095 5680 Vat:
1141 5638 1190 5679 et
1223 5627 1460 5695 quinque
1495 5629 1685 5685 Gallic.
1719 5630 1824 5685 Alii
1860 5645 1988 5687 vero
2030 5647 2153 5689 cum

559 5691 693 5748 edit.
727 5697 844 5752 hinc
874 5691 1297 5766 praetermittunt
1327 5713 1344 5753 :
1375 5691 1464 5753 isti
1486 5704 1541 5754 in
1577 5701 1814 5756 antiiibus
1846 5703 1948 5756 diei
1982 5705 2154 5760 unius.

632 5786 924 5864 ciflodices
962 5789 1201 5864 quinque
1228 5805 1360 5864 mss.
1389 5831 1404 5856 ,
1434 5793 1672 5864 etiamin
1696 5804 1895 5864 quwstu
1916 5810 2032 5850 sua?
2059 5796 2156 5851 im-

564 5843 832 5922 probitatis
850 5898 866 5926 ,
899 5843 1166 5916 hio'limine
1182 5843 1356 5931 aperis
1387 5843 1951 5922 suivriiinavcdnvolvat'.

2253 3353 2522 3421 speciem,
2554 3353 2605 3406 id
2635 3363 2755 3418 est,
2787 3367 2894 3408 non
2926 3352 3065 3409 facie
3087 3353 3155 3408 ad
3185 3353 3407 3419 faciem,
3433 3355 3595 3424 quasi
3623 3369 3831 3424 prasen-

2254 3454 2376 3509 tes;
2403 3447 2744 3501 ambulamus
2787 3448 2930 3501 enim
2961 3447 3012 3500 in
3043 3449 3331 3516 aenigmate
3379 3446 3606 3513 adhuc,
3653 3462 3752 3500 non
3793 3446 3830 3499 in

2252 3541 2501 3596 veritate.
2537 3541 2779 3610 Denique
2807 3540 3015 3596 addidit
3047 3559 3062 3596 :
3095 3541 3360 3595 Audemus
3391 3557 3516 3612 ergo
3551 3553 3600 3594 et
3638 3541 3831 3608 conﬁdi.

2254 3649 2365 3686 mus
2394 3633 2555 3704 magis
2579 3633 2898 3705 peregrinari
2926 3648 3172 3704 corpore,
3204 3643 3250 3686 et
3271 3633 3455 3687 adesse
3483 3634 3554 3684 ad
3586 3631 3832 3685 Dentium

2252 3724 2417 3798 (Ibid.
2445 3767 2458 3789 ,
2483 3725 2562 3796 8).
2612 3725 2871 3779 Audemus
2894 3722 2921 3761 ἀ
2951 3725 3388 3796 praesumptionis
3446 3725 3502 3779 in
3542 3724 3659 3780 Deo
3707 3725 3830 3787 fidei,

2250 3836 2357 3874 non
2387 3822 2710 3875 temeritatis
2737 3829 2819 3874 est
2849 3821 3074 3874 verbum
3102 3836 3118 3885 ;
3141 3827 3199 3874 et
3219 3819 3603 3874 consentimus
3627 3860 3642 3884 ,
3669 3817 3719 3872 id
3745 3828 3829 3876 eat.

2247 3913 2493 3967 Volentes
2555 3914 2953 3982 acquiescimus
3009 3921 3064 3966 et
3104 3921 3393 3982 optantes,
3440 3928 3552 3966 non
3599 3911 3834 3981 plenioris-

2244 4003 2486 4058 scientize
2501 4006 2878 4059 auctoritatem
2897 4004 3046 4058 velut
3067 4002 3443 4074 principaliter
3464 4013 3490 4040 ε
3516 4017 3711 4058 nostro
3723 4002 3837 4073 judi-

2247 4098 2335 4153 cio
2352 4095 2727 4166 dependentes
2749 4115 2762 4151 :
2790 4096 3041 4150 volumus
3060 4111 3250 4150 verum
3269 4111 3394 4151 esse
3411 4095 3565 4164 quod
3585 4096 3833 4165 cupimus;

2248 4197 2308 4243 ut
2334 4179 2842 4260 appropinquemns
2869 4187 2935 4241 ad
2971 4187 3258 4242 Dominum
3279 4229 3294 4253 ,
3321 4201 3351 4240 a
3381 4202 3495 4257 quo
3523 4202 3630 4243 nos
3655 4186 3836 4240 videtur

2249 4279 2556 4335 futurorum
2588 4290 2644 4334 et
2674 4280 3025 4351 praesentium
3059 4279 3319 4334 distantia
3348 4293 3637 4348 separare.
3689 4279 3836 4334 Aude-

2249 4388 2371 4428 mus
2387 4388 2518 4443 ergo
2534 4372 2728 4428 adesse
2744 4389 2760 4438 ;
2775 4382 2829 4427 et
2845 4371 2968 4427 ideo
2986 4371 3190 4441 inquit:
3210 4369 3545 4424 Connitimur
3563 4367 3727 4441 (Ibid.
3745 4410 3758 4433 ,
3775 4367 3834 4432 9).

2247 4466 2544 4537 Cognoscis
2597 4467 2822 4521 verbum
2869 4465 3105 4520 volentis
3145 4463 3324 4519 adhuc
3381 4466 3715 4534 pervenire,
3754 4477 3834 4517 non

2249 4560 2370 4630 ejus
2395 4560 2486 4630 qui
2535 4561 2866 4630 pervenerit.
2899 4559 3138 4615 Affectus
3165 4557 3332 4630 igitur
3353 4557 3408 4612 in
3442 4560 3548 4614 hoc
3573 4571 3831 4614 sermone.

2252 4668 2359 4706 non
2394 4651 2619 4706 effectus
2647 4651 2974 4707 ostenditur.
3010 4652 3255 4720 Denique
3302 4651 3480 4720 ipsum
3531 4661 3728 4705 testem
3771 4651 3835 4702 sui

2251 4744 2519 4797 sermonis
2549 4743 2822 4814 interroga
2848 4759 2863 4808 ;
2888 4743 3051 4797 immo
3078 4741 3203 4797 attdi
3229 4742 3504 4797 dicentem
3524 4783 3541 4806 ,
3566 4743 3656 4796 vel
3687 4739 3836 4810 potius

2246 4833 2374 4887 audi
2421 4832 2794 4897 dubitantem,
2825 4848 2948 4888 cum
2999 4833 3132 4889 dicit
3165 4850 3178 4886 :
3209 4832 3340 4887 Ideo
3379 4833 3733 4898 connitimer,
3759 4832 3838 4884 sire
3934 4832 3935 4898 ἢ

2249 4927 2484 4981 absentes
2506 4968 2521 4993 ,
2553 4928 2656 4982 sive
2685 4938 2961 4998 prwsentes
2995 4927 3197 4997 placere
3223 4928 3305 4981 illi
3334 4924 3535 4999 (Ibid.)
3565 4943 3582 4980 :
3614 4927 3837 4981 absentes

2249 5019 2430 5074 adhuc
2472 5034 2571 5091 per
2609 5020 2769 5077 fidem
2795 5061 2811 5088 ,
2843 5029 3142 5091 praesentes
3172 5034 3269 5090 per
3305 5019 3575 5089 speciem.
3623 5016 3768 5075 Unde
3797 5024 3836 5070 et
3934 5015 3935 5022 ‘

2331 5209 2357 5248 ά
2396 5213 2600 5269 Omnes
2624 5213 2756 5294 edit_.
2783 5225 2838 5294 et
2877 5211 3124 5294 nonnulli
3148 5227 3282 5268 mss.
3307 5254 3323 5276 ,
3346 5215 3773 5294 prtesumptionis
3797 5226 3836 5294 et

2258 5284 2402 5408 fidei,
2427 5301 2551 5350 non,
2573 5296 2679 5340 etc.
2705 5286 2896 5340 Melius
2916 5283 3030 5344 alii,
3056 5283 3476 5354 prtesumptionis
3498 5288 3550 5338 in
3568 5283 3682 5340 Deo
3702 5286 3806 5364 ﬁdei
3821 5297 3836 5344 ;
3934 5321 3935 5332 ι

2279 5369 2362 5408 ιοε
2385 5367 2489 5408 est.
2519 5357 2956 5408 praesumptionis
2976 5371 3042 5408 ac
3069 5355 3282 5408 fiduciae
3309 5357 3432 5408 eius
3451 5371 3624 5408 uuam
3648 5358 3773 5408 fides
3796 5370 3834 5408 tn
3934 5369 3935 5408 ι

2298 5369 2362 5408 oc
2385 5367 2489 5415 est.
2519 5357 2956 5425 praesumptionis
2976 5371 3042 5410 ac
3069 5355 3282 5410 fiduciae
3309 5357 3432 5425 ejus
3451 5371 3624 5427 quam
3648 5358 3773 5412 fides
3796 5358 3834 5409 in
3934 5369 3935 5424 ξ

2259 5425 2374 5481 Deo
2396 5427 2551 5481 nobis
2578 5428 2880 5496 ingenerat.

2337 5531 2360 5557 ε’
2382 5521 2510 5576 Mss.
2531 5521 2758 5592 aliquot,
2786 5531 2963 5576 nostra
2977 5520 3184 5590 judicio
3199 5519 3562 5588 defendentes.
3587 5521 3682 5577 Sic
3701 5520 3834 5576 etiam

2262 5592 2394 5646 edit.
2437 5597 2678 5661 exceptis
2706 5592 2881 5647 Paris.
2915 5592 3220 5656 noontillis,
3249 5606 3371 5658 qua:
3402 5593 3689 5661 legunt....
3727 5593 3838 5656 defe-

2257 5672 2445 5744 rentes.
2478 5663 2548 5717 At
2581 5664 2762 5744 plures
2794 5664 3148 5744 potioresque
3167 5675 3300 5744 mss.
3339 5666 3742 5744 praeferunt":

2261 5735 2541 5802 pendentes
2568 5730 2590 5798 ξ
2619 5734 2722 5789 hoc
2768 5730 2886 5803 est,
2931 5730 3085 5805 quaSi
3137 5730 3400 5789 inclinata
3451 5735 3614 5791 lance
3660 5732 3836 5802 adiudi-

2258 5810 2470 5863 Cautes;
