4008 6352
153 282 179 338 1
191 282 307 340 057

1227 299 1295 358 IN
1333 300 1662 365 PSALMUM
1705 307 1932 372 XXXIX
1971 313 2388 377 ENARRATIO.

3355 326 3498 385 1038

143 397 260 453 hoc
295 410 493 470 potest
527 404 758 478 intelligi
782 448 795 471 ,
827 409 968 480 quod
998 415 1055 469 et
1082 411 1170 472 hic
1194 417 1392 487 positi,
1422 429 1478 478 et
1519 421 1630 480 illic
1679 428 1787 496 pla-

1896 448 2032 499 quos
2059 436 2299 505 oportuit
2326 434 2500 502 solvi,
2528 444 2942 494 commoveatur
2979 436 3242 496 adversus
3276 440 3500 512 dispeno

139 505 278 547 cere
338 507 549 554 nostro
591 499 788 569 judici,
834 503 1169 577 redemptori
1218 527 1434 582 quoque
1475 524 1787 575 nostrarum

139 580 560 644 desideramus
603 594 933 653 animarum.
981 580 1359 660 Necesse—est—
1400 608 1545 664 enim
1592 625 1694 667 nos
1740 612 1791 667 ei

139 676 434 737 assistere
464 698 572 752 per
599 686 837 754 Speciem
870 705 886 754 ;
919 701 973 744 ut
1004 695 1372 767 unusquisque
1409 715 1634 770 operum
1665 718 1793 761 suo-

141 784 274 825 rum
329 775 542 830 merita
594 777 770 848 digna:
817 781 1149 854 adipiscatur
1192 789 1353 844 sortis
1378 794 1629 851 examine
1660 815 1674 850 :
1704 797 1793 854 vel

138 860 340 931 justus
368 864 427 920 in
464 869 661 939 requie
681 913 696 937 ,
727 872 816 927 vel
848 873 1046 943 impius
1075 876 1128 932 in
1161 893 1425 937 aerumna.
1459 883 1658 941 Fundit
1690 887 1792 958 igi-

147 959 242 1008 tur
272 956 566 1029 lacrymas
591 977 606 1028 ;
639 963 893 1033 quoniam
925 981 1048 1022 cum
1077 969 1283 1027 advena
1310 975 1364 1028 in
1393 984 1593 1033 terram
1622 956 1791 1036 ven—e-

145 1045 259 1112 rit,
291 1048 634 1108 demoretur
665 1064 719 1111 et
750 1069 1084 1126 separetura
1114 1065 1284 1135 patria
1329 1067 1489 1140 longo
1533 1071 1792 1130 detentus

144 1141 384 1198 exsilio.
432 1146 736 1214 considera
793 1167 939 1221 nunc
970 1156 1101 1211 mihi
1136 1159 1285 1214 illum
1315 1162 1488 1218 Adam
1521 1165 1590 1222 de
1629 1183 1790 1238 para-

144 1232 276 1290 diso
323 1236 616 1308 ejectum,
653 1243 704 1297 in
748 1246 1031 1303 castellum
1079 1252 1411 1324 relegatum,
1455 1232 1791 1331 spectantem

146 1330 305 1388 unde
338 1333 606 1403 dejectus
627 1339 731 1407 sit,
763 1341 981 1399 [lentem
1014 1347 1246 1404 ubertim
1278 1368 1292 1418 ;
1325 1355 1448 1424 quia
1487 1330 1796 1415 reminisci-

146 1431 243 1479 tur
276 1427 416 1496 quid
453 1432 736 1500 amiserit,
775 1451 952 1506 quove
987 1438 1274 1498 deciderit.
1335 1445 1400 1500 Et
1441 1448 1565 1504 ideo
1589 1453 1792 1520 gratias

149 1532 395 1586 agamus
424 1521 572 1591 Deo,
600 1530 691 1594 qui
723 1541 821 1582 nos
845 1540 1109 1600 perpetuo
1135 1535 1330 1591 exsilio
1361 1537 1638 1608 liberavit,
1666 1558 1795 1615 ape-

151 1610 315 1667 riens
336 1613 576 1682 janttam
600 1634 707 1686 qua
734 1631 1075 1679 revertamur
1095 1626 1160 1680 ad
1182 1629 1431 1697 patriam.
1453 1631 1608 1689 Unde
1645 1610 1792 1707 Apo-

148 1706 338 1761 stolus
366 1708 550 1782 858
579 1719 922 1786 praesumpsit
955 1717 1140 1775 dicere
1175 1739 1188 1774 :
1223 1721 1362 1792 Ergo
1378 1727 1494 1796 jam
1524 1744 1628 1781 non
1673 1706 1794 1784 estis

152 1800 384 1854 aduena:
410 1816 573 1872 atque
598 1810 858 1878 peregrini
885 1826 905 1876 ;
930 1813 1022 1865 sed
1057 1815 1178 1867 estis
1206 1816 1340 1870 cives
1385 1830 1677 1876 sanctorum
1697 1863 1715 1891 ,
1744 1831 1793 1878 et

153 1889 442 1947 domestici
466 1893 575 1949 Dei
602 1896 823 1969 (Ep/tes.
847 1916 883 1956 tt
901 1942 915 1966 ,
946 1903 1054 1974 19).

226 1985 326 2039 57.
373 1987 568 2058 (Vers.
615 1990 734 2063 14.)
773 1995 886 2051 Hoc
923 1999 1112 2054 volens
1151 2002 1399 2074 recipere
1437 2005 1605 2063 David
1637 2019 1792 2068 ante-

147 2094 324 2148 quam
383 2082 652 2142 Christus
700 2091 910 2147 veniret
958 2094 1011 2148 in
1059 2105 1292 2166 terram,
1321 2100 1464 2156 dixit
1509 2121 1523 2157 :
1568 2105 1791 2163 Remitte

147 2174 284 2228 nti/ti
303 2185 363 2229 ut
386 2180 703 2250 refrigerer,
728 2186 1025 2257 priusquam
1046 2206 1188 2257 eam,
1215 2201 1260 2246 et
1280 2195 1505 2264 amplius
1529 2215 1630 2252 non
1655 2216 1743 2255 ero
1769 2218 1790 2268 ;

149 2266 260 2323 hoc
292 2280 381 2325 est
400 2313 416 2335 ,
455 2272 548 2330 hic
572 2276 704 2331 mibi
728 2282 973 2346 remitte,
1006 2284 1093 2340 tibi
1115 2289 1358 2356 peccavi.
1383 2290 1496 2346 Nisi
1521 2292 1606 2348 hic
1629 2296 1792 2350 remi-

146 2365 294 2418 seris
327 2364 468 2420 milti
490 2409 507 2434 ,
545 2369 615 2424 ibi
646 2373 983 2432 remissionis
1015 2380 1256 2448 requiem
1285 2382 1530 2440 invenire
1553 2401 1658 2441 non
1689 2402 1788 2458 po-

151 2465 314 2524 tero;
349 2459 503 2524 quod
533 2463 683 2517 enim
714 2465 765 2520 in
803 2475 942 2521 terra
975 2468 1199 2540 ligatum
1232 2477 1526 2541 manserit,
1563 2479 1788 2548 ligatum

151 2554 414 2610 manebit
471 2555 526 2610 in
559 2559 732 2624 coalo,
764 2563 907 2630 quod
949 2565 1184 2618 Solutum
1216 2565 1269 2622 in
1303 2577 1444 2624 terra
1487 2569 1668 2639 fuerit,
1700 2587 1793 2629 so-

152 2640 334 2700 lutum
370 2648 488 2702 erit
513 2649 568 2704 in
595 2651 758 2707 coelo.
786 2652 1055 2725 Propheta
1083 2659 1226 2713 enim
1255 2673 1304 2715 et
1334 2663 1660 2731 praedicator
1687 2667 1790 2722 Ec-

150 2734 345 2791 clesiae
378 2743 808 2811 congregandui,
846 2749 1162 2818 evattgelico
1185 2752 1377 2821 spiritu
1420 2755 1790 2826 indulgentias

152 2826 380 2884 Domini
417 2835 765 2900 praevidehat
795 2851 815 2902 ;
840 2849 892 2892 et
923 2842 1284 2911 prarcipienda
1311 2849 1574 2912 apostolis
1605 2850 1654 2904 ei
1679 2853 1787 2905 Do-

151 2920 346 2976 minus
376 2925 665 2980 revelabat
695 2945 710 2992 ;
739 2928 906 2984 immo
932 2931 1048 2988 haec
1069 2946 1186 2988 erat
1217 2944 1243 2972 ιι
1274 2949 1431 2993 vetus
1473 2947 1746 2998 sententia
1773 2985 1787 3011 ,

154 3017 335 3084 utqui
361 3033 425 3073 se
460 3019 688 3084 ligasset
725 3021 782 3078 itt
816 3026 1010 3091 terris,
1040 3026 1256 3084 vinctus
1301 3032 1567 3114 migraret
1591 3052 1621 3090 a
1666 3053 1789 3094 cor-

154 3124 316 3180 pore.
347 3110 485 3166 Ideo
508 3113 801 3182 Dentinns,
827 3120 969 3189 quod
991 3134 1118 3176 ante
1138 3125 1460 3195 eratjudicii
1488 3110 1566 3184 sui
1592 3173 1607 3196 ,
1634 3131 1788 3188 dedit

154 3203 435 3270 apostolis
460 3203 490 3242 δ
523 3218 740 3273 peccata
766 3211 1079 3267 remittendi
1108 3230 1362 3285 aequitate
1389 3220 1646 3278 solvenda
1674 3239 1689 3289 ;
1715 3240 1785 3281 ne

155 3295 268 3348 cito
310 3297 623 3364 solvenda,
654 3301 746 3355 ditt
803 3303 964 3372 ligata
1008 3317 1308 3363 manerent.
1362 3313 1602 3384 liettique
1654 3317 1780 3371 audi

156 3388 441 3445 dicentem
481 3407 496 3444 :
530 3390 649 3446 Tibi
689 3394 822 3448 dabo
851 3397 1014 3453 claves
1041 3401 1187 3473 regni
1215 3403 1457 3458 caelorum
1487 3421 1506 3470 ;
1532 3417 1579 3461 et
1623 3410 1786 3478 quod-

158 3499 386 3553 cumque
419 3484 663 3557 ligaveris
690 3505 847 3559 super
873 3502 1096 3559 terram,
1125 3496 1221 3548 erit
1244 3496 1454 3567 ligatum
1471 3509 1515 3552 et
1538 3501 1590 3554 iit
1613 3503 1740 3557 caelo
1765 3520 1785 3558 :

159 3586 206 3630 et
236 3579 606 3647 quodcumque
625 3581 836 3637 solveris
869 3601 1020 3655 super
1045 3597 1232 3642 terram
1253 3631 1267 3655 ,
1292 3592 1385 3645 erit
1410 3596 1640 3648 solutum
1663 3609 1707 3650 et
1730 3598 1782 3651 in

159 3670 288 3724 malo
319 3670 545 3743 (Matth.
578 3690 698 3740 XVI,
732 3677 844 3749 19).
886 3679 1038 3748 Tibi,
1072 3681 1275 3753 inquit,
1309 3685 1452 3742 dabo
1482 3689 1664 3746 claves
1695 3708 1778 3746 rc-

159 3763 253 3832 gni
284 3764 557 3819 caelorum
581 3808 594 3830 ,
635 3776 694 3822 ttt
723 3781 776 3822 et
807 3773 988 3826 solvas
1021 3784 1073 3828 et
1113 3775 1266 3846 liges.
1307 3777 1421 3832 lloc
1448 3778 1780 3840 Novatiattus

159 3871 271 3911 non
316 3858 564 3924 audivit,
601 3861 695 3914 sed
726 3861 968 3919 Ecclesia
1010 3866 1104 3921 Dei
1149 3867 1359 3924 audivit
1389 3887 1404 3934 ;
1441 3871 1562 3927 ideo
1609 3875 1699 3930 ille
1731 3877 1782 3930 in

162 3945 320 4020 lapsu
344 3990 360 4017 ,
396 3965 499 4004 nos
531 3951 584 4004 in
616 3953 938 4010 retttissione
966 3975 979 4011 :
1005 3957 1092 4013 ille
1131 3959 1183 4012 iit
1220 3960 1615 4030 imptettitentia
1636 4008 1648 4031 ,
1685 3985 1783 4024 nos

161 4038 216 4093 iit
250 4040 456 4108 gratia.
491 4041 644 4109 Quod
675 4042 838 4098 Petro
869 4046 1100 4114 dicitur,
1123 4053 1388 4118 apostolis
1414 4054 1636 4113 dicitur.
1663 4057 1781 4114 Non

160 4140 500 4201 potestatem
554 4149 912 4204 usurpamus,
946 4140 1042 4193 sed
1081 4142 1350 4198 servimus
1390 4145 1620 4216 imperio
1639 4149 1669 4214 ἔς
1712 4167 1782 4208 ne

164 4235 356 4295 postea
407 4242 535 4282 cum
584 4229 798 4285 venerit
843 4231 1134 4303 Dominus,
1177 4245 1232 4292 et
1269 4237 1464 4310 ligatos
1511 4243 1782 4301 invenerit

240 4391 281 4462 α.
312 4381 542 4462 Υξάειιιι·
568 4383 814 4462 alludere
839 4387 906 4443 ad
929 4389 1062 4445 illud
1097 4391 1306 4449 Eccles.
1338 4411 1422 4462 xt,
1453 4397 1486 4453 5
1514 4415 1527 4451 :
1559 4399 1623 4453 Si
1653 4401 1785 4456 ceci-

163 4452 306 4506 derit
333 4454 537 4543 ligrtum
563 4455 634 4510 ad
657 4467 940 4543 auat-runt...
959 4471 1055 4543 aut
1088 4464 1158 4517 ad
1197 4452 1524 4537 aquilonem,
1555 4452 1614 4526 in
1648 4452 1781 4543 quo-

169 4540 390 4597 cuntque
413 4527 530 4580 loco
559 4529 834 4597 ceciderit,
868 4532 940 4586 ibi
957 4534 1076 4588 erit.

203 4663 214 4676 ~
242 4593 270 4632 ι’
311 4597 516 4682 Otones
542 4599 675 4654 edit.
700 4641 716 4666 ,
744 4593 990 4682 peccata
1016 4607 1310 4682 "mittendi
1351 4612 1641 4682 equitatem
1668 4631 1689 4680 ;
1718 4632 1781 4670 ne

167 4668 270 4719 cito
288 4668 536 4722 solvenda
559 4711 574 4738 ,
601 4679 710 4726 etc.
739 4673 872 4729 Mss.
903 4679 1142 4748 quinque
1168 4677 1308 4735 Gali.
1339 4721 1355 4749 ,
1385 4668 1581 4752 p'eccati
1600 4668 1778 4742 rentib-

1893 533 2132 578 satorem
2154 566 2169 590 ,
2210 525 2302 596 qui
2330 524 2524 596 ligatos
2559 527 2856 582 servaverit
2882 543 3101 596 servos,
3136 545 3274 601 quos
3316 531 3498 586 Domi-

1896 629 1995 669 nus
2012 615 2250 684 jusserat
2273 618 2409 673 solvi
2436 617 2623 674 dicens
2641 662 2656 687 ,
2682 620 2939 690 quoniam
2957 623 3044 692 qui
3059 623 3292 693 cognovit
3315 625 3497 678 volun-

1895 714 2049 762 tatem
2082 708 2278 764 domini
2305 711 2414 777 sui‘,
2454 721 2501 767 et
2529 728 2636 766 non
2685 713 2809 784 fecit
2858 715 3139 769 secundum
3180 715 3500 770 voluntatem

1894 803 2029 870 ejus,
2050 801 2315 868 vapulabit
2334 802 2555 856 multum
2578 818 2598 858 :
2617 803 2708 874 qui
2732 813 2902 860 autem
2925 823 3027 862 non
3052 807 3290 878 cognovit
3310 817 3360 862 et
3381 808 3504 877 fecit

1895 889 2054 961 digna
2079 892 2270 962 plagis,
2290 894 2552 964 vapulabit
2581 896 2754 951 minus
2783 896 2937 968 (Luc.
2961 913 3036 953 xu
3052 939 3068 965 ,
3091 896 3206 970 47).

1967 983 2059 1040 58.
2101 984 2294 1040 Merito
2333 1002 2466 1058 ergo
2508 989 2676 1044 David
2707 991 2912 1047 remitti
2941 992 3042 1047 sibi
3086 992 3327 1061 postulat
3355 992 3502 1066 quod

1895 1076 2104 1133 sciebat
2132 1093 2240 1133 non
2271 1093 2394 1135 esse
2421 1081 2519 1150 iis,
2541 1081 2635 1153 qui
2668 1082 2966 1139 secundum
2992 1084 3174 1141 Aaron
3205 1094 3392 1152 erant,
3417 1101 3504 1142 sa-

1896 1171 2205 1227 cerdotibus
2251 1172 2568 1229 attributum
2613 1194 2628 1229 :
2669 1175 2764 1231 sed
2805 1176 3108 1248 Evangelio
3157 1179 3502 1238 servabatur.

1895 1263 1994 1318 Cui
2033 1277 2168 1334 ergo
2198 1279 2304 1317 non
2333 1263 2628 1320 remittitur
2647 1307 2662 1332 ,
2701 1265 2758 1321 in
2786 1266 2983 1323 exsilio
3011 1277 3128 1335 est,
3159 1269 3214 1324 in
3247 1272 3496 1343 peregri-

1897 1355 2136 1410 nationis
2165 1356 2360 1427 injuria
2391 1366 2726 1426 perseverat.
2757 1357 2856 1415 liic
2876 1375 3006 1429 ergo
3031 1361 3266 1432 petenda
3297 1370 3379 1417 est
3406 1376 3505 1418 ve-

1897 1451 2008 1502 nia.
2039 1448 2137 1504 Hic
2158 1450 2304 1504 enim
2333 1449 2537 1505 dictum
2562 1461 2646 1505 est
2673 1467 2687 1504 :
2722 1449 2868 1505 Beati
2897 1453 2985 1522 qui
3011 1469 3148 1507 nunc
3168 1454 3305 1522 ﬂetis
3331 1470 3350 1520 ;
3378 1455 3504 1525 quia

1898 1540 2129 1595 ridebitis
2165 1540 2318 1612 (Luc.
2347 1557 2435 1609 vi,
2463 1541 2579 1612 21):
2624 1542 2712 1598 hic
2761 1543 2910 1599 locus
2956 1555 3040 1599 est
3091 1545 3264 1600 venite
3310 1556 3503 1616 postu-

1897 1634 2095 1701 laudae,
2121 1635 2477 1706 Deploremus
2506 1637 2666 1708 igitur
2687 1638 2740 1691 itt
2767 1637 2962 1699 terris.
2991 1647 3050 1693 ut
3074 1654 3382 1695 mereamur
3416 1640 3503 1696 in-

1897 1726 2249 1798 dulgentiam.
2276 1728 2387 1784 Nisi
2414 1730 2702 1785 remissum
2737 1741 3017 1801 peccatum
3042 1732 3131 1788 hic
3161 1731 3352 1800 fuerit,
3388 1749 3498 1789 non

1900 1821 2218 1880 habebimus
2256 1825 2500 1895 requiem
2531 1841 2546 1878 :
2575 1825 2622 1880 si
2659 1825 2874 1896 requies
2905 1840 3014 1881 non
3049 1825 3356 1894 fuerit,non
3394 1827 3502 1885 erit

1899 1915 2002 1968 vita
2034 1923 2236 1970 aeterna
2268 1931 2281 1968 :
2315 1915 2362 1970 si
2386 1917 2493 1971 vita
2521 1925 2727 1972 teterna
2764 1933 2874 1973 non
2902 1917 3062 1973 fuerit
3082 1961 3097 1985 ,
3132 1933 3239 1974 non
3269 1919 3498 1975 erimus.

1894 2005 2021 2062 ldeo
2043 2010 2176 2078 petit
2205 2009 2404 2066 remitti
2427 2011 2565 2079 sibi,
2589 2022 2882 2082 antequam
2907 2023 3025 2078 eat,
3059 2023 3116 2069 ut
3143 2014 3236 2070 sit.
3264 2014 3322 2071 Si
3351 2015 3497 2071 enim

1893 2100 2180 2157 rentiSsum
2213 2118 2317 2158 non
2365 2104 2560 2171 fuerit,
2602 2120 2714 2161 non
2750 2121 2878 2172 ero,
2913 2107 3118 2177 inquit,
3147 2122 3268 2162 cum
3299 2107 3366 2163 iis
3403 2109 3500 2181 qui

1893 2201 2050 2258 sunt,
2078 2209 2200 2248 cum
2227 2195 2292 2248 iis
2319 2196 2408 2266 qui
2440 2197 2492 2250 itt
2526 2195 2834 2267 paradisum
2863 2208 3140 2254 merentur
3165 2200 3493 2258 ascendere.

1891 2286 1992 2352 Qui
2007 2294 2188 2341 autem
2205 2304 2312 2342 non
2336 2296 2440 2352 est,
2455 2298 2944 2346 consumeturcum
2962 2290 3420 2348 descendentibus
3437 2293 3493 2350 in

1893 2376 2100 2445 lacum,
2134 2380 2224 2450 qui
2258 2381 2309 2434 itt
2339 2382 2548 2436 catenis
2574 2392 2629 2437 et
2657 2397 2878 2439 carcere
2911 2383 3074 2438 fuerit
3102 2383 3419 2441 derelictus.

1964 2471 2055 2527 39.
2095 2473 2214 2528 Non
2239 2488 2370 2542 ergo
2399 2474 2675 2530 delinitive
2701 2475 2872 2531 dicit:
2906 2474 3028 2529 Non
3048 2493 3135 2531 ero
3159 2493 3174 2541 ;
3201 2478 3328 2549 quia
3360 2478 3490 2535 alibi

1891 2565 2024 2622 dicit
2058 2586 2070 2620 :
2105 2566 2338 2623 Psallam
2375 2570 2466 2623 tibi
2493 2570 2549 2623 in
2576 2569 2808 2633 cithara,
2850 2569 2988 2625 Deus
3023 2582 3232 2626 sanctus
3299 2570 3493 2627 Israel.

1889 2659 2344 2717 Gaudebuntlabia
2369 2679 2478 2718 mea
2495 2679 2612 2717 cum
2640 2673 2914 2717 cantavero
2942 2664 3034 2717 tibi
3057 2679 3076 2728 ;
3099 2674 3147 2717 et
3172 2664 3349 2718 anima
3377 2681 3493 2719 mea

1888 2773 2042 2826 quam
2063 2758 2318 2812 redemisti
2342 2757 2517 2830 (Psal.
2551 2773 2650 2814 us
2667 2799 2686 2825 ,
2708 2757 2780 2812 21'.
2803 2769 2851 2812 et
2871 2756 2990 2830 23).
3015 2758 3092 2813 De
3115 2757 3493 2830 redemptione

1890 2866 2019 2922 ergo
2049 2853 2350 2920 praesumit.
2386 2850 2456 2905 Et
2482 2851 2606 2908 alibi
2637 2851 2762 2906 audi
2789 2851 3062 2907 dicentem
3096 2869 3108 2904 :
3137 2850 3366 2907 Plactbo
3388 2851 3500 2907 Do-

1890 2944 2029 2998 mino
2073 2945 2126 2997 in
2182 2947 2388 3015 regione
2423 2946 2652 2999 vivorum
2694 2943 2880 3016 (Psal.
2910 2959 3064 3007 cstv,
3094 2943 3173 3012 9).
3207 2943 3324 2998 Erit
3365 2958 3496 3015 ergo

1888 3039 1978 3104 qui
2027 3037 2243 3107 placere
2289 3038 2589 3106 praesumit.
2639 3037 2823 3092 Potest
2857 3045 2912 3092 et
2950 3038 3028 3092 sic
3067 3037 3292 3107 intelligi
3326 3037 3494 3106 ;quia

1889 3131 2058 3186 dixit:
2083 3131 2292 3185 Advena
2313 3149 2406 3202 ego
2427 3148 2542 3185 sum
2566 3132 2706 3198 apud
2729 3131 2851 3185 tein
2880 3141 3018 3185 terra
3045 3145 3066 3196 ,°
3091 3139 3138 3184 et
3165 3130 3492 3202 peregrinus,

1809 3262 1855 3326 C
1895 3225 2027 3280 sicut
2049 3243 2220 3280 omnes
2242 3235 2410 3296 patres
2428 3225 2596 3297 859
2617 3226 2715 3280 mei
2735 3243 2754 3291 ;
2781 3236 2832 3281 ct
2860 3225 2982 3280 ideo
3006 3224 3222 3280 remitte
3249 3225 3381 3278 tttilti
3397 3264 3412 3290 ,
3438 3232 3500 3280 ut

1893 3320 2213 3390 peregrinus
2261 3335 2384 3374 esse
2428 3319 2675 3374 desinam
2721 3336 2734 3372 :
2779 3321 2993 3374 remitte
3035 3318 3168 3373 tttiiti
3209 3318 3494 3384 exsilium,

1893 3431 2000 3483 quo
2031 3415 2301 3485 relegatus
2330 3431 2472 3469 sum.
2503 3415 2560 3470 Si
2593 3413 2872 3469 remiseris
2903 3422 3197 3484 antequam
3214 3411 3493 3469 discedant

1894 3508 2048 3575 hinc,
2083 3525 2188 3564 non
2221 3524 2316 3564 ero
2345 3507 2577 3577 amplius
2604 3507 2763 3562 exsul
2785 3515 2950 3578 atque
2972 3508 3311 3578 peregrinus.
3355 3505 3492 3562 Cum

1891 3601 2036 3657 enim
2077 3610 2133 3655 tu
2174 3601 2493 3669 remiseris,
2535 3615 2642 3656 non
2679 3616 2776 3655 ero
2817 3601 3136 3672 peregrinus
3175 3618 3190 3666 ;
3223 3599 3316 3656 sed
3356 3599 3492 3656 civis

1890 3711 1987 3751 cro
2013 3705 2326 3751 sanctorum
2360 3705 2594 3751 tuorum.
2632 3695 2742 3750 Ero
2767 3711 2889 3750 cum
2924 3698 3168 3767 patribus
3197 3695 3333 3752 meis
3354 3737 3370 3763 ,
3403 3695 3497 3765 qui

1887 3795 1944 3841 et
1966 3787 2134 3858 860
2168 3788 2268 3856 ipsi
2301 3788 2515 3842 inerunt
2543 3795 2668 3842 ante
2696 3789 2972 3858 peregrini
2994 3830 3008 3850 ,
3043 3803 3188 3843 nunc
3215 3803 3345 3843 vero
3379 3786 3494 3856 jam

1891 3879 2040 3936 cives
2066 3889 2211 3934 sunt.
2246 3880 2354 3935 Ero
2383 3880 2715 3935 domesticus
2747 3879 2871 3944 Dei,
2905 3888 2966 3935 ut
3008 3896 3222 3949 ptenatn
3271 3895 3378 3935 non
3427 3879 3499 3935 ti-

1895 3989 2110 4038 meam,
2141 3973 2371 4044 gratiam
2405 3987 2656 4028 merear:
2687 3987 2784 4040 per
2809 3971 3098 4027 Dominum
3129 3982 3373 4027 nostrum
3403 3970 3495 4029 Je-

1892 4083 2010 4122 sutn
2037 4065 2314 4122 Christum
2335 4107 2349 4129 ,
2369 4080 2491 4121 cum
2519 4080 2628 4133 quo
2651 4062 2743 4118 tibi
2767 4074 2850 4120 est
2871 4064 3021 4129 laus,
3052 4063 3260 4131 honor,
3287 4062 3493 4134 gloria,

1893 4161 2258 4233 perpetuitas,
2291 4173 2414 4214 cum
2438 4156 2646 4225 Spiritu
2681 4164 2870 4211 sancto
2901 4170 2929 4209 a
2972 4155 3215 4222 smculis,
3246 4164 3301 4211 et
3349 4170 3493 4212 nunc

1887 4274 1944 4321 et
1969 4275 2186 4331 semper
2209 4298 2224 4324 ,
2255 4266 2310 4312 et
2339 4254 2392 4310 in
2417 4253 2600 4308 omnia
2622 4250 2819 4307 saecula
2847 4251 3193 4307 saeculorum.
3221 4249 3416 4306 Amen.

1891 4402 2035 4458 tendi
2062 4397 2354 4470 (equitatem
2383 4391 2686 4470 solvendum
2714 4406 2735 4458 ;
2762 4405 2824 4444 ne
2987 4389 3206 4470 ligatum
3238 4400 3489 4448 maneret.

1889 4460 2145 4530 Omnium
2174 4467 2376 4538 optime
2399 4465 2545 4529 Vah,
2573 4461 2822 4538 Colbaac
2851 4460 2990 4538 Vict.
3029 4460 3096 4538 iit
3134 4466 3185 4517 in
3214 4478 3442 4534 corpore
3472 4481 3487 4531 ;

1890 4549 1979 4602 ubi
2025 4533 2277 4600 advertes
2313 4540 2609 4608 dictionem
2630 4575 2648 4600 ,
2675 4533 2920 4590 solvenda
2939 4574 2955 4602 ,
2985 4533 3052 4589 ad
3082 4533 3446 4592 accusativum
3471 4573 3492 4608 ,

1886 4626 2095 4688 peccata
2111 4656 2127 4683 ,
2151 4628 2277 4670 esse
2308 4607 2673 4668 referendam.

321 4793 3463 4827 ΨΜ

795 4897 920 4980 ΙΝ
995 4899 1570 4988 PSALMUM
1645 4906 2076 4991 XXXIX
2151 4896 2873 4987 ENARRATIO.

1526 5087 2130 5118 _____________.

243 5172 412 5245 859
438 5175 490 5228 i.
519 5174 578 5230 In
605 5175 980 5244 superioribus
999 5175 1225 5247 psalmis
1249 5179 1620 5247 paenitentiam
1645 5194 1787 5250 prte-

176 5265 381 5322 dicavit
413 5285 424 5319 :
457 5267 657 5323 deinde
688 5277 712 5305 ιι
745 5268 812 5324 de
843 5269 1100 5340 patientia
1130 5285 1256 5336 sua,
1291 5281 1346 5328 et
1378 5271 1786 5343 perturbatione

1893 5181 2119 5252 perfecti
2156 5191 2508 5251 exspectare,
2551 5178 2647 5237 sed
2697 5187 3044 5251 exspectasse
3079 5195 3094 5248 ;
3138 5193 3298 5236 nemo
3343 5177 3490 5238 enim

1892 5275 1997 5328 nisi
2025 5274 2116 5346 qtti
2143 5273 2571 5344 perseveraverit
2597 5287 2768 5338 usque
2796 5272 2848 5326 in
2872 5271 3036 5328 linem
3057 5315 3070 5338 ,
3102 5272 3284 5329 salvus
3307 5274 3430 5329 erit.

181 5358 422 5414 hominis
463 5370 548 5415 est
601 5361 813 5416 locnttts
903 5363 954 5418 in
1000 5333 1281 5429 trigesimo
1317 5333 1497 5421 att-tem
1544 5375 1597 5421 et
1644 5377 1788 5418 nono
1814 5333 1865 5393 D
1960 5365 2014 5420 2.
2042 5333 2238 5432 ’(νθι-ε.
2269 5366 2338 5431 2,
2360 5364 2444 5434 5.)
2480 5364 2607 5420 Ideo
2638 5362 2891 5419 addidit:
2920 5363 3242 5437 Exspectans
3279 5383 3489 5439 exspec-

177 5451 386 5520 psalmo
409 5495 421 5514 ,
456 5469 656 5508 novum
699 5456 986 5509 annuntiat
1027 5455 1434 5514 Testamentum
1466 5475 1480 5526 ;
1509 5459 1600 5528 qui
1637 5457 1784 5512 enim

165 5543 443 5599 ‘tnalorunt
491 5548 864 5618 paenitentiam
897 5548 1039 5619 agit,
1075 5561 1378 5622 exspectat.
1415 5551 1523 5608 Sed
1558 5567 1666 5607 non
1704 5559 1789 5607 est

1890 5461 1993 5513 tavi
2013 5458 2313 5514 Dominum.
2349 5457 2448 5515 Ubi
2474 5471 2608 5528 ergo
2636 5456 2737 5512 hoc
2764 5456 2962 5513 dicitur
2988 5497 3006 5525 ,
3041 5458 3142 5515 nisi
3167 5461 3218 5514 in
3248 5459 3492 5530 Evange-i

1891 5550 2002 5607 lio?
2023 5551 2077 5607 in
2105 5567 2213 5624 quo
2229 5551 2340 5622 jam
2371 5549 2527 5606 nobis
2559 5549 2650 5620 qui
2681 5550 3129 5622 exspectabatur,
3154 5551 3408 5608 advenit:
3433 5553 3488 5611 in

249 5694 273 5721 α
314 5684 386 5739 Ita
417 5684 552 5757 edit.
601 5693 656 5740 et
701 5699 834 5739 mss.
885 5684 1042 5757 Colit.
1093 5703 1155 5741 ac
1184 5686 1325 5744 Vict.
1359 5688 1532 5756 ;ch.
1558 5699 1740 5740 autem
1774 5686 2066 5749 mendose,
2093 5686 2279 5742 deinde
2317 5685 2579 5757 patientia:
2611 5701 2719 5742 sua:
2744 5686 3128 5751 perturbatione
3162 5690 3386 5746 hominis
3413 5701 3490 5748 est

188 5756 401 5810 locutus.
440 5755 506 5812 At
538 5757 696 5828 paulo
727 5757 919 5812 melius
953 5756 1073 5813 Vat.
1121 5770 1174 5814 et
1198 5759 1288 5815 alii
1321 5755 1553 5832 quatuor
1598 5757 1826 5827 Gallic.,
1868 5758 2057 5813 deinde
2092 5760 2154 5812 de
2187 5755 2435 5828 patientia
2475 5773 2586 5813 sua:
2614 5758 3017 5828 perturbationis
3052 5759 3385 5818 nihilominus
3412 5772 3491 5820 est

183 5827 397 5882 locutus.
