4008 6352
533 300 672 367 tuas

1924 294 2171 358 SANCTI
2210 290 2535 359 AMBROSII

3735 301 3841 361 ltitia

525 443 634 498 quo
655 428 771 499 jam
800 425 960 482 nobis
988 437 1096 481 non
1123 421 1283 494 Legis
1316 420 1513 493 caligat
1538 418 1761 486 umbra,
1792 415 1889 473 sed
1920 416 2123 472 veritas
2152 424 2207 485 Α
2231 432 2336 489 que
2360 424 2415 474 et
2439 415 2768 483 excalceati.
2800 418 2938 474 sicut
2959 418 3157 476 Esaias
3195 425 3484 485 sanctus,
3525 430 3623 489 per
3652 422 3845 489 populos

525 520 736 593 fulget;
762 521 887 591 quia
919 518 1169 574 Christus
1199 515 1406 582 illuxit,
1440 513 1530 584 qui
1559 510 1836 569 exaudivit
1866 509 2129 579 depreca-

527 613 709 669 tiones
738 622 964 667 suorum
984 644 999 677 ,
1022 618 1079 665 et
1099 608 1287 665 eduxit
1315 621 1417 663 nos
1440 606 1509 661 de
1538 606 1658 661 lacu
1688 602 1926 661 miseriae
1946 642 1962 670 ,
1987 613 2043 658 et
2061 601 2131 657 de

529 705 647 759 luto
685 704 871 771 faecis;
901 700 992 758 tibi
1030 702 1143 772 jam
1184 700 1420 758 demersi
1459 698 1780 754 tenebamur
1819 704 2129 753 nostrorum

528 798 785 867 voragine
815 804 1159 866 peccatorum
1178 835 1193 861 ,
1223 801 1280 849 et
1309 800 1456 848 totus
1484 792 1649 847 homo
1674 798 1862 846 noster
1898 787 2133 845 iuba-ree

530 889 653 956 bat,
681 905 783 945 nec
808 894 1022 960 poterat
1040 898 1165 943 sese
1190 887 1406 942 animus
1434 891 1620 941 noster
1650 895 1875 949 eruere,
1906 882 2132 937 obrutus

527 982 843 1055 muitiplicis
875 982 995 1037 labe
1018 980 1225 1053 ﬂagitii.
1272 979 1491 1036 Gratias
1520 979 1682 1049 igitur
1708 976 1940 1031 Domino
1964 971 2093 1029 Jesu
2112 1013 2128 1039 ,

526 1077 805 1146 unigenito
852 1075 947 1131 Dei
1000 1072 1141 1129 Filio
1182 1072 1517 1142 redemptori
1566 1077 1787 1134 nostro,
1834 1067 1926 1138 qui
1975 1064 2133 1119 nobis

526 1177 751 1237 peccata
792 1170 973 1222 omnia
1000 1167 1333 1223 remissurus
1360 1164 1645 1221 descendit
1674 1176 1704 1217 e
1732 1161 1872 1217 coelo
1902 1174 1916 1225 ;
1948 1167 2005 1213 ut
2034 1168 2134 1211 nos

529 1260 599 1316 de
635 1262 753 1315 lacu
782 1276 845 1315 ac
878 1261 1011 1314 limo
1039 1260 1195 1315 istius
1226 1258 1445 1325 mundi,
1478 1266 1533 1312 et
1563 1256 1871 1311 cmnulenta
1898 1249 2131 1322 quadam

524 1352 726 1423 palude
776 1364 1078 1419 terrarum,
1116 1351 1185 1407 de
1227 1365 1457 1421 corpore
1484 1362 1699 1420 quoque
1741 1345 1932 1401 mortis
1974 1342 2135 1412 hujus

526 1445 797 1515 eriperet,
830 1452 991 1515 atque
1022 1443 1077 1497 in
1122 1454 1289 1498 carne
1330 1457 1426 1497 sua
1469 1448 1735 1495 statueret
1763 1435 1930 1491 animi
1960 1433 2133 1489 nostri

528 1535 791 1591 interiora
824 1535 1049 1606 vestigia
1077 1550 1091 1599 ;
1119 1541 1177 1589 ut
1206 1528 1519 1588 conllrmati
1540 1533 1593 1587 in
1617 1531 1711 1585 Dei
1734 1530 1903 1584 verbo
1920 1568 1934 1594 ,
1958 1532 2016 1582 et
2039 1540 2135 1597 per

526 1642 750 1686 crucem
798 1629 1067 1685 Dominici
1114 1628 1363 1698 corporis
1394 1634 1421 1663 ι
1458 1624 1805 1697 passionibus
1853 1619 2133 1687 absoluti,

532 1725 876 1779 ambulemus
908 1726 1019 1793 jam
1053 1739 1160 1779 non
1195 1725 1245 1778 in
1276 1720 1573 1793 opprobrio
1595 1718 1913 1785 dedecoris,
1947 1714 2043 1771 sed
2081 1715 2135 1768 in

2234 520 2549 581 currerent,
2593 511 2956 572 vociferantes
3006 532 3115 572 non
3158 530 3297 588 qua
3342 513 3459 586 ipsi
3507 510 3744 578 vellent,
3775 518 3845 571 sed

2230 616 2352 674 qua:
2381 616 2412 661 a
2449 606 2679 661 Domino
2702 606 3043 677 iuberentur.
3082 609 3167 665 Ex
3204 607 3299 663 his
3334 606 3520 679 igitur
3561 605 3846 677 intelligitur

2232 696 2504 755 aluisisse
2534 697 2834 756 remedium
2863 700 3055 757 salutis
3088 719 3104 767 ;
3138 701 3430 774 Quoniam
3466 699 3567 770 qui
3605 708 3851 770 exspecta.

2233 788 2394 847 batur
2412 835 2426 856 ,
2458 789 2639 849 adest.
3228 850 3231 851 ν

2294 882 2357 938 ’8.
2400 880 2751 954 Exspcctavit
2776 896 2901 941 eum
2928 880 3102 942 Adam
3130 882 3204 941 de
3233 884 3522 958 paradiso
3551 880 3759 954 eiectus
3778 900 3789 949 ;
3810 896 3850 939 ut

2236 976 2393 1047 longo
2450 972 2772 1033 liberaretur
2815 979 3027 1035 exsilio.
3080 978 3472 1050 Exspectavit
3514 993 3646 1033 eum
3681 977 3733 1033 in
3768 978 3851 1035 Noe

2231 1066 2379 1141 justo
2401 1113 2415 1137 ,
2447 1072 2537 1141 qui
2567 1070 2633 1125 ad
2665 1086 2849 1127 semen
2882 1070 3189 1129 futurorum
3222 1084 3315 1129 est
3341 1079 3685 1129 reservatus
3706 1087 3719 1135 ;
3740 1078 3849 1125 utet

2237 1164 2329 1219 illo
2356 1162 2581 1235 iustitia:
2612 1166 2821 1221 semina
2852 1165 2906 1221 in
2934 1166 3251 1223 hominibus
3288 1166 3675 1239 pullularent.
3707 1163 3850 1236 Ipsm

2236 1256 2458 1328 putabat
2490 1258 2723 1329 publica:
2752 1258 2944 1315 salutis
2971 1271 3255 1316 auctorem
3276 1303 3293 1328 ,
3317 1259 3424 1331 qui
3456 1256 3678 1313 diluvio
3700 1273 3849 1328 supero

2236 1361 2349 1407 stes
2377 1364 2500 1407 esse
2525 1353 2835 1408 meruisset.
2864 1350 3047 1424 Ipsum
3073 1353 3369 1423 sapientia:
3406 1351 3758 1423 principem,
3783 1350 3847 1419 qui

2237 1446 2569 1501 excoluisset
2596 1445 2763 1501 vitem
2788 1488 2802 1513 ,
2831 1454 2886 1500 ct
2916 1458 2982 1501 ex
3014 1447 3133 1516 ejus
3165 1446 3351 1500 l’ructu
3377 1444 3705 1499 inebriatus
3724 1440 3833 1495 foret

2238 1538 2375 1605 Quid
2405 1546 2485 1592 cst
2504 1538 2645 1593 enim
2673 1540 2795 1593 vitis
2822 1537 2925 1593 nisi
2948 1538 3213 1609 sapientia
3239 1539 3263 1592 ?
3293 1539 3451 1593 sicut
3474 1533 3703 1606 aperuit
3729 1536 3849 1588 nobis

2241 1632 2409 1687 David
2462 1632 2705 1689 cmlestis
2754 1632 3023 1704 interpres
3064 1633 3269 1689 oraculi
3320 1630 3575 1688 dicens:
3608 1628 3752 1687 Uxor
3786 1644 3849 1682 ius

2240 1727 2373 1780 sicut
2416 1726 2539 1782 vitis
2590 1726 2856 1781 abundans
2910 1728 2965 1781 in
3007 1726 3252 1782 lateribus
3298 1728 3502 1781 domus
3564 1734 3671 1779 tua!
3708 1722 3847 1797 (Psai.

529 1819 855 1873 remissione
891 1817 1123 1888 peccati.
1170 1817 1533 1873 Contirmatus
1565 1815 1726 1885 igitur
1762 1820 1817 1867 et
1859 1809 2136 1867 radicatus
2165 1819 2215 1882 Β
2240 1832 2456 1887 cum,
2479 1818 2556 1891 δ),
2608 1820 2687 1875 Eo
2743 1820 2887 1891 quod
2922 1820 2976 1876 in
3012 1821 3133 1892 ipso
3166 1831 3314 1877 esset
3345 1820 3661 1892 εερίεηιίε
3709 1818 3848 1889 plen).

534 1914 588 1967 in
623 1912 873 1979 Christo,
906 1927 1067 1983 supra
1106 1922 1312 1983 petram
1345 1909 1449 1966 sibi
1477 1917 1743 1965 memorat
1775 1905 1974 1977 pedum
2011 1917 2138 1958 suo-

535 2018 654 2061 rum
687 2014 885 2061 statuta
914 2005 1157 2076 vestigia.
1187 2005 1342 2060 Unde
1367 2004 1499 2059 dicit
1527 2002 1821 2073 Apostolus
1848 2019 1862 2054 :
1890 1996 2138 2053 Bibebant

533 2108 705 2154 autem
733 2100 796 2155 de
822 2100 1147 2171 consequenti
1180 2108 1325 2169 petra
1353 2113 1371 2153 :
1402 2106 1549 2166 petra
1571 2106 1744 2151 autent
1775 2102 1884 2149 erat
1902 2091 2139 2148 Christus

532 2190 587 2263 (l
628 2191 745 2246 Cor.
785 2206 851 2259 χ,
877 2192 957 2264 4).
1007 2192 1197 2259 Petra,
1239 2206 1305 2247 eo
1350 2190 1499 2263 quod
1554 2188 1803 2245 sitientes
1850 2193 2138 2256 sequatur,

532 2284 823 2340 conﬁrmet
846 2286 1089 2341 labentes
1115 2300 1130 2352 ;
1155 2298 1223 2341 ne
1255 2283 1567 2340 sitientibus
1591 2296 1727 2353 aqua
1753 2280 1930 2347 desit,
1956 2276 2143 2333 laben-

534 2377 683 2432 tibus
714 2380 1134 2435 ﬁrmamentum.

607 2471 662 2527 5.
705 2471 893 2542 (Vers.
912 2471 993 2542 4.)
1026 2471 1375 2542 Exspectanti
1392 2482 1528 2540 ergo
1548 2468 1681 2523 mihi
1700 2506 1714 2533 ,
1742 2463 1969 2521 Domine
1989 2460 2141 2530 Jesu,

538 2564 831 2635 aliquando
853 2564 1080 2631 venisti,
1110 2562 1359 2618 direxisti
1389 2574 1609 2633 gressus
1629 2572 1783 2616 meos
1812 2558 1867 2612 in
1897 2554 2147 2625 Evangea

538 2658 648 2721 lio,
675 2656 947 2711 immisisti
974 2656 1025 2710 in
1052 2672 1113 2711 os
1142 2669 1324 2710 meum
1347 2648 1615 2710 canticum
1642 2664 1842 2707 novum
1863 2689 1877 2717 ,
1899 2650 2043 2721 quod
2063 2652 2148 2703 est

542 2762 746 2804 novum
777 2749 1206 2807 Testamentum.
1238 2747 1551 2805 Gaudentes
1580 2750 1689 2818 jam
1716 2745 1962 2801 cauimus
1988 2742 2147 2813 bym-

538 2859 670 2898 num
704 2838 819 2899 Deo
847 2854 1064 2912 nostro,
1099 2845 1224 2915 quia
1257 2858 1521 2899 novarum
1567 2842 1828 2896 virtutum
1874 2843 2146 2909 przccepta

541 2941 933 3011 cognovimus;
959 2949 1019 2995 ut
1036 2948 1217 2995 nostra
1239 2939 1421 2993 onmia
1450 2936 1843 3006 relinquamus,
1868 2930 2146 2987 Christum

542 3041 867 3105 sequentes,
903 3043 959 3089 et
1014 3042 1233 3090 nostros
1286 3032 1577 3103 diligamus
1636 3028 1906 3083 inimicos.
1966 3022 2149 3079 Novus

541 3127 705 3183 etiam
740 3129 1019 3183 hausimus
1050 3140 1229 3183 mores
1259 3142 1274 3192 ;
1306 3134 1365 3180 ut
1397 3136 1496 3195 pro
1526 3118 1983 3195 persequentibus
2012 3128 2146 3179 nos,

2243 1912 2401 1979 tudo,
2434 1928 2552 1983 qua:
2577 1912 2999 1980 eXSpectabatur
3030 1913 3083 1967 in
3110 1912 3335 1967 Christo
3357 1954 3373 1976 ,
3401 1910 3505 1982 qui
3530 1927 3683 1966 novo
3710 1911 3850 1981 reple—

2242 2015 2331 2060 tus
2354 2004 2636 2075 sapientia:
2662 2013 3025 2073 sacramento,
3050 2003 3195 2077 quod
3219 2006 3421 2061 oculus
3449 2008 3571 2060 non
3597 2004 3753 2069 vidit,
3774 2020 3848 2057 nec

2243 2098 2391 2154 auris
2431 2098 2668 2166 audivit,
2700 2098 3022 2155 inusitatum
3070 2099 3229 2156 nobis
3268 2097 3501 2157 deferre
3551 2099 3845 2171 mysterium

2245 2193 2556 2265 properavit
2585 2209 2599 2259 ;
2631 2202 2689 2248 ut
2718 2193 3121 2264 nudusjaceret
3146 2236 3159 2260 ,
3186 2203 3242 2251 et
3264 2193 3647 2250 exuberantis
3669 2194 3848 2263 sapien~

2244 2286 2335 2340 tite
2364 2286 2557 2356 pocula
2584 2284 2823 2341 inaudita
2851 2284 3144 2357 proﬂueret
3178 2306 3191 2343 :
3225 2298 3286 2343 ut
3306 2286 3473 2343 obliti
3503 2286 3844 2357 superiorum,

2246 2377 2301 2433 in
2336 2392 2506 2434 novos
2528 2394 2739 2446 mores,
2762 2386 2819 2437 et
2848 2394 3044 2437 novam
3071 2380 3429 2437 sobrietatem
3461 2381 3599 2436 vitae
3623 2395 3846 2449 resurge-

2247 2488 2434 2530 remus
2488 2484 2705 2531 acterna:
2737 2492 2752 2541 ;
2785 2490 2894 2548 quo
2953 2490 3050 2548 per
3103 2475 3393 2532 stultitiam
3459 2474 3845 2547 praedicationis

2244 2566 2393 2623 Deus
2414 2578 2803 2638 agnosceretur
2823 2610 2837 2634 ,
2867 2584 3027 2639 quem
3051 2569 3502 2641 perisapientiam
3530 2584 3645 2623 non
3672 2580 3847 2637 cogno-

2251 2661 2328 2716 vit
2355 2661 2442 2717 hic
2467 2661 2723 2717 mundus.
2758 2660 3004 2732 Denique
3034 2661 3089 2717 in
3120 2661 3293 2733 tigura
3328 2660 3425 2716 illa
3460 2659 3784 2715 dormientis
3809 2670 3846 2713 et

2250 2752 2440 2811 nudati
2488 2756 2689 2825 patris,
2728 2753 2820 2826 qui
2852 2755 3136 2810 stultitiam
3181 2756 3331 2821 risit,
3370 2751 3712 2809 maledictus
3747 2760 3842 2806 est:
3934 2806 3935 2815 χ

2252 2850 2342 2919 qui
2377 2848 2615 2905 venerati
2640 2859 2794 2912 sunt,
2826 2846 3224 2905 benedictionis
3248 2847 3483 2919 gratiam
3509 2854 3644 2901 sunt
3669 2841 3841 2913 adepti.

2252 2939 2487 3011 ideoque
2529 2942 2619 3011 qui
2664 2951 2893 2996 mortem
2946 2940 3209 3011 unigeniti
3261 2938 3385 2995 Filii
3432 2937 3575 3005 Dei,
3606 2937 3772 3009 patris
3806 2946 3843 2988 et

2253 3032 2517 3087 creatoris
2544 3031 2788 3087 omnium
2808 3074 2823 3099 ,
2851 3030 2918 3087 ad
2937 3030 3324 3087 oil'endiculum
3345 3073 3359 3097 ,
3390 3037 3485 3085 aut
3506 3025 3840 3099 opprobria

2254 3135 2455 3184 nostra:
2486 3125 2610 3182 iidei
2647 3126 3008 3197 objiciendam
3056 3141 3177 3183 esse
3206 3125 3583 3192 crediderint,
3614 3130 3841 3195 peccato-

543 3235 761 3292 precem
788 3222 1018 3277 Domino
1047 3221 1377 3276 deferamus.
1412 3216 1800 3273 Maledicentes
1828 3226 1958 3268 ecce
1982 3209 2145 3264 bene-

2258 3237 2373 3277 rum
2430 3234 2653 3277 suorum
2706 3222 2938 3277 nexibus
2976 3218 3041 3276 ad
3087 3231 3407 3293 perpetuam
3466 3216 3841 3274 maledictiouis

541 3313 793 3369 dicimus.
820 3313 848 3351 ι)
871 3312 1155 3369 Nescimus
1183 3326 1349 3382 opera
1381 3316 1565 3365 nostra
1583 3310 1820 3379 jactare,
1849 3311 1943 3359 aut
1968 3301 2149 3357 celare

545 3415 787 3476 peccata.
818 3404 1151 3475 Angelorum
1180 3404 1342 3458 etiam
1375 3416 1527 3456 more
1556 3400 1775 3470 nuptias
1801 3396 2123 3452 retutamus.

620 3498 671 3553 ’t.
716 3500 899 3569 (Vers.
930 3497 1014 3569 5.)
1051 3498 1193 3565 Quid
1224 3498 1389 3552 multa
1411 3497 1434 3551 ?
1458 3497 1537 3551 De
1566 3496 1661 3549 illo
1688 3504 2003 3549 aerumnosa
2024 3501 2153 3558 pec-

546 3602 731 3649 catore
750 3594 941 3648 beatus
970 3592 1139 3647 homo
1162 3592 1336 3645 lactus
1357 3598 1467 3655 est,
1498 3589 1609 3657 jam
1636 3600 1745 3641 non
1771 3583 2070 3653 respiciens
2095 3580 2152 3633 in

548 3687 706 3742 istius
753 3685 938 3741 mundi
971 3686 1148 3740 varias
1193 3684 1483 3738 vanitates.
1528 3681 1748 3735 Vanitas
1778 3676 1926 3733 enim
1954 3675 2154 3730 patrita-

548 3789 656 3833 ttmt
678 3821 692 3845 ,
721 3788 768 3833 et
800 3779 973 3833 omnia
1007 3778 1208 3833 vanitas
1238 3775 1464 3848 (Eccies.
1494 3790 1543 3842 1,
1565 3773 1659 3843 2),
1694 3780 1842 3827 totus
1870 3769 1960 3824 hic
1992 3780 2152 3823 mun-

548 3876 649 3931 dus
674 3885 759 3932 est
784 3892 799 3942 ;
828 3876 967 3931 sicut
996 3874 1134 3929 dixit
1162 3872 1383 3943 sapiens
1409 3870 1691 3926 Salomon.
1714 3865 1855 3934 Quid
1876 3863 2022 3920 enim
2048 3860 2154 3917 nisi

547 3986 747 4027 vanum
779 3978 863 4026 est
891 3984 953 4026 ea
987 3969 1173 4039 sequi,
1199 3982 1321 4038 qua:
1354 3977 1711 4037 perseverare
1740 3976 1848 4015 non
1877 3966 2109 4029 possunt
2136 3972 2153 4021 ;

548 4076 605 4122 et
627 4066 806 4121 omnia
831 4074 1104 4135 tamquam
1127 4063 1315 4118 umbra
1346 4059 1718 4129 praetereunt?
1743 4052 2158 4125 insaniam

551 4166 731 4213 autem
764 4156 910 4212 falsze
931 4199 946 4225 ,
974 4165 1068 4211 aut
1090 4154 1390 4212 certamina
1413 4155 1515 4208 ista
1540 4152 1811 4208 bellorum
1834 4190 1847 4214 ,
1871 4150 1924 4203 in
1956 4147 2157 4218 quibus

556 4269 654 4323 pro
683 4253 967 4323 temporali
995 4251 1346 4324 possessione
1372 4249 1594 4320 sanguis
1619 4256 1804 4302 tantus
1824 4242 2153 4301 ell‘unditur:

556 4356 653 4401 aut
672 4350 1079 4402 contentionum
1108 4344 1456 4401 theatralium
1478 4342 1849 4397 dissensiones
1879 4357 1891 4392 :
1925 4346 2022 4392 aut
2045 4336 2159 4390 Cir-

557 4439 803 4493 censium
850 4438 1009 4507 plena
1050 4436 1251 4491 furoris
1278 4433 1455 4489 studia
1486 4432 1832 4489 declarantur
1861 4447 1874 4482 :
1908 4436 2001 4482 aut
2041 4425 2157 4480 lite-

544 4531 851 4587 ercticorum
880 4529 1125 4585 doctrina
1157 4524 1344 4585 feraiis
1377 4546 1390 4581 :
1422 4535 1514 4582 aut
1557 4522 2159 4598 pseudOprOphetarum

2255 3331 2551 3373 aerumnam
2578 3324 2839 3373 tenentur
2865 3316 3074 3372 astricti
3110 3334 3120 3367 :
3150 3317 3240 3387 qui
3270 3331 3404 3371 vero
3433 3330 3561 3371 eam
3586 3329 3686 3386 pro
3710 3314 3842 3368 totius

2254 3411 2478 3465 humani
2547 3410 2764 3479 generis
2834 3408 3177 3464 absolutione
3243 3406 3603 3477 suscipiunt,
3656 3405 3839 3460 virtutis

2257 3509 2475 3556 atteram
2516 3499 2768 3570 praesidio
2799 3498 3115 3555 iniciuntur.
3149 3498 3293 3554 Crux
3340 3498 3489 3553 enim
3541 3496 3743 3552 Christi
3770 3494 3839 3549 Ju-

2257 3591 2391 3647 dacis
2414 3589 2794 3647 offendiculum
2814 3632 2829 3658 ,
2854 3588 3065 3647 Grzncis
3092 3588 3317 3646 stultitia
3338 3634 3351 3656 ,
3383 3599 3444 3645 ut
3470 3589 3765 3661 Apostolus
3781 3586 3839 3639 di.

2256 3684 2334 3739 xit
2365 3683 2419 3755 (l
2450 3682 2571 3739 Cor.
2603 3698 2651 3750 ι,
2679 3682 2751 3738 ‘23
2781 3693 2829 3738 et
2859 3684 2990 3756 seq.)
3023 3702 3034 3737 :
3068 3684 3226 3739 nobis
3258 3690 3441 3738 autem
3474 3682 3573 3753 qui
3604 3682 3839 3737 credimus

2259 3775 2313 3831 in
2344 3777 2629 3831 Dominum
2662 3774 2883 3842 Jesum,
2927 3776 3099 3831 virtus
3138 3774 3231 3831 Dei
3271 3784 3436 3846 atque
3469 3773 3738 3845 sapientia
3760 3780 3837 3828 est.

2327 3870 2490 3942 εει
2522 3869 2578 3923 7.
2613 3868 2971 3939 Exspectatus
2997 3878 3084 3925 est
3122 3870 3172 3923 in
3203 3867 3409 3941 Moyse,
3449 3878 3472 3905 ε
3506 3882 3635 3923 cum
3669 3868 3839 3922 siccas-
3930 3872 3931 3942 ἦ

2260 3973 2343 4018 set
2366 3974 2418 4018 ct
2450 3961 2837 4033 pertransisset
2866 3961 3044 4018 undas
3074 3962 3263 4027 maris,
3293 3970 3349 4018 et
3378 3960 3723 4032 impossibile
3742 3958 3839 4013 viri.

2261 4056 2360 4111 bus
2383 4055 2654 4120 humanis,
2679 4055 2949 4125 pedestris
2971 4057 3071 4111 viae
3092 4055 3333 4126 aperiret
3361 4054 3413 4109 in
3447 4053 3714 4109 ﬂuctibus
3732 4053 3833 4107 iter:

2263 4157 2586 4217 sequeretur
2627 4158 2804 4217 petra,
2846 4158 2900 4204 et
2945 4158 3189 4204 vomeret
3228 4163 3434 4219 aquas;
3480 4156 3544 4202 ut
3583 4146 3839 4202 sitientium

2264 4251 2478 4313 patrum
2510 4242 2563 4297 in
2593 4242 2773 4300 medio
2798 4241 3001 4300 deserti
3027 4242 3236 4299 viscera
3269 4242 3489 4297 interna
3518 4240 3761 4296 satiaret.

2336 4338 2391 4392 8.
2432 4337 2801 4408 Exspectatus
2836 4346 2939 4404 est,
2980 4344 3039 4394 et
3073 4338 3128 4392 in
3172 4339 3356 4391 Aaron
3402 4334 3663 4405 principe
3696 4347 3839 4390 sacer-

2265 4428 2476 4495 dotum,
2519 4432 2613 4501 qui
2654 4433 2796 4488 inter
2842 4433 2996 4487 vivos
3038 4446 3102 4486 ac
3148 4442 3394 4485 mortuos
3434 4429 3665 4485 medius
3699 4427 3838 4483 stetit:

2267 4532 2322 4576 et
2351 4518 2375 4557 (ι
2412 4531 2727 4593 serpentem
2757 4522 2943 4577 statuit
2970 4522 3114 4578 luem
3153 4519 3387 4586 mortis;
3420 4533 3493 4575 ne
3524 4535 3559 4575 a
3596 4517 3840 4576 cadaveri-

559 4624 614 4678 in
666 4624 886 4679 modum
933 4623 1276 4678 oraculorum
1317 4596 1621 4677 caelestium
1668 4614 1904 4672 simulati
1935 4623 2159 4683 gestus,
2188 4596 2243 4658 Ῑ)
2272 4616 2371 4672 bus
2401 4614 2781 4672 defunctorum
2825 4614 2892 4673 ad
2934 4615 3235 4673 viventium
3272 4613 3539 4675 transiret
3580 4615 3841 4671 interitum.

559 4716 724 4772 verba
764 4714 1088 4785 composita.
1134 4713 1227 4770 Sic
1266 4713 1411 4768 enim
1454 4712 1585 4766 dicit
1630 4706 1893 4781 propheta
1924 4722 1937 4757 :
1966 4704 2160 4758 Beatus

560 4810 636 4862 vir
662 4809 810 4878 cujus
844 4817 915 4863 est
954 4823 1137 4862 nomen
1164 4805 1372 4860 Domini
1394 4821 1507 4876 spes
1537 4804 1645 4875 ejus
1675 4818 1693 4856 :
1726 4809 1774 4855 et
1802 4815 1905 4853 non
1932 4794 2159 4867 respexit

560 4902 613 4955 in
639 4903 884 4956 vanitates
905 4943 920 4967 ,
955 4912 1001 4956 et
1032 4898 1263 4956 insanias
1289 4898 1472 4971 falsas.
1816 4948 1819 4953 .

632 4998 686 5053 5.
729 4997 869 5052 Sunt
892 5012 1022 5068 ergo
1052 5006 1103 5053 ct
1135 5010 1280 5051 verte
1309 4993 1556 5058 insaniae,
1584 5000 1639 5047 et
1667 4988 1898 5045 forsitan
1927 4983 2161 5056 prophe-

559 5100 765 5169 tarum,
799 5092 893 5161 qui
924 5090 978 5146 in
1026 5104 1255 5147 excessu
1286 5087 1486 5144 mentis
1530 5082 1692 5155 positi
1719 5077 2158 5153 prophetabant,

557 5180 751 5255 repleti
780 5180 877 5239 Dei
904 5174 1145 5254 Spiritu,
1176 5184 1238 5238 ut
1263 5179 1587 5254 quibusdam
1629 5174 1875 5231 insanire
1904 5172 2162 5228 videren-

556 5288 645 5336 tur
673 5294 689 5349 ;
713 5294 834 5337 cum
860 5278 1094 5351 propriae
1120 5277 1311 5335 salutis
1340 5272 1723 5340 immemores,
1752 5268 1881 5325 nudi
1920 5268 2162 5339 plerum-

630 5458 656 5487 ι
697 5449 815 5505 Vox
855 5446 1177 5518 pastionibus
1206 5444 1266 5498 in
1292 5441 1566 5518 plerisque
1594 5450 1729 5493 mss.
1769 5431 2109 5490 desideratur
2134 5444 2153 5483 :

554 5536 679 5591 qua:
701 5515 880 5576 tamen
908 5518 1092 5575 sensui
1120 5532 1225 5572 non
1252 5515 1466 5571 videtur
1487 5521 1914 5582 supervacanea.

631 5591 657 5628 ι’
699 5593 827 5643 Mss.
885 5590 1125 5643 aliuuot.
1176 5585 1483 5641 Nesciamus
1532 5599 1687 5643 opera
1736 5590 1913 5633 nostra
1969 5572 2157 5628 (cedere

631 5593 657 5628 ι’
699 5593 827 5646 Mss.
885 5593 1125 5659 aliqum,
1176 5593 1483 5641 Nesciamus
1532 5599 1687 5654 opera
1736 5593 1913 5633 nostra
1969 5593 2011 5628 to

557 5662 725 5733 (Forte
751 5660 1038 5733 legendum
1060 5702 1078 5725 ,
1100 5658 1349 5733 laudare)
1369 5656 1753 5733 autxdespsrare
1778 5659 2011 5730 peccata:

634 5746 661 5773 α
700 5726 829 5790 νειῖ
853 5733 1009 5807 edit;
1029 5746 1098 5787 ac
1138 5745 1271 5786 mss.
1310 5728 1469 5807 (ἔφη.
1506 5736 1562 5783 et
1591 5726 1758 5807 Vict...
1799 5738 1917 5778 cum
1956 5726 2156 5775 sisteret

560 5807 724 5859 undas
753 5805 932 5857 nimis.
976 5802 1135 5857 Rom.
1184 5817 1305 5855 cum
1358 5798 1547 5853 iisdem
1579 5806 1687 5853 vet.
1730 5798 1783 5850 in
1813 5808 2159 5864 marg.,icum

564 5875 811 5931 scinderet
857 5872 1023 5929 undas
1066 5871 1245 5928 maris.
1298 5870 1404 5927 Alii
1435 5882 1567 5926 mss.
1617 5876 1673 5923 ut
1703 5867 1760 5924 in
1792 5863 1983 5932 textu;
2017 5863 2153 5934 lieg.

2270 4708 2410 4777 Quid
2442 4709 2586 4765 enim
2623 4720 2730 4765 tam
2768 4710 3045 4781 proprium
3081 4705 3316 4775 Christi,
3351 4724 3518 4783 quam
3558 4709 3842 4765 advocatum

2271 4800 2413 4871 apud
2446 4800 2617 4857 Deum
2644 4801 2861 4857 Patrem
2888 4813 3071 4857 astare
3092 4801 3445 4872 populorum,
3478 4811 3715 4856 mortem
3728 4814 3844 4854 suam

2272 4890 2471 4961 oil‘erre
2512 4909 2613 4965 pro
2651 4896 2891 4964 cunctis,
2934 4894 3204 4966 repellere
3235 4908 3460 4961 necem,
3504 4894 3678 4949 vitam
3707 4894 3845 4949 retor-

2274 5002 2429 5041 mare
2449 4989 2703 5056 perituris
2726 4988 2749 5041 ?

2348 5075 2402 5134 9.
2444 5076 2807 5149 Exspectatus
2834 5089 2917 5135 est
2944 5089 2998 5135 et
3023 5080 3078 5135 in
3100 5078 3227 5134 Jesu
3254 5076 3425 5145 Nave,
3451 5085 3511 5134 et
3525 5089 3684 5135 certe
3712 5077 3849 5141 venit,

2277 5173 2368 5242 qui
2393 5179 2449 5229 et
2486 5180 2809 5243 potestatem
2837 5185 2989 5228 suam
3020 5180 3077 5229 et
3102 5184 3300 5227 nomen
3332 5167 3546 5241 accepit
3573 5187 3590 5236 ;
3631 5180 3690 5227 ut
3708 5180 3761 5228 et
3779 5184 3851 5240 po-

2275 5266 2463 5335 pulum
2494 5268 2549 5323 in
2592 5275 2793 5325 terram
2831 5263 3271 5338 repromissionis
3300 5263 3618 5335 induceret,
3665 5276 3721 5322 et
3755 5276 3851 5320 vere

2265 5441 2500 5506 excepto
2522 5435 2610 5490 ubi
2635 5435 2854 5506 legitur,
2877 5448 2996 5489 cum
3021 5432 3257 5506 θεωρία
3280 5439 3332 5485 et
3358 5430 3750 5506 pertransisset,
3768 5438 3847 5484 etc

2340 5500 2367 5540 ἀ
2407 5503 2608 5562 Omnes
2636 5500 2767 5563 edit.
2799 5500 2924 5563 cum
2954 5520 3089 5561 mss.
3118 5503 3258 5559 Vict.
3289 5512 3347 5573 et
3360 5500 3564 5571 Colla”
3598 5514 3650 5558 et
3674 5519 3756 5573 per
3776 5514 3850 5553 ειτ·

2269 5584 2468 5643 pontem
2495 5580 2671 5633 statuit
2698 5578 2831 5632 luent
2862 5576 3065 5631 mortis.
3096 5574 3231 5631 Mss.
3263 5575 3352 5629 alii
3398 5584 3678 5644 quatuor,
3709 5585 3751 5627 et
3776 5586 3850 5625 sero

2271 5660 2473 5715 pentem
2504 5652 2703 5717 statuit,
2746 5650 2858 5704 lues
2890 5648 3094 5712 mortis,
3128 5654 3236 5711 etc.
3267 5645 3763 5717 Omniumoptime
3785 5656 3848 5697 co-

2270 5720 2375 5777 dex
2406 5720 2541 5781 Reg.
2574 5730 2633 5776 ut
2659 5716 2713 5777 in
2746 5729 2918 5777 textu.
2948 5720 3157 5781 Sensus
3182 5724 3368 5773 autem
3415 5726 3510 5776 est
3534 5716 3720 5775 Aaron
3740 5726 3847 5773 stare

2270 5790 2467 5920 feriis'se
2489 5784 2662 5861 iuem,
2705 5808 2825 5863 quae
2857 5791 3133 5863 serpebat,
3164 5796 3298 5857 etc.,
3334 5788 3415 5845 uti
3446 5788 3683 5848 docetur
3706 5806 3755 5847 ιι-
3784 5784 3845 5851 16»

2272 5878 2335 5920 su
2424 5878 2589 5920 mem.

2272 5878 2375 5923 ιω)
2406 5878 2589 5920 tinem.
