  <div class='ocr_page' id='page_1' title='image "/cluster/home/n/w/nwhite01/storage/ocr_20150623/14/hvd.32044015471303/536.png"; bbox 0 0 4008 6352; ppageno 0'>
   <div class='ocr_carea' id='block_1_1' title="bbox 120 317 252 393">
    <p class='ocr_par' dir='ltr' id='par_1_1' title="bbox 120 317 252 393">
     <span class='ocr_line' id='line_1_1' title="bbox 120 317 252 393; baseline -0.023 0"><span class='ocrx_word' id='word_1_1' title='bbox 120 317 252 393; x_wconf 69' lang='grc' dir='ltr'><strong>ωσι</strong></span> 
     </span>
    </p>
   </div>
   <div class='ocr_carea' id='block_1_2' title="bbox 1077 283 2323 394">
    <p class='ocr_par' dir='ltr' id='par_1_2' title="bbox 1077 283 2323 394">
     <span class='ocr_line' id='line_1_2' title="bbox 1077 283 2323 394; baseline -0.001 -4"><span class='ocrx_word' id='word_1_2' title='bbox 1077 283 1086 294; x_wconf 52' lang='grc'><em>’</em></span> <span class='ocrx_word' id='word_1_3' title='bbox 1156 333 1226 391; x_wconf 84' lang='lat' dir='ltr'><strong>1N</strong></span> <span class='ocrx_word' id='word_1_4' title='bbox 1265 327 1592 394; x_wconf 76' lang='lat' dir='ltr'><strong>PSALMUM</strong></span> <span class='ocrx_word' id='word_1_5' title='bbox 1631 318 1859 391; x_wconf 62' lang='grc' dir='ltr'>χχχιχ</span> <span class='ocrx_word' id='word_1_6' title='bbox 1897 333 2323 392; x_wconf 78' lang='lat' dir='ltr'><strong>ENARRATIO.</strong></span> 
     </span>
    </p>
   </div>
   <div class='ocr_carea' id='block_1_3' title="bbox 3276 328 3418 389">
    <p class='ocr_par' dir='ltr' id='par_1_3' title="bbox 3276 328 3418 389">
     <span class='ocr_line' id='line_1_3' title="bbox 3276 328 3418 389; baseline -0.021 0"><span class='ocrx_word' id='word_1_7' title='bbox 3276 328 3418 389; x_wconf 71' lang='lat'><strong>106:).</strong></span> 
     </span>
    </p>
   </div>
   <div class='ocr_carea' id='block_1_4' title="bbox 115 427 3428 525">
    <p class='ocr_par' dir='ltr' id='par_1_4' title="bbox 115 427 3428 525">
     <span class='ocr_line' id='line_1_4' title="bbox 115 427 3428 525; baseline -0 -19"><span class='ocrx_word' id='word_1_8' title='bbox 115 449 250 506; x_wconf 83' lang='lat' dir='ltr'><strong>Jesu</strong></span> <span class='ocrx_word' id='word_1_9' title='bbox 283 428 512 507; x_wconf 84' lang='lat' dir='ltr'><strong>nomine</strong></span> <span class='ocrx_word' id='word_1_10' title='bbox 552 459 861 507; x_wconf 87' lang='lat' dir='ltr'><strong>vocaretur.</strong></span> <span class='ocrx_word' id='word_1_11' title='bbox 910 449 1147 508; x_wconf 85' lang='lat' dir='ltr'><strong>Siccavit</strong></span> <span class='ocrx_word' id='word_1_12' title='bbox 1181 448 1404 518; x_wconf 79' lang='lat' dir='ltr'><strong>ﬂuenta,</strong></span> <span class='ocrx_word' id='word_1_13' title='bbox 1449 436 1717 506; x_wconf 65' lang='lat' dir='ltr'><strong>donverti&#39;t</strong></span> <span class='ocrx_word' id='word_1_14' title='bbox 1743 435 1793 517; x_wconf 68' lang='grc' dir='ltr'>λ</span> <span class='ocrx_word' id='word_1_15' title='bbox 1839 427 1846 434; x_wconf 51' lang='grc'><strong>”</strong></span> <span class='ocrx_word' id='word_1_16' title='bbox 1896 429 1982 510; x_wconf 76' lang='lat' dir='ltr'><strong>l3.</strong></span> <span class='ocrx_word' id='word_1_17' title='bbox 2023 453 2294 525; x_wconf 89' lang='lat' dir='ltr'><strong>Scriptum</strong></span> <span class='ocrx_word' id='word_1_18' title='bbox 2321 463 2404 510; x_wconf 92' lang='lat' dir='ltr'><strong>est</strong></span> <span class='ocrx_word' id='word_1_19' title='bbox 2432 453 2486 508; x_wconf 92' lang='lat' dir='ltr'><strong>in</strong></span> <span class='ocrx_word' id='word_1_20' title='bbox 2516 454 2691 524; x_wconf 78' lang='lat' dir='ltr'><strong>capite</strong></span> <span class='ocrx_word' id='word_1_21' title='bbox 2733 452 2904 518; x_wconf 87' lang='lat' dir='ltr'><strong>Libri,</strong></span> <span class='ocrx_word' id='word_1_22' title='bbox 2936 458 3221 508; x_wconf 87' lang='lat' dir='ltr'><strong>venturum</strong></span> <span class='ocrx_word' id='word_1_23' title='bbox 3250 449 3428 506; x_wconf 72' lang='lat' dir='ltr'><strong>homi~</strong></span> 
     </span>
    </p>
   </div>
   <div class='ocr_carea' id='block_1_5' title="bbox 117 542 1724 610">
    <p class='ocr_par' dir='ltr' id='par_1_5' title="bbox 117 542 1724 610">
     <span class='ocr_line' id='line_1_5' title="bbox 117 542 1724 610; baseline 0.001 -13"><span class='ocrx_word' id='word_1_24' title='bbox 117 557 333 597; x_wconf 84' lang='lat' dir='ltr'><strong>amnem</strong></span> <span class='ocrx_word' id='word_1_25' title='bbox 351 544 404 598; x_wconf 87' lang='lat' dir='ltr'><strong>in</strong></span> <span class='ocrx_word' id='word_1_26' title='bbox 424 557 582 597; x_wconf 87' lang='lat' dir='ltr'><strong>suum</strong></span> <span class='ocrx_word' id='word_1_27' title='bbox 597 542 827 610; x_wconf 81' lang='lat' dir='ltr'><strong>fontem,</strong></span> <span class='ocrx_word' id='word_1_28' title='bbox 850 545 1020 600; x_wconf 86' lang='lat' dir='ltr'><strong>solem</strong></span> <span class='ocrx_word' id='word_1_29' title='bbox 1043 543 1256 610; x_wconf 88' lang='lat' dir='ltr'><strong>statuit,</strong></span> <span class='ocrx_word' id='word_1_30' title='bbox 1282 543 1459 599; x_wconf 88' lang='lat' dir='ltr'><strong>donec</strong></span> <span class='ocrx_word' id='word_1_31' title='bbox 1478 555 1724 600; x_wconf 87' lang='lat' dir='ltr'><strong>consum-</strong></span> 
     </span>
    </p>
   </div>
   <div class='ocr_carea' id='block_1_6' title="bbox 113 633 1719 707">
    <p class='ocr_par' dir='ltr' id='par_1_6' title="bbox 113 633 1719 707">
     <span class='ocr_line' id='line_1_6' title="bbox 113 633 1719 707; baseline -0.001 -16"><span class='ocrx_word' id='word_1_32' title='bbox 113 646 292 692; x_wconf 89' lang='lat' dir='ltr'><strong>maret</strong></span> <span class='ocrx_word' id='word_1_33' title='bbox 315 634 370 690; x_wconf 87' lang='lat' dir='ltr'><strong>in</strong></span> <span class='ocrx_word' id='word_1_34' title='bbox 396 635 594 690; x_wconf 84' lang='lat' dir='ltr'><strong>virtute</strong></span> <span class='ocrx_word' id='word_1_35' title='bbox 617 635 922 693; x_wconf 73' lang='lat' dir='ltr'><strong>victoriam.</strong></span> <span class='ocrx_word' id='word_1_36' title='bbox 944 635 1052 693; x_wconf 87' lang='lat' dir='ltr'><strong>Sed</strong></span> <span class='ocrx_word' id='word_1_37' title='bbox 1077 634 1256 691; x_wconf 83' lang='lat' dir='ltr'><strong>adhuc</strong></span> <span class='ocrx_word' id='word_1_38' title='bbox 1279 634 1450 707; x_wconf 76' lang='lat' dir='ltr'><strong>ﬁgura</strong></span> <span class='ocrx_word' id='word_1_39' title='bbox 1467 644 1588 690; x_wconf 85' lang='lat' dir='ltr'><strong>erat</strong></span> <span class='ocrx_word' id='word_1_40' title='bbox 1608 633 1719 700; x_wconf 90' lang='lat' dir='ltr'><strong>ille,</strong></span> 
     </span>
    </p>
   </div>
   <div class='ocr_carea' id='block_1_7' title="bbox 122 728 1727 800">
    <p class='ocr_par' dir='ltr' id='par_1_7' title="bbox 122 728 1727 800">
     <span class='ocr_line' id='line_1_7' title="bbox 122 728 1727 800; baseline 0.001 -15"><span class='ocrx_word' id='word_1_41' title='bbox 122 745 235 785; x_wconf 91' lang='lat' dir='ltr'><strong>non</strong></span> <span class='ocrx_word' id='word_1_42' title='bbox 270 729 492 785; x_wconf 84' lang='lat' dir='ltr'><strong>veritas.</strong></span> <span class='ocrx_word' id='word_1_43' title='bbox 528 728 772 800; x_wconf 78' lang='lat' dir='ltr'><strong>Denique</strong></span> <span class='ocrx_word' id='word_1_44' title='bbox 811 743 972 786; x_wconf 85' lang='lat' dir='ltr'><strong>verus</strong></span> <span class='ocrx_word' id='word_1_45' title='bbox 997 731 1046 786; x_wconf 89' lang='lat' dir='ltr'><strong>ei</strong></span> <span class='ocrx_word' id='word_1_46' title='bbox 1078 730 1183 786; x_wconf 80' lang='lat' dir='ltr'><strong>dux</strong></span> <span class='ocrx_word' id='word_1_47' title='bbox 1235 729 1442 786; x_wconf 67' lang='lat' dir='ltr'><strong>militia!</strong></span> <span class='ocrx_word' id='word_1_48' title='bbox 1483 728 1727 787; x_wconf 66' lang='lat' dir='ltr'><strong>caelestis</strong></span> 
     </span>
    </p>
   </div>
   <div class='ocr_carea' id='block_1_8' title="bbox 120 821 1728 894">
    <p class='ocr_par' dir='ltr' id='par_1_8' title="bbox 120 821 1728 894">
     <span class='ocr_line' id='line_1_8' title="bbox 120 821 1728 894; baseline -0.001 -15"><span class='ocrx_word' id='word_1_49' title='bbox 120 821 344 889; x_wconf 76' lang='lat' dir='ltr'><strong>ell‘ulsit,</strong></span> <span class='ocrx_word' id='word_1_50' title='bbox 370 832 427 877; x_wconf 87' lang='lat' dir='ltr'><strong>et</strong></span> <span class='ocrx_word' id='word_1_51' title='bbox 451 821 701 878; x_wconf 72' lang='lat' dir='ltr'><strong>adoravit</strong></span> <span class='ocrx_word' id='word_1_52' title='bbox 727 836 850 879; x_wconf 80' lang='lat' dir='ltr'><strong>eum</strong></span> <span class='ocrx_word' id='word_1_53' title='bbox 879 821 1038 879; x_wconf 69' lang='lat' dir='ltr'><strong>Iesus</strong></span> <span class='ocrx_word' id='word_1_54' title='bbox 1062 821 1212 879; x_wconf 79' lang='lat' dir='ltr'><strong>Nave</strong></span> <span class='ocrx_word' id='word_1_55' title='bbox 1235 839 1253 890; x_wconf 76' lang='grc'><strong>;’</strong></span> <span class='ocrx_word' id='word_1_56' title='bbox 1280 837 1381 894; x_wconf 87' lang='lat' dir='ltr'><strong>qua</strong></span> <span class='ocrx_word' id='word_1_57' title='bbox 1391 824 1528 879; x_wconf 91' lang='lat' dir='ltr'><strong>mvis</strong></span> <span class='ocrx_word' id='word_1_58' title='bbox 1550 821 1728 878; x_wconf 87' lang='lat' dir='ltr'><strong>adhuc</strong></span> 
     </span>
    </p>
   </div>
   <div class='ocr_carea' id='block_1_9' title="bbox 123 914 1730 988">
    <p class='ocr_par' dir='ltr' id='par_1_9' title="bbox 123 914 1730 988">
     <span class='ocr_line' id='line_1_9' title="bbox 123 914 1730 988; baseline 0.001 -20"><span class='ocrx_word' id='word_1_59' title='bbox 123 914 367 970; x_wconf 90' lang='lat' dir='ltr'><strong>nondum</strong></span> <span class='ocrx_word' id='word_1_60' title='bbox 399 915 453 969; x_wconf 91' lang='lat' dir='ltr'><strong>in</strong></span> <span class='ocrx_word' id='word_1_61' title='bbox 484 929 718 988; x_wconf 86' lang='lat' dir='ltr'><strong>corpore</strong></span> <span class='ocrx_word' id='word_1_62' title='bbox 742 929 907 972; x_wconf 84' lang='lat' dir='ltr'><strong>verus</strong></span> <span class='ocrx_word' id='word_1_63' title='bbox 936 915 1205 982; x_wconf 87' lang='lat' dir='ltr'><strong>astiterat,</strong></span> <span class='ocrx_word' id='word_1_64' title='bbox 1236 915 1334 972; x_wconf 88' lang='lat' dir='ltr'><strong>sed</strong></span> <span class='ocrx_word' id='word_1_65' title='bbox 1362 914 1539 972; x_wconf 85' lang='lat' dir='ltr'><strong>adhuc</strong></span> <span class='ocrx_word' id='word_1_66' title='bbox 1563 929 1730 971; x_wconf 87' lang='lat' dir='ltr'><strong>vene-</strong></span> 
     </span>
    </p>
   </div>
   <div class='ocr_carea' id='block_1_10' title="bbox 117 1005 516 1077">
    <p class='ocr_par' dir='ltr' id='par_1_10' title="bbox 117 1005 516 1077">
     <span class='ocr_line' id='line_1_10' title="bbox 117 1005 516 1077; baseline 0 -16"><span class='ocrx_word' id='word_1_67' title='bbox 117 1015 212 1061; x_wconf 82' lang='lat' dir='ltr'><strong>&quot;rat</strong></span> <span class='ocrx_word' id='word_1_68' title='bbox 241 1007 296 1061; x_wconf 87' lang='lat' dir='ltr'><strong>in</strong></span> <span class='ocrx_word' id='word_1_69' title='bbox 319 1005 516 1077; x_wconf 76' lang='lat' dir='ltr'><strong>ﬁgura.</strong></span> 
     </span>
    </p>
   </div>
   <div class='ocr_carea' id='block_1_11' title="bbox 198 1095 1728 1176">
    <p class='ocr_par' dir='ltr' id='par_1_11' title="bbox 198 1095 1728 1176">
     <span class='ocr_line' id='line_1_11' title="bbox 198 1095 1728 1176; baseline 0 -20"><span class='ocrx_word' id='word_1_70' title='bbox 198 1101 286 1156; x_wconf 74' lang='lat' dir='ltr'><strong>to.</strong></span> <span class='ocrx_word' id='word_1_71' title='bbox 329 1097 559 1176; x_wconf 80' lang='lat' dir='ltr'><strong>Quando</strong></span> <span class='ocrx_word' id='word_1_72' title='bbox 583 1099 754 1172; x_wconf 73' lang='lat' dir='ltr'><strong>igitur</strong></span> <span class='ocrx_word' id='word_1_73' title='bbox 775 1114 937 1158; x_wconf 86' lang='lat' dir='ltr'><strong>verus</strong></span> <span class='ocrx_word' id='word_1_74' title='bbox 968 1101 1232 1158; x_wconf 76' lang='lat' dir='ltr'><strong>advenit?</strong></span> <span class='ocrx_word' id='word_1_75' title='bbox 1255 1101 1397 1157; x_wconf 82' lang='lat' dir='ltr'><strong>Audi</strong></span> <span class='ocrx_word' id='word_1_76' title='bbox 1425 1095 1728 1157; x_wconf 56' lang='lat' dir='ltr'><strong>dicentem:</strong></span> 
     </span>
    </p>
   </div>
   <div class='ocr_carea' id='block_1_12' title="bbox 123 1187 1731 1264">
    <p class='ocr_par' dir='ltr' id='par_1_12' title="bbox 123 1187 1731 1264">
     <span class='ocr_line' id='line_1_12' title="bbox 123 1187 1731 1264; baseline 0.001 -20"><span class='ocrx_word' id='word_1_77' title='bbox 123 1189 446 1245; x_wconf 67' lang='lat' dir='ltr'><strong>Annunti&#39;aui</strong></span> <span class='ocrx_word' id='word_1_78' title='bbox 477 1199 522 1245; x_wconf 90' lang='lat' dir='ltr'><strong>et</strong></span> <span class='ocrx_word' id='word_1_79' title='bbox 544 1192 753 1247; x_wconf 83' lang='lat' dir='ltr'><strong>locutus</strong></span> <span class='ocrx_word' id='word_1_80' title='bbox 771 1209 883 1248; x_wconf 86' lang='lat' dir='ltr'><strong>sum</strong></span> <span class='ocrx_word' id='word_1_81' title='bbox 906 1206 924 1246; x_wconf 90' lang='lat'><strong>:</strong></span> <span class='ocrx_word' id='word_1_82' title='bbox 947 1191 1292 1264; x_wconf 72' lang='lat' dir='ltr'><strong>muttipiicati</strong></span> <span class='ocrx_word' id='word_1_83' title='bbox 1311 1203 1431 1246; x_wconf 82' lang='lat' dir='ltr'><strong>sunt</strong></span> <span class='ocrx_word' id='word_1_84' title='bbox 1458 1187 1615 1262; x_wconf 67' lang='lat' dir='ltr'><strong>super</strong></span> <span class='ocrx_word' id='word_1_85' title='bbox 1632 1207 1731 1245; x_wconf 87' lang='lat' dir='ltr'><strong>nu-</strong></span> 
     </span>
    </p>
   </div>
   <div class='ocr_carea' id='block_1_13' title="bbox 129 1267 1734 1363">
    <p class='ocr_par' dir='ltr' id='par_1_13' title="bbox 129 1267 1734 1363">
     <span class='ocr_line' id='line_1_13' title="bbox 129 1267 1734 1363; baseline 0.002 -27"><span class='ocrx_word' id='word_1_86' title='bbox 129 1298 349 1337; x_wconf 84' lang='lat' dir='ltr'><strong>merum.</strong></span> <span class='ocrx_word' id='word_1_87' title='bbox 402 1283 744 1363; x_wconf 70' lang='lat' dir='ltr'><strong>Sacriﬁcium</strong></span> <span class='ocrx_word' id='word_1_88' title='bbox 788 1293 840 1340; x_wconf 89' lang='lat' dir='ltr'><strong>et</strong></span> <span class='ocrx_word' id='word_1_89' title='bbox 879 1285 1190 1342; x_wconf 77' lang='lat' dir='ltr'><strong>oblationem</strong></span> <span class='ocrx_word' id='word_1_90' title='bbox 1236 1267 1487 1351; x_wconf 71' lang='lat' dir='ltr'><strong>noluisti,</strong></span> <span class='ocrx_word' id='word_1_91' title='bbox 1542 1293 1734 1356; x_wconf 82' lang='lat' dir='ltr'><strong>cdrpus</strong></span> 
     </span>
    </p>
   </div>
   <div class='ocr_carea' id='block_1_14' title="bbox 129 1375 1736 1447">
    <p class='ocr_par' dir='ltr' id='par_1_14' title="bbox 129 1375 1736 1447">
     <span class='ocr_line' id='line_1_14' title="bbox 129 1375 1736 1447; baseline 0.001 -18"><span class='ocrx_word' id='word_1_92' title='bbox 129 1386 304 1431; x_wconf 84' lang='lat' dir='ltr'><strong>autem</strong></span> <span class='ocrx_word' id='word_1_93' title='bbox 332 1379 593 1447; x_wconf 86' lang='lat' dir='ltr'><strong>perfecisti</strong></span> <span class='ocrx_word' id='word_1_94' title='bbox 619 1377 768 1433; x_wconf 83' lang='lat' dir='ltr'><strong>mihi.</strong></span> <span class='ocrx_word' id='word_1_95' title='bbox 795 1388 823 1416; x_wconf 68' lang='grc'><strong><em>⁸</em></strong></span> <span class='ocrx_word' id='word_1_96' title='bbox 856 1377 1000 1434; x_wconf 82' lang='lat' dir='ltr'><strong>Tunc</strong></span> <span class='ocrx_word' id='word_1_97' title='bbox 1026 1381 1154 1446; x_wconf 74' lang='lat' dir='ltr'><strong>dixi,</strong></span> <span class='ocrx_word' id='word_1_98' title='bbox 1206 1396 1320 1434; x_wconf 87' lang='lat' dir='ltr'><strong>ecce</strong></span> <span class='ocrx_word' id='word_1_99' title='bbox 1345 1379 1514 1433; x_wconf 78' lang='lat' dir='ltr'><strong>uenio.</strong></span> <span class='ocrx_word' id='word_1_100' title='bbox 1548 1375 1614 1431; x_wconf 83' lang='lat' dir='ltr'><strong>In</strong></span> <span class='ocrx_word' id='word_1_101' title='bbox 1647 1393 1736 1431; x_wconf 86' lang='lat' dir='ltr'><strong>ca-</strong></span> 
     </span>
    </p>
   </div>
   <div class='ocr_carea' id='block_1_15' title="bbox 128 1467 1826 1546">
    <p class='ocr_par' dir='ltr' id='par_1_15' title="bbox 128 1467 1826 1546">
     <span class='ocr_line' id='line_1_15' title="bbox 128 1467 1826 1546; baseline 0.001 -24"><span class='ocrx_word' id='word_1_102' title='bbox 128 1471 234 1538; x_wconf 84' lang='lat' dir='ltr'><strong>pite</strong></span> <span class='ocrx_word' id='word_1_103' title='bbox 267 1467 410 1546; x_wconf 82' lang='lat' dir='ltr'><strong>Libri</strong></span> <span class='ocrx_word' id='word_1_104' title='bbox 439 1472 704 1546; x_wconf 70' lang='lat' dir='ltr'><strong>scriptum</strong></span> <span class='ocrx_word' id='word_1_105' title='bbox 747 1482 823 1526; x_wconf 88' lang='lat' dir='ltr'><strong>est</strong></span> <span class='ocrx_word' id='word_1_106' title='bbox 855 1473 916 1526; x_wconf 82' lang='lat' dir='ltr'><strong>de</strong></span> <span class='ocrx_word' id='word_1_107' title='bbox 962 1489 1063 1540; x_wconf 87' lang='lat' dir='ltr'><strong>me,</strong></span> <span class='ocrx_word' id='word_1_108' title='bbox 1103 1483 1158 1526; x_wconf 76' lang='lat' dir='ltr'><strong>at</strong></span> <span class='ocrx_word' id='word_1_109' title='bbox 1187 1473 1378 1542; x_wconf 78' lang='lat' dir='ltr'><strong>faciam</strong></span> <span class='ocrx_word' id='word_1_110' title='bbox 1415 1469 1736 1546; x_wconf 11' lang='lat' dir='ltr'><strong>[voluntatem</strong></span> <span class='ocrx_word' id='word_1_111' title='bbox 1820 1469 1826 1472; x_wconf 66' lang='grc'><em>”</em></span> 
     </span>
    </p>
   </div>
   <div class='ocr_carea' id='block_1_16' title="bbox 131 1561 1739 1635">
    <p class='ocr_par' dir='ltr' id='par_1_16' title="bbox 131 1561 1739 1635">
     <span class='ocr_line' id='line_1_16' title="bbox 131 1561 1739 1635; baseline 0.001 -20"><span class='ocrx_word' id='word_1_112' title='bbox 131 1569 306 1616; x_wconf 74' lang='lat' dir='ltr'><strong>tuam:</strong></span> <span class='ocrx_word' id='word_1_113' title='bbox 335 1561 480 1616; x_wconf 80' lang='lat' dir='ltr'><strong>Dens</strong></span> <span class='ocrx_word' id='word_1_114' title='bbox 510 1579 675 1631; x_wconf 85' lang='lat' dir='ltr'><strong>meas,</strong></span> <span class='ocrx_word' id='word_1_115' title='bbox 705 1565 867 1619; x_wconf 79' lang='lat' dir='ltr'><strong>volui.</strong></span> <span class='ocrx_word' id='word_1_116' title='bbox 897 1563 1040 1634; x_wconf 84' lang='lat' dir='ltr'><strong>Quid</strong></span> <span class='ocrx_word' id='word_1_117' title='bbox 1067 1565 1374 1621; x_wconf 86' lang='lat' dir='ltr'><strong>evidentius</strong></span> <span class='ocrx_word' id='word_1_118' title='bbox 1400 1561 1561 1635; x_wconf 83' lang='lat' dir='ltr'><strong>quam</strong></span> <span class='ocrx_word' id='word_1_119' title='bbox 1595 1561 1739 1632; x_wconf 89' lang='lat' dir='ltr'><strong>quod</strong></span> 
     </span>
    </p>
   </div>
   <div class='ocr_carea' id='block_1_17' title="bbox 133 1651 1741 1726">
    <p class='ocr_par' dir='ltr' id='par_1_17' title="bbox 133 1651 1741 1726">
     <span class='ocr_line' id='line_1_17' title="bbox 133 1651 1741 1726; baseline 0.001 -16"><span class='ocrx_word' id='word_1_120' title='bbox 133 1667 258 1710; x_wconf 80' lang='lat' dir='ltr'><strong>cum</strong></span> <span class='ocrx_word' id='word_1_121' title='bbox 292 1651 580 1726; x_wconf 74' lang='lat' dir='ltr'><strong>Evangelii</strong></span> <span class='ocrx_word' id='word_1_122' title='bbox 607 1655 691 1711; x_wconf 87' lang='lat' dir='ltr'><strong>sui</strong></span> <span class='ocrx_word' id='word_1_123' title='bbox 724 1669 946 1714; x_wconf 88' lang='lat' dir='ltr'><strong>munere</strong></span> <span class='ocrx_word' id='word_1_124' title='bbox 989 1658 1149 1713; x_wconf 88' lang='lat' dir='ltr'><strong>nobis</strong></span> <span class='ocrx_word' id='word_1_125' title='bbox 1176 1657 1336 1713; x_wconf 75' lang='lat' dir='ltr'><strong>Jesus</strong></span> <span class='ocrx_word' id='word_1_126' title='bbox 1379 1670 1542 1712; x_wconf 90' lang='lat' dir='ltr'><strong>verus</strong></span> <span class='ocrx_word' id='word_1_127' title='bbox 1570 1652 1741 1711; x_wconf 85' lang='lat' dir='ltr'><strong>adve-</strong></span> 
     </span>
    </p>
   </div>
   <div class='ocr_carea' id='block_1_18' title="bbox 133 1745 1739 1828">
    <p class='ocr_par' dir='ltr' id='par_1_18' title="bbox 133 1745 1739 1828">
     <span class='ocr_line' id='line_1_18' title="bbox 133 1745 1739 1828; baseline -0.001 -27"><span class='ocrx_word' id='word_1_128' title='bbox 133 1746 213 1801; x_wconf 85' lang='lat' dir='ltr'><strong>nit</strong></span> <span class='ocrx_word' id='word_1_129' title='bbox 231 1745 394 1816; x_wconf 70' lang='lat' dir='ltr'><strong>llpse</strong></span> <span class='ocrx_word' id='word_1_130' title='bbox 419 1745 634 1802; x_wconf 84' lang='lat' dir='ltr'><strong>locutus</strong></span> <span class='ocrx_word' id='word_1_131' title='bbox 662 1757 746 1804; x_wconf 89' lang='lat' dir='ltr'><strong>est</strong></span> <span class='ocrx_word' id='word_1_132' title='bbox 764 1790 778 1814; x_wconf 94' lang='lat'><strong>,</strong></span> <span class='ocrx_word' id='word_1_133' title='bbox 805 1759 860 1803; x_wconf 85' lang='lat' dir='ltr'><strong>et</strong></span> <span class='ocrx_word' id='word_1_134' title='bbox 885 1747 1156 1805; x_wconf 85' lang='lat' dir='ltr'><strong>innumeri</strong></span> <span class='ocrx_word' id='word_1_135' title='bbox 1186 1748 1524 1828; x_wconf 78' lang='lat' dir='ltr'><strong>credentium</strong></span> <span class='ocrx_word' id='word_1_136' title='bbox 1556 1747 1739 1819; x_wconf 81' lang='lat' dir='ltr'><strong>populi</strong></span> 
     </span>
    </p>
   </div>
   <div class='ocr_carea' id='block_1_19' title="bbox 1827 541 3424 619">
    <p class='ocr_par' dir='ltr' id='par_1_19' title="bbox 1827 541 3424 619">
     <span class='ocr_line' id='line_1_19' title="bbox 1827 541 3424 619; baseline -0.001 -20"><span class='ocrx_word' id='word_1_137' title='bbox 1827 560 1947 600; x_wconf 88' lang='lat' dir='ltr'><strong>nent</strong></span> <span class='ocrx_word' id='word_1_138' title='bbox 1998 551 2088 618; x_wconf 88' lang='lat' dir='ltr'><strong>qui</strong></span> <span class='ocrx_word' id='word_1_139' title='bbox 2139 546 2505 603; x_wconf 82' lang='lat' dir='ltr'><strong>Potestatibus</strong></span> <span class='ocrx_word' id='word_1_140' title='bbox 2553 546 2867 603; x_wconf 75' lang='lat' dir='ltr'><strong>cmlestibus</strong></span> <span class='ocrx_word' id='word_1_141' title='bbox 2903 544 3201 616; x_wconf 83' lang='lat' dir='ltr'><strong>imperaret</strong></span> <span class='ocrx_word' id='word_1_142' title='bbox 3248 541 3424 619; x_wconf 89' lang='lat' dir='ltr'><strong>(Gen.</strong></span> 
     </span>
    </p>
   </div>
   <div class='ocr_carea' id='block_1_20' title="bbox 1825 632 3430 711">
    <p class='ocr_par' dir='ltr' id='par_1_20' title="bbox 1825 632 3430 711">
     <span class='ocr_line' id='line_1_20' title="bbox 1825 632 3430 711; baseline -0.002 -18"><span class='ocrx_word' id='word_1_143' title='bbox 1825 653 2016 704; x_wconf 80' lang='lat' dir='ltr'><strong>xxvnt,</strong></span> <span class='ocrx_word' id='word_1_144' title='bbox 2063 639 2134 694; x_wconf 73' lang='grc'><strong>12</strong></span> <span class='ocrx_word' id='word_1_145' title='bbox 2160 639 2201 711; x_wconf 86' lang='grc'><strong>).</strong></span> <span class='ocrx_word' id='word_1_146' title='bbox 2243 633 2534 710; x_wconf 83' lang='lat' dir='ltr'><strong>lmpletum</strong></span> <span class='ocrx_word' id='word_1_147' title='bbox 2573 648 2682 705; x_wconf 87' lang='lat' dir='ltr'><strong>est,</strong></span> <span class='ocrx_word' id='word_1_148' title='bbox 2721 637 2937 710; x_wconf 87' lang='lat' dir='ltr'><strong>quando</strong></span> <span class='ocrx_word' id='word_1_149' title='bbox 2966 637 3230 693; x_wconf 88' lang='lat' dir='ltr'><strong>Dominus</strong></span> <span class='ocrx_word' id='word_1_150' title='bbox 3269 632 3430 691; x_wconf 80' lang='lat' dir='ltr'><strong>Jesus</strong></span> 
     </span>
    </p>
   </div>
   <div class='ocr_carea' id='block_1_21' title="bbox 1826 729 3431 802">
    <p class='ocr_par' dir='ltr' id='par_1_21' title="bbox 1826 729 3431 802">
     <span class='ocr_line' id='line_1_21' title="bbox 1826 729 3431 802; baseline -0.001 -19"><span class='ocrx_word' id='word_1_151' title='bbox 1826 730 1976 784; x_wconf 85' lang='lat' dir='ltr'><strong>venit</strong></span> <span class='ocrx_word' id='word_1_152' title='bbox 2001 730 2056 785; x_wconf 91' lang='lat' dir='ltr'><strong>in</strong></span> <span class='ocrx_word' id='word_1_153' title='bbox 2101 739 2296 797; x_wconf 88' lang='lat' dir='ltr'><strong>terras,</strong></span> <span class='ocrx_word' id='word_1_154' title='bbox 2324 737 2379 788; x_wconf 86' lang='lat' dir='ltr'><strong>et</strong></span> <span class='ocrx_word' id='word_1_155' title='bbox 2404 731 2582 802; x_wconf 75' lang='lat' dir='ltr'><strong>angeli</strong></span> <span class='ocrx_word' id='word_1_156' title='bbox 2619 731 3000 786; x_wconf 84' lang='lat' dir='ltr'><strong>ministrabant</strong></span> <span class='ocrx_word' id='word_1_157' title='bbox 3021 731 3070 785; x_wconf 88' lang='lat' dir='ltr'><strong>ei</strong></span> <span class='ocrx_word' id='word_1_158' title='bbox 3098 747 3114 796; x_wconf 86' lang='lat'><strong>;</strong></span> <span class='ocrx_word' id='word_1_159' title='bbox 3145 729 3286 784; x_wconf 87' lang='lat' dir='ltr'><strong>sicut</strong></span> <span class='ocrx_word' id='word_1_160' title='bbox 3313 729 3431 798; x_wconf 87' lang='lat' dir='ltr'><strong>ipse</strong></span> 
     </span>
    </p>
   </div>
   <div class='ocr_carea' id='block_1_22' title="bbox 1828 820 3436 894">
    <p class='ocr_par' dir='ltr' id='par_1_22' title="bbox 1828 820 3436 894">
     <span class='ocr_line' id='line_1_22' title="bbox 1828 820 3436 894; baseline -0.003 -16"><span class='ocrx_word' id='word_1_161' title='bbox 1828 820 2083 894; x_wconf 80' lang='lat' dir='ltr'><strong>dignatus</strong></span> <span class='ocrx_word' id='word_1_162' title='bbox 2109 831 2193 878; x_wconf 91' lang='lat' dir='ltr'><strong>est</strong></span> <span class='ocrx_word' id='word_1_163' title='bbox 2215 823 2423 879; x_wconf 88' lang='lat' dir='ltr'><strong>dicere:</strong></span> <span class='ocrx_word' id='word_1_164' title='bbox 2460 821 2546 877; x_wconf 66' lang='lat' dir='ltr'><strong>Et:</strong></span> <span class='ocrx_word' id='word_1_165' title='bbox 2572 823 2669 877; x_wconf 83' lang='lat' dir='ltr'><strong>hoc</strong></span> <span class='ocrx_word' id='word_1_166' title='bbox 2697 821 2932 877; x_wconf 81' lang='lat' dir='ltr'><strong>uidebitis</strong></span> <span class='ocrx_word' id='word_1_167' title='bbox 2958 822 3111 876; x_wconf 76' lang='lat' dir='ltr'><strong>caelos</strong></span> <span class='ocrx_word' id='word_1_168' title='bbox 3137 830 3359 892; x_wconf 85' lang='lat' dir='ltr'><strong>apertos,</strong></span> <span class='ocrx_word' id='word_1_169' title='bbox 3388 827 3436 874; x_wconf 84' lang='lat' dir='ltr'><strong>et</strong></span> 
     </span>
    </p>
   </div>
   <div class='ocr_carea' id='block_1_23' title="bbox 1829 909 3431 988">
    <p class='ocr_par' dir='ltr' id='par_1_23' title="bbox 1829 909 3431 988">
     <span class='ocr_line' id='line_1_23' title="bbox 1829 909 3431 988; baseline -0.002 -18"><span class='ocrx_word' id='word_1_170' title='bbox 1829 916 2042 988; x_wconf 84' lang='lat' dir='ltr'><strong>angelos</strong></span> <span class='ocrx_word' id='word_1_171' title='bbox 2069 912 2168 970; x_wconf 86' lang='lat' dir='ltr'><strong>Dei</strong></span> <span class='ocrx_word' id='word_1_172' title='bbox 2194 917 2526 974; x_wconf 80' lang='lat' dir='ltr'><strong>ascendentes</strong></span> <span class='ocrx_word' id='word_1_173' title='bbox 2551 926 2599 972; x_wconf 87' lang='lat' dir='ltr'><strong>et</strong></span> <span class='ocrx_word' id='word_1_174' title='bbox 2622 917 2984 972; x_wconf 80' lang='lat' dir='ltr'><strong>descendentes</strong></span> <span class='ocrx_word' id='word_1_175' title='bbox 3015 915 3084 970; x_wconf 85' lang='lat' dir='ltr'><strong>ad</strong></span> <span class='ocrx_word' id='word_1_176' title='bbox 3109 909 3309 969; x_wconf 83' lang='lat' dir='ltr'><strong>Filium</strong></span> <span class='ocrx_word' id='word_1_177' title='bbox 3339 912 3431 968; x_wconf 81' lang='lat' dir='ltr'><strong>Ito-</strong></span> 
     </span>
    </p>
   </div>
   <div class='ocr_carea' id='block_1_24' title="bbox 1832 1006 2474 1088">
    <p class='ocr_par' dir='ltr' id='par_1_24' title="bbox 1832 1006 2474 1088">
     <span class='ocr_line' id='line_1_24' title="bbox 1832 1006 2474 1088; baseline 0.002 -25"><span class='ocrx_word' id='word_1_178' title='bbox 1832 1009 1985 1063; x_wconf 85' lang='lat' dir='ltr'><strong>ntinis</strong></span> <span class='ocrx_word' id='word_1_179' title='bbox 2013 1008 2033 1081; x_wconf 97' lang='lat'>(</span> <span class='ocrx_word' id='word_1_180' title='bbox 2063 1007 2222 1063; x_wconf 74' lang='lat' dir='ltr'><strong>Joan.</strong></span> <span class='ocrx_word' id='word_1_181' title='bbox 2254 1019 2296 1075; x_wconf 84' lang='grc' dir='ltr'><strong>ι,</strong></span> <span class='ocrx_word' id='word_1_182' title='bbox 2339 1006 2403 1088; x_wconf 76' lang='grc'><strong>51</strong></span> 
     </span>
    </p>
   </div>
   <div class='ocr_carea' id='block_1_25' title="bbox 1891 1087 3437 1173">
    <p class='ocr_par' dir='ltr' id='par_1_25' title="bbox 1891 1087 3437 1173">
     <span class='ocr_line' id='line_1_25' title="bbox 1891 1087 3437 1173; baseline -0.004 -15"><span class='ocrx_word' id='word_1_183' title='bbox 1891 1087 1995 1160; x_wconf 63' lang='grc'><strong>14.</strong></span> <span class='ocrx_word' id='word_1_184' title='bbox 2034 1099 2313 1173; x_wconf 86' lang='lat' dir='ltr'><strong>Scriptum</strong></span> <span class='ocrx_word' id='word_1_185' title='bbox 2343 1087 2506 1157; x_wconf 78' lang='lat' dir='ltr'><strong>estin</strong></span> <span class='ocrx_word' id='word_1_186' title='bbox 2535 1099 2713 1172; x_wconf 86' lang='lat' dir='ltr'><strong>capite</strong></span> <span class='ocrx_word' id='word_1_187' title='bbox 2741 1095 2926 1157; x_wconf 86' lang='lat' dir='ltr'><strong>Libri:</strong></span> <span class='ocrx_word' id='word_1_188' title='bbox 2960 1101 3139 1172; x_wconf 78' lang='lat' dir='ltr'><strong>Agnus</strong></span> <span class='ocrx_word' id='word_1_189' title='bbox 3171 1100 3282 1155; x_wconf 84' lang='lat' dir='ltr'><strong>sine</strong></span> <span class='ocrx_word' id='word_1_190' title='bbox 3320 1115 3437 1152; x_wconf 87' lang='lat' dir='ltr'><strong>ma-</strong></span> 
     </span>
    </p>
   </div>
   <div class='ocr_carea' id='block_1_26' title="bbox 1834 1182 3437 1264">
    <p class='ocr_par' dir='ltr' id='par_1_26' title="bbox 1834 1182 3437 1264">
     <span class='ocr_line' id='line_1_26' title="bbox 1834 1182 3437 1264; baseline -0.002 -15"><span class='ocrx_word' id='word_1_191' title='bbox 1834 1196 1973 1264; x_wconf 85' lang='lat' dir='ltr'><strong>cula,</strong></span> <span class='ocrx_word' id='word_1_192' title='bbox 1999 1182 2240 1261; x_wconf 85' lang='lat' dir='ltr'><strong>mundus,</strong></span> <span class='ocrx_word' id='word_1_193' title='bbox 2265 1204 2521 1262; x_wconf 84' lang='lat' dir='ltr'><strong>maturus,</strong></span> <span class='ocrx_word' id='word_1_194' title='bbox 2548 1196 2830 1262; x_wconf 80' lang='lat' dir='ltr'><strong>masculus,</strong></span> <span class='ocrx_word' id='word_1_195' title='bbox 2850 1193 3128 1249; x_wconf 82' lang='lat' dir='ltr'><strong>anniculus</strong></span> <span class='ocrx_word' id='word_1_196' title='bbox 3149 1193 3246 1249; x_wconf 85' lang='lat' dir='ltr'><strong>erit</strong></span> <span class='ocrx_word' id='word_1_197' title='bbox 3264 1191 3404 1247; x_wconf 77' lang='lat' dir='ltr'><strong>vobis</strong></span> <span class='ocrx_word' id='word_1_198' title='bbox 3419 1208 3437 1257; x_wconf 89' lang='lat'><strong>;</strong></span> 
     </span>
    </p>
   </div>
   <div class='ocr_carea' id='block_1_27' title="bbox 1836 1273 3443 1362">
    <p class='ocr_par' dir='ltr' id='par_1_27' title="bbox 1836 1273 3443 1362">
     <span class='ocr_line' id='line_1_27' title="bbox 1836 1273 3443 1362; baseline -0.004 -17"><span class='ocrx_word' id='word_1_199' title='bbox 1836 1300 1882 1346; x_wconf 90' lang='lat' dir='ltr'><strong>et</strong></span> <span class='ocrx_word' id='word_1_200' title='bbox 1910 1273 2106 1345; x_wconf 84' lang='lat' dir='ltr'><strong>occidet</strong></span> <span class='ocrx_word' id='word_1_201' title='bbox 2133 1307 2246 1345; x_wconf 89' lang='lat' dir='ltr'><strong>eum</strong></span> <span class='ocrx_word' id='word_1_202' title='bbox 2289 1290 2455 1344; x_wconf 88' lang='lat' dir='ltr'><strong>omnis</strong></span> <span class='ocrx_word' id='word_1_203' title='bbox 2484 1305 2747 1360; x_wconf 81' lang='lat' dir='ltr'><strong>synagoga</strong></span> <span class='ocrx_word' id='word_1_204' title='bbox 2772 1290 2791 1362; x_wconf 89' lang='lat'>(</span> <span class='ocrx_word' id='word_1_205' title='bbox 2822 1285 2999 1343; x_wconf 70' lang='lat' dir='ltr'><strong>Exod.</strong></span> <span class='ocrx_word' id='word_1_206' title='bbox 3025 1303 3127 1352; x_wconf 79' lang='lat' dir='ltr'><strong>xu,</strong></span> <span class='ocrx_word' id='word_1_207' title='bbox 3159 1285 3193 1341; x_wconf 82' lang='lat'><strong>5</strong></span> <span class='ocrx_word' id='word_1_208' title='bbox 3222 1286 3268 1357; x_wconf 93' lang='lat'><strong>).</strong></span> <span class='ocrx_word' id='word_1_209' title='bbox 3309 1285 3443 1353; x_wconf 83' lang='lat' dir='ltr'><strong>Quis</strong></span> 
     </span>
    </p>
   </div>
   <div class='ocr_carea' id='block_1_28' title="bbox 1837 1366 3440 1453">
    <p class='ocr_par' dir='ltr' id='par_1_28' title="bbox 1837 1366 3440 1453">
     <span class='ocr_line' id='line_1_28' title="bbox 1837 1366 3440 1453; baseline -0.004 -16"><span class='ocrx_word' id='word_1_210' title='bbox 1837 1381 1940 1442; x_wconf 82' lang='lat' dir='ltr'><strong>iste</strong></span> <span class='ocrx_word' id='word_1_211' title='bbox 1972 1384 2042 1437; x_wconf 87' lang='lat' dir='ltr'><strong>sit</strong></span> <span class='ocrx_word' id='word_1_212' title='bbox 2091 1366 2283 1453; x_wconf 82' lang='lat' dir='ltr'><strong>agnus,</strong></span> <span class='ocrx_word' id='word_1_213' title='bbox 2327 1381 2554 1437; x_wconf 81' lang='lat' dir='ltr'><strong>audistis</strong></span> <span class='ocrx_word' id='word_1_214' title='bbox 2595 1380 2898 1437; x_wconf 88' lang='lat' dir='ltr'><strong>dicentem:</strong></span> <span class='ocrx_word' id='word_1_215' title='bbox 2931 1375 3066 1435; x_wconf 84' lang='lat' dir='ltr'><strong>Ecce</strong></span> <span class='ocrx_word' id='word_1_216' title='bbox 3095 1395 3262 1450; x_wconf 86' lang='lat' dir='ltr'><strong>agnus</strong></span> <span class='ocrx_word' id='word_1_217' title='bbox 3307 1375 3440 1444; x_wconf 85' lang='lat' dir='ltr'><strong>Dei,</strong></span> 
     </span>
    </p>
   </div>
   <div class='ocr_carea' id='block_1_29' title="bbox 1833 1467 3448 1548">
    <p class='ocr_par' dir='ltr' id='par_1_29' title="bbox 1833 1467 3448 1548">
     <span class='ocr_line' id='line_1_29' title="bbox 1833 1467 3448 1548; baseline -0.004 -16"><span class='ocrx_word' id='word_1_218' title='bbox 1833 1467 1954 1532; x_wconf 78' lang='lat' dir='ltr'><strong>ecce</strong></span> <span class='ocrx_word' id='word_1_219' title='bbox 1997 1479 2086 1548; x_wconf 86' lang='lat' dir='ltr'><strong>qui</strong></span> <span class='ocrx_word' id='word_1_220' title='bbox 2124 1477 2257 1532; x_wconf 88' lang='lat' dir='ltr'><strong>tollit</strong></span> <span class='ocrx_word' id='word_1_221' title='bbox 2300 1486 2566 1547; x_wconf 81' lang='lat' dir='ltr'><strong>peccatum</strong></span> <span class='ocrx_word' id='word_1_222' title='bbox 2612 1477 2793 1529; x_wconf 88' lang='lat' dir='ltr'><strong>mundi</strong></span> <span class='ocrx_word' id='word_1_223' title='bbox 2835 1471 3042 1545; x_wconf 81' lang='lat' dir='ltr'><strong>(Joan.</strong></span> <span class='ocrx_word' id='word_1_224' title='bbox 3077 1489 3116 1540; x_wconf 91' lang='grc' dir='ltr'><strong>ι,</strong></span> <span class='ocrx_word' id='word_1_225' title='bbox 3149 1470 3218 1528; x_wconf 66' lang='lat'><strong>29</strong></span> <span class='ocrx_word' id='word_1_226' title='bbox 3248 1473 3291 1544; x_wconf 95' lang='lat'><strong>).</strong></span> <span class='ocrx_word' id='word_1_227' title='bbox 3347 1467 3448 1526; x_wconf 81' lang='lat' dir='ltr'><strong>llic</strong></span> 
     </span>
    </p>
   </div>
   <div class='ocr_carea' id='block_1_30' title="bbox 1839 1565 3443 1642">
    <p class='ocr_par' dir='ltr' id='par_1_30' title="bbox 1839 1565 3443 1642">
     <span class='ocr_line' id='line_1_30' title="bbox 1839 1565 3443 1642; baseline -0.006 -17"><span class='ocrx_word' id='word_1_228' title='bbox 1839 1582 1922 1625; x_wconf 90' lang='lat' dir='ltr'><strong>est</strong></span> <span class='ocrx_word' id='word_1_229' title='bbox 1951 1572 2042 1642; x_wconf 88' lang='lat' dir='ltr'><strong>qui</strong></span> <span class='ocrx_word' id='word_1_230' title='bbox 2075 1568 2288 1625; x_wconf 84' lang='lat' dir='ltr'><strong>Occisus</strong></span> <span class='ocrx_word' id='word_1_231' title='bbox 2314 1582 2391 1625; x_wconf 88' lang='lat' dir='ltr'><strong>est</strong></span> <span class='ocrx_word' id='word_1_232' title='bbox 2413 1569 2482 1624; x_wconf 86' lang='lat' dir='ltr'><strong>ab</strong></span> <span class='ocrx_word' id='word_1_233' title='bbox 2513 1565 2660 1624; x_wconf 90' lang='lat' dir='ltr'><strong>omni</strong></span> <span class='ocrx_word' id='word_1_234' title='bbox 2680 1566 2882 1639; x_wconf 80' lang='lat' dir='ltr'><strong>populo</strong></span> <span class='ocrx_word' id='word_1_235' title='bbox 2905 1566 3251 1621; x_wconf 70' lang='lat' dir='ltr'><strong>Judtcorum:</strong></span> <span class='ocrx_word' id='word_1_236' title='bbox 3283 1579 3443 1632; x_wconf 84' lang='lat' dir='ltr'><strong>quem</strong></span> 
     </span>
    </p>
   </div>
   <div class='ocr_carea' id='block_1_31' title="bbox 1843 1648 3447 1740">
    <p class='ocr_par' dir='ltr' id='par_1_31' title="bbox 1843 1648 3447 1740">
     <span class='ocr_line' id='line_1_31' title="bbox 1843 1648 3447 1740; baseline -0.003 -23"><span class='ocrx_word' id='word_1_237' title='bbox 1843 1663 2021 1740; x_wconf 85' lang='lat' dir='ltr'><strong>adhuc</strong></span> <span class='ocrx_word' id='word_1_238' title='bbox 2066 1659 2250 1720; x_wconf 86' lang='lat' dir='ltr'><strong>hostili</strong></span> <span class='ocrx_word' id='word_1_239' title='bbox 2293 1664 2418 1718; x_wconf 88' lang='lat' dir='ltr'><strong>odio</strong></span> <span class='ocrx_word' id='word_1_240' title='bbox 2457 1671 2884 1732; x_wconf 85' lang='lat' dir='ltr'><strong>persequuntur.</strong></span> <span class='ocrx_word' id='word_1_241' title='bbox 2923 1648 3003 1714; x_wconf 36' lang='lat' dir='ltr'><strong>Et.</strong></span> <span class='ocrx_word' id='word_1_242' title='bbox 3030 1659 3182 1713; x_wconf 88' lang='lat' dir='ltr'><strong>illum</strong></span> <span class='ocrx_word' id='word_1_243' title='bbox 3227 1657 3447 1730; x_wconf 85' lang='lat' dir='ltr'><strong>quidem</strong></span> 
     </span>
    </p>
   </div>
   <div class='ocr_carea' id='block_1_32' title="bbox 1844 1740 3453 1830">
    <p class='ocr_par' dir='ltr' id='par_1_32' title="bbox 1844 1740 3453 1830">
     <span class='ocr_line' id='line_1_32' title="bbox 1844 1740 3453 1830; baseline -0.003 -18"><span class='ocrx_word' id='word_1_244' title='bbox 1844 1759 2130 1828; x_wconf 82' lang='lat' dir='ltr'><strong>oportebat</strong></span> <span class='ocrx_word' id='word_1_245' title='bbox 2162 1740 2258 1830; x_wconf 76' lang='lat' dir='ltr'><strong>pro</strong></span> <span class='ocrx_word' id='word_1_246' title='bbox 2286 1756 2541 1813; x_wconf 84' lang='lat' dir='ltr'><strong>omnibus</strong></span> <span class='ocrx_word' id='word_1_247' title='bbox 2573 1755 2748 1822; x_wconf 89' lang='lat' dir='ltr'><strong>mori;</strong></span> <span class='ocrx_word' id='word_1_248' title='bbox 2780 1762 2842 1811; x_wconf 83' lang='lat' dir='ltr'><strong>ut</strong></span> <span class='ocrx_word' id='word_1_249' title='bbox 2879 1755 2932 1810; x_wconf 93' lang='lat' dir='ltr'><strong>in</strong></span> <span class='ocrx_word' id='word_1_250' title='bbox 2961 1756 3078 1825; x_wconf 85' lang='lat' dir='ltr'><strong>ejus</strong></span> <span class='ocrx_word' id='word_1_251' title='bbox 3095 1767 3266 1809; x_wconf 86' lang='lat' dir='ltr'><strong>cruce</strong></span> <span class='ocrx_word' id='word_1_252' title='bbox 3295 1743 3453 1808; x_wconf 73' lang='lat' dir='ltr'><strong>fleret</strong></span> 
     </span>
    </p>
   </div>
   <div class='ocr_carea' id='block_1_33' title="bbox 133 1838 3501 1932">
    <p class='ocr_par' dir='ltr' id='par_1_33' title="bbox 133 1838 3501 1932">
     <span class='ocr_line' id='line_1_33' title="bbox 133 1838 3501 1932; baseline -0.004 -21"><span class='ocrx_word' id='word_1_253' title='bbox 133 1843 444 1932; x_wconf 62' lang='grc' dir='ltr'><strong>εοηὲτεῗεέιίί</strong></span> <span class='ocrx_word' id='word_1_254' title='bbox 478 1842 622 1906; x_wconf 49' lang='lat' dir='ltr'><strong>sum;</strong></span> <span class='ocrx_word' id='word_1_255' title='bbox 651 1839 750 1912; x_wconf 72' lang='grc' dir='ltr'><strong>(ῐυῖ</strong></span> <span class='ocrx_word' id='word_1_256' title='bbox 778 1841 862 1896; x_wconf 65' lang='lat' dir='ltr'><strong>Vi!</strong></span> <span class='ocrx_word' id='word_1_257' title='bbox 889 1843 1084 1913; x_wconf 68' lang='grc' dir='ltr'><strong>εῑηειιιί</strong></span> <span class='ocrx_word' id='word_1_258' title='bbox 1115 1852 1240 1898; x_wconf 58' lang='lat' dir='ltr'><strong>ante</strong></span> <span class='ocrx_word' id='word_1_259' title='bbox 1268 1841 1585 1898; x_wconf 60' lang='lat' dir='ltr'><strong>&quot;edebant-</strong></span> <span class='ocrx_word' id='word_1_260' title='bbox 1619 1838 1738 1909; x_wconf 64' lang='grc' dir='ltr'><strong>Ῐβεε</strong></span> <span class='ocrx_word' id='word_1_261' title='bbox 1769 1839 1816 1902; x_wconf 89' lang='grc' dir='ltr'><strong>Β</strong></span> <span class='ocrx_word' id='word_1_262' title='bbox 1847 1850 2098 1932; x_wconf 77' lang='lat' dir='ltr'><strong>remissio</strong></span> <span class='ocrx_word' id='word_1_263' title='bbox 2123 1863 2489 1922; x_wconf 90' lang='lat' dir='ltr'><strong>peccatorum,</strong></span> <span class='ocrx_word' id='word_1_264' title='bbox 2524 1860 2578 1905; x_wconf 91' lang='lat' dir='ltr'><strong>et</strong></span> <span class='ocrx_word' id='word_1_265' title='bbox 2609 1850 2827 1920; x_wconf 84' lang='lat' dir='ltr'><strong>sanguis</strong></span> <span class='ocrx_word' id='word_1_266' title='bbox 2857 1848 3029 1919; x_wconf 84' lang='lat' dir='ltr'><strong>ipsius</strong></span> <span class='ocrx_word' id='word_1_267' title='bbox 3057 1847 3241 1902; x_wconf 87' lang='lat' dir='ltr'><strong>mundi</strong></span> <span class='ocrx_word' id='word_1_268' title='bbox 3276 1845 3454 1915; x_wconf 91' lang='lat' dir='ltr'><strong>inqui-</strong></span> <span class='ocrx_word' id='word_1_269' title='bbox 3499 1872 3501 1875; x_wconf 94' lang='lat'><strong><em>-</em></strong></span> 
     </span>
    </p>
   </div>
   <div class='ocr_carea' id='block_1_34' title="bbox 131 1927 1735 1997">
    <p class='ocr_par' dir='ltr' id='par_1_34' title="bbox 131 1927 1735 1997">
     <span class='ocr_line' id='line_1_34' title="bbox 131 1927 1735 1997; baseline 0.001 -12"><span class='ocrx_word' id='word_1_270' title='bbox 131 1933 282 1988; x_wconf 86' lang='lat' dir='ltr'><strong>venit</strong></span> <span class='ocrx_word' id='word_1_271' title='bbox 316 1927 380 1986; x_wconf 38' lang='lat' dir='ltr'><strong>in:</strong></span> <span class='ocrx_word' id='word_1_272' title='bbox 421 1945 585 1988; x_wconf 87' lang='lat' dir='ltr'><strong>carne</strong></span> <span class='ocrx_word' id='word_1_273' title='bbox 610 1975 624 1997; x_wconf 92' lang='lat'><strong>,</strong></span> <span class='ocrx_word' id='word_1_274' title='bbox 669 1941 722 1988; x_wconf 90' lang='lat' dir='ltr'><strong>et</strong></span> <span class='ocrx_word' id='word_1_275' title='bbox 771 1935 1003 1988; x_wconf 85' lang='lat' dir='ltr'><strong>cessavit</strong></span> <span class='ocrx_word' id='word_1_276' title='bbox 1033 1934 1356 1989; x_wconf 80' lang='lat' dir='ltr'><strong>sacriﬁcium</strong></span> <span class='ocrx_word' id='word_1_277' title='bbox 1401 1929 1735 1988; x_wconf 64' lang='lat' dir='ltr'><strong>Iudaeorum.</strong></span> 
     </span>
    </p>
   </div>
   <div class='ocr_carea' id='block_1_35' title="bbox 133 2023 1742 2098">
    <p class='ocr_par' dir='ltr' id='par_1_35' title="bbox 133 2023 1742 2098">
     <span class='ocr_line' id='line_1_35' title="bbox 133 2023 1742 2098; baseline 0.001 -18"><span class='ocrx_word' id='word_1_278' title='bbox 133 2023 382 2080; x_wconf 83' lang='lat' dir='ltr'><strong>Cessavit</strong></span> <span class='ocrx_word' id='word_1_279' title='bbox 429 2024 634 2081; x_wconf 80' lang='lat' dir='ltr'><strong>oblatio</strong></span> <span class='ocrx_word' id='word_1_280' title='bbox 671 2039 772 2096; x_wconf 90' lang='lat' dir='ltr'><strong>pro</strong></span> <span class='ocrx_word' id='word_1_281' title='bbox 813 2031 1058 2096; x_wconf 84' lang='lat' dir='ltr'><strong>peccato,</strong></span> <span class='ocrx_word' id='word_1_282' title='bbox 1096 2029 1219 2097; x_wconf 83' lang='lat' dir='ltr'><strong>quia</strong></span> <span class='ocrx_word' id='word_1_283' title='bbox 1256 2034 1603 2098; x_wconf 84' lang='lat' dir='ltr'><strong>peccatorum</strong></span> <span class='ocrx_word' id='word_1_284' title='bbox 1656 2040 1742 2081; x_wconf 82' lang='lat' dir='ltr'><strong>re-</strong></span> 
     </span>
    </p>
   </div>
   <div class='ocr_carea' id='block_1_36' title="bbox 134 2117 1740 2176">
    <p class='ocr_par' dir='ltr' id='par_1_36' title="bbox 134 2117 1740 2176">
     <span class='ocr_line' id='line_1_36' title="bbox 134 2117 1740 2176; baseline 0.001 -4"><span class='ocrx_word' id='word_1_285' title='bbox 134 2118 344 2173; x_wconf 63' lang='lat' dir='ltr'><strong>missor&#39;</strong></span> <span class='ocrx_word' id='word_1_286' title='bbox 366 2117 680 2173; x_wconf 84' lang='lat' dir='ltr'><strong>advenerat.</strong></span> <span class='ocrx_word' id='word_1_287' title='bbox 713 2119 834 2174; x_wconf 83' lang='lat' dir='ltr'><strong>Non</strong></span> <span class='ocrx_word' id='word_1_288' title='bbox 874 2129 994 2175; x_wconf 87' lang='lat' dir='ltr'><strong>erat</strong></span> <span class='ocrx_word' id='word_1_289' title='bbox 1028 2120 1325 2175; x_wconf 85' lang='lat' dir='ltr'><strong>remedium</strong></span> <span class='ocrx_word' id='word_1_290' title='bbox 1367 2119 1740 2176; x_wconf 85' lang='lat' dir='ltr'><strong>necessarium</strong></span> 
     </span>
    </p>
   </div>
   <div class='ocr_carea' id='block_1_37' title="bbox 134 2207 1135 2283">
    <p class='ocr_par' dir='ltr' id='par_1_37' title="bbox 134 2207 1135 2283">
     <span class='ocr_line' id='line_1_37' title="bbox 134 2207 1135 2283; baseline 0.001 -16"><span class='ocrx_word' id='word_1_291' title='bbox 134 2207 322 2282; x_wconf 81' lang='lat' dir='ltr'><strong>Legis,</strong></span> <span class='ocrx_word' id='word_1_292' title='bbox 357 2213 448 2268; x_wconf 73' lang='lat' dir='ltr'><strong>ubi</strong></span> <span class='ocrx_word' id='word_1_293' title='bbox 479 2213 637 2283; x_wconf 70' lang='lat' dir='ltr'><strong>Legis</strong></span> <span class='ocrx_word' id='word_1_294' title='bbox 669 2213 876 2269; x_wconf 78' lang='lat' dir='ltr'><strong>Auctor</strong></span> <span class='ocrx_word' id='word_1_295' title='bbox 902 2215 1135 2268; x_wconf 87' lang='lat' dir='ltr'><strong>astabat.</strong></span> 
     </span>
    </p>
   </div>
   <div class='ocr_carea' id='block_1_38' title="bbox 141 2305 1744 2379">
    <p class='ocr_par' dir='ltr' id='par_1_38' title="bbox 141 2305 1744 2379">
     <span class='ocr_line' id='line_1_38' title="bbox 141 2305 1744 2379; baseline -0.001 -16"><span class='ocrx_word' id='word_1_296' title='bbox 141 2329 144 2332; x_wconf 63' lang='grc'><strong>’</strong></span> <span class='ocrx_word' id='word_1_297' title='bbox 211 2309 300 2363; x_wconf 82' lang='grc' dir='ltr'><strong>Η.</strong></span> <span class='ocrx_word' id='word_1_298' title='bbox 342 2307 411 2361; x_wconf 82' lang='lat' dir='ltr'><strong>In</strong></span> <span class='ocrx_word' id='word_1_299' title='bbox 444 2309 611 2379; x_wconf 80' lang='lat' dir='ltr'><strong>capite</strong></span> <span class='ocrx_word' id='word_1_300' title='bbox 640 2306 783 2362; x_wconf 83' lang='lat' dir='ltr'><strong>Libri</strong></span> <span class='ocrx_word' id='word_1_301' title='bbox 832 2309 1083 2379; x_wconf 81' lang='lat' dir='ltr'><strong>scriptum</strong></span> <span class='ocrx_word' id='word_1_302' title='bbox 1119 2318 1195 2363; x_wconf 90' lang='lat' dir='ltr'><strong>est</strong></span> <span class='ocrx_word' id='word_1_303' title='bbox 1232 2307 1296 2362; x_wconf 82' lang='lat' dir='ltr'><strong>de</strong></span> <span class='ocrx_word' id='word_1_304' title='bbox 1335 2324 1432 2362; x_wconf 90' lang='lat' dir='ltr'><strong>me.</strong></span> <span class='ocrx_word' id='word_1_305' title='bbox 1467 2305 1744 2378; x_wconf 85' lang='lat' dir='ltr'><strong>Scriptum</strong></span> 
     </span>
    </p>
   </div>
   <div class='ocr_carea' id='block_1_39' title="bbox 139 2385 1748 2476">
    <p class='ocr_par' dir='ltr' id='par_1_39' title="bbox 139 2385 1748 2476">
     <span class='ocr_line' id='line_1_39' title="bbox 139 2385 1748 2476; baseline -0.002 -20"><span class='ocrx_word' id='word_1_306' title='bbox 139 2401 385 2473; x_wconf 79' lang='lat' dir='ltr'><strong>profecto</strong></span> <span class='ocrx_word' id='word_1_307' title='bbox 425 2403 492 2458; x_wconf 83' lang='lat' dir='ltr'><strong>de</strong></span> <span class='ocrx_word' id='word_1_308' title='bbox 535 2399 754 2458; x_wconf 78' lang='lat' dir='ltr'><strong>Christo</strong></span> <span class='ocrx_word' id='word_1_309' title='bbox 791 2412 876 2458; x_wconf 90' lang='lat' dir='ltr'><strong>est</strong></span> <span class='ocrx_word' id='word_1_310' title='bbox 910 2385 1274 2472; x_wconf 38' lang='lat' dir='ltr'><strong>in&#39;prin&#39;cipio</strong></span> <span class='ocrx_word' id='word_1_311' title='bbox 1317 2401 1516 2455; x_wconf 73' lang='lat' dir='ltr'><strong>veteris</strong></span> <span class='ocrx_word' id='word_1_312' title='bbox 1558 2399 1748 2476; x_wconf 82' lang='lat' dir='ltr'><strong>Testa-</strong></span> 
     </span>
    </p>
   </div>
   <div class='ocr_carea' id='block_1_40' title="bbox 143 2491 1750 2566">
    <p class='ocr_par' dir='ltr' id='par_1_40' title="bbox 143 2491 1750 2566">
     <span class='ocr_line' id='line_1_40' title="bbox 143 2491 1750 2566; baseline -0.004 -14"><span class='ocrx_word' id='word_1_313' title='bbox 143 2499 311 2552; x_wconf 89' lang='lat' dir='ltr'><strong>menti</strong></span> <span class='ocrx_word' id='word_1_314' title='bbox 341 2497 484 2566; x_wconf 81' lang='lat' dir='ltr'><strong>quod</strong></span> <span class='ocrx_word' id='word_1_315' title='bbox 513 2505 778 2550; x_wconf 84' lang='lat' dir='ltr'><strong>venturus</strong></span> <span class='ocrx_word' id='word_1_316' title='bbox 807 2504 973 2561; x_wconf 87' lang='lat' dir='ltr'><strong>esset,</strong></span> <span class='ocrx_word' id='word_1_317' title='bbox 1001 2503 1062 2550; x_wconf 87' lang='lat' dir='ltr'><strong>ut</strong></span> <span class='ocrx_word' id='word_1_318' title='bbox 1091 2497 1142 2549; x_wconf 92' lang='lat' dir='ltr'><strong>in</strong></span> <span class='ocrx_word' id='word_1_319' title='bbox 1175 2495 1551 2563; x_wconf 83' lang='lat' dir='ltr'><strong>redemptione</strong></span> <span class='ocrx_word' id='word_1_320' title='bbox 1575 2491 1750 2547; x_wconf 83' lang='lat' dir='ltr'><strong>homi-</strong></span> 
     </span>
    </p>
   </div>
   <div class='ocr_carea' id='block_1_41' title="bbox 143 2583 1752 2656">
    <p class='ocr_par' dir='ltr' id='par_1_41' title="bbox 143 2583 1752 2656">
     <span class='ocr_line' id='line_1_41' title="bbox 143 2583 1752 2656; baseline -0.003 -13"><span class='ocrx_word' id='word_1_321' title='bbox 143 2601 305 2656; x_wconf 89' lang='lat' dir='ltr'><strong>num,</strong></span> <span class='ocrx_word' id='word_1_322' title='bbox 339 2587 435 2642; x_wconf 86' lang='lat' dir='ltr'><strong>Dei</strong></span> <span class='ocrx_word' id='word_1_323' title='bbox 477 2587 654 2641; x_wconf 88' lang='lat' dir='ltr'><strong>Patris</strong></span> <span class='ocrx_word' id='word_1_324' title='bbox 685 2585 896 2642; x_wconf 75' lang='lat' dir='ltr'><strong>faceret</strong></span> <span class='ocrx_word' id='word_1_325' title='bbox 929 2586 1300 2651; x_wconf 89' lang='lat' dir='ltr'><strong>voluntatem;</strong></span> <span class='ocrx_word' id='word_1_326' title='bbox 1334 2583 1550 2654; x_wconf 80' lang='lat' dir='ltr'><strong>quando</strong></span> <span class='ocrx_word' id='word_1_327' title='bbox 1576 2583 1752 2654; x_wconf 86' lang='lat' dir='ltr'><strong>scrip-</strong></span> 
     </span>
    </p>
   </div>
   <div class='ocr_carea' id='block_1_42' title="bbox 141 2675 1752 2749">
    <p class='ocr_par' dir='ltr' id='par_1_42' title="bbox 141 2675 1752 2749">
     <span class='ocr_line' id='line_1_42' title="bbox 141 2675 1752 2749; baseline -0.001 -16"><span class='ocrx_word' id='word_1_328' title='bbox 141 2689 261 2734; x_wconf 88' lang='lat' dir='ltr'><strong>tum</strong></span> <span class='ocrx_word' id='word_1_329' title='bbox 305 2687 409 2741; x_wconf 89' lang='lat' dir='ltr'><strong>est,</strong></span> <span class='ocrx_word' id='word_1_330' title='bbox 443 2677 567 2748; x_wconf 89' lang='lat' dir='ltr'><strong>quia</strong></span> <span class='ocrx_word' id='word_1_331' title='bbox 600 2678 768 2732; x_wconf 84' lang='lat' dir='ltr'><strong>Evam</strong></span> <span class='ocrx_word' id='word_1_332' title='bbox 811 2675 862 2732; x_wconf 84' lang='lat' dir='ltr'><strong>iit</strong></span> <span class='ocrx_word' id='word_1_333' title='bbox 910 2678 1094 2749; x_wconf 88' lang='lat' dir='ltr'><strong>specie</strong></span> <span class='ocrx_word' id='word_1_334' title='bbox 1121 2677 1380 2733; x_wconf 70' lang='lat' dir='ltr'><strong>Ecclesia:</strong></span> <span class='ocrx_word' id='word_1_335' title='bbox 1420 2675 1486 2730; x_wconf 90' lang='lat' dir='ltr'><strong>ad</strong></span> <span class='ocrx_word' id='word_1_336' title='bbox 1515 2676 1752 2732; x_wconf 85' lang='lat' dir='ltr'><strong>hominis</strong></span> 
     </span>
    </p>
   </div>
   <div class='ocr_carea' id='block_1_43' title="bbox 145 2767 1753 2840">
    <p class='ocr_par' dir='ltr' id='par_1_43' title="bbox 145 2767 1753 2840">
     <span class='ocr_line' id='line_1_43' title="bbox 145 2767 1753 2840; baseline -0.001 -15"><span class='ocrx_word' id='word_1_337' title='bbox 145 2771 459 2840; x_wconf 73' lang='lat' dir='ltr'><strong>ailjumenta</strong></span> <span class='ocrx_word' id='word_1_338' title='bbox 491 2767 768 2825; x_wconf 79' lang='lat' dir='ltr'><strong>formavit.</strong></span> <span class='ocrx_word' id='word_1_339' title='bbox 791 2768 942 2836; x_wconf 84' lang='lat' dir='ltr'><strong>Quid</strong></span> <span class='ocrx_word' id='word_1_340' title='bbox 968 2769 1117 2825; x_wconf 84' lang='lat' dir='ltr'><strong>enim</strong></span> <span class='ocrx_word' id='word_1_341' title='bbox 1145 2769 1301 2824; x_wconf 86' lang='lat' dir='ltr'><strong>nobis</strong></span> <span class='ocrx_word' id='word_1_342' title='bbox 1341 2769 1394 2823; x_wconf 91' lang='lat' dir='ltr'><strong>in</strong></span> <span class='ocrx_word' id='word_1_343' title='bbox 1425 2768 1527 2823; x_wconf 84' lang='lat' dir='ltr'><strong>hac</strong></span> <span class='ocrx_word' id='word_1_344' title='bbox 1556 2782 1753 2838; x_wconf 84' lang='lat' dir='ltr'><strong>corpo-</strong></span> 
     </span>
    </p>
   </div>
   <div class='ocr_carea' id='block_1_44' title="bbox 146 2859 1756 2933">
    <p class='ocr_par' dir='ltr' id='par_1_44' title="bbox 146 2859 1756 2933">
     <span class='ocr_line' id='line_1_44' title="bbox 146 2859 1756 2933; baseline -0.005 -10"><span class='ocrx_word' id='word_1_345' title='bbox 146 2867 224 2922; x_wconf 88' lang='lat' dir='ltr'><strong>ris</strong></span> <span class='ocrx_word' id='word_1_346' title='bbox 255 2866 589 2930; x_wconf 83' lang='lat' dir='ltr'><strong>inilrmitatc,</strong></span> <span class='ocrx_word' id='word_1_347' title='bbox 618 2875 673 2920; x_wconf 90' lang='lat' dir='ltr'><strong>et</strong></span> <span class='ocrx_word' id='word_1_348' title='bbox 713 2861 912 2920; x_wconf 68' lang='lat' dir='ltr'><strong>szcculi‘</strong></span> <span class='ocrx_word' id='word_1_349' title='bbox 940 2863 1098 2918; x_wconf 85' lang='lat' dir='ltr'><strong>istius</strong></span> <span class='ocrx_word' id='word_1_350' title='bbox 1130 2861 1535 2933; x_wconf 81' lang='lat' dir='ltr'><strong>perturbatione</strong></span> <span class='ocrx_word' id='word_1_351' title='bbox 1567 2859 1756 2930; x_wconf 81' lang='lat' dir='ltr'><strong>praesi-</strong></span> 
     </span>
    </p>
   </div>
   <div class='ocr_carea' id='block_1_45' title="bbox 149 2953 1757 3031">
    <p class='ocr_par' dir='ltr' id='par_1_45' title="bbox 149 2953 1757 3031">
     <span class='ocr_line' id='line_1_45' title="bbox 149 2953 1757 3031; baseline -0.004 -17"><span class='ocrx_word' id='word_1_352' title='bbox 149 2959 239 3014; x_wconf 90' lang='lat' dir='ltr'><strong>dio</strong></span> <span class='ocrx_word' id='word_1_353' title='bbox 267 2969 443 3029; x_wconf 87' lang='lat' dir='ltr'><strong>potest</strong></span> <span class='ocrx_word' id='word_1_354' title='bbox 473 2971 626 3023; x_wconf 88' lang='lat' dir='ltr'><strong>esse;</strong></span> <span class='ocrx_word' id='word_1_355' title='bbox 673 2957 778 3012; x_wconf 89' lang='lat' dir='ltr'><strong>nisi</strong></span> <span class='ocrx_word' id='word_1_356' title='bbox 809 2959 922 3011; x_wconf 86' lang='lat' dir='ltr'><strong>sola</strong></span> <span class='ocrx_word' id='word_1_357' title='bbox 954 2953 1213 3031; x_wconf 77' lang='lat' dir='ltr'><strong>Ecclesiae</strong></span> <span class='ocrx_word' id='word_1_358' title='bbox 1241 2956 1436 3026; x_wconf 85' lang='lat' dir='ltr'><strong>gratia,</strong></span> <span class='ocrx_word' id='word_1_359' title='bbox 1477 2969 1582 3025; x_wconf 87' lang='lat' dir='ltr'><strong>qua</strong></span> <span class='ocrx_word' id='word_1_360' title='bbox 1613 2954 1757 3009; x_wconf 88' lang='lat' dir='ltr'><strong>redi-</strong></span> 
     </span>
    </p>
   </div>
   <div class='ocr_carea' id='block_1_46' title="bbox 144 3043 1758 3116">
    <p class='ocr_par' dir='ltr' id='par_1_46' title="bbox 144 3043 1758 3116">
     <span class='ocr_line' id='line_1_46' title="bbox 144 3043 1758 3116; baseline -0.004 -11"><span class='ocrx_word' id='word_1_361' title='bbox 144 3051 380 3105; x_wconf 82' lang='lat' dir='ltr'><strong>mimur:</strong></span> <span class='ocrx_word' id='word_1_362' title='bbox 411 3057 465 3104; x_wconf 87' lang='lat' dir='ltr'><strong>et</strong></span> <span class='ocrx_word' id='word_1_363' title='bbox 492 3047 630 3103; x_wconf 79' lang='lat' dir='ltr'><strong>ﬁdes</strong></span> <span class='ocrx_word' id='word_1_364' title='bbox 653 3057 862 3111; x_wconf 88' lang='lat' dir='ltr'><strong>nostra,</strong></span> <span class='ocrx_word' id='word_1_365' title='bbox 889 3061 990 3116; x_wconf 86' lang='lat' dir='ltr'><strong>qua</strong></span> <span class='ocrx_word' id='word_1_366' title='bbox 1019 3045 1298 3102; x_wconf 74' lang='lat' dir='ltr'><strong>vivimus?</strong></span> <span class='ocrx_word' id='word_1_367' title='bbox 1324 3044 1391 3100; x_wconf 81' lang='lat' dir='ltr'><strong>In</strong></span> <span class='ocrx_word' id='word_1_368' title='bbox 1422 3046 1590 3113; x_wconf 78' lang='lat' dir='ltr'><strong>capite</strong></span> <span class='ocrx_word' id='word_1_369' title='bbox 1613 3043 1758 3098; x_wconf 86' lang='lat' dir='ltr'><strong>Libri</strong></span> 
     </span>
    </p>
   </div>
   <div class='ocr_carea' id='block_1_47' title="bbox 152 3138 1753 3213">
    <p class='ocr_par' dir='ltr' id='par_1_47' title="bbox 152 3138 1753 3213">
     <span class='ocr_line' id='line_1_47' title="bbox 152 3138 1753 3213; baseline -0.001 -19"><span class='ocrx_word' id='word_1_370' title='bbox 152 3142 408 3213; x_wconf 84' lang='lat' dir='ltr'><strong>scriptum</strong></span> <span class='ocrx_word' id='word_1_371' title='bbox 422 3150 526 3195; x_wconf 85' lang='lat' dir='ltr'><strong>est:</strong></span> <span class='ocrx_word' id='word_1_372' title='bbox 554 3139 626 3195; x_wconf 81' lang='lat' dir='ltr'><strong>Os</strong></span> <span class='ocrx_word' id='word_1_373' title='bbox 653 3139 940 3195; x_wconf 80' lang='lat' dir='ltr'><strong>deossibus</strong></span> <span class='ocrx_word' id='word_1_374' title='bbox 968 3138 1115 3207; x_wconf 87' lang='lat' dir='ltr'><strong>meis,</strong></span> <span class='ocrx_word' id='word_1_375' title='bbox 1142 3149 1190 3193; x_wconf 90' lang='lat' dir='ltr'><strong>et</strong></span> <span class='ocrx_word' id='word_1_376' title='bbox 1218 3153 1337 3193; x_wconf 84' lang='lat' dir='ltr'><strong>caro</strong></span> <span class='ocrx_word' id='word_1_377' title='bbox 1359 3139 1422 3192; x_wconf 85' lang='lat' dir='ltr'><strong>de</strong></span> <span class='ocrx_word' id='word_1_378' title='bbox 1442 3154 1598 3192; x_wconf 83' lang='lat' dir='ltr'><strong>carne</strong></span> <span class='ocrx_word' id='word_1_379' title='bbox 1618 3151 1753 3192; x_wconf 75' lang='lat' dir='ltr'><strong>mea;</strong></span> 
     </span>
    </p>
   </div>
   <div class='ocr_carea' id='block_1_48' title="bbox 1843 1936 3457 2012">
    <p class='ocr_par' dir='ltr' id='par_1_48' title="bbox 1843 1936 3457 2012">
     <span class='ocr_line' id='line_1_48' title="bbox 1843 1936 3457 2012; baseline -0.007 -11"><span class='ocrx_word' id='word_1_380' title='bbox 1843 1937 2096 2005; x_wconf 82' lang='lat' dir='ltr'><strong>namenta</strong></span> <span class='ocrx_word' id='word_1_381' title='bbox 2139 1944 2386 2000; x_wconf 84' lang='lat' dir='ltr'><strong>lavaret:</strong></span> <span class='ocrx_word' id='word_1_382' title='bbox 2427 1943 2522 1998; x_wconf 90' lang='lat' dir='ltr'><strong>sed</strong></span> <span class='ocrx_word' id='word_1_383' title='bbox 2555 1957 2632 1997; x_wconf 57' lang='lat' dir='ltr'><strong>vae</strong></span> <span class='ocrx_word' id='word_1_384' title='bbox 2666 1937 2772 1997; x_wconf 85' lang='lat' dir='ltr'><strong>illis</strong></span> <span class='ocrx_word' id='word_1_385' title='bbox 2805 1941 2893 2012; x_wconf 90' lang='lat' dir='ltr'><strong>qui</strong></span> <span class='ocrx_word' id='word_1_386' title='bbox 2943 1951 3224 1995; x_wconf 85' lang='lat' dir='ltr'><strong>auctorem</strong></span> <span class='ocrx_word' id='word_1_387' title='bbox 3264 1936 3457 1992; x_wconf 87' lang='lat' dir='ltr'><strong>salutis</strong></span> 
     </span>
    </p>
   </div>
   <div class='ocr_carea' id='block_1_49' title="bbox 1844 2031 3458 2111">
    <p class='ocr_par' dir='ltr' id='par_1_49' title="bbox 1844 2031 3458 2111">
     <span class='ocr_line' id='line_1_49' title="bbox 1844 2031 3458 2111; baseline -0.006 -16"><span class='ocrx_word' id='word_1_388' title='bbox 1844 2041 2081 2111; x_wconf 75' lang='lat' dir='ltr'><strong>propria:</strong></span> <span class='ocrx_word' id='word_1_389' title='bbox 2113 2049 2442 2111; x_wconf 75' lang='lat' dir='ltr'><strong>negaverunt</strong></span> <span class='ocrx_word' id='word_1_390' title='bbox 2473 2037 2486 2092; x_wconf 84' lang='lat'><strong>!</strong></span> <span class='ocrx_word' id='word_1_391' title='bbox 2527 2035 2770 2102; x_wconf 80' lang='lat' dir='ltr'><strong>Fecistis,</strong></span> <span class='ocrx_word' id='word_1_392' title='bbox 2799 2035 2992 2106; x_wconf 85' lang='lat' dir='ltr'><strong>inquit,</strong></span> <span class='ocrx_word' id='word_1_393' title='bbox 3027 2031 3342 2099; x_wconf 82' lang='lat' dir='ltr'><strong>consilium;</strong></span> <span class='ocrx_word' id='word_1_394' title='bbox 3367 2032 3458 2086; x_wconf 82' lang='lat' dir='ltr'><strong>sed</strong></span> 
     </span>
    </p>
   </div>
   <div class='ocr_carea' id='block_1_50' title="bbox 1847 2121 3462 2208">
    <p class='ocr_par' dir='ltr' id='par_1_50' title="bbox 1847 2121 3462 2208">
     <span class='ocr_line' id='line_1_50' title="bbox 1847 2121 3462 2208; baseline -0.007 -18"><span class='ocrx_word' id='word_1_395' title='bbox 1847 2121 1948 2190; x_wconf 85' lang='lat' dir='ltr'><strong>non</strong></span> <span class='ocrx_word' id='word_1_396' title='bbox 1977 2151 2069 2208; x_wconf 86' lang='lat' dir='ltr'><strong>per</strong></span> <span class='ocrx_word' id='word_1_397' title='bbox 2099 2152 2179 2205; x_wconf 89' lang='lat' dir='ltr'><strong>me</strong></span> <span class='ocrx_word' id='word_1_398' title='bbox 2223 2134 2243 2207; x_wconf 96' lang='lat'>(</span> <span class='ocrx_word' id='word_1_399' title='bbox 2274 2133 2420 2190; x_wconf 81' lang='lat' dir='ltr'><strong>Esai.</strong></span> <span class='ocrx_word' id='word_1_400' title='bbox 2454 2149 2580 2200; x_wconf 81' lang='lat' dir='ltr'><strong>xxx,</strong></span> <span class='ocrx_word' id='word_1_401' title='bbox 2617 2133 2642 2187; x_wconf 80' lang='lat' dir='ltr'><strong>l</strong></span> <span class='ocrx_word' id='word_1_402' title='bbox 2673 2131 2715 2204; x_wconf 94' lang='lat'><strong>).</strong></span> <span class='ocrx_word' id='word_1_403' title='bbox 2749 2127 3031 2200; x_wconf 85' lang='lat' dir='ltr'><strong>Quomodo</strong></span> <span class='ocrx_word' id='word_1_404' title='bbox 3078 2137 3290 2199; x_wconf 84' lang='lat' dir='ltr'><strong>poterat</strong></span> <span class='ocrx_word' id='word_1_405' title='bbox 3333 2139 3462 2195; x_wconf 85' lang='lat' dir='ltr'><strong>pro-</strong></span> 
     </span>
    </p>
   </div>
   <div class='ocr_carea' id='block_1_51' title="bbox 1847 2210 3464 2298">
    <p class='ocr_par' dir='ltr' id='par_1_51' title="bbox 1847 2210 3464 2298">
     <span class='ocr_line' id='line_1_51' title="bbox 1847 2210 3464 2298; baseline -0.006 -16"><span class='ocrx_word' id='word_1_406' title='bbox 1847 2227 1979 2283; x_wconf 86' lang='lat' dir='ltr'><strong>bare</strong></span> <span class='ocrx_word' id='word_1_407' title='bbox 2023 2225 2401 2298; x_wconf 78' lang='lat' dir='ltr'><strong>parricidium,</strong></span> <span class='ocrx_word' id='word_1_408' title='bbox 2440 2225 2533 2298; x_wconf 82' lang='lat' dir='ltr'><strong>qui</strong></span> <span class='ocrx_word' id='word_1_409' title='bbox 2573 2225 2864 2281; x_wconf 87' lang='lat' dir='ltr'><strong>consilium</strong></span> <span class='ocrx_word' id='word_1_410' title='bbox 2908 2234 3011 2278; x_wconf 82' lang='lat' dir='ltr'><strong>non</strong></span> <span class='ocrx_word' id='word_1_411' title='bbox 3051 2221 3352 2292; x_wconf 81' lang='lat' dir='ltr'><strong>probabat?</strong></span> <span class='ocrx_word' id='word_1_412' title='bbox 3392 2210 3464 2273; x_wconf 79' lang='lat' dir='ltr'><strong>Et</strong></span> 
     </span>
    </p>
   </div>
   <div class='ocr_carea' id='block_1_52' title="bbox 1851 2307 3460 2391">
    <p class='ocr_par' dir='ltr' id='par_1_52' title="bbox 1851 2307 3460 2391">
     <span class='ocr_line' id='line_1_52' title="bbox 1851 2307 3460 2391; baseline -0.005 -17"><span class='ocrx_word' id='word_1_413' title='bbox 1851 2328 2041 2375; x_wconf 84' lang='lat' dir='ltr'><strong>tamen</strong></span> <span class='ocrx_word' id='word_1_414' title='bbox 2061 2329 2260 2391; x_wconf 87' lang='lat' dir='ltr'><strong>quanta</strong></span> <span class='ocrx_word' id='word_1_415' title='bbox 2288 2319 2496 2391; x_wconf 85' lang='lat' dir='ltr'><strong>pictas!</strong></span> <span class='ocrx_word' id='word_1_416' title='bbox 2524 2317 2868 2374; x_wconf 85' lang='lat' dir='ltr'><strong>Abhorrebat</strong></span> <span class='ocrx_word' id='word_1_417' title='bbox 2892 2314 3112 2387; x_wconf 89' lang='lat' dir='ltr'><strong>quidem</strong></span> <span class='ocrx_word' id='word_1_418' title='bbox 3143 2330 3170 2368; x_wconf 91' lang='lat' dir='ltr'><strong>a</strong></span> <span class='ocrx_word' id='word_1_419' title='bbox 3193 2307 3460 2384; x_wconf 83' lang='lat' dir='ltr'><strong>consilio;</strong></span> 
     </span>
    </p>
   </div>
   <div class='ocr_carea' id='block_1_53' title="bbox 1853 2403 3273 2484">
    <p class='ocr_par' dir='ltr' id='par_1_53' title="bbox 1853 2403 3273 2484">
     <span class='ocr_line' id='line_1_53' title="bbox 1853 2403 3273 2484; baseline -0.005 -19"><span class='ocrx_word' id='word_1_420' title='bbox 1853 2411 1947 2484; x_wconf 83' lang='lat' dir='ltr'><strong>sed</strong></span> <span class='ocrx_word' id='word_1_421' title='bbox 1978 2413 2021 2466; x_wconf 89' lang='lat' dir='ltr'><strong>si</strong></span> <span class='ocrx_word' id='word_1_422' title='bbox 2048 2422 2520 2477; x_wconf 78' lang='lat' dir='ltr'><strong>converterentur,</strong></span> <span class='ocrx_word' id='word_1_423' title='bbox 2546 2405 2849 2472; x_wconf 83' lang='lat' dir='ltr'><strong>remedium</strong></span> <span class='ocrx_word' id='word_1_424' title='bbox 2874 2421 2979 2461; x_wconf 86' lang='lat' dir='ltr'><strong>non</strong></span> <span class='ocrx_word' id='word_1_425' title='bbox 3023 2403 3273 2477; x_wconf 76' lang='lat' dir='ltr'><strong>negabat.</strong></span> 
     </span>
    </p>
   </div>
   <div class='ocr_carea' id='block_1_54' title="bbox 1875 2494 3461 2571">
    <p class='ocr_par' dir='ltr' id='par_1_54' title="bbox 1875 2494 3461 2571">
     <span class='ocr_line' id='line_1_54' title="bbox 1875 2494 3461 2571; baseline -0.005 -13"><span class='ocrx_word' id='word_1_426' title='bbox 1875 2551 1882 2558; x_wconf 88' lang='lat'><strong>.</strong></span> <span class='ocrx_word' id='word_1_427' title='bbox 1929 2501 2016 2556; x_wconf 80' lang='lat' dir='ltr'><strong>l5.</strong></span> <span class='ocrx_word' id='word_1_428' title='bbox 2060 2501 2334 2571; x_wconf 88' lang='lat' dir='ltr'><strong>Scriptum</strong></span> <span class='ocrx_word' id='word_1_429' title='bbox 2369 2512 2451 2557; x_wconf 88' lang='lat' dir='ltr'><strong>est</strong></span> <span class='ocrx_word' id='word_1_430' title='bbox 2484 2502 2670 2567; x_wconf 89' lang='lat' dir='ltr'><strong>etiam,</strong></span> <span class='ocrx_word' id='word_1_431' title='bbox 2700 2503 2810 2553; x_wconf 81' lang='lat' dir='ltr'><strong>non</strong></span> <span class='ocrx_word' id='word_1_432' title='bbox 2839 2495 3014 2553; x_wconf 86' lang='lat' dir='ltr'><strong>solum</strong></span> <span class='ocrx_word' id='word_1_433' title='bbox 3047 2498 3098 2552; x_wconf 90' lang='lat' dir='ltr'><strong>in</strong></span> <span class='ocrx_word' id='word_1_434' title='bbox 3125 2496 3332 2566; x_wconf 84' lang='lat' dir='ltr'><strong>capite;</strong></span> <span class='ocrx_word' id='word_1_435' title='bbox 3363 2494 3461 2551; x_wconf 88' lang='lat' dir='ltr'><strong>sed</strong></span> 
     </span>
    </p>
   </div>
   <div class='ocr_carea' id='block_1_55' title="bbox 1855 2587 3468 2664">
    <p class='ocr_par' dir='ltr' id='par_1_55' title="bbox 1855 2587 3468 2664">
     <span class='ocr_line' id='line_1_55' title="bbox 1855 2587 3468 2664; baseline -0.004 -16"><span class='ocrx_word' id='word_1_436' title='bbox 1855 2589 1911 2648; x_wconf 85' lang='lat' dir='ltr'><strong>in</strong></span> <span class='ocrx_word' id='word_1_437' title='bbox 1946 2593 2096 2648; x_wconf 89' lang='lat' dir='ltr'><strong>omni</strong></span> <span class='ocrx_word' id='word_1_438' title='bbox 2127 2591 2288 2664; x_wconf 75' lang='lat' dir='ltr'><strong>chis</strong></span> <span class='ocrx_word' id='word_1_439' title='bbox 2333 2592 2737 2663; x_wconf 86' lang='lat' dir='ltr'><strong>complexione,</strong></span> <span class='ocrx_word' id='word_1_440' title='bbox 2767 2598 3054 2646; x_wconf 87' lang='lat' dir='ltr'><strong>venturum</strong></span> <span class='ocrx_word' id='word_1_441' title='bbox 3089 2589 3366 2643; x_wconf 86' lang='lat' dir='ltr'><strong>hominem</strong></span> <span class='ocrx_word' id='word_1_442' title='bbox 3399 2587 3468 2642; x_wconf 87' lang='lat' dir='ltr'><strong>ad</strong></span> 
     </span>
    </p>
   </div>
   <div class='ocr_carea' id='block_1_56' title="bbox 1857 2684 3470 2757">
    <p class='ocr_par' dir='ltr' id='par_1_56' title="bbox 1857 2684 3470 2757">
     <span class='ocr_line' id='line_1_56' title="bbox 1857 2684 3470 2757; baseline -0.002 -15"><span class='ocrx_word' id='word_1_443' title='bbox 1857 2687 2288 2742; x_wconf 88' lang='lat' dir='ltr'><strong>conservandum</strong></span> <span class='ocrx_word' id='word_1_444' title='bbox 2315 2687 2595 2742; x_wconf 89' lang='lat' dir='ltr'><strong>hominum</strong></span> <span class='ocrx_word' id='word_1_445' title='bbox 2617 2700 2812 2757; x_wconf 81' lang='lat' dir='ltr'><strong>genus,</strong></span> <span class='ocrx_word' id='word_1_446' title='bbox 2837 2685 2926 2756; x_wconf 86' lang='lat' dir='ltr'><strong>qui</strong></span> <span class='ocrx_word' id='word_1_447' title='bbox 2956 2684 3134 2739; x_wconf 87' lang='lat' dir='ltr'><strong>omnia</strong></span> <span class='ocrx_word' id='word_1_448' title='bbox 3159 2685 3328 2739; x_wconf 82' lang='lat' dir='ltr'><strong>vellet</strong></span> <span class='ocrx_word' id='word_1_449' title='bbox 3348 2694 3470 2753; x_wconf 68' lang='lat' dir='ltr'><strong>qua:</strong></span> 
     </span>
    </p>
   </div>
   <div class='ocr_carea' id='block_1_57' title="bbox 1857 2773 3471 2858">
    <p class='ocr_par' dir='ltr' id='par_1_57' title="bbox 1857 2773 3471 2858">
     <span class='ocr_line' id='line_1_57' title="bbox 1857 2773 3471 2858; baseline -0.004 -24"><span class='ocrx_word' id='word_1_450' title='bbox 1857 2779 2002 2834; x_wconf 90' lang='lat' dir='ltr'><strong>Deus</strong></span> <span class='ocrx_word' id='word_1_451' title='bbox 2030 2779 2215 2858; x_wconf 77' lang='lat' dir='ltr'><strong>vellet.</strong></span> <span class='ocrx_word' id='word_1_452' title='bbox 2249 2777 2406 2834; x_wconf 88' lang='lat' dir='ltr'><strong>Unde</strong></span> <span class='ocrx_word' id='word_1_453' title='bbox 2437 2778 2698 2848; x_wconf 81' lang='lat' dir='ltr'><strong>intelligis</strong></span> <span class='ocrx_word' id='word_1_454' title='bbox 2724 2778 2981 2847; x_wconf 88' lang='lat' dir='ltr'><strong>quoniam</strong></span> <span class='ocrx_word' id='word_1_455' title='bbox 3007 2774 3305 2842; x_wconf 81' lang='lat' dir='ltr'><strong>divinitatis</strong></span> <span class='ocrx_word' id='word_1_456' title='bbox 3324 2773 3471 2843; x_wconf 80' lang='lat' dir='ltr'><strong>ejus-</strong></span> 
     </span>
    </p>
   </div>
   <div class='ocr_carea' id='block_1_58' title="bbox 1860 2863 3470 2947">
    <p class='ocr_par' dir='ltr' id='par_1_58' title="bbox 1860 2863 3470 2947">
     <span class='ocr_line' id='line_1_58' title="bbox 1860 2863 3470 2947; baseline -0.003 -21"><span class='ocrx_word' id='word_1_457' title='bbox 1860 2869 1982 2930; x_wconf 85' lang='lat' dir='ltr'><strong>dem</strong></span> <span class='ocrx_word' id='word_1_458' title='bbox 2012 2880 2116 2938; x_wconf 91' lang='lat' dir='ltr'><strong>est,</strong></span> <span class='ocrx_word' id='word_1_459' title='bbox 2145 2871 2236 2942; x_wconf 90' lang='lat' dir='ltr'><strong>qui</strong></span> <span class='ocrx_word' id='word_1_460' title='bbox 2284 2871 2527 2941; x_wconf 88' lang='lat' dir='ltr'><strong>ejusdem</strong></span> <span class='ocrx_word' id='word_1_461' title='bbox 2557 2877 2640 2926; x_wconf 91' lang='lat' dir='ltr'><strong>est</strong></span> <span class='ocrx_word' id='word_1_462' title='bbox 2663 2870 2983 2947; x_wconf 88' lang='lat' dir='ltr'><strong>voluntatis.</strong></span> <span class='ocrx_word' id='word_1_463' title='bbox 3017 2863 3168 2923; x_wconf 84' lang='lat' dir='ltr'><strong>Unde</strong></span> <span class='ocrx_word' id='word_1_464' title='bbox 3201 2865 3364 2947; x_wconf 83' lang='lat' dir='ltr'><strong>etiam</strong></span> <span class='ocrx_word' id='word_1_465' title='bbox 3399 2863 3470 2921; x_wconf 87' lang='lat' dir='ltr'><strong>ad</strong></span> 
     </span>
    </p>
   </div>
   <div class='ocr_carea' id='block_1_59' title="bbox 1863 2945 3473 3036">
    <p class='ocr_par' dir='ltr' id='par_1_59' title="bbox 1863 2945 3473 3036">
     <span class='ocr_line' id='line_1_59' title="bbox 1863 2945 3473 3036; baseline -0.004 -15"><span class='ocrx_word' id='word_1_466' title='bbox 1863 2963 2188 3022; x_wconf 82' lang='lat' dir='ltr'><strong>sacriﬁcium</strong></span> <span class='ocrx_word' id='word_1_467' title='bbox 2221 2965 2490 3036; x_wconf 77' lang='lat' dir='ltr'><strong>passionis</strong></span> <span class='ocrx_word' id='word_1_468' title='bbox 2522 2945 2858 3018; x_wconf 84' lang='lat' dir='ltr'><strong>voluntarius</strong></span> <span class='ocrx_word' id='word_1_469' title='bbox 2884 2961 3139 3028; x_wconf 88' lang='lat' dir='ltr'><strong>accessit,</strong></span> <span class='ocrx_word' id='word_1_470' title='bbox 3168 2945 3473 3029; x_wconf 83' lang='lat' dir='ltr'><strong>meritoque</strong></span> 
     </span>
    </p>
   </div>
   <div class='ocr_carea' id='block_1_60' title="bbox 1864 3049 3469 3128">
    <p class='ocr_par' dir='ltr' id='par_1_60' title="bbox 1864 3049 3469 3128">
     <span class='ocr_line' id='line_1_60' title="bbox 1864 3049 3469 3128; baseline -0.004 -16"><span class='ocrx_word' id='word_1_471' title='bbox 1864 3057 2150 3128; x_wconf 68' lang='lat' dir='ltr'><strong>praedixit:</strong></span> <span class='ocrx_word' id='word_1_472' title='bbox 2191 3049 2499 3114; x_wconf 70' lang='lat' dir='ltr'><strong>Voluntarie</strong></span> <span class='ocrx_word' id='word_1_473' title='bbox 2530 3055 2833 3126; x_wconf 81' lang='lat' dir='ltr'><strong>saeriﬁcabo</strong></span> <span class='ocrx_word' id='word_1_474' title='bbox 2865 3054 2952 3108; x_wconf 82' lang='lat' dir='ltr'><strong>tibi</strong></span> <span class='ocrx_word' id='word_1_475' title='bbox 2984 3055 3002 3127; x_wconf 94' lang='lat'>(</span> <span class='ocrx_word' id='word_1_476' title='bbox 3033 3052 3183 3108; x_wconf 87' lang='lat' dir='ltr'><strong>Psal.</strong></span> <span class='ocrx_word' id='word_1_477' title='bbox 3214 3065 3330 3117; x_wconf 79' lang='lat' dir='ltr'><strong>LIII,</strong></span> <span class='ocrx_word' id='word_1_478' title='bbox 3363 3050 3395 3107; x_wconf 81' lang='grc'>8</span> <span class='ocrx_word' id='word_1_479' title='bbox 3427 3050 3469 3122; x_wconf 91' lang='grc'><strong>).</strong></span> 
     </span>
    </p>
   </div>
   <div class='ocr_carea' id='block_1_61' title="bbox 1940 3137 3477 3216">
    <p class='ocr_par' dir='ltr' id='par_1_61' title="bbox 1940 3137 3477 3216">
     <span class='ocr_line' id='line_1_61' title="bbox 1940 3137 3477 3216; baseline -0.005 -12"><span class='ocrx_word' id='word_1_480' title='bbox 1940 3149 2027 3204; x_wconf 80' lang='lat' dir='ltr'><strong>t6.</strong></span> <span class='ocrx_word' id='word_1_481' title='bbox 2073 3148 2181 3204; x_wconf 88' lang='lat' dir='ltr'><strong>Sed</strong></span> <span class='ocrx_word' id='word_1_482' title='bbox 2222 3147 2365 3211; x_wconf 78' lang='lat' dir='ltr'><strong>forte</strong></span> <span class='ocrx_word' id='word_1_483' title='bbox 2417 3145 2598 3206; x_wconf 87' lang='lat' dir='ltr'><strong>dicas:</strong></span> <span class='ocrx_word' id='word_1_484' title='bbox 2644 3146 2933 3215; x_wconf 87' lang='lat' dir='ltr'><strong>Quomodo</strong></span> <span class='ocrx_word' id='word_1_485' title='bbox 2975 3147 3027 3201; x_wconf 89' lang='lat' dir='ltr'><strong>in</strong></span> <span class='ocrx_word' id='word_1_486' title='bbox 3061 3144 3356 3216; x_wconf 82' lang='lat' dir='ltr'><strong>Evangelio</strong></span> <span class='ocrx_word' id='word_1_487' title='bbox 3394 3137 3477 3198; x_wconf 80' lang='lat' dir='ltr'><strong>di~</strong></span> 
     </span>
    </p>
   </div>
   <div class='ocr_carea' id='block_1_62' title="bbox 155 3223 1762 3316">
    <p class='ocr_par' dir='ltr' id='par_1_62' title="bbox 155 3231 1757 3304">
     <span class='ocr_line' id='line_1_62' title="bbox 155 3231 1757 3304; baseline -0.004 -12"><span class='ocrx_word' id='word_1_488' title='bbox 155 3236 381 3304; x_wconf 80' lang='lat' dir='ltr'><strong>PrOpter</strong></span> <span class='ocrx_word' id='word_1_489' title='bbox 429 3236 524 3289; x_wconf 84' lang='lat' dir='ltr'><strong>hoc</strong></span> <span class='ocrx_word' id='word_1_490' title='bbox 569 3231 824 3304; x_wconf 76' lang='lat' dir='ltr'><strong>relinquet</strong></span> <span class='ocrx_word' id='word_1_491' title='bbox 871 3234 1023 3288; x_wconf 85' lang='lat' dir='ltr'><strong>homo</strong></span> <span class='ocrx_word' id='word_1_492' title='bbox 1069 3243 1268 3303; x_wconf 83' lang='lat' dir='ltr'><strong>patrem</strong></span> <span class='ocrx_word' id='word_1_493' title='bbox 1313 3243 1362 3287; x_wconf 87' lang='lat' dir='ltr'><strong>et</strong></span> <span class='ocrx_word' id='word_1_494' title='bbox 1414 3243 1658 3298; x_wconf 82' lang='lat' dir='ltr'><strong>matrem,</strong></span> <span class='ocrx_word' id='word_1_495' title='bbox 1710 3240 1757 3286; x_wconf 87' lang='lat' dir='ltr'><strong>et</strong></span> 
     </span>
    </p>
   </div>
   <div class='ocr_carea' id='block_1_63' title="bbox 1870 3223 3472 3316">
    <p class='ocr_par' dir='ltr' id='par_1_63' title="bbox 1870 3237 3472 3316">
     <span class='ocr_line' id='line_1_63' title="bbox 1870 3237 3472 3316; baseline -0.003 -20"><span class='ocrx_word' id='word_1_496' title='bbox 1870 3242 1975 3297; x_wconf 78' lang='lat' dir='ltr'><strong>xit:</strong></span> <span class='ocrx_word' id='word_1_497' title='bbox 2009 3239 2186 3316; x_wconf 80' lang='lat' dir='ltr'><strong>Pater,</strong></span> <span class='ocrx_word' id='word_1_498' title='bbox 2213 3241 2260 3295; x_wconf 87' lang='lat' dir='ltr'><strong>si</strong></span> <span class='ocrx_word' id='word_1_499' title='bbox 2277 3241 2520 3312; x_wconf 80' lang='lat' dir='ltr'><strong>possibile</strong></span> <span class='ocrx_word' id='word_1_500' title='bbox 2543 3253 2635 3306; x_wconf 84' lang='lat' dir='ltr'><strong>est,</strong></span> <span class='ocrx_word' id='word_1_501' title='bbox 2665 3243 2888 3312; x_wconf 79' lang='lat' dir='ltr'><strong>transfer</strong></span> <span class='ocrx_word' id='word_1_502' title='bbox 2915 3257 2946 3294; x_wconf 91' lang='lat' dir='ltr'><strong>a</strong></span> <span class='ocrx_word' id='word_1_503' title='bbox 2969 3257 3048 3294; x_wconf 90' lang='lat' dir='ltr'><strong>me</strong></span> <span class='ocrx_word' id='word_1_504' title='bbox 3071 3239 3282 3293; x_wconf 85' lang='lat' dir='ltr'><strong>calicem</strong></span> <span class='ocrx_word' id='word_1_505' title='bbox 3306 3237 3472 3303; x_wconf 81' lang='lat' dir='ltr'><strong>hunc,</strong></span> 
     </span>
    </p>
   </div>
   <div class='ocr_carea' id='block_1_64' title="bbox 157 3321 1756 3400">
    <p class='ocr_par' dir='ltr' id='par_1_64' title="bbox 157 3321 1756 3400">
     <span class='ocr_line' id='line_1_64' title="bbox 157 3321 1756 3400; baseline -0.005 -14"><span class='ocrx_word' id='word_1_506' title='bbox 157 3331 444 3386; x_wconf 81' lang='lat' dir='ltr'><strong>adhrercbit</strong></span> <span class='ocrx_word' id='word_1_507' title='bbox 475 3330 626 3384; x_wconf 79' lang='lat' dir='ltr'><strong>uxori</strong></span> <span class='ocrx_word' id='word_1_508' title='bbox 655 3344 800 3393; x_wconf 75' lang='lat' dir='ltr'><strong>sucu;</strong></span> <span class='ocrx_word' id='word_1_509' title='bbox 826 3340 876 3383; x_wconf 88' lang='lat' dir='ltr'><strong>et</strong></span> <span class='ocrx_word' id='word_1_510' title='bbox 905 3337 1058 3382; x_wconf 82' lang='lat' dir='ltr'><strong>erunt</strong></span> <span class='ocrx_word' id='word_1_511' title='bbox 1076 3321 1176 3380; x_wconf 75' lang='lat' dir='ltr'><strong>duo</strong></span> <span class='ocrx_word' id='word_1_512' title='bbox 1202 3326 1257 3380; x_wconf 87' lang='lat' dir='ltr'><strong>in</strong></span> <span class='ocrx_word' id='word_1_513' title='bbox 1286 3342 1439 3400; x_wconf 78' lang='lat' dir='ltr'><strong>carne</strong></span> <span class='ocrx_word' id='word_1_514' title='bbox 1466 3342 1571 3379; x_wconf 87' lang='lat' dir='ltr'><strong>una</strong></span> <span class='ocrx_word' id='word_1_515' title='bbox 1599 3322 1756 3396; x_wconf 85' lang='lat' dir='ltr'><strong>(Gen.</strong></span> 
     </span>
    </p>
   </div>
   <div class='ocr_carea' id='block_1_65' title="bbox 156 3417 1763 3494">
    <p class='ocr_par' dir='ltr' id='par_1_65' title="bbox 156 3417 1763 3494">
     <span class='ocr_line' id='line_1_65' title="bbox 156 3417 1763 3494; baseline -0.004 -16"><span class='ocrx_word' id='word_1_516' title='bbox 156 3439 219 3489; x_wconf 80' lang='lat' dir='ltr'><strong>tt,</strong></span> <span class='ocrx_word' id='word_1_517' title='bbox 256 3423 350 3488; x_wconf 74' lang='grc'><strong>25,</strong></span> <span class='ocrx_word' id='word_1_518' title='bbox 389 3420 508 3494; x_wconf 70' lang='lat'><strong>‘24).</strong></span> <span class='ocrx_word' id='word_1_519' title='bbox 541 3420 674 3489; x_wconf 87' lang='lat' dir='ltr'><strong>Quis</strong></span> <span class='ocrx_word' id='word_1_520' title='bbox 703 3421 807 3475; x_wconf 91' lang='lat' dir='ltr'><strong>iste</strong></span> <span class='ocrx_word' id='word_1_521' title='bbox 832 3420 906 3476; x_wconf 89' lang='lat' dir='ltr'><strong>sit</strong></span> <span class='ocrx_word' id='word_1_522' title='bbox 934 3419 1026 3490; x_wconf 84' lang='lat' dir='ltr'><strong>qui</strong></span> <span class='ocrx_word' id='word_1_523' title='bbox 1057 3419 1274 3474; x_wconf 91' lang='lat' dir='ltr'><strong>locutus</strong></span> <span class='ocrx_word' id='word_1_524' title='bbox 1303 3428 1407 3486; x_wconf 85' lang='lat' dir='ltr'><strong>est,</strong></span> <span class='ocrx_word' id='word_1_525' title='bbox 1441 3428 1533 3474; x_wconf 90' lang='lat' dir='ltr'><strong>aut</strong></span> <span class='ocrx_word' id='word_1_526' title='bbox 1561 3417 1630 3473; x_wconf 90' lang='lat' dir='ltr'><strong>de</strong></span> <span class='ocrx_word' id='word_1_527' title='bbox 1656 3431 1763 3488; x_wconf 91' lang='lat' dir='ltr'><strong>quo</strong></span> 
     </span>
    </p>
   </div>
   <div class='ocr_carea' id='block_1_66' title="bbox 159 3509 1768 3580">
    <p class='ocr_par' dir='ltr' id='par_1_66' title="bbox 159 3509 1768 3580">
     <span class='ocr_line' id='line_1_66' title="bbox 159 3509 1768 3580; baseline -0.004 -9"><span class='ocrx_word' id='word_1_528' title='bbox 159 3515 304 3572; x_wconf 87' lang='lat' dir='ltr'><strong>istud</strong></span> <span class='ocrx_word' id='word_1_529' title='bbox 345 3514 416 3569; x_wconf 86' lang='lat' dir='ltr'><strong>sit</strong></span> <span class='ocrx_word' id='word_1_530' title='bbox 454 3525 879 3580; x_wconf 87' lang='lat' dir='ltr'><strong>sacramentum,</strong></span> <span class='ocrx_word' id='word_1_531' title='bbox 929 3513 1051 3567; x_wconf 84' lang='lat' dir='ltr'><strong>audi</strong></span> <span class='ocrx_word' id='word_1_532' title='bbox 1091 3509 1404 3568; x_wconf 79' lang='lat' dir='ltr'><strong>dicentem:</strong></span> <span class='ocrx_word' id='word_1_533' title='bbox 1454 3509 1768 3568; x_wconf 56' lang='lat' dir='ltr'><strong>Sacramenv</strong></span> 
     </span>
    </p>
   </div>
   <div class='ocr_carea' id='block_1_67' title="bbox 163 3607 1770 3683">
    <p class='ocr_par' dir='ltr' id='par_1_67' title="bbox 163 3607 1770 3683">
     <span class='ocr_line' id='line_1_67' title="bbox 163 3607 1770 3683; baseline -0.002 -18"><span class='ocrx_word' id='word_1_534' title='bbox 163 3621 271 3666; x_wconf 88' lang='lat' dir='ltr'><strong>tum</strong></span> <span class='ocrx_word' id='word_1_535' title='bbox 317 3607 411 3664; x_wconf 79' lang='lat' dir='ltr'><strong>ltoc</strong></span> <span class='ocrx_word' id='word_1_536' title='bbox 442 3625 684 3681; x_wconf 86' lang='lat' dir='ltr'><strong>magnum</strong></span> <span class='ocrx_word' id='word_1_537' title='bbox 715 3620 945 3683; x_wconf 83' lang='lat' dir='ltr'><strong>est:ego</strong></span> <span class='ocrx_word' id='word_1_538' title='bbox 981 3620 1152 3664; x_wconf 87' lang='lat' dir='ltr'><strong>autem</strong></span> <span class='ocrx_word' id='word_1_539' title='bbox 1180 3611 1298 3664; x_wconf 89' lang='lat' dir='ltr'><strong>dico</strong></span> <span class='ocrx_word' id='word_1_540' title='bbox 1321 3611 1372 3664; x_wconf 84' lang='lat' dir='ltr'><strong>in</strong></span> <span class='ocrx_word' id='word_1_541' title='bbox 1405 3607 1609 3665; x_wconf 81' lang='lat' dir='ltr'><strong>Clu-isto</strong></span> <span class='ocrx_word' id='word_1_542' title='bbox 1642 3619 1687 3663; x_wconf 90' lang='lat' dir='ltr'><strong>et</strong></span> <span class='ocrx_word' id='word_1_543' title='bbox 1715 3608 1770 3661; x_wconf 87' lang='lat' dir='ltr'><strong>in</strong></span> 
     </span>
    </p>
   </div>
   <div class='ocr_carea' id='block_1_68' title="bbox 165 3695 1768 3774">
    <p class='ocr_par' dir='ltr' id='par_1_68' title="bbox 165 3695 1768 3774">
     <span class='ocr_line' id='line_1_68' title="bbox 165 3695 1768 3774; baseline -0.002 -16"><span class='ocrx_word' id='word_1_544' title='bbox 165 3699 657 3774; x_wconf 83' lang='lat' dir='ltr'><strong>Ecclesia(Ephes.</strong></span> <span class='ocrx_word' id='word_1_545' title='bbox 687 3718 740 3768; x_wconf 82' lang='grc' dir='ltr'><strong>ν,</strong></span> <span class='ocrx_word' id='word_1_546' title='bbox 766 3701 879 3773; x_wconf 73' lang='lat'><strong>32).</strong></span> <span class='ocrx_word' id='word_1_547' title='bbox 907 3698 1061 3759; x_wconf 86' lang='lat' dir='ltr'><strong>Unde</strong></span> <span class='ocrx_word' id='word_1_548' title='bbox 1088 3712 1142 3758; x_wconf 90' lang='lat' dir='ltr'><strong>et</strong></span> <span class='ocrx_word' id='word_1_549' title='bbox 1162 3695 1420 3758; x_wconf 87' lang='lat' dir='ltr'><strong>admonet</strong></span> <span class='ocrx_word' id='word_1_550' title='bbox 1447 3701 1647 3774; x_wconf 87' lang='lat' dir='ltr'><strong>(lbid.,</strong></span> <span class='ocrx_word' id='word_1_551' title='bbox 1671 3696 1768 3770; x_wconf 74' lang='lat'><strong>25)</strong></span> 
     </span>
    </p>
   </div>
   <div class='ocr_carea' id='block_1_69' title="bbox 166 3793 1772 3864">
    <p class='ocr_par' dir='ltr' id='par_1_69' title="bbox 166 3793 1772 3864">
     <span class='ocr_line' id='line_1_69' title="bbox 166 3793 1772 3864; baseline -0.003 -14"><span class='ocrx_word' id='word_1_552' title='bbox 166 3805 227 3850; x_wconf 89' lang='lat' dir='ltr'><strong>ut</strong></span> <span class='ocrx_word' id='word_1_553' title='bbox 255 3795 333 3850; x_wconf 90' lang='lat' dir='ltr'><strong>sic</strong></span> <span class='ocrx_word' id='word_1_554' title='bbox 375 3793 563 3864; x_wconf 76' lang='lat' dir='ltr'><strong>diligat</strong></span> <span class='ocrx_word' id='word_1_555' title='bbox 612 3794 773 3848; x_wconf 88' lang='lat' dir='ltr'><strong>homo</strong></span> <span class='ocrx_word' id='word_1_556' title='bbox 805 3810 1033 3852; x_wconf 82' lang='lat' dir='ltr'><strong>uxorem</strong></span> <span class='ocrx_word' id='word_1_557' title='bbox 1081 3809 1257 3862; x_wconf 90' lang='lat' dir='ltr'><strong>suam,</strong></span> <span class='ocrx_word' id='word_1_558' title='bbox 1311 3793 1772 3864; x_wconf 89' lang='lat' dir='ltr'><strong>quemadmodum</strong></span> 
     </span>
    </p>
   </div>
   <div class='ocr_carea' id='block_1_70' title="bbox 169 3884 1775 3958">
    <p class='ocr_par' dir='ltr' id='par_1_70' title="bbox 169 3884 1775 3958">
     <span class='ocr_line' id='line_1_70' title="bbox 169 3884 1775 3958; baseline -0.004 -15"><span class='ocrx_word' id='word_1_559' title='bbox 169 3887 472 3943; x_wconf 73' lang='lat' dir='ltr'><strong>E&#39;col&#39;esiam</strong></span> <span class='ocrx_word' id='word_1_560' title='bbox 498 3884 788 3951; x_wconf 82' lang='lat' dir='ltr'><strong>Christus;</strong></span> <span class='ocrx_word' id='word_1_561' title='bbox 821 3887 1073 3958; x_wconf 89' lang='lat' dir='ltr'><strong>quoniam</strong></span> <span class='ocrx_word' id='word_1_562' title='bbox 1098 3887 1345 3942; x_wconf 83' lang='lat' dir='ltr'><strong>membra</strong></span> <span class='ocrx_word' id='word_1_563' title='bbox 1365 3901 1554 3940; x_wconf 86' lang='lat' dir='ltr'><strong>sumus</strong></span> <span class='ocrx_word' id='word_1_564' title='bbox 1579 3898 1775 3955; x_wconf 84' lang='lat' dir='ltr'><strong>corpo-</strong></span> 
     </span>
    </p>
   </div>
   <div class='ocr_carea' id='block_1_71' title="bbox 168 3979 1774 4053">
    <p class='ocr_par' dir='ltr' id='par_1_71' title="bbox 168 3979 1774 4053">
     <span class='ocr_line' id='line_1_71' title="bbox 168 3979 1774 4053; baseline -0.005 -14"><span class='ocrx_word' id='word_1_565' title='bbox 168 3985 246 4039; x_wconf 89' lang='lat' dir='ltr'><strong>ris</strong></span> <span class='ocrx_word' id='word_1_566' title='bbox 287 3983 429 4053; x_wconf 83' lang='lat' dir='ltr'><strong>ejus,</strong></span> <span class='ocrx_word' id='word_1_567' title='bbox 477 3982 545 4037; x_wconf 87' lang='lat' dir='ltr'><strong>de</strong></span> <span class='ocrx_word' id='word_1_568' title='bbox 590 3996 756 4037; x_wconf 90' lang='lat' dir='ltr'><strong>carne</strong></span> <span class='ocrx_word' id='word_1_569' title='bbox 793 3982 983 4051; x_wconf 87' lang='lat' dir='ltr'><strong>ipsius,</strong></span> <span class='ocrx_word' id='word_1_570' title='bbox 1025 3991 1081 4037; x_wconf 90' lang='lat' dir='ltr'><strong>et</strong></span> <span class='ocrx_word' id='word_1_571' title='bbox 1111 3980 1177 4035; x_wconf 83' lang='lat' dir='ltr'><strong>de</strong></span> <span class='ocrx_word' id='word_1_572' title='bbox 1209 3981 1423 4036; x_wconf 86' lang='lat' dir='ltr'><strong>ossibus</strong></span> <span class='ocrx_word' id='word_1_573' title='bbox 1453 3979 1590 4049; x_wconf 87' lang='lat' dir='ltr'><strong>ejus.</strong></span> <span class='ocrx_word' id='word_1_574' title='bbox 1642 3980 1774 4045; x_wconf 74' lang='lat' dir='ltr'><strong>Quae</strong></span> 
     </span>
    </p>
   </div>
   <div class='ocr_carea' id='block_1_72' title="bbox 171 4063 1774 4149">
    <p class='ocr_par' dir='ltr' id='par_1_72' title="bbox 171 4063 1774 4149">
     <span class='ocr_line' id='line_1_72' title="bbox 171 4063 1774 4149; baseline -0.004 -15"><span class='ocrx_word' id='word_1_575' title='bbox 171 4078 338 4149; x_wconf 67' lang='lat' dir='ltr'><strong>igitur</strong></span> <span class='ocrx_word' id='word_1_576' title='bbox 377 4078 550 4149; x_wconf 90' lang='lat' dir='ltr'><strong>major</strong></span> <span class='ocrx_word' id='word_1_577' title='bbox 592 4079 757 4143; x_wconf 87' lang='lat' dir='ltr'><strong>salus,</strong></span> <span class='ocrx_word' id='word_1_578' title='bbox 805 4092 966 4146; x_wconf 91' lang='lat' dir='ltr'><strong>quam</strong></span> <span class='ocrx_word' id='word_1_579' title='bbox 1015 4091 1137 4131; x_wconf 90' lang='lat' dir='ltr'><strong>esse</strong></span> <span class='ocrx_word' id='word_1_580' title='bbox 1182 4090 1303 4130; x_wconf 89' lang='lat' dir='ltr'><strong>cum</strong></span> <span class='ocrx_word' id='word_1_581' title='bbox 1343 4063 1587 4139; x_wconf 86' lang='lat' dir='ltr'><strong>Christo,</strong></span> <span class='ocrx_word' id='word_1_582' title='bbox 1637 4080 1693 4128; x_wconf 90' lang='lat' dir='ltr'><strong>et</strong></span> <span class='ocrx_word' id='word_1_583' title='bbox 1722 4073 1774 4128; x_wconf 90' lang='lat' dir='ltr'><strong>ei</strong></span> 
     </span>
    </p>
   </div>
   <div class='ocr_carea' id='block_1_73' title="bbox 174 4165 1776 4246">
    <p class='ocr_par' dir='ltr' id='par_1_73' title="bbox 174 4165 1776 4246">
     <span class='ocr_line' id='line_1_73' title="bbox 174 4165 1776 4246; baseline -0.006 -19"><span class='ocrx_word' id='word_1_584' title='bbox 174 4173 384 4227; x_wconf 90' lang='lat' dir='ltr'><strong>unitate</strong></span> <span class='ocrx_word' id='word_1_585' title='bbox 409 4170 641 4241; x_wconf 87' lang='lat' dir='ltr'><strong>quadam</strong></span> <span class='ocrx_word' id='word_1_586' title='bbox 670 4168 915 4237; x_wconf 89' lang='lat' dir='ltr'><strong>corporis</strong></span> <span class='ocrx_word' id='word_1_587' title='bbox 943 4167 1255 4231; x_wconf 75' lang='lat' dir='ltr'><strong>adhterere,</strong></span> <span class='ocrx_word' id='word_1_588' title='bbox 1299 4165 1354 4220; x_wconf 92' lang='lat' dir='ltr'><strong>in</strong></span> <span class='ocrx_word' id='word_1_589' title='bbox 1383 4180 1493 4246; x_wconf 13' lang='lat' dir='ltr'><strong>quo»</strong></span> <span class='ocrx_word' id='word_1_590' title='bbox 1521 4178 1621 4220; x_wconf 81' lang='lat' dir='ltr'><strong>nec</strong></span> <span class='ocrx_word' id='word_1_591' title='bbox 1661 4177 1776 4218; x_wconf 88' lang='lat' dir='ltr'><strong>ma-</strong></span> 
     </span>
    </p>
   </div>
   <div class='ocr_carea' id='block_1_74' title="bbox 175 4244 1494 4333">
    <p class='ocr_par' dir='ltr' id='par_1_74' title="bbox 175 4244 1494 4333">
     <span class='ocr_line' id='line_1_74' title="bbox 175 4244 1494 4333; baseline -0.004 -13"><span class='ocrx_word' id='word_1_592' title='bbox 175 4267 295 4322; x_wconf 89' lang='lat' dir='ltr'><strong>cula</strong></span> <span class='ocrx_word' id='word_1_593' title='bbox 323 4265 393 4319; x_wconf 89' lang='lat' dir='ltr'><strong>sit</strong></span> <span class='ocrx_word' id='word_1_594' title='bbox 419 4264 550 4331; x_wconf 81' lang='lat' dir='ltr'><strong>ulla,</strong></span> <span class='ocrx_word' id='word_1_595' title='bbox 585 4263 612 4301; x_wconf 72' lang='grc' dir='ltr'>δ</span> <span class='ocrx_word' id='word_1_596' title='bbox 639 4277 740 4319; x_wconf 88' lang='lat' dir='ltr'><strong>nec</strong></span> <span class='ocrx_word' id='word_1_597' title='bbox 770 4263 1032 4318; x_wconf 72' lang='lat' dir='ltr'><strong>tortitud‘o</strong></span> <span class='ocrx_word' id='word_1_598' title='bbox 1065 4262 1320 4333; x_wconf 83' lang='lat' dir='ltr'><strong>peccati?</strong></span> <span class='ocrx_word' id='word_1_599' title='bbox 1429 4244 1434 4246; x_wconf 12' lang='grc' dir='ltr'><strong>Ἴ</strong></span> <span class='ocrx_word' id='word_1_600' title='bbox 1487 4244 1494 4251; x_wconf 66' lang='grc'><strong>’</strong></span> 
     </span>
    </p>
   </div>
   <div class='ocr_carea' id='block_1_75' title="bbox 248 4337 1780 4430">
    <p class='ocr_par' dir='ltr' id='par_1_75' title="bbox 248 4337 1780 4430">
     <span class='ocr_line' id='line_1_75' title="bbox 248 4337 1780 4430; baseline -0.001 -20"><span class='ocrx_word' id='word_1_601' title='bbox 248 4358 414 4430; x_wconf 72' lang='lat'><strong>362</strong></span> <span class='ocrx_word' id='word_1_602' title='bbox 457 4357 542 4410; x_wconf 72' lang='lat'><strong>12&#39;.</strong></span> <span class='ocrx_word' id='word_1_603' title='bbox 588 4355 863 4428; x_wconf 89' lang='lat' dir='ltr'><strong>Scriptum</strong></span> <span class='ocrx_word' id='word_1_604' title='bbox 895 4367 978 4412; x_wconf 93' lang='lat' dir='ltr'><strong>est</strong></span> <span class='ocrx_word' id='word_1_605' title='bbox 1003 4357 1056 4411; x_wconf 89' lang='lat' dir='ltr'><strong>in</strong></span> <span class='ocrx_word' id='word_1_606' title='bbox 1079 4343 1256 4426; x_wconf 87' lang='lat' dir='ltr'><strong>capite</strong></span> <span class='ocrx_word' id='word_1_607' title='bbox 1275 4339 1451 4423; x_wconf 85' lang='lat' dir='ltr'><strong>Libri,</strong></span> <span class='ocrx_word' id='word_1_608' title='bbox 1477 4337 1618 4426; x_wconf 87' lang='lat' dir='ltr'><strong>quod</strong></span> <span class='ocrx_word' id='word_1_609' title='bbox 1643 4353 1780 4410; x_wconf 84' lang='lat' dir='ltr'><strong>Abel</strong></span> 
     </span>
    </p>
   </div>
   <div class='ocr_carea' id='block_1_76' title="bbox 176 4449 1782 4530">
    <p class='ocr_par' dir='ltr' id='par_1_76' title="bbox 176 4449 1782 4530">
     <span class='ocr_line' id='line_1_76' title="bbox 176 4449 1782 4530; baseline -0.001 -23"><span class='ocrx_word' id='word_1_610' title='bbox 176 4454 308 4524; x_wconf 90' lang='lat' dir='ltr'><strong>justi</strong></span> <span class='ocrx_word' id='word_1_611' title='bbox 341 4453 540 4524; x_wconf 88' lang='lat' dir='ltr'><strong>placuit</strong></span> <span class='ocrx_word' id='word_1_612' title='bbox 571 4450 745 4507; x_wconf 80' lang='lat' dir='ltr'><strong>hostia</strong></span> <span class='ocrx_word' id='word_1_613' title='bbox 778 4453 909 4518; x_wconf 91' lang='lat' dir='ltr'><strong>Deo,</strong></span> <span class='ocrx_word' id='word_1_614' title='bbox 954 4449 1233 4522; x_wconf 89' lang='lat' dir='ltr'><strong>displicuit</strong></span> <span class='ocrx_word' id='word_1_615' title='bbox 1261 4453 1466 4528; x_wconf 85' lang='lat' dir='ltr'><strong>oblatio</strong></span> <span class='ocrx_word' id='word_1_616' title='bbox 1495 4449 1782 4530; x_wconf 72' lang='lat' dir='ltr'><strong>parricida:</strong></span> 
     </span>
    </p>
   </div>
   <div class='ocr_carea' id='block_1_77' title="bbox 183 4535 1785 4616">
    <p class='ocr_par' dir='ltr' id='par_1_77' title="bbox 183 4535 1785 4616">
     <span class='ocr_line' id='line_1_77' title="bbox 183 4535 1785 4616; baseline -0.002 -16"><span class='ocrx_word' id='word_1_617' title='bbox 183 4549 201 4614; x_wconf 91' lang='lat'><strong>(</strong></span> <span class='ocrx_word' id='word_1_618' title='bbox 240 4545 368 4600; x_wconf 87' lang='lat' dir='ltr'><strong>Gen.</strong></span> <span class='ocrx_word' id='word_1_619' title='bbox 402 4561 486 4611; x_wconf 87' lang='lat' dir='ltr'><strong>tv,</strong></span> <span class='ocrx_word' id='word_1_620' title='bbox 510 4535 550 4598; x_wconf 18' lang='lat'><strong>‘4‘</strong></span> <span class='ocrx_word' id='word_1_621' title='bbox 580 4555 627 4610; x_wconf 80' lang='lat' dir='ltr'><strong>et</strong></span> <span class='ocrx_word' id='word_1_622' title='bbox 670 4543 768 4615; x_wconf 82' lang='grc'><strong>5).</strong></span> <span class='ocrx_word' id='word_1_623' title='bbox 811 4543 1002 4600; x_wconf 69' lang='lat' dir='ltr'><strong>Nonne</strong></span> <span class='ocrx_word' id='word_1_624' title='bbox 1032 4554 1218 4614; x_wconf 87' lang='lat' dir='ltr'><strong>aperte</strong></span> <span class='ocrx_word' id='word_1_625' title='bbox 1246 4537 1572 4616; x_wconf 80' lang='lat' dir='ltr'><strong>signiﬁcavit</strong></span> <span class='ocrx_word' id='word_1_626' title='bbox 1603 4543 1785 4599; x_wconf 92' lang='lat' dir='ltr'><strong>Domi-</strong></span> 
     </span>
    </p>
   </div>
   <div class='ocr_carea' id='block_1_78' title="bbox 1865 3327 3478 3405">
    <p class='ocr_par' dir='ltr' id='par_1_78' title="bbox 1865 3327 3478 3405">
     <span class='ocr_line' id='line_1_78' title="bbox 1865 3327 3478 3405; baseline -0.003 -14"><span class='ocrx_word' id='word_1_627' title='bbox 1865 3334 1957 3391; x_wconf 87' lang='lat' dir='ltr'><strong>sed</strong></span> <span class='ocrx_word' id='word_1_628' title='bbox 1979 3352 2079 3388; x_wconf 89' lang='lat' dir='ltr'><strong>non</strong></span> <span class='ocrx_word' id='word_1_629' title='bbox 2102 3335 2234 3389; x_wconf 83' lang='lat' dir='ltr'><strong>sicut</strong></span> <span class='ocrx_word' id='word_1_630' title='bbox 2251 3350 2342 3405; x_wconf 88' lang='lat' dir='ltr'><strong>ego</strong></span> <span class='ocrx_word' id='word_1_631' title='bbox 2360 3333 2498 3400; x_wconf 86' lang='lat' dir='ltr'><strong>volo,</strong></span> <span class='ocrx_word' id='word_1_632' title='bbox 2524 3333 2614 3388; x_wconf 86' lang='lat' dir='ltr'><strong>sed</strong></span> <span class='ocrx_word' id='word_1_633' title='bbox 2631 3333 2762 3388; x_wconf 83' lang='lat' dir='ltr'><strong>sicut</strong></span> <span class='ocrx_word' id='word_1_634' title='bbox 2782 3343 2836 3386; x_wconf 87' lang='lat' dir='ltr'><strong>tu</strong></span> <span class='ocrx_word' id='word_1_635' title='bbox 2858 3331 2930 3397; x_wconf 81' lang='lat' dir='ltr'><strong>vis</strong></span> <span class='ocrx_word' id='word_1_636' title='bbox 2954 3327 3171 3404; x_wconf 75' lang='lat' dir='ltr'><strong>(Matth.</strong></span> <span class='ocrx_word' id='word_1_637' title='bbox 3191 3345 3340 3396; x_wconf 73' lang='lat' dir='ltr'><strong>xxw,</strong></span> <span class='ocrx_word' id='word_1_638' title='bbox 3357 3328 3478 3401; x_wconf 75' lang='lat'><strong>39‘).</strong></span> 
     </span>
    </p>
   </div>
   <div class='ocr_carea' id='block_1_79' title="bbox 1871 3425 3477 3495">
    <p class='ocr_par' dir='ltr' id='par_1_79' title="bbox 1871 3425 3477 3495">
     <span class='ocr_line' id='line_1_79' title="bbox 1871 3425 3477 3495; baseline -0.002 -14"><span class='ocrx_word' id='word_1_639' title='bbox 1871 3425 1941 3481; x_wconf 77' lang='lat' dir='ltr'><strong>Et</strong></span> <span class='ocrx_word' id='word_1_640' title='bbox 1967 3426 2180 3481; x_wconf 87' lang='lat' dir='ltr'><strong>videtur</strong></span> <span class='ocrx_word' id='word_1_641' title='bbox 2207 3426 2424 3495; x_wconf 89' lang='lat' dir='ltr'><strong>quidem</strong></span> <span class='ocrx_word' id='word_1_642' title='bbox 2459 3440 2581 3482; x_wconf 89' lang='lat' dir='ltr'><strong>esse</strong></span> <span class='ocrx_word' id='word_1_643' title='bbox 2628 3425 2882 3481; x_wconf 82' lang='lat' dir='ltr'><strong>distantia</strong></span> <span class='ocrx_word' id='word_1_644' title='bbox 2913 3425 3249 3480; x_wconf 88' lang='lat' dir='ltr'><strong>voluntatis:</strong></span> <span class='ocrx_word' id='word_1_645' title='bbox 3282 3439 3477 3478; x_wconf 87' lang='lat' dir='ltr'><strong>vertun</strong></span> 
     </span>
    </p>
   </div>
   <div class='ocr_carea' id='block_1_80' title="bbox 1871 3513 3480 3591">
    <p class='ocr_par' dir='ltr' id='par_1_80' title="bbox 1871 3513 3480 3591">
     <span class='ocr_line' id='line_1_80' title="bbox 1871 3513 3480 3591; baseline -0.001 -18"><span class='ocrx_word' id='word_1_646' title='bbox 1871 3519 2230 3591; x_wconf 81' lang='lat' dir='ltr'><strong>intelligimus</strong></span> <span class='ocrx_word' id='word_1_647' title='bbox 2285 3518 2432 3574; x_wconf 91' lang='lat' dir='ltr'><strong>aliud</strong></span> <span class='ocrx_word' id='word_1_648' title='bbox 2482 3513 2610 3575; x_wconf 77' lang='lat' dir='ltr'><strong>esse</strong></span> <span class='ocrx_word' id='word_1_649' title='bbox 2662 3518 2804 3589; x_wconf 90' lang='lat' dir='ltr'><strong>quod</strong></span> <span class='ocrx_word' id='word_1_650' title='bbox 2855 3517 3153 3573; x_wconf 76' lang='lat' dir='ltr'><strong>secundum</strong></span> <span class='ocrx_word' id='word_1_651' title='bbox 3210 3515 3480 3571; x_wconf 86' lang='lat' dir='ltr'><strong>unitatem</strong></span> 
     </span>
    </p>
   </div>
   <div class='ocr_carea' id='block_1_81' title="bbox 1877 3607 3483 3682">
    <p class='ocr_par' dir='ltr' id='par_1_81' title="bbox 1877 3607 3483 3682">
     <span class='ocr_line' id='line_1_81' title="bbox 1877 3607 3483 3682; baseline -0.003 -14"><span class='ocrx_word' id='word_1_652' title='bbox 1877 3612 2176 3668; x_wconf 89' lang='lat' dir='ltr'><strong>divinitatis</strong></span> <span class='ocrx_word' id='word_1_653' title='bbox 2203 3613 2550 3682; x_wconf 79' lang='lat' dir='ltr'><strong>exprimitur,</strong></span> <span class='ocrx_word' id='word_1_654' title='bbox 2580 3612 2672 3668; x_wconf 90' lang='lat' dir='ltr'><strong>ubi</strong></span> <span class='ocrx_word' id='word_1_655' title='bbox 2721 3611 2888 3666; x_wconf 87' lang='lat' dir='ltr'><strong>dicit:</strong></span> <span class='ocrx_word' id='word_1_656' title='bbox 2924 3609 3033 3682; x_wconf 86' lang='lat' dir='ltr'><strong>Ego</strong></span> <span class='ocrx_word' id='word_1_657' title='bbox 3060 3620 3105 3665; x_wconf 88' lang='lat' dir='ltr'><strong>et</strong></span> <span class='ocrx_word' id='word_1_658' title='bbox 3137 3607 3294 3663; x_wconf 85' lang='lat' dir='ltr'><strong>Pater</strong></span> <span class='ocrx_word' id='word_1_659' title='bbox 3323 3625 3483 3663; x_wconf 80' lang='lat' dir='ltr'><strong>unum</strong></span> 
     </span>
    </p>
   </div>
   <div class='ocr_carea' id='block_1_82' title="bbox 1877 3690 3486 3778">
    <p class='ocr_par' dir='ltr' id='par_1_82' title="bbox 1877 3690 3486 3778">
     <span class='ocr_line' id='line_1_82' title="bbox 1877 3690 3486 3778; baseline -0.003 -18"><span class='ocrx_word' id='word_1_660' title='bbox 1877 3723 2057 3760; x_wconf 87' lang='lat' dir='ltr'><strong>sumus</strong></span> <span class='ocrx_word' id='word_1_661' title='bbox 2094 3704 2112 3778; x_wconf 94' lang='lat'>(</span> <span class='ocrx_word' id='word_1_662' title='bbox 2140 3705 2296 3759; x_wconf 81' lang='lat' dir='ltr'><strong>Joan.</strong></span> <span class='ocrx_word' id='word_1_663' title='bbox 2331 3690 2517 3776; x_wconf 68' lang='lat'><strong>1,30)</strong></span> <span class='ocrx_word' id='word_1_664' title='bbox 2547 3723 2559 3758; x_wconf 88' lang='lat'><strong>:</strong></span> <span class='ocrx_word' id='word_1_665' title='bbox 2611 3701 2760 3758; x_wconf 85' lang='lat' dir='ltr'><strong>aliud</strong></span> <span class='ocrx_word' id='word_1_666' title='bbox 2787 3703 2936 3775; x_wconf 81' lang='lat' dir='ltr'><strong>quod</strong></span> <span class='ocrx_word' id='word_1_667' title='bbox 2975 3701 3272 3758; x_wconf 90' lang='lat' dir='ltr'><strong>secundum</strong></span> <span class='ocrx_word' id='word_1_668' title='bbox 3301 3699 3486 3756; x_wconf 89' lang='lat' dir='ltr'><strong>homi-</strong></span> 
     </span>
    </p>
   </div>
   <div class='ocr_carea' id='block_1_83' title="bbox 1879 3796 3486 3868">
    <p class='ocr_par' dir='ltr' id='par_1_83' title="bbox 1879 3796 3486 3868">
     <span class='ocr_line' id='line_1_83' title="bbox 1879 3796 3486 3868; baseline -0.004 -14"><span class='ocrx_word' id='word_1_669' title='bbox 1879 3801 1964 3854; x_wconf 85' lang='lat' dir='ltr'><strong>nis</strong></span> <span class='ocrx_word' id='word_1_670' title='bbox 2010 3809 2094 3854; x_wconf 90' lang='lat' dir='ltr'><strong>est</strong></span> <span class='ocrx_word' id='word_1_671' title='bbox 2134 3800 2354 3853; x_wconf 84' lang='lat' dir='ltr'><strong>locutus</strong></span> <span class='ocrx_word' id='word_1_672' title='bbox 2384 3797 2658 3866; x_wconf 73' lang='lat' dir='ltr'><strong>allectum,</strong></span> <span class='ocrx_word' id='word_1_673' title='bbox 2690 3813 2850 3868; x_wconf 85' lang='lat' dir='ltr'><strong>quem</strong></span> <span class='ocrx_word' id='word_1_674' title='bbox 2883 3796 3059 3851; x_wconf 82' lang='lat' dir='ltr'><strong>innuit</strong></span> <span class='ocrx_word' id='word_1_675' title='bbox 3095 3803 3486 3868; x_wconf 38' lang='lat' dir='ltr'><strong>catttttm&#39;~esse</strong></span> 
     </span>
    </p>
   </div>
   <div class='ocr_carea' id='block_1_84' title="bbox 1879 3889 3489 3962">
    <p class='ocr_par' dir='ltr' id='par_1_84' title="bbox 1879 3889 3489 3962">
     <span class='ocr_line' id='line_1_84' title="bbox 1879 3889 3489 3962; baseline -0.003 -15"><span class='ocrx_word' id='word_1_676' title='bbox 1879 3890 2104 3958; x_wconf 85' lang='lat' dir='ltr'><strong>debere,</strong></span> <span class='ocrx_word' id='word_1_677' title='bbox 2137 3907 2238 3948; x_wconf 89' lang='lat' dir='ltr'><strong>nec</strong></span> <span class='ocrx_word' id='word_1_678' title='bbox 2269 3906 2597 3962; x_wconf 74' lang='lat' dir='ltr'><strong>przesumere</strong></span> <span class='ocrx_word' id='word_1_679' title='bbox 2620 3890 2762 3961; x_wconf 90' lang='lat' dir='ltr'><strong>quod</strong></span> <span class='ocrx_word' id='word_1_680' title='bbox 2794 3889 2950 3945; x_wconf 82' lang='lat' dir='ltr'><strong>facile</strong></span> <span class='ocrx_word' id='word_1_681' title='bbox 2977 3889 3206 3957; x_wconf 89' lang='lat' dir='ltr'><strong>implere</strong></span> <span class='ocrx_word' id='word_1_682' title='bbox 3228 3902 3334 3943; x_wconf 89' lang='lat' dir='ltr'><strong>non</strong></span> <span class='ocrx_word' id='word_1_683' title='bbox 3362 3899 3489 3956; x_wconf 90' lang='lat' dir='ltr'><strong>pos-</strong></span> 
     </span>
    </p>
   </div>
   <div class='ocr_carea' id='block_1_85' title="bbox 1881 3980 3482 4055">
    <p class='ocr_par' dir='ltr' id='par_1_85' title="bbox 1881 3980 3482 4055">
     <span class='ocr_line' id='line_1_85' title="bbox 1881 3980 3482 4055; baseline -0.003 -14"><span class='ocrx_word' id='word_1_684' title='bbox 1881 3987 1987 4052; x_wconf 90' lang='lat' dir='ltr'><strong>sit;</strong></span> <span class='ocrx_word' id='word_1_685' title='bbox 2031 4003 2100 4041; x_wconf 90' lang='lat' dir='ltr'><strong>ne</strong></span> <span class='ocrx_word' id='word_1_686' title='bbox 2128 3987 2253 4040; x_wconf 90' lang='lat' dir='ltr'><strong>dum</strong></span> <span class='ocrx_word' id='word_1_687' title='bbox 2286 3984 2568 4055; x_wconf 84' lang='lat' dir='ltr'><strong>praemium</strong></span> <span class='ocrx_word' id='word_1_688' title='bbox 2618 3983 2832 4053; x_wconf 67' lang='lat' dir='ltr'><strong>quaerit.</strong></span> <span class='ocrx_word' id='word_1_689' title='bbox 2881 3981 3083 4037; x_wconf 86' lang='lat' dir='ltr'><strong>incidat</strong></span> <span class='ocrx_word' id='word_1_690' title='bbox 3112 3980 3482 4050; x_wconf 80' lang='lat' dir='ltr'><strong>sacrilegium.</strong></span> 
     </span>
    </p>
   </div>
   <div class='ocr_carea' id='block_1_86' title="bbox 1880 4071 3490 4148">
    <p class='ocr_par' dir='ltr' id='par_1_86' title="bbox 1880 4071 3490 4148">
     <span class='ocr_line' id='line_1_86' title="bbox 1880 4071 3490 4148; baseline -0.004 -14"><span class='ocrx_word' id='word_1_691' title='bbox 1880 4075 2038 4134; x_wconf 84' lang='lat' dir='ltr'><strong>Unde</strong></span> <span class='ocrx_word' id='word_1_692' title='bbox 2065 4077 2177 4132; x_wconf 86' lang='lat' dir='ltr'><strong>ait:</strong></span> <span class='ocrx_word' id='word_1_693' title='bbox 2222 4073 2351 4133; x_wconf 83' lang='lat' dir='ltr'><strong>Cum</strong></span> <span class='ocrx_word' id='word_1_694' title='bbox 2381 4082 2746 4148; x_wconf 81' lang='lat' dir='ltr'><strong>persequentur</strong></span> <span class='ocrx_word' id='word_1_695' title='bbox 2785 4091 2874 4129; x_wconf 84' lang='lat' dir='ltr'><strong>uos</strong></span> <span class='ocrx_word' id='word_1_696' title='bbox 2904 4071 2956 4129; x_wconf 84' lang='lat' dir='ltr'><strong>in</strong></span> <span class='ocrx_word' id='word_1_697' title='bbox 2984 4073 3354 4146; x_wconf 70' lang='lat' dir='ltr'><strong>&#39;ltdccivita&#39;te;</strong></span> <span class='ocrx_word' id='word_1_698' title='bbox 3401 4075 3490 4143; x_wconf 83' lang='lat' dir='ltr'><strong>fu-</strong></span> 
     </span>
    </p>
   </div>
   <div class='ocr_carea' id='block_1_87' title="bbox 1883 4163 3487 4246">
    <p class='ocr_par' dir='ltr' id='par_1_87' title="bbox 1883 4163 3487 4246">
     <span class='ocr_line' id='line_1_87' title="bbox 1883 4163 3487 4246; baseline -0.001 -23"><span class='ocrx_word' id='word_1_699' title='bbox 1883 4171 1988 4241; x_wconf 86' lang='lat' dir='ltr'><strong>gite</strong></span> <span class='ocrx_word' id='word_1_700' title='bbox 2010 4171 2065 4224; x_wconf 88' lang='lat' dir='ltr'><strong>in</strong></span> <span class='ocrx_word' id='word_1_701' title='bbox 2094 4169 2253 4223; x_wconf 86' lang='lat' dir='ltr'><strong>aliam</strong></span> <span class='ocrx_word' id='word_1_702' title='bbox 2277 4167 2495 4246; x_wconf 75' lang='lat' dir='ltr'><strong>(Matth.</strong></span> <span class='ocrx_word' id='word_1_703' title='bbox 2530 4184 2586 4235; x_wconf 82' lang='lat' dir='ltr'><strong>x,</strong></span> <span class='ocrx_word' id='word_1_704' title='bbox 2615 4167 2731 4239; x_wconf 69' lang='lat'><strong>25).</strong></span> <span class='ocrx_word' id='word_1_705' title='bbox 2766 4163 2961 4224; x_wconf 83' lang='lat' dir='ltr'><strong>Merito</strong></span> <span class='ocrx_word' id='word_1_706' title='bbox 2991 4181 3122 4238; x_wconf 80' lang='lat' dir='ltr'><strong>ergo</strong></span> <span class='ocrx_word' id='word_1_707' title='bbox 3154 4176 3208 4222; x_wconf 90' lang='lat' dir='ltr'><strong>et</strong></span> <span class='ocrx_word' id='word_1_708' title='bbox 3236 4168 3322 4221; x_wconf 90' lang='lat' dir='ltr'><strong>hic</strong></span> <span class='ocrx_word' id='word_1_709' title='bbox 3351 4168 3487 4221; x_wconf 88' lang='lat' dir='ltr'><strong>sub-</strong></span> 
     </span>
    </p>
   </div>
   <div class='ocr_carea' id='block_1_88' title="bbox 1887 4260 3498 4335">
    <p class='ocr_par' dir='ltr' id='par_1_88' title="bbox 1887 4260 3498 4335">
     <span class='ocr_line' id='line_1_88' title="bbox 1887 4260 3498 4335; baseline 0.001 -17"><span class='ocrx_word' id='word_1_710' title='bbox 1887 4263 2061 4320; x_wconf 89' lang='lat' dir='ltr'><strong>iturus</strong></span> <span class='ocrx_word' id='word_1_711' title='bbox 2108 4263 2356 4334; x_wconf 75' lang='lat' dir='ltr'><strong>corporis</strong></span> <span class='ocrx_word' id='word_1_712' title='bbox 2404 4261 2715 4335; x_wconf 84' lang='lat' dir='ltr'><strong>passionem</strong></span> <span class='ocrx_word' id='word_1_713' title='bbox 2747 4304 2760 4328; x_wconf 95' lang='lat'><strong>,</strong></span> <span class='ocrx_word' id='word_1_714' title='bbox 2814 4260 2982 4334; x_wconf 87' lang='lat' dir='ltr'><strong>coepit</strong></span> <span class='ocrx_word' id='word_1_715' title='bbox 3033 4263 3385 4329; x_wconf 88' lang='lat' dir='ltr'><strong>contristari,</strong></span> <span class='ocrx_word' id='word_1_716' title='bbox 3437 4273 3498 4319; x_wconf 88' lang='lat' dir='ltr'><strong>et</strong></span> 
     </span>
    </p>
   </div>
   <div class='ocr_carea' id='block_1_89' title="bbox 1891 4351 3498 4429">
    <p class='ocr_par' dir='ltr' id='par_1_89' title="bbox 1891 4351 3498 4429">
     <span class='ocr_line' id='line_1_89' title="bbox 1891 4351 3498 4429; baseline -0.001 -14"><span class='ocrx_word' id='word_1_717' title='bbox 1891 4368 2116 4415; x_wconf 70' lang='lat' dir='ltr'><strong>maestus</strong></span> <span class='ocrx_word' id='word_1_718' title='bbox 2134 4374 2256 4415; x_wconf 89' lang='lat' dir='ltr'><strong>esse</strong></span> <span class='ocrx_word' id='word_1_719' title='bbox 2280 4376 2293 4413; x_wconf 92' lang='lat'><strong>:</strong></span> <span class='ocrx_word' id='word_1_720' title='bbox 2324 4367 2379 4415; x_wconf 89' lang='lat' dir='ltr'><strong>et</strong></span> <span class='ocrx_word' id='word_1_721' title='bbox 2402 4357 2694 4429; x_wconf 90' lang='lat' dir='ltr'><strong>assumptis</strong></span> <span class='ocrx_word' id='word_1_722' title='bbox 2721 4356 2882 4413; x_wconf 86' lang='lat' dir='ltr'><strong>Petro</strong></span> <span class='ocrx_word' id='word_1_723' title='bbox 2901 4351 2962 4413; x_wconf 78' lang='lat' dir='ltr'><strong>et</strong></span> <span class='ocrx_word' id='word_1_724' title='bbox 2991 4355 3201 4413; x_wconf 80' lang='lat' dir='ltr'><strong>duobus</strong></span> <span class='ocrx_word' id='word_1_725' title='bbox 3231 4355 3355 4413; x_wconf 79' lang='lat' dir='ltr'><strong>[iliis</strong></span> <span class='ocrx_word' id='word_1_726' title='bbox 3392 4353 3498 4414; x_wconf 84' lang='lat' dir='ltr'><strong>Ze-</strong></span> 
     </span>
    </p>
   </div>
   <div class='ocr_carea' id='block_1_90' title="bbox 1893 4447 3492 4528">
    <p class='ocr_par' dir='ltr' id='par_1_90' title="bbox 1893 4447 3492 4528">
     <span class='ocr_line' id='line_1_90' title="bbox 1893 4447 3492 4528; baseline -0.004 -17"><span class='ocrx_word' id='word_1_727' title='bbox 1893 4455 2100 4512; x_wconf 67' lang='lat' dir='ltr'><strong>bedtet&#39;:</strong></span> <span class='ocrx_word' id='word_1_728' title='bbox 2146 4452 2327 4510; x_wconf 82' lang='lat' dir='ltr'><strong>Tristis</strong></span> <span class='ocrx_word' id='word_1_729' title='bbox 2365 4465 2438 4512; x_wconf 89' lang='lat' dir='ltr'><strong>est</strong></span> <span class='ocrx_word' id='word_1_730' title='bbox 2486 4454 2665 4528; x_wconf 69' lang='lat' dir='ltr'><strong>anima</strong></span> <span class='ocrx_word' id='word_1_731' title='bbox 2706 4471 2818 4508; x_wconf 89' lang='lat' dir='ltr'><strong>mea</strong></span> <span class='ocrx_word' id='word_1_732' title='bbox 2858 4454 2876 4525; x_wconf 93' lang='lat'><strong>(</strong></span> <span class='ocrx_word' id='word_1_733' title='bbox 2910 4451 3099 4509; x_wconf 73' lang='lat' dir='ltr'><strong>Matth.</strong></span> <span class='ocrx_word' id='word_1_734' title='bbox 3150 4469 3295 4517; x_wconf 73' lang='lat' dir='ltr'><strong>XXVI,</strong></span> <span class='ocrx_word' id='word_1_735' title='bbox 3345 4449 3414 4507; x_wconf 80' lang='lat'><strong>&#39;58</strong></span> <span class='ocrx_word' id='word_1_736' title='bbox 3439 4447 3492 4521; x_wconf 39' lang='lat'><strong>)‘,</strong></span> 
     </span>
    </p>
   </div>
   <div class='ocr_carea' id='block_1_91' title="bbox 1893 4541 3493 4618">
    <p class='ocr_par' dir='ltr' id='par_1_91' title="bbox 1893 4541 3493 4618">
     <span class='ocr_line' id='line_1_91' title="bbox 1893 4541 3493 4618; baseline -0.004 -17"><span class='ocrx_word' id='word_1_737' title='bbox 1893 4557 2018 4618; x_wconf 87' lang='lat' dir='ltr'><strong>ante</strong></span> <span class='ocrx_word' id='word_1_738' title='bbox 2049 4544 2309 4616; x_wconf 64' lang='lat' dir='ltr'><strong>praemisit</strong></span> <span class='ocrx_word' id='word_1_739' title='bbox 2339 4562 2356 4605; x_wconf 86' lang='lat'><strong>:</strong></span> <span class='ocrx_word' id='word_1_740' title='bbox 2381 4553 2434 4600; x_wconf 89' lang='lat' dir='ltr'><strong>et</strong></span> <span class='ocrx_word' id='word_1_741' title='bbox 2464 4543 2704 4614; x_wconf 89' lang='lat' dir='ltr'><strong>subjecit</strong></span> <span class='ocrx_word' id='word_1_742' title='bbox 2738 4552 2920 4614; x_wconf 90' lang='lat' dir='ltr'><strong>postea</strong></span> <span class='ocrx_word' id='word_1_743' title='bbox 2950 4563 2963 4598; x_wconf 93' lang='lat'><strong>:</strong></span> <span class='ocrx_word' id='word_1_744' title='bbox 3010 4541 3227 4617; x_wconf 83' lang='lat' dir='ltr'><strong>Vigilate</strong></span> <span class='ocrx_word' id='word_1_745' title='bbox 3247 4551 3296 4594; x_wconf 83' lang='lat' dir='ltr'><strong>et</strong></span> <span class='ocrx_word' id='word_1_746' title='bbox 3326 4549 3493 4605; x_wconf 87' lang='lat' dir='ltr'><strong>orate,</strong></span> 
     </span>
    </p>
   </div>
   <div class='ocr_carea' id='block_1_92' title="bbox 185 4633 3497 4731">
    <p class='ocr_par' dir='ltr' id='par_1_92' title="bbox 185 4633 3497 4731">
     <span class='ocr_line' id='line_1_92' title="bbox 185 4633 3497 4731; baseline -0.002 -38"><span class='ocrx_word' id='word_1_747' title='bbox 185 4650 288 4694; x_wconf 89' lang='lat' dir='ltr'><strong>nus</strong></span> <span class='ocrx_word' id='word_1_748' title='bbox 331 4637 490 4694; x_wconf 82' lang='lat' dir='ltr'><strong>Jcsus</strong></span> <span class='ocrx_word' id='word_1_749' title='bbox 517 4633 853 4693; x_wconf 71' lang='lat' dir='ltr'><strong>offerendum</strong></span> <span class='ocrx_word' id='word_1_750' title='bbox 885 4653 946 4693; x_wconf 91' lang='lat' dir='ltr'><strong>se</strong></span> <span class='ocrx_word' id='word_1_751' title='bbox 983 4652 1106 4692; x_wconf 87' lang='lat' dir='ltr'><strong>esse</strong></span> <span class='ocrx_word' id='word_1_752' title='bbox 1138 4653 1235 4708; x_wconf 89' lang='lat' dir='ltr'><strong>pro</strong></span> <span class='ocrx_word' id='word_1_753' title='bbox 1275 4639 1464 4716; x_wconf 77' lang='lat' dir='ltr'><strong>nobis;</strong></span> <span class='ocrx_word' id='word_1_754' title='bbox 1515 4647 1572 4693; x_wconf 92' lang='lat' dir='ltr'><strong>ut</strong></span> <span class='ocrx_word' id='word_1_755' title='bbox 1602 4639 1656 4692; x_wconf 91' lang='lat' dir='ltr'><strong>in</strong></span> <span class='ocrx_word' id='word_1_756' title='bbox 1687 4653 1785 4693; x_wconf 86' lang='lat' dir='ltr'><strong>sua</strong></span> <span class='ocrx_word' id='word_1_757' title='bbox 1819 4669 1870 4731; x_wconf 69' lang='grc' dir='ltr'>Β</span> <span class='ocrx_word' id='word_1_758' title='bbox 1896 4657 1958 4694; x_wconf 90' lang='lat' dir='ltr'><strong>ne</strong></span> <span class='ocrx_word' id='word_1_759' title='bbox 1986 4639 2181 4694; x_wconf 80' lang='lat' dir='ltr'><strong>intretis</strong></span> <span class='ocrx_word' id='word_1_760' title='bbox 2211 4640 2266 4694; x_wconf 87' lang='lat' dir='ltr'><strong>in</strong></span> <span class='ocrx_word' id='word_1_761' title='bbox 2297 4639 2646 4692; x_wconf 86' lang='lat' dir='ltr'><strong>tentationem.</strong></span> <span class='ocrx_word' id='word_1_762' title='bbox 2675 4635 2906 4709; x_wconf 83' lang='lat' dir='ltr'><strong>Spiritus</strong></span> <span class='ocrx_word' id='word_1_763' title='bbox 2935 4643 3202 4718; x_wconf 78' lang='lat' dir='ltr'><strong>promptus</strong></span> <span class='ocrx_word' id='word_1_764' title='bbox 3242 4641 3344 4697; x_wconf 88' lang='lat' dir='ltr'><strong>est,</strong></span> <span class='ocrx_word' id='word_1_765' title='bbox 3373 4647 3497 4686; x_wconf 83' lang='lat' dir='ltr'><strong>caro</strong></span> 
     </span>
    </p>
   </div>
   <div class='ocr_carea' id='block_1_93' title="bbox 190 4729 1789 4806">
    <p class='ocr_par' dir='ltr' id='par_1_93' title="bbox 190 4729 1789 4806">
     <span class='ocr_line' id='line_1_93' title="bbox 190 4729 1789 4806; baseline 0.001 -21"><span class='ocrx_word' id='word_1_766' title='bbox 190 4732 442 4802; x_wconf 88' lang='lat' dir='ltr'><strong>passione</strong></span> <span class='ocrx_word' id='word_1_767' title='bbox 485 4729 608 4784; x_wconf 88' lang='lat' dir='ltr'><strong>novi</strong></span> <span class='ocrx_word' id='word_1_768' title='bbox 651 4730 904 4785; x_wconf 83' lang='lat' dir='ltr'><strong>Sacriﬁcii</strong></span> <span class='ocrx_word' id='word_1_769' title='bbox 942 4732 1167 4800; x_wconf 83' lang='lat' dir='ltr'><strong>gratiam</strong></span> <span class='ocrx_word' id='word_1_770' title='bbox 1206 4729 1584 4806; x_wconf 75' lang='lat' dir='ltr'><strong>consecraret,</strong></span> <span class='ocrx_word' id='word_1_771' title='bbox 1625 4733 1789 4806; x_wconf 13' lang='lat' dir='ltr'><strong>tritum</strong></span> 
     </span>
    </p>
   </div>
   <div class='ocr_carea' id='block_1_94' title="bbox 189 4805 1790 4896">
    <p class='ocr_par' dir='ltr' id='par_1_94' title="bbox 189 4805 1790 4896">
     <span class='ocr_line' id='line_1_94' title="bbox 189 4805 1790 4896; baseline 0.001 -18"><span class='ocrx_word' id='word_1_772' title='bbox 189 4823 373 4894; x_wconf 89' lang='lat' dir='ltr'><strong>populi</strong></span> <span class='ocrx_word' id='word_1_773' title='bbox 405 4823 745 4894; x_wconf 74' lang='lat' dir='ltr'><strong>parricidalis</strong></span> <span class='ocrx_word' id='word_1_774' title='bbox 772 4820 1050 4878; x_wconf 76' lang='lat' dir='ltr'><strong>aboleret?</strong></span> <span class='ocrx_word' id='word_1_775' title='bbox 1073 4821 1221 4891; x_wconf 87' lang='lat' dir='ltr'><strong>Quid</strong></span> <span class='ocrx_word' id='word_1_776' title='bbox 1242 4805 1421 4878; x_wconf 81' lang='lat' dir='ltr'><strong>autem</strong></span> <span class='ocrx_word' id='word_1_777' title='bbox 1454 4826 1790 4896; x_wconf 85' lang='lat' dir='ltr'><strong>expressius,</strong></span> 
     </span>
    </p>
   </div>
   <div class='ocr_carea' id='block_1_95' title="bbox 191 4900 1796 4994">
    <p class='ocr_par' dir='ltr' id='par_1_95' title="bbox 191 4900 1796 4994">
     <span class='ocr_line' id='line_1_95' title="bbox 191 4900 1796 4994; baseline -0.001 -22"><span class='ocrx_word' id='word_1_778' title='bbox 191 4900 525 4988; x_wconf 75' lang='lat' dir='ltr'><strong>quanrquod</strong></span> <span class='ocrx_word' id='word_1_779' title='bbox 556 4903 585 4971; x_wconf 88' lang='lat' dir='ltr'><strong>a</strong></span> <span class='ocrx_word' id='word_1_780' title='bbox 617 4927 806 4972; x_wconf 89' lang='lat' dir='ltr'><strong>sancto</strong></span> <span class='ocrx_word' id='word_1_781' title='bbox 836 4914 1152 4971; x_wconf 88' lang='lat' dir='ltr'><strong>Patriarcha</strong></span> <span class='ocrx_word' id='word_1_782' title='bbox 1183 4913 1399 4994; x_wconf 81' lang='lat' dir='ltr'><strong>oblatus</strong></span> <span class='ocrx_word' id='word_1_783' title='bbox 1429 4925 1515 4972; x_wconf 89' lang='lat' dir='ltr'><strong>est</strong></span> <span class='ocrx_word' id='word_1_784' title='bbox 1545 4915 1707 4985; x_wconf 83' lang='lat' dir='ltr'><strong>ﬁlius,</strong></span> <span class='ocrx_word' id='word_1_785' title='bbox 1737 4926 1796 4972; x_wconf 90' lang='lat' dir='ltr'><strong>et</strong></span> 
     </span>
    </p>
   </div>
   <div class='ocr_carea' id='block_1_96' title="bbox 192 5010 1794 5086">
    <p class='ocr_par' dir='ltr' id='par_1_96' title="bbox 192 5010 1794 5086">
     <span class='ocr_line' id='line_1_96' title="bbox 192 5010 1794 5086; baseline -0.001 -17"><span class='ocrx_word' id='word_1_786' title='bbox 192 5014 334 5069; x_wconf 89' lang='lat' dir='ltr'><strong>aries</strong></span> <span class='ocrx_word' id='word_1_787' title='bbox 358 5013 666 5068; x_wconf 88' lang='lat' dir='ltr'><strong>immolatus</strong></span> <span class='ocrx_word' id='word_1_788' title='bbox 694 5013 819 5067; x_wconf 88' lang='lat' dir='ltr'><strong>est?</strong></span> <span class='ocrx_word' id='word_1_789' title='bbox 842 5010 1032 5067; x_wconf 83' lang='lat' dir='ltr'><strong>Nonne</strong></span> <span class='ocrx_word' id='word_1_790' title='bbox 1070 5016 1259 5081; x_wconf 82' lang='lat' dir='ltr'><strong>aperte</strong></span> <span class='ocrx_word' id='word_1_791' title='bbox 1284 5010 1522 5086; x_wconf 84' lang='lat' dir='ltr'><strong>ostendit</strong></span> <span class='ocrx_word' id='word_1_792' title='bbox 1560 5011 1794 5069; x_wconf 89' lang='lat' dir='ltr'><strong>ltominis</strong></span> 
     </span>
    </p>
   </div>
   <div class='ocr_carea' id='block_1_97' title="bbox 195 5093 1796 5179">
    <p class='ocr_par' dir='ltr' id='par_1_97' title="bbox 195 5093 1796 5179">
     <span class='ocr_line' id='line_1_97' title="bbox 195 5093 1796 5179; baseline -0.003 -14"><span class='ocrx_word' id='word_1_793' title='bbox 195 5093 415 5165; x_wconf 59' lang='lat' dir='ltr'><strong>carnem</strong></span> <span class='ocrx_word' id='word_1_794' title='bbox 442 5150 456 5175; x_wconf 94' lang='lat'><strong>,</strong></span> <span class='ocrx_word' id='word_1_795' title='bbox 491 5107 615 5179; x_wconf 68' lang='lat' dir='ltr'><strong>quas</strong></span> <span class='ocrx_word' id='word_1_796' title='bbox 661 5108 914 5163; x_wconf 88' lang='lat' dir='ltr'><strong>omnibus</strong></span> <span class='ocrx_word' id='word_1_797' title='bbox 941 5107 1174 5162; x_wconf 89' lang='lat' dir='ltr'><strong>terrenis</strong></span> <span class='ocrx_word' id='word_1_798' title='bbox 1203 5115 1285 5160; x_wconf 93' lang='lat' dir='ltr'><strong>est</strong></span> <span class='ocrx_word' id='word_1_799' title='bbox 1325 5106 1629 5164; x_wconf 84' lang='lat' dir='ltr'><strong>communis</strong></span> <span class='ocrx_word' id='word_1_800' title='bbox 1677 5105 1796 5161; x_wconf 82' lang='lat' dir='ltr'><strong>ani-</strong></span> 
     </span>
    </p>
   </div>
   <div class='ocr_carea' id='block_1_98' title="bbox 198 5181 1795 5278">
    <p class='ocr_par' dir='ltr' id='par_1_98' title="bbox 198 5181 1795 5278">
     <span class='ocr_line' id='line_1_98' title="bbox 198 5181 1795 5278; baseline -0.002 -21"><span class='ocrx_word' id='word_1_801' title='bbox 198 5203 493 5268; x_wconf 90' lang='lat' dir='ltr'><strong>mantibus,</strong></span> <span class='ocrx_word' id='word_1_802' title='bbox 517 5203 634 5278; x_wconf 81' lang='lat' dir='ltr'><strong>&#39;non</strong></span> <span class='ocrx_word' id='word_1_803' title='bbox 662 5201 997 5256; x_wconf 82' lang='lat' dir='ltr'><strong>divinitatem</strong></span> <span class='ocrx_word' id='word_1_804' title='bbox 1028 5199 1297 5278; x_wconf 79' lang='lat' dir='ltr'><strong>unigeniti</strong></span> <span class='ocrx_word' id='word_1_805' title='bbox 1331 5181 1464 5253; x_wconf 51' lang='lat' dir='ltr'><strong>&#39;F‘ilii</strong></span> <span class='ocrx_word' id='word_1_806' title='bbox 1498 5198 1600 5255; x_wconf 87' lang='lat' dir='ltr'><strong>Dei</strong></span> <span class='ocrx_word' id='word_1_807' title='bbox 1623 5199 1795 5254; x_wconf 82' lang='lat' dir='ltr'><strong>obno-</strong></span> 
     </span>
    </p>
   </div>
   <div class='ocr_carea' id='block_1_99' title="bbox 200 5290 1566 5364">
    <p class='ocr_par' dir='ltr' id='par_1_99' title="bbox 200 5290 1566 5364">
     <span class='ocr_line' id='line_1_99' title="bbox 200 5290 1566 5364; baseline -0.004 -14"><span class='ocrx_word' id='word_1_808' title='bbox 200 5295 344 5352; x_wconf 71' lang='lat' dir='ltr'><strong>xiam</strong></span> <span class='ocrx_word' id='word_1_809' title='bbox 372 5295 601 5351; x_wconf 83' lang='lat' dir='ltr'><strong>lutura&#39;t&#39;n</strong></span> <span class='ocrx_word' id='word_1_810' title='bbox 635 5307 806 5351; x_wconf 70' lang='lat' dir='ltr'><strong>sacra:</strong></span> <span class='ocrx_word' id='word_1_811' title='bbox 829 5293 1040 5350; x_wconf 89' lang='lat' dir='ltr'><strong>vulneri</strong></span> <span class='ocrx_word' id='word_1_812' title='bbox 1070 5290 1382 5364; x_wconf 80' lang='lat' dir='ltr'><strong>passionis?</strong></span> <span class='ocrx_word' id='word_1_813' title='bbox 1564 5297 1566 5300; x_wconf 76' lang='lat'><strong><em>&#39;</em></strong></span> 
     </span>
    </p>
   </div>
   <div class='ocr_carea' id='block_1_100' title="bbox 277 5471 1804 5550">
    <p class='ocr_par' dir='ltr' id='par_1_100' title="bbox 277 5471 1804 5550">
     <span class='ocr_line' id='line_1_100' title="bbox 277 5471 1804 5550; baseline -0.003 -15"><span class='ocrx_word' id='word_1_814' title='bbox 277 5490 302 5518; x_wconf 76' lang='grc' dir='ltr'><strong>ιι</strong></span> <span class='ocrx_word' id='word_1_815' title='bbox 342 5479 425 5534; x_wconf 74' lang='lat' dir='ltr'><strong>Ab</strong></span> <span class='ocrx_word' id='word_1_816' title='bbox 452 5476 554 5544; x_wconf 86' lang='lat' dir='ltr'><strong>hoc</strong></span> <span class='ocrx_word' id='word_1_817' title='bbox 577 5477 902 5550; x_wconf 76' lang='lat' dir='ltr'><strong>‘lncousque</strong></span> <span class='ocrx_word' id='word_1_818' title='bbox 925 5475 993 5550; x_wconf 80' lang='lat' dir='ltr'><strong>ad</strong></span> <span class='ocrx_word' id='word_1_819' title='bbox 1017 5489 1313 5550; x_wconf 70' lang='lat' dir='ltr'><strong>num.’_seq.</strong></span> <span class='ocrx_word' id='word_1_820' title='bbox 1339 5472 1502 5550; x_wconf 81' lang='lat' dir='ltr'><strong>Rom.</strong></span> <span class='ocrx_word' id='word_1_821' title='bbox 1529 5471 1658 5550; x_wconf 79' lang='lat' dir='ltr'><strong>edit.</strong></span> <span class='ocrx_word' id='word_1_822' title='bbox 1694 5486 1804 5530; x_wconf 91' lang='lat' dir='ltr'><strong>non</strong></span> 
     </span>
    </p>
   </div>
   <div class='ocr_carea' id='block_1_101' title="bbox 208 5545 1806 5624">
    <p class='ocr_par' dir='ltr' id='par_1_101' title="bbox 208 5545 1806 5624">
     <span class='ocr_line' id='line_1_101' title="bbox 208 5545 1806 5624; baseline -0.005 -18"><span class='ocrx_word' id='word_1_823' title='bbox 208 5567 375 5624; x_wconf 91' lang='lat' dir='ltr'><strong>pauca</strong></span> <span class='ocrx_word' id='word_1_824' title='bbox 419 5552 472 5603; x_wconf 93' lang='lat' dir='ltr'><strong>in</strong></span> <span class='ocrx_word' id='word_1_825' title='bbox 491 5545 892 5624; x_wconf 76' lang='lat' dir='ltr'><strong>versiculorum</strong></span> <span class='ocrx_word' id='word_1_826' title='bbox 918 5546 1300 5624; x_wconf 79' lang='lat' dir='ltr'><strong>distributione</strong></span> <span class='ocrx_word' id='word_1_827' title='bbox 1331 5546 1524 5624; x_wconf 81' lang='lat' dir='ltr'><strong>partim</strong></span> <span class='ocrx_word' id='word_1_828' title='bbox 1555 5545 1806 5624; x_wconf 61' lang='lat' dir='ltr'><strong>immuta-</strong></span> 
     </span>
    </p>
   </div>
   <div class='ocr_carea' id='block_1_102' title="bbox 209 5617 1804 5692">
    <p class='ocr_par' dir='ltr' id='par_1_102' title="bbox 209 5617 1804 5692">
     <span class='ocr_line' id='line_1_102' title="bbox 209 5617 1804 5692; baseline -0.004 -13"><span class='ocrx_word' id='word_1_829' title='bbox 209 5617 310 5687; x_wconf 75' lang='lat' dir='ltr'><strong>rat,</strong></span> <span class='ocrx_word' id='word_1_830' title='bbox 370 5622 562 5692; x_wconf 87' lang='lat' dir='ltr'><strong>partim</strong></span> <span class='ocrx_word' id='word_1_831' title='bbox 593 5621 918 5692; x_wconf 83' lang='lat' dir='ltr'><strong>inseruerat,</strong></span> <span class='ocrx_word' id='word_1_832' title='bbox 952 5629 1071 5688; x_wconf 73' lang='lat' dir='ltr'><strong>qua:</strong></span> <span class='ocrx_word' id='word_1_833' title='bbox 1115 5634 1182 5692; x_wconf 80' lang='lat' dir='ltr'><strong>ex</strong></span> <span class='ocrx_word' id='word_1_834' title='bbox 1227 5617 1470 5692; x_wconf 66' lang='lat' dir='ltr'><strong>ejusdem</strong></span> <span class='ocrx_word' id='word_1_835' title='bbox 1501 5620 1579 5673; x_wconf 84' lang='lat' dir='ltr'><strong>ac&#39;</strong></span> <span class='ocrx_word' id='word_1_836' title='bbox 1604 5624 1804 5673; x_wconf 76' lang='lat' dir='ltr'><strong>nostra:</strong></span> 
     </span>
    </p>
   </div>
   <div class='ocr_carea' id='block_1_103' title="bbox 212 5688 1693 5768">
    <p class='ocr_par' dir='ltr' id='par_1_103' title="bbox 212 5688 1693 5768">
     <span class='ocr_line' id='line_1_103' title="bbox 212 5688 1693 5768; baseline -0.004 -21"><span class='ocrx_word' id='word_1_837' title='bbox 212 5695 339 5768; x_wconf 83' lang='lat' dir='ltr'><strong>edit.</strong></span> <span class='ocrx_word' id='word_1_838' title='bbox 356 5688 655 5768; x_wconf 55' lang='lat' dir='ltr'><strong>collatione</strong></span> <span class='ocrx_word' id='word_1_839' title='bbox 685 5690 838 5746; x_wconf 86' lang='lat' dir='ltr'><strong>nullo</strong></span> <span class='ocrx_word' id='word_1_840' title='bbox 864 5691 1080 5768; x_wconf 61' lang='lat' dir='ltr'><strong>negotio</strong></span> <span class='ocrx_word' id='word_1_841' title='bbox 1112 5688 1511 5768; x_wconf 46' lang='lat' dir='ltr'><strong>deplehendes.</strong></span> <span class='ocrx_word' id='word_1_842' title='bbox 1573 5763 1587 5768; x_wconf 30' lang='grc' dir='ltr'><strong>Α</strong></span> <span class='ocrx_word' id='word_1_843' title='bbox 1670 5751 1693 5768; x_wconf 35' lang='grc' dir='ltr'><strong>,ι</strong></span> 
     </span>
    </p>
   </div>
   <div class='ocr_carea' id='block_1_104' title="bbox 283 5749 1804 5830">
    <p class='ocr_par' dir='ltr' id='par_1_104' title="bbox 283 5749 1804 5830">
     <span class='ocr_line' id='line_1_104' title="bbox 283 5749 1804 5830; baseline -0.005 -10"><span class='ocrx_word' id='word_1_844' title='bbox 283 5749 310 5803; x_wconf 61' lang='grc' dir='ltr'>δ</span> <span class='ocrx_word' id='word_1_845' title='bbox 355 5764 497 5819; x_wconf 72' lang='lat' dir='ltr'><strong>eun.</strong></span> <span class='ocrx_word' id='word_1_846' title='bbox 529 5773 723 5817; x_wconf 73' lang='lat' dir='ltr'><strong>veLac</strong></span> <span class='ocrx_word' id='word_1_847' title='bbox 756 5777 884 5816; x_wconf 85' lang='lat' dir='ltr'><strong>mss.</strong></span> <span class='ocrx_word' id='word_1_848' title='bbox 916 5749 1072 5817; x_wconf 73' lang='grc' dir='ltr'><strong>σου).</strong></span> <span class='ocrx_word' id='word_1_849' title='bbox 1118 5749 1389 5826; x_wconf 53' lang='lat' dir='ltr'><strong>arma,</strong></span> <span class='ocrx_word' id='word_1_850' title='bbox 1437 5773 1528 5814; x_wconf 85' lang='lat' dir='ltr'><strong>nec</strong></span> <span class='ocrx_word' id='word_1_851' title='bbox 1557 5751 1804 5830; x_wconf 79' lang='lat' dir='ltr'><strong>forliludo</strong></span> 
     </span>
    </p>
   </div>
   <div class='ocr_carea' id='block_1_105' title="bbox 216 5832 1807 5907">
    <p class='ocr_par' dir='ltr' id='par_1_105' title="bbox 216 5832 1807 5907">
     <span class='ocr_line' id='line_1_105' title="bbox 216 5832 1807 5907; baseline -0.006 -15"><span class='ocrx_word' id='word_1_852' title='bbox 216 5836 451 5907; x_wconf 86' lang='lat' dir='ltr'><strong>peccati;</strong></span> <span class='ocrx_word' id='word_1_853' title='bbox 484 5834 613 5888; x_wconf 74' lang='lat' dir='ltr'><strong>edit.</strong></span> <span class='ocrx_word' id='word_1_854' title='bbox 652 5835 700 5889; x_wconf 92' lang='lat' dir='ltr'><strong>in</strong></span> <span class='ocrx_word' id='word_1_855' title='bbox 748 5833 1012 5903; x_wconf 75' lang='lat' dir='ltr'><strong>margine,</strong></span> <span class='ocrx_word' id='word_1_856' title='bbox 1042 5833 1192 5902; x_wconf 81' lang='lat' dir='ltr'><strong>forte,</strong></span> <span class='ocrx_word' id='word_1_857' title='bbox 1225 5832 1558 5902; x_wconf 83' lang='lat' dir='ltr'><strong>deformitas:</strong></span> <span class='ocrx_word' id='word_1_858' title='bbox 1595 5839 1682 5883; x_wconf 86' lang='lat' dir='ltr'><strong>aut</strong></span> <span class='ocrx_word' id='word_1_859' title='bbox 1708 5834 1807 5899; x_wconf 86' lang='lat' dir='ltr'><strong>for-</strong></span> 
     </span>
    </p>
   </div>
   <div class='ocr_carea' id='block_1_106' title="bbox 1898 4729 3503 4806">
    <p class='ocr_par' dir='ltr' id='par_1_106' title="bbox 1898 4729 3503 4806">
     <span class='ocr_line' id='line_1_106' title="bbox 1898 4729 3503 4806; baseline -0.006 -18"><span class='ocrx_word' id='word_1_860' title='bbox 1898 4744 2070 4788; x_wconf 88' lang='lat' dir='ltr'><strong>autem</strong></span> <span class='ocrx_word' id='word_1_861' title='bbox 2116 4734 2326 4803; x_wconf 74' lang='lat' dir='ltr'><strong>inﬁrma</strong></span> <span class='ocrx_word' id='word_1_862' title='bbox 2376 4732 2585 4802; x_wconf 82' lang='lat' dir='ltr'><strong>(lbid.,</strong></span> <span class='ocrx_word' id='word_1_863' title='bbox 2613 4730 2756 4802; x_wconf 72' lang='grc'><strong>41).</strong></span> <span class='ocrx_word' id='word_1_864' title='bbox 2807 4729 2970 4806; x_wconf 78' lang='lat' dir='ltr'><strong>Vides</strong></span> <span class='ocrx_word' id='word_1_865' title='bbox 3016 4729 3214 4798; x_wconf 77' lang='lat' dir='ltr'><strong>ubique</strong></span> <span class='ocrx_word' id='word_1_866' title='bbox 3257 4737 3379 4782; x_wconf 83' lang='lat' dir='ltr'><strong>etttn</strong></span> <span class='ocrx_word' id='word_1_867' title='bbox 3414 4735 3503 4806; x_wconf 79' lang='lat' dir='ltr'><strong>se-</strong></span> 
     </span>
    </p>
   </div>
   <div class='ocr_carea' id='block_1_107' title="bbox 1900 4805 3498 4897">
    <p class='ocr_par' dir='ltr' id='par_1_107' title="bbox 1900 4805 3498 4897">
     <span class='ocr_line' id='line_1_107' title="bbox 1900 4805 3498 4897; baseline -0.006 -13"><span class='ocrx_word' id='word_1_868' title='bbox 1900 4827 2138 4897; x_wconf 83' lang='lat' dir='ltr'><strong>cundum</strong></span> <span class='ocrx_word' id='word_1_869' title='bbox 2169 4825 2442 4882; x_wconf 89' lang='lat' dir='ltr'><strong>hominem</strong></span> <span class='ocrx_word' id='word_1_870' title='bbox 2474 4826 2647 4896; x_wconf 82' lang='lat' dir='ltr'><strong>loqui,</strong></span> <span class='ocrx_word' id='word_1_871' title='bbox 2675 4805 2975 4885; x_wconf 84' lang='lat' dir='ltr'><strong>secundum</strong></span> <span class='ocrx_word' id='word_1_872' title='bbox 3007 4805 3281 4876; x_wconf 86' lang='lat' dir='ltr'><strong>hominem</strong></span> <span class='ocrx_word' id='word_1_873' title='bbox 3316 4808 3498 4888; x_wconf 79' lang='lat' dir='ltr'><strong>orare,</strong></span> 
     </span>
    </p>
   </div>
   <div class='ocr_carea' id='block_1_108' title="bbox 1901 4904 3503 4991">
    <p class='ocr_par' dir='ltr' id='par_1_108' title="bbox 1901 4904 3503 4991">
     <span class='ocr_line' id='line_1_108' title="bbox 1901 4904 3503 4991; baseline -0.005 -15"><span class='ocrx_word' id='word_1_874' title='bbox 1901 4917 2197 4976; x_wconf 87' lang='lat' dir='ltr'><strong>secundum</strong></span> <span class='ocrx_word' id='word_1_875' title='bbox 2245 4917 2408 4991; x_wconf 75' lang='lat'><strong>863</strong></span> <span class='ocrx_word' id='word_1_876' title='bbox 2439 4919 2714 4974; x_wconf 87' lang='lat' dir='ltr'><strong>hominem</strong></span> <span class='ocrx_word' id='word_1_877' title='bbox 2752 4917 2961 4990; x_wconf 83' lang='lat' dir='ltr'><strong>tristem</strong></span> <span class='ocrx_word' id='word_1_878' title='bbox 3008 4929 3157 4981; x_wconf 76' lang='lat' dir='ltr'><strong>esse,</strong></span> <span class='ocrx_word' id='word_1_879' title='bbox 3202 4904 3503 4991; x_wconf 74' lang='lat' dir='ltr'><strong>secundum</strong></span> 
     </span>
    </p>
   </div>
   <div class='ocr_carea' id='block_1_109' title="bbox 1907 4990 3502 5087">
    <p class='ocr_par' dir='ltr' id='par_1_109' title="bbox 1907 4990 3502 5087">
     <span class='ocr_line' id='line_1_109' title="bbox 1907 4990 3502 5087; baseline -0.004 -19"><span class='ocrx_word' id='word_1_880' title='bbox 1907 5013 2187 5068; x_wconf 91' lang='lat' dir='ltr'><strong>hominem</strong></span> <span class='ocrx_word' id='word_1_881' title='bbox 2212 4990 2413 5085; x_wconf 81' lang='lat' dir='ltr'><strong>dixisse</strong></span> <span class='ocrx_word' id='word_1_882' title='bbox 2440 5032 2451 5066; x_wconf 90' lang='lat'><strong>:</strong></span> <span class='ocrx_word' id='word_1_883' title='bbox 2477 5011 2636 5067; x_wconf 89' lang='lat' dir='ltr'><strong>Pater</strong></span> <span class='ocrx_word' id='word_1_884' title='bbox 2660 5026 2823 5077; x_wconf 84' lang='lat' dir='ltr'><strong>meus,</strong></span> <span class='ocrx_word' id='word_1_885' title='bbox 2852 5010 2895 5063; x_wconf 88' lang='lat' dir='ltr'><strong>si</strong></span> <span class='ocrx_word' id='word_1_886' title='bbox 2913 5004 3153 5087; x_wconf 80' lang='lat' dir='ltr'><strong>possibile</strong></span> <span class='ocrx_word' id='word_1_887' title='bbox 3169 4990 3289 5079; x_wconf 74' lang='lat' dir='ltr'><strong>est&#39;_(</strong></span> <span class='ocrx_word' id='word_1_888' title='bbox 3308 4995 3502 5062; x_wconf 71' lang='lat' dir='ltr'><strong>Matth.</strong></span> 
     </span>
    </p>
   </div>
   <div class='ocr_carea' id='block_1_110' title="bbox 1909 5097 3506 5182">
    <p class='ocr_par' dir='ltr' id='par_1_110' title="bbox 1909 5097 3506 5182">
     <span class='ocr_line' id='line_1_110' title="bbox 1909 5097 3506 5182; baseline -0.004 -21"><span class='ocrx_word' id='word_1_889' title='bbox 1909 5123 1964 5174; x_wconf 75' lang='grc' dir='ltr'><strong>χ,</strong></span> <span class='ocrx_word' id='word_1_890' title='bbox 2008 5106 2088 5161; x_wconf 72' lang='lat'><strong>25.</strong></span> <span class='ocrx_word' id='word_1_891' title='bbox 2107 5105 2148 5177; x_wconf 96' lang='lat'><strong>).</strong></span> <span class='ocrx_word' id='word_1_892' title='bbox 2179 5105 2332 5175; x_wconf 89' lang='lat' dir='ltr'><strong>Quod</strong></span> <span class='ocrx_word' id='word_1_893' title='bbox 2364 5109 2549 5180; x_wconf 91' lang='lat' dir='ltr'><strong>utique</strong></span> <span class='ocrx_word' id='word_1_894' title='bbox 2580 5123 2688 5162; x_wconf 91' lang='lat' dir='ltr'><strong>non</strong></span> <span class='ocrx_word' id='word_1_895' title='bbox 2717 5103 3058 5182; x_wconf 80' lang='lat' dir='ltr'><strong>impossibile</strong></span> <span class='ocrx_word' id='word_1_896' title='bbox 3086 5101 3198 5158; x_wconf 91' lang='lat' dir='ltr'><strong>Deo</strong></span> <span class='ocrx_word' id='word_1_897' title='bbox 3225 5119 3239 5169; x_wconf 93' lang='lat'><strong>;</strong></span> <span class='ocrx_word' id='word_1_898' title='bbox 3279 5099 3376 5156; x_wconf 81' lang='lat' dir='ltr'><strong>sed</strong></span> <span class='ocrx_word' id='word_1_899' title='bbox 3407 5097 3506 5155; x_wconf 72' lang='lat' dir='ltr'><strong>lid-</strong></span> 
     </span>
    </p>
   </div>
   <div class='ocr_carea' id='block_1_111' title="bbox 1905 5189 3508 5268">
    <p class='ocr_par' dir='ltr' id='par_1_111' title="bbox 1905 5189 3508 5268">
     <span class='ocr_line' id='line_1_111' title="bbox 1905 5189 3508 5268; baseline -0.002 -13"><span class='ocrx_word' id='word_1_900' title='bbox 1905 5199 2069 5255; x_wconf 92' lang='lat' dir='ltr'><strong>tninis</strong></span> <span class='ocrx_word' id='word_1_901' title='bbox 2095 5209 2177 5255; x_wconf 92' lang='lat' dir='ltr'><strong>est</strong></span> <span class='ocrx_word' id='word_1_902' title='bbox 2221 5200 2500 5268; x_wconf 88' lang='lat' dir='ltr'><strong>dubitare,</strong></span> <span class='ocrx_word' id='word_1_903' title='bbox 2533 5199 2630 5255; x_wconf 92' lang='lat' dir='ltr'><strong>Dei</strong></span> <span class='ocrx_word' id='word_1_904' title='bbox 2663 5197 3009 5254; x_wconf 84' lang='lat' dir='ltr'><strong>conﬁrmare.</strong></span> <span class='ocrx_word' id='word_1_905' title='bbox 3045 5195 3174 5261; x_wconf 87' lang='lat' dir='ltr'><strong>Ideo</strong></span> <span class='ocrx_word' id='word_1_906' title='bbox 3207 5189 3508 5267; x_wconf 78' lang='lat' dir='ltr'><strong>promptio-</strong></span> 
     </span>
    </p>
   </div>
   <div class='ocr_carea' id='block_1_112' title="bbox 1905 5276 3511 5374">
    <p class='ocr_par' dir='ltr' id='par_1_112' title="bbox 1905 5276 3511 5374">
     <span class='ocr_line' id='line_1_112' title="bbox 1905 5276 3511 5374; baseline -0.003 -25"><span class='ocrx_word' id='word_1_907' title='bbox 1905 5310 1993 5350; x_wconf 91' lang='lat' dir='ltr'><strong>res</strong></span> <span class='ocrx_word' id='word_1_908' title='bbox 2024 5295 2340 5368; x_wconf 90' lang='lat' dir='ltr'><strong>assumpsit,</strong></span> <span class='ocrx_word' id='word_1_909' title='bbox 2362 5295 2516 5366; x_wconf 91' lang='lat' dir='ltr'><strong>quasi</strong></span> <span class='ocrx_word' id='word_1_910' title='bbox 2546 5294 2753 5348; x_wconf 90' lang='lat' dir='ltr'><strong>electos</strong></span> <span class='ocrx_word' id='word_1_911' title='bbox 2782 5291 2958 5374; x_wconf 87' lang='lat' dir='ltr'><strong>ultimi</strong></span> <span class='ocrx_word' id='word_1_912' title='bbox 2985 5287 3178 5364; x_wconf 82' lang='lat' dir='ltr'><strong>judicii</strong></span> <span class='ocrx_word' id='word_1_913' title='bbox 3203 5291 3286 5348; x_wconf 89' lang='lat' dir='ltr'><strong>sui</strong></span> <span class='ocrx_word' id='word_1_914' title='bbox 3319 5276 3511 5357; x_wconf 84' lang='lat' dir='ltr'><strong>testes,</strong></span> 
     </span>
    </p>
   </div>
   <div class='ocr_carea' id='block_1_113' title="bbox 1909 5471 3514 5549">
    <p class='ocr_par' dir='ltr' id='par_1_113' title="bbox 1909 5471 3514 5549">
     <span class='ocr_line' id='line_1_113' title="bbox 1909 5471 3514 5549; baseline 0.002 -20"><span class='ocrx_word' id='word_1_915' title='bbox 1909 5476 2064 5549; x_wconf 76' lang='lat' dir='ltr'><strong>mide.</strong></span> <span class='ocrx_word' id='word_1_916' title='bbox 2103 5475 2262 5531; x_wconf 81' lang='lat' dir='ltr'><strong>Rom.</strong></span> <span class='ocrx_word' id='word_1_917' title='bbox 2296 5475 2412 5549; x_wconf 84' lang='lat' dir='ltr'><strong>sola</strong></span> <span class='ocrx_word' id='word_1_918' title='bbox 2435 5490 2574 5549; x_wconf 77' lang='lat' dir='ltr'><strong>,_nec</strong></span> <span class='ocrx_word' id='word_1_919' title='bbox 2622 5476 2891 5532; x_wconf 85' lang='lat' dir='ltr'><strong>sorditudo</strong></span> <span class='ocrx_word' id='word_1_920' title='bbox 2923 5478 3136 5549; x_wconf 74' lang='lat' dir='ltr'><strong>peccati.</strong></span> <span class='ocrx_word' id='word_1_921' title='bbox 3163 5471 3346 5549; x_wconf 79' lang='lat' dir='ltr'><strong>Latin.</strong></span> <span class='ocrx_word' id='word_1_922' title='bbox 3374 5521 3386 5540; x_wconf 89' lang='lat'><strong>,</strong></span> <span class='ocrx_word' id='word_1_923' title='bbox 3420 5475 3514 5546; x_wconf 69' lang='lat' dir='ltr'><strong>ne):</strong></span> 
     </span>
    </p>
   </div>
   <div class='ocr_carea' id='block_1_114' title="bbox 1912 5544 3518 5620">
    <p class='ocr_par' dir='ltr' id='par_1_114' title="bbox 1912 5544 3518 5620">
     <span class='ocr_line' id='line_1_114' title="bbox 1912 5544 3518 5620; baseline -0.001 -19"><span class='ocrx_word' id='word_1_924' title='bbox 1912 5547 2180 5617; x_wconf 83' lang='lat' dir='ltr'><strong>turpitudo</strong></span> <span class='ocrx_word' id='word_1_925' title='bbox 2204 5547 2420 5618; x_wconf 84' lang='lat' dir='ltr'><strong>peccati.</strong></span> <span class='ocrx_word' id='word_1_926' title='bbox 2451 5544 2520 5620; x_wconf 88' lang='lat' dir='ltr'><strong>A_t</strong></span> <span class='ocrx_word' id='word_1_927' title='bbox 2569 5561 2727 5620; x_wconf 23' lang='lat' dir='ltr'><strong>mss/.7</strong></span> <span class='ocrx_word' id='word_1_928' title='bbox 2758 5544 2995 5620; x_wconf 77' lang='lat' dir='ltr'><strong>quinque</strong></span> <span class='ocrx_word' id='word_1_929' title='bbox 3022 5549 3299 5620; x_wconf 70' lang='lat' dir='ltr'><strong>distincto</strong></span> <span class='ocrx_word' id='word_1_930' title='bbox 3323 5544 3518 5620; x_wconf 54' lang='lat' dir='ltr'><strong>lectici-</strong></span> 
     </span>
    </p>
   </div>
   <div class='ocr_carea' id='block_1_115' title="bbox 1912 5609 3517 5692">
    <p class='ocr_par' dir='ltr' id='par_1_115' title="bbox 1912 5609 3517 5692">
     <span class='ocr_line' id='line_1_115' title="bbox 1912 5609 3517 5692; baseline 0 -18"><span class='ocrx_word' id='word_1_931' title='bbox 1912 5609 2036 5676; x_wconf 82' lang='lat' dir='ltr'><strong>nent</strong></span> <span class='ocrx_word' id='word_1_932' title='bbox 2082 5609 2324 5676; x_wconf 69' lang='lat' dir='ltr'><strong>nostram</strong></span> <span class='ocrx_word' id='word_1_933' title='bbox 2341 5618 2677 5692; x_wconf 65' lang='lat' dir='ltr'><strong>praeferunt.</strong></span> <span class='ocrx_word' id='word_1_934' title='bbox 2705 5609 2925 5692; x_wconf 57' lang='lat' dir='ltr'><strong>Dicitur</strong></span> <span class='ocrx_word' id='word_1_935' title='bbox 2941 5629 3122 5692; x_wconf 82' lang='lat' dir='ltr'><strong>autem</strong></span> <span class='ocrx_word' id='word_1_936' title='bbox 3149 5613 3359 5692; x_wconf 67' lang='lat' dir='ltr'><strong>peccati</strong></span> <span class='ocrx_word' id='word_1_937' title='bbox 3376 5609 3517 5676; x_wconf 64' lang='lat' dir='ltr'><strong>torti.</strong></span> 
     </span>
    </p>
   </div>
   <div class='ocr_carea' id='block_1_116' title="bbox 1912 5689 3524 5762">
    <p class='ocr_par' dir='ltr' id='par_1_116' title="bbox 1912 5689 3524 5762">
     <span class='ocr_line' id='line_1_116' title="bbox 1912 5689 3524 5762; baseline 0.002 -19"><span class='ocrx_word' id='word_1_938' title='bbox 1912 5693 2036 5745; x_wconf 85' lang='lat' dir='ltr'><strong>tudo</strong></span> <span class='ocrx_word' id='word_1_939' title='bbox 2055 5734 2070 5756; x_wconf 88' lang='lat'><strong>,</strong></span> <span class='ocrx_word' id='word_1_940' title='bbox 2099 5693 2182 5746; x_wconf 76' lang='lat' dir='ltr'><strong>‘eo</strong></span> <span class='ocrx_word' id='word_1_941' title='bbox 2214 5689 2356 5762; x_wconf 90' lang='lat' dir='ltr'><strong>quod</strong></span> <span class='ocrx_word' id='word_1_942' title='bbox 2383 5689 2455 5746; x_wconf 83' lang='lat' dir='ltr'><strong>ab</strong></span> <span class='ocrx_word' id='word_1_943' title='bbox 2482 5699 2687 5746; x_wconf 72' lang='lat' dir='ltr'><strong>teterna</strong></span> <span class='ocrx_word' id='word_1_944' title='bbox 2732 5689 2920 5760; x_wconf 77' lang='lat' dir='ltr'><strong>regula</strong></span> <span class='ocrx_word' id='word_1_945' title='bbox 2949 5689 3200 5750; x_wconf 72' lang='lat' dir='ltr'><strong>deﬂectat</strong></span> <span class='ocrx_word' id='word_1_946' title='bbox 3243 5705 3311 5746; x_wconf 84' lang='lat' dir='ltr'><strong>ac</strong></span> <span class='ocrx_word' id='word_1_947' title='bbox 3332 5690 3524 5748; x_wconf 83' lang='lat' dir='ltr'><strong>detor-</strong></span> 
     </span>
    </p>
   </div>
   <div class='ocr_carea' id='block_1_117' title="bbox 1910 5770 3118 5834">
    <p class='ocr_par' dir='ltr' id='par_1_117' title="bbox 1910 5770 3118 5834">
     <span class='ocr_line' id='line_1_117' title="bbox 1910 5770 3118 5834; baseline -0.005 -16"><span class='ocrx_word' id='word_1_948' title='bbox 1910 5773 2163 5834; x_wconf 82' lang='lat' dir='ltr'><strong>queatur.</strong></span> <span class='ocrx_word' id='word_1_949' title='bbox 3115 5770 3118 5774; x_wconf 86' lang='lat'>&#39;</span> 
     </span>
    </p>
   </div>
  </div>
