4008 6352
620 325 761 384 1065

1981 314 2231 376 SANCTI
2261 314 2593 378 AMBROSII

3683 327 3693 332 ‘
3796 313 3875 370 liii

614 444 709 515 qui
738 441 1030 498 verborum
1062 438 1181 510 ejus
1207 444 1569 510 agnoscerent
1593 441 2014 494 sacramentum.
2050 437 2214 492 Deni—
2237 444 2293 507 Α
2315 438 2594 495 dilueret?
2623 435 2740 512 Ego
2763 437 3016 498 osculum
3059 449 3179 494 non
3216 445 3382 508 nego
3413 448 3431 489 :
3468 429 3595 502 ipse
3619 428 3805 498 viderit,
3825 450 3876 501 qs.

611 551 722 607 que
747 535 838 590 alii
872 532 1246 599 dormiebant,
1293 530 1382 586 isti
1412 529 1516 586 soli
1545 529 1646 584 ﬁda
1680 540 1862 585 mente
1888 528 2206 600 vigilabant.

615 625 772 684 Unde
800 635 854 682 et
885 640 981 695 per
1017 623 1342 680 Hieremiam
1388 620 1630 677 nondum
1659 627 1917 691 suscepto
1942 635 2175 690 corpore
2193 659 2209 684 ,

609 719 726 790 ipse
771 717 881 773 ait:
915 726 943 756 ⁸
981 716 1093 788 Ego
1138 717 1269 772 sicut
1311 731 1474 787 agnus
1523 714 1707 769 ductus
1750 730 1886 780 sum,
1927 722 1976 768 et
2019 711 2209 766 nescivi

607 810 630 882 (
653 808 846 864 Jerem.
892 823 968 877 xt,
1014 807 1080 862 l9
1110 808 1153 879 ).
1195 805 1336 876 Quid
1379 814 1462 862 est
1504 806 1646 877 quod
1688 805 1896 860 neseiat
1932 802 2210 874 Sapientia

608 902 728 968 Dei,
758 917 877 972 qua:
904 902 958 956 in
985 915 1187 956 arcano
1220 899 1394 954 Patris
1421 912 1639 968 semper
1663 896 1789 953 est?
1815 896 1880 951 Et
1902 895 2030 951 ideo
2049 909 2209 951 enar-

606 997 746 1052 ravit
772 993 952 1050 omnia
975 993 1148 1049 Filius
1177 992 1299 1060 Dei,
1327 991 1452 1063 quia
1480 991 1576 1046 Dei
1599 989 1778 1045 Patris
1806 988 1920 1060 ipse
1943 985 2205 1058 sapientia

604 1097 706 1145 est.
741 1087 1028 1157 Quomodo
1053 1085 1330 1158 prmseivit
1357 1100 1418 1141 se
1443 1085 1586 1141 sicut
1611 1098 1809 1155 agnum
1838 1097 1960 1138 esse
1999 1080 2207 1136 ducen-

602 1180 754 1247 dum,
786 1189 842 1236 et
868 1195 975 1251 quo
1000 1179 1296 1235 duceretur
1343 1177 1587 1233 nescisse
1617 1191 1677 1231 se
1712 1175 1889 1230 dicit?
1917 1173 2025 1229 Aut
2069 1185 2207 1244 quo-

603 1275 766 1332 modo
798 1275 850 1330 in
882 1273 1252 1344 superioribus
1282 1286 1381 1344 per
1408 1286 1471 1326 os
1501 1270 1672 1340 ipsius
1701 1267 1869 1323 David
1895 1266 1970 1321 ait
1995 1284 2008 1320 :
2041 1264 2200 1332 Deus,

603 1369 745 1426 Deus
794 1386 971 1436 meus,
1037 1369 1236 1438 respice
1276 1366 1332 1419 in
1375 1381 1457 1419 me
1491 1378 1512 1418 :
1560 1379 1718 1433 quare
1767 1378 1846 1416 me
1887 1358 2206 1429 dereliquisti

599 1461 775 1534 (Psal.
806 1477 920 1529 xxi,
947 1460 1049 1531 2)?
1075 1456 1366 1528 Quomodo
1395 1455 1795 1525 derelinquitur
1838 1468 1868 1508 a
1915 1452 2078 1507 Patre
2111 1449 2204 1504 Fi-

597 1554 726 1622 lius,
776 1555 868 1625 qui
897 1554 1012 1608 ait:
1046 1551 1116 1605 Et
1162 1567 1264 1605 non
1296 1565 1409 1604 sum
1437 1549 1620 1612 solus;
1649 1547 1769 1618 quia
1815 1544 1975 1599 Pater
2005 1559 2203 1597 mecum

593 1659 670 1706 est
701 1649 720 1714 (
745 1647 908 1703 Joan.
944 1661 1055 1710 xvr,
1086 1644 1157 1702 52
1185 1644 1247 1716 )‘l
1279 1643 1349 1698 Et
1377 1641 1544 1697 alibi:
1572 1640 1821 1695 Traditus
1843 1653 1983 1703 sum,
2010 1646 2058 1692 et
2097 1651 2199 1690 non

592 1741 887 1814 egrediebar
914 1739 1100 1814 (Psul.
1127 1753 1376 1804 Lxxxvn,
1401 1734 1506 1808 9)?
1533 1733 1599 1790 Et
1625 1732 1752 1788 alibi
1780 1750 1794 1788 :
1819 1729 2128 1796 Exsurrexi,
2152 1735 2200 1782 et

2315 530 2605 588 violaveris
2651 533 2821 589 osculi
2864 532 3250 588 sanctitatem.
3307 527 3406 584 An
3461 539 3579 581 non
3617 523 3876 595 legatique

2314 623 2534 679 utiliora
2565 634 2693 679 sunt
2719 625 2945 681 vulnera
2968 623 3161 689 amici,
3210 635 3400 694 quam
3435 617 3737 673 voluntaria
3760 621 3876 672 oscula

2313 714 2517 771 inimici
2570 715 2773 789 (Prov.
2823 732 2991 785 xxvu,
3031 717 3066 772 6
3092 716 3151 788 Π
3198 714 3326 771 Nec
3380 709 3676 768 immerito
3711 713 3877 780 gratiae

2313 807 2421 864 telo
2454 817 2619 863 tantze
2646 808 2976 880 dignationis
3010 821 3325 880 percussus
3357 812 3457 862 est
3488 800 3686 868 Iudas,
3718 809 3877 872 quam:

2311 917 2436 958 eum
2489 901 2717 957 fulmine
2760 901 3107 973 perculisset.
3157 900 3440 970 Denique
3494 894 3791 967 patientiam
3820 895 3878 950 lis-

2310 995 2444 1051 mini
2479 995 2625 1050 ferre
2655 1010 2762 1050 non
2799 995 2994 1063 potuit,
3023 992 3198 1066 εει
3241 1005 3267 1032 ο
3304 993 3412 1062 qui
3451 989 3786 1059 maiestatem
3808 1004 3880 1058 pm-

2308 1087 2446 1144 didit
2468 1103 2484 1153 ;
2506 1087 2646 1144 adeo
2672 1095 2731 1143 ut
2755 1087 2861 1144 sibi
2887 1087 2988 1156 ipsi
3017 1089 3152 1143 tanti
3184 1085 3448 1142 sceleris
3472 1093 3670 1139 reatus
3693 1098 3785 1137 non
3809 1098 3880 1151 res

2308 1188 2394 1236 set
2423 1181 2590 1236 ablui.
2623 1180 2810 1253 Itaque
2853 1180 3025 1247 abiit,
3065 1179 3370 1250 pecuniam
3405 1175 3669 1239 refudit;
3698 1174 3786 1230 hoc
3819 1187 3879 1234 es.

2306 1273 2692 1331 condemnavit
2734 1275 3015 1330 avaritiam
3044 1288 3203 1329 suam
3248 1280 3441 1326 tantm
3489 1267 3786 1338 impietatis
3807 1283 3883 1322 as:-

2307 1377 2515 1434 torem,
2568 1370 2798 1439 pretium
2847 1367 3087 1438 perﬁdia:
3136 1380 3459 1439 synagoga:
3515 1361 3775 1418 reddidit.

2305 1469 2599 1516 excusatur
2630 1459 2909 1531 proditor,
2941 1459 3033 1531 qui
3063 1457 3426 1530 poenitentiae
3479 1455 3677 1510 locum
3713 1452 3883 1508 invenire

2304 1566 2414 1607 non
2463 1551 2677 1623 potuit;
2711 1552 2806 1609 sed
2838 1559 3132 1608 acervatur
3167 1548 3560 1618 sacrilegium
3611 1544 3879 1602 ludum.

2302 1644 2395 1714 qui
2433 1647 2596 1698 etiam
2638 1644 2932 1715 proditoris
2974 1642 3200 1698 vocibus
3243 1649 3610 1712 arguuntur.
3654 1637 3744 1693 llle
3779 1652 3878 1691 suis

2301 1738 2510 1793 crimen
2557 1737 2779 1808 agnovit
2807 1737 3033 1802 dicens,
3063 1736 3210 1806 quod
3260 1733 3587 1790 tradiderit
3628 1731 3877 1803 sanguinea

591 1839 764 1892 adhuc
793 1847 957 1890 tecum
983 1850 1098 1890 tum
1125 1832 1144 1905 (
1177 1829 1322 1887 Ρεαι·
1352 1843 1614 1895 “milli,
1637 1827 1670 1884 8
1699 1826 1759 1898 )ῗ
1783 1826 1887 1881 ῐιίεί
1915 1833 1978 1880 ιιι
1999 1821 2196 1879 θάνω·
2221 1839 2272 1902 Β
2295 1833 2500 1904 justum
2525 1851 2540 1890 :
2574 1831 2666 1889 isti
2691 1841 2744 1888 et
2763 1832 2994 1903 pretium
3023 1831 3249 1886 sceleris
3269 1836 3664 1900 receperunt,
3693 1836 3743 1881 et
3760 1826 3877 1880 acrio-

592 1941 678 1988 tas
704 1930 848 2002 quod
876 1929 1160 1985 ltominum
1192 1939 1414 1982 sensum
1442 1922 1719 1993 exprimit,
1749 1919 1840 1991 qui
1866 1925 2053 1988 putant
2081 1928 2142 1970 se
2161 1929 2192 1969 a

591 2025 823 2083 Domino
853 2039 974 2090 suo,
1007 2020 1226 2094 quando
1268 2029 1398 2075 sunt
1440 2017 1495 2072 in
1538 2013 1826 2086 periculis,
1873 2010 2188 2066 derelictos.

592 2119 837 2190 Denique
863 2115 988 2170 audi
1027 2113 1171 2186 quod
1198 2111 1474 2182 sequitur:
1511 2107 1707 2180 Longe,
1736 2104 1932 2175 inquit,
1962 2120 1994 2157 a
2024 2101 2192 2157 salute

587 2226 724 2278 mea,
772 2209 921 2265 verba
965 2206 1270 2262 delictorum
1299 2217 1529 2257 meorum
1573 2198 1766 2270 (Psal.
1796 2213 1920 2262 xxi,
1943 2195 2052 2268 2);
2087 2193 2189 2248 hoc

584 2314 696 2372 est,
726 2304 833 2360 alia
861 2301 1025 2360 verba
1057 2308 1188 2357 sunt
1213 2295 1566 2360 delictorum,
1604 2293 1710 2348 alia
1737 2296 2081 2346 sacramenta
2103 2301 2189 2342 sa-

584 2397 713 2454 lutis
759 2405 996 2452 :eternte.
1047 2392 1164 2448 Non
1205 2388 1564 2462 praejudieant
1602 2384 1769 2440 verba
1809 2379 2035 2437 virtuti:
2074 2379 2187 2436 suis

581 2489 794 2546 viribus
839 2485 1147 2543 substantia
1193 2481 1373 2538 divina
1429 2479 1670 2534 fulcitur.
1719 2475 1892 2530 llomo
1937 2472 2183 2537 videtur,

581 2583 747 2638 homo
801 2580 1055 2642 auditur,
1111 2578 1254 2633 Deus
1302 2577 1358 2630 in
1415 2572 1675 2643 operibus
1723 2570 2056 2641 agnoscitur.
2119 2563 2187 2620 Et

585 2683 769 2731 tamen
821 2673 889 2727 de
936 2670 1039 2726 hoc
1087 2667 1307 2724 homine
1357 2665 1563 2722 dictum
1613 2672 1737 2719 est:
1788 2659 1856 2716 Et
1907 2661 2060 2714 homo
2112 2668 2185 2714 est

578 2777 628 2821 et
683 2765 799 2836 quis
839 2770 1109 2834 cognoscet
1163 2775 1279 2816 eum
1329 2758 1349 2829 (
1389 2755 1584 2814 Jerem,
1645 2769 1795 2819 xvn,
1847 2752 1883 2808 9
1927 2752 1992 2817 )?
2041 2749 2184 2818 Quid

575 2866 684 2924 est,
743 2855 899 2926 quis?
952 2852 1070 2910 Non
1125 2867 1236 2923 quo
1299 2864 1482 2915 nemo,
1538 2845 1636 2903 sed
1683 2861 1791 2916 quo
1844 2858 2020 2907 rarus,
2075 2857 2184 2913 quo

573 2949 834 3019 sapiens;
882 2945 1023 3001 sicut
1068 2943 1239 2998 illud:
1291 2941 1420 3009 Quis
1447 2937 1686 2993 ascendet
1731 2938 1785 2991 in
1815 2947 2039 2990 montem
2071 2933 2183 2988 Do-

569 3042 696 3096 mini
720 3041 745 3095 1’
773 3039 904 3107 Quis
936 3039 1144 3107 sapiens
1194 3043 1244 3089 et
1286 3033 1539 3103 intelliget
1569 3045 1628 3084 ea
1658 3027 1680 3102 (
1708 3029 1828 3084 Ose.
1855 3043 1969 3094 xtv,
2029 3025 2092 3083 l0
2115 3026 2132 3096 )
2158 3026 2182 3080 ?

575 3134 824 3206 Denique
844 3132 1008 3187 alibi:
1044 3129 1140 3185 Vir
1164 3127 1413 3198 insipiens
1436 3142 1539 3179 non
1571 3122 1834 3194 cognoscit
1862 3138 1943 3187 ea,
1979 3131 2028 3176 et
2051 3121 2182 3176 stul-

2297 1926 2450 1982 ribus
2481 1924 2674 1981 studiis
2700 1925 2925 1994 justitia:
2955 1923 3258 1995 principem
3291 1921 3600 1992 persecuti
3633 1927 3771 1975 sunt.
3799 1917 3875 1973 κερ

2293 2018 2361 2074 ad
2423 2018 2653 2073 istorum
2715 2018 2959 2073 omnium
3011 2025 3337 2087 perpetuam
3396 2013 3873 2070 condemnationem

2294 2110 2436 2166 latro
2475 2109 2766 2165 cruciﬁxus
2811 2109 3151 2174 absolvitur;
3199 2109 3328 2180 quia
3379 2107 3488 2164 ille
3538 2106 3805 2163 Christum
3835 2104 3868 2156 is

2291 2201 2570 2272 suppliciis
2605 2202 2826 2273 agnovit
2865 2201 3000 2267 suis,
3041 2216 3203 2270 quem
3243 2200 3334 2255 isti
3379 2200 3441 2254 in
3481 2199 3771 2255 berteﬁciis
3801 2213 3870 2251 aea

2289 2305 2665 2365 agnoverunt:
2689 2304 2745 2350 et
2760 2305 3043 2366 peccatum
3066 2309 3223 2350 suum
3247 2293 3559 2350 confessus
3576 2303 3665 2350 est
3679 2291 3866 2355 ChrLsto,

2288 2389 2379 2460 qui
2408 2390 2575 2445 sciret
2603 2389 2917 2461 ignoscere;
2943 2390 3068 2460 quia
3094 2389 3148 2444 in
3179 2402 3348 2445 cruce
3376 2403 3487 2443 sua
3549 2403 3776 2458 regnum
3797 2385 3868 2441 Ds-

2289 2481 2427 2538 mini
2468 2492 2650 2538 mente
2677 2480 2985 2553 conspexit,
3012 2480 3160 2553 quod
3188 2482 3242 2536 in
3267 2481 3538 2537 convivio
3567 2479 3766 2536 Christi
3801 2477 3866 2532 εἰς

2287 2575 2385 2632 das
2412 2575 2598 2632 videre
2625 2590 2731 2630 non
2764 2574 2955 2644 potuit.
2981 2573 3106 2629 Ideo
3135 2574 3519 2643 precationem
3547 2573 3769 2628 latronis
3789 2586 3861 2622 nu

2287 2677 2474 2726 secuta
2493 2678 2578 2724 est
2596 2668 2836 2724 cmlestis
2859 2666 3198 2737 hujusmodi:
3234 2668 3426 2735 Amen,
3450 2684 3633 2732 amen,
3664 2667 3770 2720 dico
3787 2665 3864 2722 tibi.

2289 2761 2443 2815 hodie
2468 2777 2665 2816 mecum
2697 2761 2798 2815 eris
2823 2761 2879 2814 in
2907 2760 3152 2829 paradiso
3179 2760 3198 2829 (
3228 2757 3359 2814 Luc.
3390 2775 3557 2821 xxnt,
3591 2757 3666 2813 45
3696 2762 3734 2829 ).
3774 2757 3863 2812 Tri-

2287 2853 2572 2924 pudiabas,
2586 2853 2774 2919 draco,
2791 2852 2934 2924 quod
2952 2852 3258 2920 apostolum
3278 2853 3644 2909 subtraxeras
3653 2849 3860 2908 Christo:

2287 2946 2407 3016 plus
2437 2945 2672 3000 ainisisti
2701 2961 2861 3015 quam
2905 2944 3193 3010 sustulisti,
3226 2945 3318 3014 qui
3346 2945 3628 3002 latronem
3665 2944 3803 3000 vides
3825 2946 3859 2999 ia

2285 3041 2604 3112 paradisum
2636 3054 2760 3095 esse
2787 3038 3129 3094 translatum.
3159 3037 3334 3093 Nemo
3353 3048 3444 3095 est
3479 3042 3578 3110 qui
3611 3041 3773 3107 possit
3795 3053 3861 3092 ex-

2283 3134 2452 3198 cludi,
2485 3133 2703 3204 quando
2750 3142 3002 3202 receptus
3029 3142 3115 3188 est
3141 3131 3310 3198 latro,
3343 3132 3607 3188 minister
3635 3142 3780 3196 tuus;
3823 3141 3858 3184 et

578 3238 661 3284 tus
707 3245 812 3284 non
869 3225 1114 3296 intelligit
1152 3223 1261 3278 [nec
1302 3221 1323 3294 (
1351 3219 1497 3274 Psal.
1535 3233 1649 3284 xci,
1677 3218 1708 3271 7
1734 3217 1778 3287 ).
1830 3217 1897 3272 Et
1953 3224 2009 3270 tu
2048 3230 2179 3286 ergo
2205 3219 2250 3283 C
2282 3240 2350 3281 eo
2381 3223 2645 3294 pervenit,
2677 3224 2822 3279 unde
2849 3226 2967 3293 ipse
2991 3223 3240 3294 deiectus
3268 3239 3353 3279 es.

570 3338 696 3380 eum
729 3322 864 3392 legis
897 3319 1276 3389 Evangeliunt,
1302 3313 1330 3354 ι’
1355 3313 1507 3384 quasi
1535 3313 1754 3382 sapiens
1771 3320 1826 3365 et
1849 3324 1957 3364 non
1979 3308 2180 3363 stultus

570 3429 843 3487 cognosce
883 3428 1003 3483 qua:
1041 3408 1214 3480 legis:
1264 3408 1535 3463 illuminet
1582 3415 1635 3460 te
1673 3403 1968 3476 Sapientia:
2001 3402 2179 3472 fulgor

567 3519 813 3566 teternm.
862 3505 1039 3562 Verba
1067 3502 1285 3574 quidem
1313 3511 1441 3556 sunt
1465 3516 1481 3566 ;
1512 3498 1608 3554 sed
1636 3509 1690 3554 et
1731 3499 1848 3568 ipsa
1877 3495 2174 3562 mundant,

567 3613 626 3658 et
652 3603 767 3672 ipsa
797 3599 1126 3664 illuminant,
1155 3604 1211 3650 et
1241 3595 1355 3666 ipsa
1381 3594 1733 3659 conﬁrmant,
1775 3598 1833 3646 et
1857 3592 1970 3662 ipsa
2001 3589 2177 3644 viviﬁ-

566 3691 884 3752 cant.Unde
896 3691 968 3746 ait
993 3690 1213 3746 Petrus:
1245 3685 1568 3748 Domine,ad
1589 3701 1736 3754 quem
1757 3684 1982 3738 ibimus?
2009 3682 2175 3737 Verba

565 3790 685 3845 vitae
709 3795 917 3843 (sternte
937 3783 1116 3850 habes,
1139 3791 1186 3838 et
1214 3799 1314 3837 non
1330 3779 1677 3850 relinquemus
1698 3787 1746 3832 te
1764 3777 1818 3850 (1
1829 3793 2031 3841 oan.vt,
2057 3775 2172 3848 69).

640 3881 731 3938 t7.
774 3880 1020 3948 Denique
1069 3883 1129 3930 ut
1171 3874 1624 3938 adverteremus,
1675 3869 1820 3940 quod
1871 3869 2171 3925 secundum

567 3974 847 4032 heminem
880 3972 1097 4027 locutus
1128 3977 1310 4032 esset,"
1332 3965 1494 4036 paulo
1526 3973 1648 4034 post
1678 3963 1854 4018 dixit:
1903 3961 2038 4017 Ecce
2076 3977 2173 4030 ap-

564 4068 877 4139 propinquat
905 4068 1055 4131 tiora,
1085 4071 1142 4116 ut
1172 4057 1350 4114 Filius
1377 4057 1599 4112 hominis
1629 4055 1865 4110 tradatur
1893 4055 1947 4109 in
1986 4071 2170 4110 manus

563 4170 886 4233 peccatorum
925 4153 1164 4229 (Matth.
1208 4168 1358 4219 xxvi,
1403 4150 1478 4207 45
1504 4151 1546 4222 ).
1594 4150 1659 4204 Et
1697 4147 1856 4205 Judm
1895 4147 2167 4203 osculanti

561 4255 676 4309 ait:
708 4251 741 4307 .l
750 4252 875 4319 uda,
906 4248 1084 4304 osculo
1113 4248 1285 4317 ﬁlium
1311 4243 1529 4300 hominis
1556 4243 1763 4308 tradis;
1797 4241 1900 4296 hoc
1930 4249 2037 4307 est,
2067 4256 2166 4296 ve-

563 4361 764 4403 nenum
813 4342 1052 4398 infundis
1080 4339 1294 4404 osculo,
1327 4353 1435 4407 quo
1462 4339 1638 4408 gratia
1664 4334 1953 4391 charitatis
1983 4334 2164 4388 inluu-

561 4438 712 4496 ditur
736 4455 749 4492 :
771 4431 974 4492 osculo
1017 4431 1164 4504 quod
1190 4445 1360 4485 sacrae
1401 4428 1551 4499 pacis
1581 4427 1796 4497 insigne
1823 4436 1908 4481 est
1933 4443 1948 4480 :
1976 4424 2164 4480 osculo

2357 3317 2444 3372 18.
2490 3317 2876 3372 Subtexuimus
2913 3317 3016 3372 ista
3064 3325 3288 3387 propter
3321 3316 3478 3371 illum
3518 3316 3856 3379 versiculum.

2282 3409 2406 3481 quia
2436 3409 2600 3465 dixit:
2638 3408 2707 3465 Ut
2748 3410 2939 3481 faciam
2977 3408 3293 3464 uoluntatem
3331 3420 3516 3465 tuam:
3551 3410 3692 3465 Dm
3731 3428 3856 3475 nas,

2280 3500 2460 3568 uolui;
2503 3500 2604 3556 hoc
2644 3511 2750 3566 est,
2787 3501 3088 3557 divinitatis
3133 3501 3263 3556 mihi
3303 3513 3510 3568 tecum,
3556 3501 3738 3568 Pater,
3780 3517 3854 3556 una

2280 3593 2533 3648 voluntas
2578 3602 2684 3650 est.
2721 3595 2786 3649 Et
2826 3595 2952 3666 quia
2985 3611 3092 3650 una
3123 3594 3396 3661 voluntas,
3429 3611 3541 3651 una
3588 3596 3852 3651 substantia

2278 3694 2365 3741 est
2394 3701 2409 3750 ;
2437 3687 2562 3756 quia
2593 3696 2649 3742 et
2683 3687 3067 3758 inseparabilis
3093 3687 3371 3758 maiestas,
3401 3700 3461 3744 et
3495 3689 3742 3760 potentia
3769 3689 3854 3743 Tri-

2276 3778 2482 3834 nitatis.
2515 3780 2622 3836 Sed
2650 3781 2757 3835 alia
2789 3797 2890 3836 vox
2917 3784 3119 3849 carnis,
3151 3791 3206 3837 et
3234 3794 3416 3838 tamen
3444 3783 3512 3838 ad
3549 3786 3849 3840 voluntates:

2275 3871 2374 3928 Dei
2428 3883 2483 3929 et
2519 3873 2634 3942 ipsa
2669 3877 2948 3931 consensit
2985 3876 3198 3932 dicens:
3239 3875 3363 3930 Non
3396 3878 3542 3946 quod
3581 3895 3679 3949 ego
3716 3879 3848 3942 sola,

2271 3966 2364 4018 sed
2391 3966 2533 4035 quod
2577 3975 2632 4020 tu
2673 3967 2748 4021 vis
2780 3965 3000 4040 (Marc.
3049 3984 3158 4035 xiv,
3183 3968 3250 4023 57
3283 3969 3320 4039 ).
3365 3968 3436 4024 Et
3477 3967 3618 4024 alibi
3645 3987 3659 4023 :
3693 3969 3752 4026 Si
3775 3986 3850 4023 aea

2271 4067 2436 4126 potest
2463 4058 2560 4112 hoc
2585 4060 2808 4113 transire
2829 4099 2847 4127 ,
2879 4059 2979 4114 nisi
3004 4060 3142 4114 illud
3167 4060 3357 4126 bibant,
3400 4062 3497 4130 ﬁat
3527 4065 3766 4118 voluntas
3787 4075 3850 4116 tu
3940 4058 3941 4108 ἒ

2270 4147 2290 4220 (
2318 4148 2512 4204 Matth.
2555 4165 2697 4217 xxv,
2725 4151 2798 4206 42
2829 4149 2870 4222 ).
2909 4151 3225 4208 Communis
3259 4153 3490 4210 aﬁ'ectus
3523 4167 3616 4212 est
3652 4169 3849 4211 mortem

2269 4240 2488 4308 timere,
2518 4257 2681 4312 quam
2712 4244 2956 4314 suscepit
2983 4241 3261 4311 Christus;
3289 4255 3347 4301 ut
3368 4247 3744 4319 cruciﬁgeret,
3773 4249 3848 4302 sic.

2268 4343 2328 4388 ut
2351 4335 2642 4400 cruciﬁxit.
2669 4343 2730 4391 et
2753 4351 2972 4392 carnem
3001 4352 3016 4402 ;
3057 4337 3194 4393 mihi
3218 4337 3366 4393 enim
3393 4349 3483 4394 est
3507 4341 3765 4405 Iuctatus,
3806 4347 3848 4391 ut

2267 4427 2400 4481 mihi
2439 4427 2705 4484 vinceret.
2760 4427 2874 4484 Etsi
2899 4443 3029 4484 caro
3057 4427 3256 4484 Christi
3303 4429 3487 4496 fortis,
3517 4446 3629 4488 nec
3654 4441 3847 4502 peccato
3940 4427 3941 4502 ᾗ

561 4547 672 4606 quo
700 4529 936 4587 amicitia
970 4526 1073 4582 lida
1103 4524 1382 4579 ﬁrmatur:
1414 4519 1624 4587 osculo,
1655 4533 1763 4589 quo
1791 4516 1929 4572 ﬁdes
1975 4526 2164 4570 sancta
2188 4600 2211 4606 _
2265 4516 2534 4583 obnoxia;
2563 4527 2744 4574 tamen
2778 4528 2998 4587 peccata
3025 4522 3302 4592 suscepit:
3354 4521 3716 4580 inﬁrmitates
3757 4539 3848 4578 sus-

558 4600 843 4698 signatur?
895 4620 1008 4676 lloc
1045 4632 1175 4689 ergo
1221 4613 1410 4670 osculo
1457 4611 1630 4668 tradis
1675 4609 1953 4681 periculo,
1998 4623 2158 4680 quem
2188 4600 2238 4662 υ
2264 4612 2430 4681 cepit,
2461 4612 2564 4666 etsi
2603 4613 2740 4668 nihil
2770 4611 2958 4668 habuit
2999 4614 3145 4684 quod
3177 4613 3408 4670 doleret.
3445 4615 3707 4687 Denique
3747 4616 3846 4670 aut”:

557 4725 784 4792 propter
819 4712 996 4772 osculi
1035 4707 1425 4768 commercium
1475 4702 1728 4762 venerari
1773 4702 2044 4758 deberes?
2092 4701 2159 4757 Et

557 4810 731 4868 tradis
778 4807 948 4864 ﬁlium
981 4802 1224 4862 hominis
1252 4799 1449 4865 homo,
1476 4798 1568 4870 qui
1615 4805 1834 4868 propter
1875 4795 2154 4852 hominum

553 4901 784 4959 salutem
810 4897 1096 4954 descendit
1132 4894 1202 4952 de
1229 4891 1414 4950 caelo?
1441 4890 1533 4948 Sic
1566 4891 1713 4946 enim
1742 4889 2007 4959 scriptum
2033 4898 2114 4943 est
2137 4907 2150 4944 :

554 4994 727 5052 Filius
750 4994 973 5050 hominis
996 4991 1088 5064 qui
1108 4998 1185 5046 est
1204 4989 1260 5043 in
1287 4986 1438 5050 etelo,
1470 4984 1580 5055 ipse
1624 4991 1700 5038 est
1727 4982 1816 5052 qui
1839 4981 2153 5036 descendite

551 5092 678 5147 caelo
708 5088 907 5162 (Joan.
932 5101 1014 5154 ut,
1059 5084 1130 5140 t3
1161 5087 1202 5154 ).
1249 5081 1449 5137 Filium
1477 5077 1713 5132 hominis
1739 5076 1933 5141 tradis,
1964 5078 2056 5147 qui
2098 5086 2151 5132 te

549 5199 618 5241 ex
646 5192 932 5255 peccatore
959 5176 1267 5249 apostolum
1314 5172 1479 5228 fecit:
1523 5168 1724 5224 Filium
1754 5167 1992 5224 hominis
2040 5179 2149 5223 tra-

547 5277 656 5346 dis,
686 5277 775 5347 qui
821 5272 991 5340 venit,
1025 5281 1086 5327 ut
1115 5270 1169 5324 in
1199 5267 1464 5340 sanguine
1508 5278 1610 5319 suo
1647 5264 1892 5319 omnium
1925 5275 2146 5335 peccata

621 5407 648 5435 ἰ
687 5395 846 5450 Rom.
874 5391 1033 5455 edit.,
1066 5387 1176 5460 Ego
1191 5385 1322 5440 sicut
1343 5400 1508 5460 agnus
1531 5382 1773 5460 innocens
1797 5379 2140 5460 ductussum,

548 5478 605 5524 ut
632 5467 951 5532 sacriﬁcarer
971 5477 988 5528 ;
1005 5451 1226 5532 scilicet
1255 5471 1360 5532 quo
1378 5451 1625 5532 Gnaeum
1658 5453 1843 5532 locum.
1864 5451 2137 5517 redderet,

674 5522 920 5631 Aleg'itnus
953 5522 982 5587 τ’
1003 5531 1132 5608 Ἐγώ
1181 5530 1250 5589 ὡς
1273 5522 1289 5527 “
1310 5528 1476 5604 ἀρνίον
1522 5522 1706 5582 ἄκακον
1755 5522 1994 5596 ἀγόμενον
2047 5529 2137 5578 τοῦ

546 5610 932 5748 θνὶσθᾶδῖηῳιθ
975 5688 1134 5738 mss.,
1163 5669 1306 5748 quasi
1334 5669 1538 5748 sapiens
1566 5677 1623 5748 et
1649 5666 1818 5748 iustus
1858 5680 2129 5748 cognosce.

620 5764 643 5793 ο
685 5736 778 5808 Sic
802 5736 933 5804 edit.
966 5755 1024 5803 et
1067 5736 1200 5800 mss.
1235 5741 1375 5796 Vict.
1398 5736 1457 5796 et
1481 5736 1772 5795 Colb.’nisi
1793 5736 1940 5808 quod
1969 5739 2020 5791 ui
2051 5736 2134 5792 te.

543 5834 699 5897 guut,
729 5863 744 5878 .
790 5859 805 5877 .
851 5858 866 5874 .
905 5818 1033 5872 tanti
1060 5813 1264 5872 sceleris
1289 5828 1428 5881 reus,
1460 5820 1567 5867 etc.
1606 5809 1767 5866 Rom.
1795 5809 1954 5879 edit.,
1985 5808 2132 5878 cujus

2265 4703 2559 4771 dicentem,
2583 4703 2706 4774 quia
2728 4721 2823 4776 pro
2849 4705 2994 4760 nobis
3018 4706 3158 4762 dolet
3184 4706 3204 4779 (
3227 4705 3373 4761 Esai.
3399 4722 3512 4776 un,
3543 4709 3617 4782 4)
3650 4748 3666 4763 .
3691 4747 3708 4762 .
3739 4749 3752 4762 .
3774 4709 3846 4762 dc-

2265 4813 2358 4852 nec
2392 4797 2567 4867 ejiciat
2602 4799 2657 4853 in
2685 4800 2894 4854 ueritate
2911 4800 3172 4872 judicium
3197 4799 3219 4873 (
3246 4799 3392 4855 Esai.
3427 4817 3563 4870 xui,
3595 4800 3635 4857 4
3661 4803 3707 4875 ).
3751 4802 3844 4856 Non

2254 4889 2399 4946 enim
2429 4890 2660 4947 alteram
2692 4907 2914 4949 carnem
2942 4934 2957 4960 ,
3005 4893 3100 4949 sed
3135 4893 3275 4950 hanc
3309 4895 3595 4964 suscepit;
3631 4905 3692 4951 ut
3726 4898 3846 4966 Apo-

2251 4981 2428 5037 stolus
2449 4982 2611 5040 docet
2630 4983 2821 5040 dicens
2846 5001 2862 5039 :
2893 4985 3111 5058 Oportet
3130 4987 3270 5041 enim
3294 4989 3642 5060 corruptibile
3661 4990 3755 5044 hoc
3779 4993 3844 5042 in-

2252 5073 2407 5130 duere
2435 5076 2891 5147 incorruptionem,
2938 5087 2986 5134 et
3023 5079 3241 5134 mortale
3281 5079 3379 5134 hoc
3411 5081 3842 5138 immortalitatem

2253 5168 2273 5240 (
2295 5170 2311 5224 Ι
2331 5171 2450 5226 Cor.
2473 5186 2564 5237 xv,
2596 5171 2670 5228 5'5
2695 5173 2737 5244 ).
2773 5172 2888 5230 Etsi
2919 5173 2985 5228 de
3014 5174 3237 5246 Virgine
3257 5185 3419 5230 natus
3446 5181 3538 5231 est
3567 5187 3628 5232 et
3652 5177 3837 5248 Spiritu

2251 5274 2440 5320 sancto
2460 5304 2476 5332 ,
2507 5273 2688 5321 tamen
2717 5264 2955 5322 hominis
2980 5275 3065 5324 est
3094 5266 3276 5336 ﬁlius;
3311 5270 3438 5340 quia
3466 5267 3642 5326 homo
3671 5270 3837 5342 Virgo.

2249 5380 2570 5463 ntqjestatem
2598 5383 2850 5463 prodidit,
2877 5395 2965 5463 ut_
2960 5385 3060 5440 sibi
3086 5385 3213 5439 tanti
3239 5386 3449 5463 sceleris
3480 5397 3659 5463 reatus
3684 5398 3837 5457 posset

2249 5452 2435 5532 ablui:
2470 5454 2559 5532 sed
2587 5452 2733 5532 abiit,
2764 5464 2885 5532 et_e_.
2922 5455 3124 5532 Torum
3153 5471 3286 5532 vero
3312 5459 3496 5515 locum
3524 5461 3653 5516 cod.
3684 5452 3834 5532 'quin~

2246 5523 2588 5604 quc-gallie.
2631 5525 2703 5581 ita
2745 5526 3041 5604 exhibent:
3089 5529 3204 5597 Quo
3251 5529 3304 5584 in
3343 5533 3607 5604 majorem
3655 5523 3831 5586 reatum

2246 5595 2437 5680 prodiit
2461 5597 2632 5680 audeo
2663 5607 2716 5650 ut
2732 5598 2833 5680 sibi
2862 5599 2962 5672 ipsi
2985 5601 3005 5672 (
3028 5595 3491 5680 quatuor,_ut_sibi
3514 5602 3831 5680 ipsi‘o‘Deo)

2245 5671 2373 5751 tanti
2399 5669 2604 5751 sceleris
2631 5679 2808 5751 reatus
2825 5669 2928 5724 non
2962 5669 3129 5740 posset
3155 5673 3314 5726 ablui.
3351 5669 3561 5745 Itaque‘
3585 5675 3734 5742 obiit,
3760 5690 3830 5744 pc-

2243 5741 2448 5793 cuniam
2474 5741 2757 5808 relatam;
2787 5742 2885 5797 hoc
2913 5754 3012 5808 est,
3041 5752 3362 5809 contemptus
3391 5741 3673 5804 auaritiam
3704 5741 3829 5801 suam

2241 5818 2400 5866 tanta:
2425 5811 2698 5882 impietatis
2724 5814 2922 5869 auctori
2952 5815 3191 5886 pretium,
3221 5823 3330 5869 etc.
