4008 6352
146 357 302 417 1065

138 582 316 629 natus
342 583 427 631 est
455 575 524 632 de
551 577 794 650 homine,
825 582 989 639 homo
1019 586 1238 658 dicitur,
1271 590 1539 650 mediator
1566 594 1661 651 Dei
1701 608 1757 654 et

137 662 460 738 hominum,
502 669 668 729 homo
694 672 943 734 Christus
968 679 1148 737 Jesus.

220 758 317 815 i9.
358 761 651 834 Propterea
695 768 1128 843 incorruptibilis
1168 778 1414 849 suscepit
1446 780 1587 840 hanc
1631 798 1755 841 car-

136 861 303 917 nem,
333 860 389 907 ut
438 850 643 912 faceret
670 859 1178 933 incorruptibilem:
1211 878 1266 924 et
1296 870 1647 941 immortalis,
1695 887 1755 934 ut

133 940 361 1003 faceret
390 947 780 1012 immortalem.
813 957 870 1016 Si
901 960 1022 1030 quis
1060 977 1192 1036 ergo
1219 980 1345 1024 eum
1373 970 1639 1042 sequitur,
1673 974 1755 1029 in-

133 1039 283 1097 duet
308 1041 796 1107 immortalitatem.
843 1052 899 1110 Si
926 1057 1049 1126 quis
1078 1060 1415 1120 voluntatem
1446 1039 1566 1137 ejus
1600 1039 1746 1137 facit,

136 1149 256 1191 non
301 1138 567 1197 morietur
603 1142 661 1199 in
708 1154 1015 1218 aeternum;
1066 1152 1163 1209 sed
1212 1154 1343 1213 dicit
1372 1155 1422 1214 ci
1453 1158 1746 1219 Christus:

134 1226 323 1283 Hodie
344 1246 544 1288 mecum
564 1236 663 1291 eris
685 1237 738 1292 in
763 1242 1011 1312 paradiso
1039 1242 1060 1315 (
1089 1244 1222 1303 Luc.
1254 1266 1406 1317 χχιιι,
1436 1252 1504 1309 65
1534 1254 1574 1324 ).
1605 1254 1747 1324 Quid

134 1330 248 1389 est,
284 1322 481 1381 hodie?
509 1327 622 1386 Hoc
672 1340 775 1399 est,
806 1333 878 1391 de
905 1347 1064 1396 nocte
1094 1343 1359 1413 transisti,
1393 1361 1607 1403 mecum
1638 1351 1749 1405 eris

131 1416 192 1472 in
249 1418 480 1481 lumine.
511 1423 635 1481 Noli
691 1431 946 1488 tenebras
988 1433 1304 1508 formidare,
1348 1458 1510 1514 quem
1540 1453 1747 1500 aeterna

134 1509 231 1566 lux
262 1516 523 1587 suscepit.
552 1518 787 1579 Pulchre
802 1525 966 1581 etiam
989 1529 1311 1601 subiunxit:
1338 1509 1545 1593 Decum
1571 1542 1672 1596 eris
1694 1542 1747 1598 in

136 1607 393 1675 paradiso
425 1608 654 1686 (Ibid);
684 1615 786 1673 hoc
816 1629 920 1685 est,
955 1622 1065 1678 noli
1101 1624 1353 1684 dubitare
1383 1629 1453 1687 de
1478 1647 1664 1702 carne,
1694 1644 1750 1693 et

135 1714 229 1755 tne
261 1700 313 1757 in
340 1718 506 1762 carne
536 1708 752 1767 vidiSti:
800 1715 912 1771 noli
953 1717 1170 1789 timere,
1211 1738 1280 1779 ne
1305 1733 1361 1780 et
1392 1733 1447 1781 tu
1476 1727 1641 1785 cadas
1680 1728 1749 1787 de

132 1793 307 1867 865
351 1799 625 1872 paradiso,
657 1804 796 1861 sicut
835 1809 1037 1866 cecidit
1062 1814 1275 1885 Adamj;
1324 1817 1421 1874 sed
1449 1822 1576 1877 audi
1621 1823 1747 1894 quia

1232 374 1300 433 IN
1338 377 1669 441 PSALiiUM
1708 381 1935 445 XXXIX
1975 386 2404 453 ENARRATIO.

149 473 229 530 Et
262 476 391 536 ideo
418 479 563 552 quod
594 490 775 541 natum
812 496 899 544 est
926 504 991 545 ex
1019 504 1204 561 carne,
1237 509 1366 552 caro
1394 508 1513 553 est:
1570 510 1623 556 et
1668 504 1756 572 qui
1783 515 1837 576 Α
1863 507 2049 578 ipsius.
2080 512 2177 570 Ille
2206 530 2398 573 omnes
2445 531 2575 577 suos

3328 413 3467 473 i066

2624 520 2742 579 vult
2765 537 2911 593 esse,
2962 540 3102 598 quos
3130 529 3377 589 condidit
3407 543 3465 591 et

1859 603 2084 657 creavit.
2114 605 2349 674 Utinam,
2378 619 2430 663 tu
2460 610 2647 681 homo,
2683 630 2788 671 non
2822 616 3016 687 fugias,
3061 629 3115 677 et
3167 632 3220 679 te
3265 624 3381 695 ipse
3426 642 3459 682 a

1856 691 2077 752 Christo
2107 716 2216 756 non
2244 703 2579 785 abscondas:
2606 708 2701 766 ille
2728 711 2895 767 etiam
2918 712 3187 784 fugientes
3206 691 3455 791 requirit,

1855 795 1911 843 et
1934 789 2287 851 absconditos
2329 812 2436 853 non
2466 801 2581 855 vult
2618 804 2827 873 perire,
2860 804 2955 861 sed
2996 806 3199 864 clamat
3224 789 3455 870 dicens:

1852 882 2042 950 Adam,
2067 886 2156 941 ubi
2175 890 2265 944 es?
2307 890 2425 948 Hoc
2460 903 2568 963 est,
2598 894 2783 965 homo,
2810 898 2901 955 ubi
2943 899 3046 959 es?
3071 901 3187 975 Ego
3217 913 3269 961 te
3292 905 3347 962 in
3369 906 3455 963 lu-

1853 980 2001 1037 mine
2030 983 2211 1052 posui,
2239 994 2294 1041 tu
2319 990 2570 1047 tenebras
2594 994 2893 1064 requisisti.

1923 1073 2013 1129 2i.
2060 1075 2303 1150 Denique
2353 1081 2407 1136 in
2453 1085 2725 1156 paradiso,
2769 1088 2860 1144 ubi
2909 1104 3127 1161 semper
3159 1096 3458 1156 matutinus

1851 1176 1970 1221 erat
1996 1166 2136 1236 dies,
2165 1185 2363 1243 vesper
2392 1185 2477 1231 est
2504 1176 2703 1247 factus;
2736 1181 2997 1252 quoniam
3021 1186 3204 1241 omnia
3237 1200 3456 1258 peccata

1852 1260 2143 1319 tenebrosa
2165 1276 2312 1321 sunt.
2342 1265 2581 1341 Ideoque
2608 1271 2777 1329 habes
2801 1272 2993 1345 (lbid.,
3019 1277 3099 1349 8),
3121 1280 3247 1350 quia
3272 1284 3460 1340 audie-

1850 1364 1980 1410 runt
2006 1372 2196 1414 vocem
2231 1360 2443 1418 Domini
2478 1363 2577 1421 Dei
2616 1365 3017 1426 deambulantis
3055 1375 3123 1428 ad
3170 1391 3454 1449 vesperam

1850 1449 1905 1506 in
1937 1452 2208 1521 paradiso.
2249 1455 2423 1512 Simul
2459 1473 2728 1531 cognosce
2772 1465 3117 1535 mysterium.
3166 1470 3323 1529 Mane
3368 1490 3459 1531 er-

1850 1546 1980 1600 rasti
2017 1565 2029 1599 :
2071 1546 2139 1602 ad
2161 1563 2445 1619 vesperam
2473 1551 2815 1610 liheraberis.
2845 1540 3130 1625 Quomodo
3159 1566 3305 1621 enim
3333 1584 3457 1625 vcs-

1850 1657 1998 1713 pera,
2028 1642 2117 1699 ubi
2168 1645 2417 1702 Christus
2462 1649 2585 1703 est?
2611 1648 2745 1706 Nam
2788 1651 2917 1707 licet
2956 1653 3117 1711 sedes
3146 1659 3263 1730 ejus
3288 1677 3451 1732 supra

1848 1738 2047 1793 coelum
2072 1738 2360 1805 caelorum,
2385 1747 2566 1797 tamen
2604 1742 2656 1797 in
2687 1744 2895 1801 sanctis
2927 1748 3041 1803 suis
3065 1748 3313 1808 Christus
3342 1764 3451 1811 est.

1848 1828 2136 1899 Quomodo
2168 1848 2299 1906 ergo
2328 1849 2557 1905 vespera
2589 1836 2679 1892 ubi
2704 1837 2848 1894 Deus
2876 1849 2983 1906 est,
3006 1858 3129 1899 cum
3175 1845 3319 1903 Deus
3358 1849 3454 1905 lux

133 1903 360 1946 mecum
385 1895 517 1962 eris:
544 1911 651 1967 (ιιιο
682 1914 974 1971 lim-“teme.
1001 1906 1200 1965 cadere
1230 1926 1337 1967 non
1364 1916 1563 1984 possis.
1591 1916 1748 1974 Ceci-
1776 1924 1823 1987 Β
1851 1923 1964 1978 sit?
1997 1924 2243 1997 Denique
2268 1926 2434 1982 Saulo
2462 1928 2516 1982 in
2547 1929 2740 1985 itinere
2771 1931 2861 1986 lux
2889 1933 3139 2005 refulsit,
3163 1940 3381 2012 quando
3401 1942 3455 2000 ei

133 1979 214 2012 Ais
239 1984 433 2012 ,ιη-ηε..
459 1992 700 2012 ...._.-_.2-_
759 2010 772 2012 _
830 2007 839 2012 .
1193 2005 1205 2012 .

132 1979 219 2037 dit
237 1984 435 2041 caroin
458 1992 730 2063 paradiso,
752 2007 1040 2069 antequam
1062 1979 1433 2077 susciperetur
1453 2026 1484 2066 a
1505 2011 1743 2071 Christo.

134 2071 216 2129 lbi
249 2077 360 2133 eris
386 2094 694 2153 susceptus,
724 2088 818 2143 ubi
849 2100 903 2145 et
926 2093 1017 2149 ille
1048 2096 1139 2166 qui
1169 2071 1444 2172 suscepit;
1476 2108 1602 2176 quia
1631 2123 1743 2165 non

133 2170 402 2227 mentitus
437 2184 523 2230 est
546 2175 769 2234 dicens:
806 2181 940 2240 Volo
970 2196 1027 2241 ut
1056 2189 1143 2244 ubi
1164 2208 1258 2263 ego
1281 2170 1415 2265 sum,
1452 2170 1509 2253 εί
1524 2199 1604 2254 illi
1642 2202 1746 2257 sint

1849 2016 2103 2077 Christus
2127 2021 2387 2076 occurrit.
2412 2020 2565 2078 Unde
2591 2023 2757 2080 etiam
2779 2024 2983 2086 lumine
3004 2029 3103 2087 Dei
3125 2034 3447 2107 refulgente,

1848 2123 2082 2170 emeatus
2109 2122 2191 2169 est
2220 2126 2559 2185 persecutor.
2594 2115 2702 2173 Cur
2728 2133 2858 2191 ergo
2887 2116 3153 2191 emeatus;
3190 2128 3294 2185 nisi
3324 2131 3453 2201 quia

1850 2222 1955 2262 non
1981 2216 2282 2278 agnoverat
2331 2207 2652 2265 Christum?
2678 2208 2811 2267 Nam
2846 2214 2892 2269 si
2934 2221 3277 2288 cognovisset
3314 2223 3455 2282 lucis

2017 2265 2045 2278 υ
2847 2265 2892 2269 __
2940 2265 3277 2288 ,Ἤρη-νυ.
3314 2265 3455 2282 ...νην

136 2279 338 2319 mecum
366 2266 385 2339 (
410 2265 572 2325 Joan.
600 2288 733 2341 xvu,
764 2274 834 2332 24
864 2276 907 2349 ).
937 2278 1056 2337 Non
1084 2286 1306 2342 recedet
1348 2299 1536 2359 pastor
1563 2308 1590 2346 a
1619 2309 1744 2366 gre-
1845 2294 2134 2368 arbitrum,
2161 2320 2269 2359 non
2290 2303 2568 2360 amisisset
2589 2304 2774 2362 lumen
2801 2308 3103 2366 oculorum.
3130 2313 3375 2389 Denique
3394 2327 3457 2376 et

136 2362 296 2389 ..ειη-,ι
330 2366 442 2389 ---2-
525 2369 579 2389 1·-
604 2382 644 2389 Δ-
680 2372 713 2389 ’ν
833 2375 846 2389 ¹
1052 2380 1065 2389 ⁸
1286 2384 1318 2389 ’⁸

133 2362 298 2435 gibus
328 2366 479 2437 suis,
525 2369 650 2428 licet
674 2372 785 2444 jam
830 2375 1018 2449 lupum
1051 2380 1105 2436 in
1136 2384 1387 2453 paradiso
1411 2388 1606 2446 timere
1624 2362 1738 2451 non

1845 2396 1935 2451 ubi
2190 2397 2452 2468 agnovit,
2497 2399 2726 2469 recepit.
2779 2399 2983 2457 indicio
3030 2417 3114 2461 est
3151 2362 3301 2479 quod
3338 2429 3455 2470 non

136 2460 339 2527 possis,
360 2463 448 2519 cui
477 2464 681 2522 dictum
704 2479 788 2525 est
812 2490 827 2527 :
866 2470 1113 2530 Videbam
1141 2487 1378 2535 satoriam
1400 2483 1535 2539 sicut
1560 2487 1738 2560 fulgur

1845 2460 2461 2559 agnoverit'Ch'riStum,
2496 2492 2586 2562 qui
2625 2491 2810 2547 audita
2842 2508 3019 2552 voce:
3053 2497 3236 2569 Saule,
3262 2503 3453 2573 Saule,

136 2554 203 2609 de
232 2556 362 2612 caelo
391 2560 659 2617 cadentem
682 2562 837 2639 (Luc.
880 2585 937 2633 x,
972 2570 1039 2627 18
1072 2571 1113 2642 ).
1148 2572 1277 2631 ideo
1314 2588 1441 2635 ante
1484 2554 1740 2638 consum-

136 2648 436 2707 mationem
481 2653 829 2715 adversarius
863 2659 1118 2731 dejicitur
1142 2665 1198 2721 in
1226 2666 1561 2741 incendium,
1591 2684 1739 2733 cate-

137 2744 223 2800 nis
251 2760 467 2818 quoque
494 2753 770 2822 perpetuis
799 2753 1094 2829 alligatur;
1122 2770 1183 2816 ut
1212 2771 1266 2819 tu
1289 2763 1402 2835 jam
1441 2766 1622 2825 nullas
1653 2769 1737 2825 in-

1838 2582 1965 2653 quid
1993 2599 2072 2638 me
2099 2586 2422 2652 persequeris
2444 2583 2588 2656 (Act.
2611 2598 2688 2650 tx,
2710 2582 2746 2637 4
2768 2585 2826 2654 )?
2854 2589 3137 2658 respondit
3162 2610 3175 2646 :
3213 2580 3345 2661 Quis
3370 2616 3448 2666 es,

1839 2672 2064 2731 Domine
2093 2674 2287 2749 (Ibid.,
2312 2674 2412 2749 5)?
2444 2674 2562 2730 Non
2594 2676 2883 2746 quaesisset
2913 2680 3035 2750 quis
3061 2689 3315 2751 esset,'si
3351 2704 3451 2746 co-

1838 2768 2135 2840 gnovisset.
2170 2768 2325 2826 Unde
2355 2778 2411 2826 et
2453 2770 2719 2827 Dominus
2761 2771 2920 2841 quasi
2955 2772 3227 2844 ignoranti
3272 2780 3406 2839 dicit
3436 2800 3450 2838 :

135 2835 302 2893 δίδίδδ
328 2840 707 2910 Ρθΐιίιηθεοαεο
1839 2835 1954 2933 Ego
1982 2878 2100 2917 sum
2126 2859 2283 2917 Iesus
2313 2861 2630 2919 Nazarenus
2650 2905 2665 2929 ,
2688 2879 2838 2934 quem
2869 2872 2924 2917 tu
2954 2874 3297 2941 persequeris.
3324 2873 3450 2966 Dp-

207 2932 278 2966 0n
344 2934 407 2966 De
457 2936 618 2966 Αριιι...
648 2948 703 2966 ..ι
734 2943 948 2966 --.μ-η
1011 2964 1024 2966 _
1264 2960 1275 2966 -
1358 2953 1374 2966 .
1527 2965 1530 2966 ,
1990 2955 2073 2966 Α...
2161 2964 2166 2966 ,
2246 2956 2257 2966 .
2513 2959 2523 2966 .
2625 2958 2634 2966 .
2821 2956 2833 2966 .
2872 2957 2883 2966 .
3063 2963 3102 2966 .-

207 2932 298 2989 20.
343 2934 410 2989 Et
447 2936 620 2994 Adam
648 2948 707 2997 ut
730 2943 975 3015 caderet,
1004 2964 1035 3005 a
1057 2960 1313 3023 serpente
1342 2953 1604 3030 deceptus
1624 2966 1732 3028 est,
1836 2932 1952 3010 rum
1980 2955 2073 3011 tibi
2092 2964 2169 3012 est
2188 2956 2436 3012 adversus
2460 2932 2724 3012 stimulum
2748 2932 3023 3016 calcitrare
3051 2932 3239 3037 (Iitt'd.,
3264 2967 3343 3040 5).
3381 2962 3455 3027 Et

131 3033 190 3080 et
217 3025 392 3084 ﬂexus
422 3039 506 3086 est
544 3034 613 3089 ab
640 3051 837 3095 uxore.
883 3039 1011 3098 Ideo
1028 3042 1144 3114 jam
1175 3047 1339 3102 nulla:
1380 3050 1435 3105 in
1480 3025 1733 3123 paradiso
1832 3047 1931 3105 ille
1952 3049 2127 3105 dixit:
2157 3047 2403 3118 Domine,
2427 3053 2553 3123 quid
2581 3069 2660 3108 me
2697 3062 2899 3126 oportet
2924 3058 3097 3126 facere
3125 3058 3316 3129 (Ibid.,
3344 3061 3401 3128 6)
3426 3065 3452 3117 ἲ

132 3119 358 3190 nuptiae,
389 3122 486 3179 sed
514 3140 707 3185 omnes
750 3142 912 3189 erunt
937 3134 1055 3192 sine
1084 3119 1496 3199 celebritatibus
1520 3147 1733 3217 nuptia-

1845 3141 1973 3201 Vide
1994 3146 2348 3216 congruentia
2395 3146 2669 3217 utrimque
2712 3152 3047 3222 magisteria.
3076 3152 3317 3210 Medicus
3344 3157 3448 3211 mi-

129 3226 271 3281 rum,
305 3214 445 3271 sicut
464 3220 640 3291 angeli
658 3221 712 3278 in
734 3224 900 3282 ctelo.
930 3227 1050 3285 Non
1078 3230 1295 3288 dixerat
1316 3232 1450 3292 Adae
1476 3252 1490 3291 :
1520 3214 1728 3294 Mecum
1831 3248 2014 3309 natur,
2039 3251 2099 3296 ut
2126 3242 2400 3307 corrigat;
2436 3250 2624 3307 terret,
2658 3250 2719 3298 ut
2738 3255 2895 3301 curet
2919 3261 2933 3300 :
2959 3261 3104 3318 aeger
3128 3247 3303 3319 primo
3328 3265 3445 3307 me-

126 3306 274 3374 eris;
305 3309 429 3379 quia
479 3313 689 3371 sciebat
736 3318 890 3375 illum
922 3337 1047 3380 esse
1076 3340 1362 3398 casurum,
1402 3339 1463 3387 ut
1499 3332 1733 3393 redime-
1757 3341 1804 3406 C
1836 3332 1945 3390 dici
1975 3349 2267 3406 personam
2298 3334 2550 3405 requirit,
2582 3335 2630 3390 si
2679 3336 2754 3392 sit
2804 3338 3034 3395 idoneus
3061 3356 3092 3396 a
3114 3357 3223 3414 quo
3252 3346 3441 3400 sanari

125 3406 280 3455 retur
302 3414 335 3456 a
356 3398 594 3462 Christo.
616 3406 773 3466 Felix
794 3413 1106 3487 ruina,qua:
1126 3432 1409 3490 reparatur
1429 3423 1483 3479 in
1509 3427 1725 3484 melius.
1831 3444 1893 3486 se
1920 3445 2082 3501 posse
2110 3439 2434 3501 praesumat;
2470 3429 2561 3484 ubi
2593 3430 2878 3488 medicinae
2900 3433 3108 3491 audivit
3128 3446 3440 3506 auctorem,

123 3489 252 3548 Ideo
296 3492 409 3565 jam
461 3497 584 3568 pius
632 3510 864 3576 pastor,
924 3508 1099 3567 bonus
1149 3517 1455 3591 negotiator
1506 3535 1725 3593 gregem
1826 3489 2134 3584 remedium
2173 3524 2455 3597 puposcit,
2489 3526 2723 3582 salutem
2755 3527 2984 3586 invenit.
3030 3531 3273 3604 Denique
3308 3534 3377 3589 ab
3410 3533 3439 3573 ιι

123 3600 313 3656 suum,
355 3598 412 3646 et
440 3608 681 3652 mercem
720 3602 999 3671 propriam
1032 3621 1141 3663 non
1186 3609 1431 3682 reliquit.
1464 3609 1580 3669 Erit
1605 3615 1725 3687 qui-
1824 3619 2121 3677 accedente
2159 3633 2268 3675 non
2300 3620 2479 3675 solum
2510 3618 2726 3689 expulit
2757 3623 3059 3681 caecitatem
3093 3644 3105 3679 :
3139 3625 3235 3682 sed
3267 3627 3439 3685 etiam

121 3678 245 3737 dem
284 3692 341 3739 et
384 3685 567 3746 adhuc
604 3690 659 3747 in
692 3696 946 3765 paradiso
985 3716 1109 3758 cum
1149 3678 1362 3777 angelis
1395 3725 1569 3782 pugna
1606 3678 1721 3768 ser-
1822 3714 1999 3771 lucem
2030 3700 2193 3785 quam
2223 3728 2332 3769 non
2361 3713 2650 3782 habuerat,
2680 3716 2925 3789 accepit;
2959 3729 3016 3775 ut
3046 3717 3322 3777 Christum
3353 3724 3437 3779 vi—

120 3774 291 3845 penti,
338 3776 517 3838 donec
566 3782 892 3855 dejiciatur:
925 3793 1021 3849 sed
1050 3795 1145 3866 qtti
1176 3774 1299 3854 cum
1339 3774 1559 3859 Christo
1605 3814 1716 3872 est,
1823 3805 1999 3875 deret,
2023 3822 2184 3879 quem
2214 3818 2375 3863 antea
2405 3822 2515 3863 non
2552 3808 2782 3864 viderat.

119 3867 310 3927 timere
355 3888 465 3963 non
506 3877 729 3947 poterit.
776 3881 946 3940 Adam
984 3902 1107 3944 cum
1154 3887 1377 3948 Christo
1436 3910 1545 3951 non
1594 3896 1715 3966 fuit,

1889 3867 1996 3954 22.,
2024 3867 2208 3971 (.Vers.
2244 3900 2336 3966 10,
2368 3898 2490 3971 il.)
2523 3900 2633 3957 Sed
2665 3901 2951 3958 videamus
2982 3907 3302 3975 sequentia;
3338 3924 3427 3966 re-

1700 3952 1715 3966 1
1893 3952 1981 3954 -κ-
2028 3952 2046 3971 ι
2073 3952 2077 3953 ν
2108 3952 2205 3957 "vi
2250 3952 2336 3966 -νι
2374 3952 2633 3971 --⁷1⁷*’“”
2678 3952 2949 3958 ν---Ἦ----
2982 3952 3267 3975 --Ὶννηη-
3288 3952 3302 3975 9
3338 3952 3397 3966 -ν

116 3966 330 4037 quando
360 3952 623 4043 deceptus
652 3984 756 4031 est.
789 3976 926 4034 Nam
956 3981 1003 4037 si
1033 3998 1159 4039 cum
1185 3984 1405 4043 Christo
1431 3989 1641 4058 luisset,
1661 4001 1717 4050 et
1817 3992 1989 4065 petito
2018 4003 2201 4048 tamen
2251 3992 2548 4060 versiculo,
2586 4005 2609 4033 ο
2642 3994 2713 4050 de
2742 4011 2852 4066 quo
2882 3996 3101 4053 videtur
3129 4002 3432 4061 esse‘trac-

116 4058 168 4113 in
197 4059 317 4129 ejus
358 4068 731 4139 prteceptione
779 4077 1213 4146 permansisset,
1262 4090 1287 4117 α
1318 4083 1499 4153 perire
1530 4086 1715 4158 utique

1845 4095 1961 4143 atus
1994 4103 2008 4140 :
2045 4084 2179 4141 Ecce
2206 4086 2374 4151 uenio,
2400 4079 2457 4140 ut
2487 4085 2682 4156 faciam
2717 4087 3037 4146 voluntatem
3062 4102 3205 4149 tuam
3233 4110 3251 4150 :
3281 4093 3429 4154 Deus

116 4168 222 4210 non
252 4157 536 4225 potuisset.
582 4161 703 4219 Non
749 4170 952 4225 mansit
979 4170 1036 4228 in
1065 4171 1307 4244 Christo,
1350 4179 1473 4249 quia
1504 4157 1711 4238 noniin
1814 4196 1990 4247 metu.
2024 4178 2185 4246 υοιαίν
2218 4190 2265 4235 ει
2294 4179 2457 4251 legem
2485 4188 2629 4234 “‘0'”
2655 4183 2709 4234 ίη
2739 4183 2909 4237 medio
2931 4185 3103 4241 εονάίδ
3129 4189 3249 4244 ’παῖ’
3284 4188 3429 4248 Bene

115 4248 233 4319 ejus
258 4266 511 4311 sermone
554 4262 874 4329 permansit.
903 4265 1153 4341 Denique
1181 4271 1341 4341 audi,
1370 4274 1464 4345 qui
1493 4285 1713 4334 maneat
1813 4274 2050 4329 nuntiavi
2068 4274 2335 4345 justitiam
2356 4283 2502 4328 tuam
2530 4274 2585 4328 in
2616 4272 2854 4331 Ecclesia
2878 4295 3065 4351 magna
3089 4297 3109 4335 :
3138 4299 3252 4338 ecce
3282 4284 3423 4341 labia

113 4341 164 4398 in
188 4343 426 4403 Christo.
457 4350 519 4406 Si
558 4358 873 4426 manseritis,
906 4361 1105 4433 inquit,
1135 4367 1190 4421 in
1216 4384 1295 4423 me
1321 4378 1370 4424 et
1389 4341 1569 4426 iverba
1596 4388 1709 4427 mea
1810 4385 1925 4425 mea
1944 4386 2048 4425 non
2073 4368 2377 4441 prohibebo.
2426 4368 2671 4437 Domine.
2713 4380 2768 4425 ια
2809 4375 3112 4444 cognovisti
3146 4375 3422 4435 λαειίῑίαηι

112 4437 163 4490 in
189 4437 326 4494 vobis
354 4446 678 4516 manserint;
702 4451 1062 4524 quodcumque
1087 4460 1375 4530 volueritis,
1406 4464 1632 4537 patetis;
1659 4475 1707 4521 et
1810 4474 1953 4519 tuam
1983 4480 2088 4519 non
2108 4463 2356 4519 abscondi
2378 4462 2435 4517 in
2460 4462 2629 4518 'corde
2657 4480 2792 4519 meo.
2825 4465 2901 4521 De
2920 4468 3209 4539 superiore
3232 4471 3419 4544 itaque

113 4530 198 4600 Ῑῖει
226 4533 367 4589 “ab”
401 4534 594 4610 (Ῑοαη-
621 4558 714 4611 XV.
748 4544 826 4619 7).
859 4547 930 4604 Et
956 4550 1095 4619 infra
1126 4572 1139 4608 :
1174 4554 1239 4611 Si
1279 4530 1536 4634 praecepta
1588 4578 1705 4618 mea
1806 4558 2079 4615 versiculo
2104 4555 2465 4671 intelligimus
2497 4572 2511 4609 :
2544 4555 2686 4671 Ecce
2710 4560 2872 4664 venio
2900 4574 3007 4671 non
3037 4562 3212 4617 solum
3236 4572 3294 4617 ut
3320 4580 3418 4671 vo-

113 4629 426 4671 senmunin‘;
477 4637 748 4671 ηηηιρΙιῖιὸ.
787 4640 841 4671 ε..
887 4661 1000 4671 ...--
1049 4649 1242 4671 ΔΞΙ--.9-
1302 4670 1311 4671 ,
1364 4653 1469 4671 η..
1496 4658 1507 4671 .
1596 4657 1671 4671 ,ω
1806 4649 2063 4671 sum-.-“
2121 4661 2263 4671 μη..
2353 4666 2505 4671 .-ψῃ
2537 4666 2549 4671 -
2584 4666 2636 4671 -_
2734 4661 2881 4671 -.-μμ
2970 4669 2979 4671 ,
3157 4666 3169 4671 -

111 4629 748 4707 servaveritis,manebitis
787 4640 843 4696 in
887 4661 1002 4701 mea
1042 4649 1316 4708 dilectione
1360 4629 1553 4728 (Ib-id"
1589 4657 1700 4733 10),
1806 4649 2070 4710 luntatem
2120 4661 2267 4707 tuam
2317 4649 2552 4717 faciam;
2581 4650 2678 4707 sed
2726 4652 2890 4707 etiam
2937 4654 3109 4724 legem
3155 4666 3300 4712 tuam

113 4716 202 4763 Vis
223 4722 359 4763 enim
411 4729 531 4763 nnin
562 4746 682 4763 num
712 4732 928 4763 [πμ-2,..-
966 4739 986 4763 Α
1011 4742 1118 4763 ,μὴ
1208 4762 1215 4763 ,
1402 4754 1448 4763 ,,.
1479 4754 1536 4763 ...
1587 4755 1599 4763 .
1686 4755 1698 4763 .
1728 4761 1761 4763 Α
1876 4762 1885 4763 ,
1916 4747 1977 4763 ιι-
2026 4761 2071 4763 ,_
2098 4745 2189 4763 ηιμ
2226 4744 2328 4763 ηυξ
2396 4743 2486 4763 λιες
2512 4743 2597 4763 ι-.
2632 4761 2643 4763 _
2697 4754 2710 4763 .
2798 4744 2819 4763 π
2983 4749 3013 4763 ..
3174 4760 3182 4763 Α
3220 4751 3231 4762 .

113 4716 202 4775 Vis
221 4722 381 4790 seire.
410 4729 533 4796 quia
561 4746 683 4787 cum
712 4732 931 4796 Christo
953 4739 1128 4801 Adam
1157 4762 1264 4804 non
1298 4716 1449 4807 emit?
1478 4716 1625 4811 Di'xi;
1649 4716 1701 4813 έί
1724 4761 1783 4823 D
1806 4747 1988 4802 medio
2014 4745 2196 4802 cordis
2223 4744 2355 4801 mei.
2384 4743 2489 4801 Alii
2512 4743 2753 4859 habent:
2786 4744 2854 4801 In
2878 4749 3045 4803 medio
3069 4751 3258 4804 ventris
3284 4753 3408 4808 mei.

113 4811 362 4859 Dominus
388 4837 401 4850 ο
442 4821 600 4859 Adam
658 4826 743 4859 ..I..'
773 4846 823 4859 ρ..
872 4831 1022 4859 In-..
1090 4855 1145 4859 ___
1202 4839 1235 4859 Α
1262 4840 1315 4859 ι..
1356 4843 1396 4859 Α
1442 4844 1455 4857 .
1554 4849 1583 4859 ,.
1804 4839 1898 4859 η-.
1962 4842 2095 4859 ψομ
2146 4848 2337 4859 ---μη
2385 4848 2427 4859 -.
2462 4840 2657 4859 ﬂuxu-
2790 4841 2868 4859 me
2920 4858 2928 4859 ,
3014 4843 3048 4859 ,.
3312 4847 3321 4857 .
3368 4848 3401 4859 .,

110 4811 401 4873 Dominus:
435 4821 624 4891 Adam,
658 4826 743 4881 ubi
770 4846 823 4884 es
871 4831 1045 4902 (Gen.
1090 4855 1172 4907 ιιι,
1202 4839 1315 4914 9)?
1354 4843 1459 4913 Qui
1509 4849 1698 4921 utique

110 4907 251 4950 mind
281 4910 558 4950 οιιεοηιοηι
586 4921 815 4950 ..αφά-,ξι
865 4939 968 4950 η-..
998 4927 1195 4950 seu“.
1274 4934 1370 4950 η..
1536 4941 1547 4950 .

1845 4844 1903 4897 ‘.st
1954 4842 2101 4898 enim
2146 4848 2337 4896 venter
2377 4848 2432 4895 et
2461 4840 2682 4908 mentis,
2714 4836 2742 4876 ἀ
2780 4841 2871 4910 qui
2914 4843 3123 4898 semina
3170 4847 3411 4917 concipit

107 4907 253 4977 quasi
280 4910 558 4971 absentem
586 4921 836 4991 requirit,
864 4939 971 4982 non
992 4927 1202 4989 diceret
1224 4951 1237 4989 :
1260 4907 1477 5006 'Ubives;
1505 4941 1548 4996 si
1570 4907 1694 4998 eum
1804 4950 2093 5001 sensuum;
2123 4934 2193 4990 de
2221 4949 2330 5005 quo
2356 4933 2551 4991 Esaias
2580 4934 2754 4989 dixit:
2780 4934 2849 4989 In
2870 4946 3014 4992 utero
3040 4939 3343 5009 accipimus,
3360 4954 3414 4999 et

106 4998 245 5087 inse
277 5019 495 5063 manere
529 5025 906 5083 cognosceret.
947 5018 1054 5075 Sed
1101 5024 1224 5095 quis
1252 5041 1377 5083 eum
1408 4998 1692 5090 absentem
1803 5029 2174 5100 parturivimus
2224 5028 2465 5101 spiritum
2506 5028 2693 5083 salutis
2726 5027 2898 5100 (Esai.
2938 5046 3082 5097 χχιιι,
3140 5032 3252 5107 18).
3292 5037 3408 5096 Hoc

600 5074 627 5083 _
1108 5074 1221 5095 rw
1256 5074 1377 5083 πη,
1408 5074 1692 5090 "unum"
1804 5074 2173 5100 κωπηπνη-πυ
2224 5074 2463 5101 νεη-
2507 5074 2691 5083 -ν---ππ
2727 5074 2898 5100 ι---η
2938 5074 3082 5097 συν-ν
3144 5074 3252 5107 Wl-
3292 5074 3405 5096 "W

106 5074 303 5163 fecerit,
333 5099 639 5160 audiamus.
690 5108 1084 5170 Absconderunt
1111 5134 1186 5183 se,
1214 5119 1411 5191 inquit,
1464 5125 1613 5180 ambo
1662 5143 1695 5181 a
1798 5131 1955 5179 utero
1979 5121 2265 5195 parturivit
2302 5130 2358 5178 et
2386 5122 2608 5190 Paulus,
2641 5121 2731 5193 qui
2765 5122 2839 5176 ait
2866 5139 2881 5177 :
2910 5120 3097 5179 Filioli
3126 5128 3245 5195 mei,
3275 5145 3405 5199 quos

107 5189 233 5257 facie
258 5189 468 5250 Domini
498 5196 687 5270 (lbid.,
727 5204 806 5276 8).
847 5206 1052 5267 Omnes
1095 5211 1245 5268 videt
1279 5189 1568 5274 Christus:
1594 5220 1691 5278 sed
1797 5236 1890 5291 ego
1920 5189 2157 5293 parturio
2178 5259 2194 5286 ,
2227 5218 2391 5274 donec
2419 5189 2675 5290 formetur
2702 5216 2940 5272 Christus
2983 5219 3037 5273 in
3082 5222 3224 5279 vobis
3253 5222 3402 5296 (Gal.

105 5284 189 5352 qui
220 5299 277 5340 se
322 5286 629 5362 abscondit,
675 5296 1069 5372 absconditur;
1102 5308 1360 5377 quoniam
1404 5312 1496 5384 qui
1539 5314 1691 5384 igno-

1845 5284 1871 5381 Ᾱ,
1916 5284 2031 5387 i9).
2064 5284 2315 5371 Christus
2348 5284 2480 5384 ergo
2509 5326 2620 5368 non
2660 5311 2711 5365 in
2744 5320 2938 5368 ventre
2965 5327 3256 5384 corporeo,
3300 5318 3403 5376 sed

103 5383 199 5444 rat,
224 5376 517 5449 ignoratur.
544 5384 838 5460 Cognoscit
860 5397 1007 5453 enim
1038 5376 1133 5457 eos
1164 5376 1538 5479 Dominus-qui
1556 5376 1692 5465 sunt
1794 5408 1850 5465 in
1880 5410 2074 5465 animai
2097 5408 2334 5480 quodam
2355 5414 2548 5463 ventre
2575 5404 2862 5463 formatur.
2908 5405 3025 5463 Hoc
3046 5420 3239 5468 ventre
3258 5411 3403 5484 Apo-

170 5514 367 5639 zlEdit.
398 5530 511 5578 ant.
543 5538 664 5582 cum
689 5544 823 5587 mss.
852 5532 993 5591 Vict.
1025 5547 1079 5595 ct
1106 5540 1288 5611 Colb.,
1321 5545 1564 5619 deceptus
1584 5564 1686 5603 non

104 5599 239 5640 esset.

168 5655 193 5757 ξ
227 5658 472 5757 [δοηηυμὶ
504 5684 660 5757 mss.,
691 5677 1014 5757 accedentem
1041 5688 1240 5757 expulit
1270 5692 1573 5748 cwcitutem.
1630 5672 1633 5675 ι

173 5740 191 5767 ε
227 5732 348 5815 Mss.
386 5739 625 5825 aliquot,
648 5732 731 5829 de
754 5765 858 5831 quo
901 5732 1244 5814 videturresse
1269 5773 1540 5818 tractatum
1582 5783 1601 5831 ,'
1630 5764 1683 5821 id

106 5807 521 5902 $.l.l,3";i,_:er§_us
536 5813 648 5902 iam
668 5807 896 5902 ,ξ’ίάῖειυτ
934 5807 1055 5902 (ἔδεέ
1078 5835 1367 5902 expositus
1397 5853 1410 5889 :
1446 5847 1501 5891 et
1530 5809 1680 5893 certe

536 5871 555 5883 '
715 5871 884 5877 ’““’“”“
936 5871 1367 5902 ννννν¹“1¹¹’σ¹¹υδ
1397 5876 1409 5889 σ
1446 5871 1501 5891 (δι
1530 5871 1610 5891 ιιιῖι
1628 5871 1680 5893 ιῧ
1865 5871 1889 5876 “
1947 5871 2053 5893 VIII”
2103 5871 2251 5902 ιυυιν
2293 5871 2381 5909 qui
2426 5871 2617 5915 οιτηυητ(
2656 5871 2877 5920 ξυσιιίέιιι.⁶
2930 5871 3387 5925 ὓμ¹1¹ι1⁸11ιο.ΙὶυΙΙΙ.

105 5871 400 5982 inultajam.
421 5880 474 5936 in
499 5900 621 5941 eum
650 5889 792 5945 dicta
822 5906 950 5952 sunt
975 5900 1026 5953 in
1048 5888 1451 5971 superioribus.
1488 5907 1679 5965 Melius
1788 5911 1947 5972 edit.,
1976 5911 2067 5982 qui
2092 5916 2280 5964 semine
2306 5908 2442 5963 uerbi
2474 5918 2699 5979 concipit
2730 5920 2994 5980 spiritum.
3026 5910 3225 5971 Caetert
3256 5932 3387 5975 mss.

127 5957 268 5982 nmnn
308 5963 336 5982 Ω
367 5965 399 5982 II
459 5964 617 5982 nl..-...
676 5964 777 5982 4,43.
1426 5978 1435 5982 -

106 5950 270 6001 “lmen
307 5948 425 6017 alii.
456 5964 621 6027 atque
668 5948 1679 6049 ean,l‘..'eiie"i'r'iiiiziiiéwtio‘élst:
1786 5948 1853 6039 SE
1875 5948 2006 6040 etii:
2039 5982 2173 6038 utin
2196 5993 2475 6039 contextu.

509 6051 785 6118 Psrnoc.
832 6060 1009 6127 XIV.
2744 6076 2822 6137 3”

1793 5549 1885 5621 qui
1911 5549 2129 5623 videtur
2156 5564 2279 5605 esse
2309 5547 2767 5623 hujustractatus
2798 5551 3403 5623 argumentuquam-

1790 5637 1897 5693 que
1924 5622 1993 5678 ab
2022 5622 2142 5693 ipso
2160 5620 2519 5693 expositionis
2538 5620 2693 5675 isﬁus
2720 5622 2945 5677 exordio
2963 5622 3107 5678 hunc
3128 5620 3397 5693 psalmum

1794 5688 2005 5751 versari
2045 5688 2102 5749 in
2134 5688 2457 5763 explicando
2480 5688 2685 5749 Christi
2715 5693 2933 5749 Domini
2974 5688 3210 5753 adventu
3248 5700 3400 5757 affir-

1793 5777 2036 5821 maverat
2058 5767 2399 5821 Ambrosius.

1864 5837 1889 5876 ά
1934 5838 2053 5893 Vat.
2103 5838 2251 5902 cntl.,
2293 5836 2619 5910 quiseutiue
2656 5836 2878 5910 concipit
2930 5839 3188 5910 spiritum.
3229 5841 3391 5901 Rom.
