4008 6352
134 301 310 366 ίθθθι
359 348 364 352 ~

123 623 383 679 peccata
415 623 676 692 suscepit,
717 625 808 694 qui
843 626 990 682 solus
1023 627 1118 683 Dei
1144 627 1333 699 Agnus
1361 639 1640 701 peccatum
1673 643 1754 690 to-

123 702 246 758 tius
272 709 474 765 mundi
500 711 748 782 abstulit,
773 717 866 788 qui
892 720 1044 776 solus
1071 720 1492 793 chirographum
1522 723 1752 792 decreti,

118 800 439 869 sanguinis
460 805 542 860 sui
566 805 833 866 cﬂ‘usione
853 812 1072 882 delevit,
1102 825 1158 871 et
1191 815 1311 872 tulit
1335 816 1406 872 de
1431 817 1640 887 medio,
1672 827 1756 874 at-

117 904 240 959 que
276 895 497 954 suffixit
535 902 684 958 cruci
715 919 727 958 :
758 907 913 975 quasi
953 909 1221 978 sapientia
1269 911 1452 968 sciens
1477 914 1753 984 quomodo

115 993 300 1042 vetus
353 1002 640 1060 peccatum
684 999 870 1054 mundi
915 1001 1192 1082 solveret‘:
1225 1006 1379 1076 quasi
1422 1007 1747 1080 redemptio,

117 1086 430 1152 quomodo
463 1088 736 1148 hominem
768 1107 1058 1153 renovaret
1096 1114 1126 1154 a
1154 1099 1346 1172 culpa:
1375 1104 1531 1174 quasi
1552 1105 1756 1162 sancti-

118 1172 353 1245 ﬁcatio,
390 1183 662 1251 quomodo
692 1203 816 1243 eum
850 1193 1218 1251 sanctiﬁcaret
1255 1195 1323 1252 ad
1369 1172 1620 1270 gratiam.
1653 1200 1752 1258 llic

119 1284 269 1344 ergo
305 1275 523 1346 titulus,
550 1278 1026 1355 hocﬁprincipium.

198 1365 262 1420 Ξ.
309 1368 500 1442 (Vera.
534 1373 619 1444 2.)
660 1373 856 1433 Beatus
885 1380 975 1451 qui
1003 1382 1247 1457 intelligit
1281 1403 1435 1460 super
1471 1403 1684 1461 egenum
1704 1399 1751 1444 et

118 1477 450 1533 pauperem.
481 1466 649 1539 Aperi
679 1485 844 1530 aures
873 1483 1014 1545 tuas,
1045 1475 1139 1550 q‘ul
1180 1480 1376 1554 incipis
1403 1494 1754 1542 sacramenta.

117 1553 452 1616 Dominicis
487 1577 825 1635 cognoscere
852 1573 1149 1642 passionis.
1188 1553 1314 1634 Ideo
1365 1579 1460 1634 tibi
1508 1579 1745 1636 dicitur:

121 1649 238 1718 Qui
267 1651 432 1710 habet
462 1673 616 1714 aures
649 1662 920 1733 audiendi,
955 1669 1136 1724 audiat
1162 1671 1321 1745 (Luc.
1349 1689 1464 1740 vtu,
1499 1673 1583 1747 8).
1616 1672 1748 1731 Ideo

115 1744 304 1801 surdo
337 1746 419 1804 illi
445 1761 502 1806 et
539 1761 692 1810 muto
715 1770 874 1815 aures
899 1769 959 1816 et
986 1762 1128 1820 labia
1159 1744 1339 1838 tetigit
1391 1744 1654 1825 Dominus
1689 1767 1746 1826 in

114 1835 442 1911 Evangelia
464 1843 663 1915 (Herc.
705 1864 804 1919 vn,
835 1852 928 1925 l6)
953 1870 968 1920 ;
997 1863 1058 1910 ut
1081 1844 1244 1915 sciret
1265 1835 1411 1931 iquid
1435 1866 1654 1927 audiret
1689 1871 1746 1928 in

113 1932 432 2002 mysterio,
462 1938 590 2007 quid
615 1941 779 1998 etiam
806 1942 1143 2018 loqueretur,
1171 1961 1223 2007 et
1249 1956 1470 2025 quando
1493 1960 1744 2034 loquere-

114 2031 234 2080 tur.
274 2026 474 2100 Neque
501 2031 650 2091 enim
681 2037 858 2096 otiose
887 2042 1151 2114 scriptum
1187 2057 1269 2102 est
1297 2065 1311 2102 :
1340 2026 1596 2111 Dominus
1618 2058 1749 2114 mihi

113 2120 274 2176 dedit
307 2124 551 2196 linguam
579 2131 923 2203 eruditionis;
946 2145 1002 2192 ut
1026 2140 1208 2195 scirem
1247 2147 1456 2214 quando
1511 2160 1748 2223 oporteat

113 2230 430 2272 sa-monem
453 2220 626 2276 dicere
656 2222 827 2294 (Esai.
856 2245 908 2295 ι,
932 2230 1012 2300 6).
1043 2233 1213 2308 βω
1239 2236 1396 2296 Scire
1421 2220 1554 2314 ergo
1577 2244 1747 2302 debes

113 2309 255 2380 quid
285 2311 508 2379 audias,
540 2315 683 2372 scire
729 2321 863 2390 quid
912 2322 1062 2396 loqui
1108 2329 1312 2388 debeas
1341 2375 1357 2402 ,
1399 2309 1541 2395 scire
1579 2341 1745 2400 etiam

115 2404 360 2474 quando
387 2406 532 2478 loqui
562 2409 789 2469 debeas.

194 2503 255 2557 3.
303 2503 452 2560 Audi
484 2521 614 2578 ergo
658 2507 930 2568 dicentem
955 2529 975 2569 :
996 2513 1187 2574 Beatus
1215 2523 1302 2589 qui
1325 2523 1566 2601 intelligit
1592 2547 1747 2602 super

118 2611 352 2669 egenum
382 2611 431 2654 et
461 2617 759 2674 pauperem.
802 2605 1004 2665 Beatus
1032 2611 1252 2681 quidem
1289 2618 1382 2688 qui
1411 2625 1747 2694 compatitur

122 2692 396 2762 pauperi,
427 2696 522 2762 qui
551 2696 737 2753 haurit
765 2699 884 2770 ejus
911 2706 1290 2775 necessitates,
1325 2713 1428 2767 scit
1452 2692 1578 2785 quid
1619 2720 1745 2774 mali

122 2783 324 2855 inopia
379 2785 575 2844 suam
615 2790 931 2865 indigenti:
983 2798 1078 2854 sed
1126 2802 1254 2870 quid
1297 2805 1399 2862 sibi
1451 2783 1563 2864 ιῖυιι
1601 2812 1746 2868 istud

121 2877 426 2935 exordium
475 2881 528 2936 in
581 2883 798 2942 Domini
851 2890 1138 2958 passione?
1176 2894 1374 2951 Verum
1418 2903 1743 2974 estquidem

122 2975 274 3046 quod
309 2987 541 3048 propter
568 2994 840 3054 pauperes
885 3001 1081 3057 passus
1104 3001 1216 3058 est;
1261 2994 1357 3050 sed
1407 3006 1587 3053 tamen
1629 3001 1747 3072 ipse

123 3070 407 3142 corripuit
437 3071 630 3129 ludam
657 3076 935 3135 dicentem
959 3081 1028 3138 de
1049 3083 1142 3139 illo
1174 3099 1470 3158 unguento,
1499 3070 1747 3164 quodcf-

123 3162 358 3220 fuderat
383 3165 551 3222 Maria
580 3183 746 3242 super
768 3175 930 3243 pedes
945 3174 1155 3234 Christi
1178 3196 1190 3233 :
1213 3178 1396 3237 Potuit
1413 3162 1746 3243 ltocvveuum-

125 3255 248 3311 dari
275 3261 522 3316 trecentis
545 3263 804 3335 denariis,
829 3277 877 3322 et
905 3271 1023 3324 dari
1051 3274 1367 3342 pauperibus
1401 3277 1596 3349 (Marc.
1627 3299 1742 3349 xw,
1771 3285 1819 3350 C
1848 3255 1911 3348 ut

125 3348 209 3418 5).
237 3349 399 3407 idem
439 3363 503 3410 et
540 3359 721 3412 czeteri
762 3363 995 3431 apostoli
1035 3377 1355 3438 senserant,
1395 3348 1494 3428 sed-
1525 3373 1633 3431 alio
1670 3377 1748 3432 af-

124 3444 278 3502 fectu
299 3466 311 3501 :
337 3449 548 3520 illc'per
563 3453 870 3525 avaritiam,
888 3459 975 3514 isti
997 3463 1565 3535 per-misericordiam;
1581 3469 1610 3526 J
1617 3471 1748 3529 udas

123 3541 278 3595 enim
315 3541 464 3598 furto
494 3548 886 3618 prOSpiciebat,
913 3553 1166 3625 discipuli
1211 3574 1514 3631 pauperum
1557 3563 1748 3621 alimo-

128 3634 244 3690 nite
286 3638 673 3696 consulebant.
725 3643 932 3711 Quibus
982 3649 1035 3704 in
1082 3666 1372 3711 commune
1415 3658 1744 3729 respondit:

132 3727 313 3784 Sinite
355 3729 543 3801 illam,
595 3736 734 3791 utin
785 3739 868 3794 die
913 3743 1200 3813 sepultura:
1227 3764 1356 3804 mea:
1384 3727 1548 3806 seruet
1589 3754 1743 3810 illud.

132 3818 416 3894 Pauperes
453 3827 591 3881 enim
627 3845 832 3903 semper
884 3833 1082 3893 habetis
1117 3839 1382 3896 uobiscum
1405 3886 1419 3912 ,
1463 3862 1548 3902 me
1575 3857 1748 3903 autem

131 3930 240 3970 non
271 3933 478 3987 semper
508 3917 692 3993 (Joan.
723 3939 822 3990 xu,
855 3925 889 3980 7
916 3937 966 3982 et
987 3929 1068 4001 8).

205 4008 266 4064 4.
301 4010 458 4082 Ergo
483 4012 625 4068 alius
666 4015 1049 4089 intelligendus
1071 4033 1158 4078 est
1185 4023 1273 4080 hic
1295 4027 1516 4101 beatus,
1542 4038 1634 4106 qui
1667 4037 1748 4092 in-

131 4101 338 4176 telligit
379 4119 548 4176 super
569 4123 887 4180 pauperem.
927 4113 1032 4170 Hic
1072 4117 1141 4172 de
1187 4118 1293 4176 title
1323 4122 1489 4191 dicit,
1524 4101 1648 4185 alibi
1679 4130 1748 4187 de

130 4199 539 4257 misericordia.
566 4203 727 4260 *Prior
745 4221 874 4278 ergo
899 4208 1054 4277 fides,
1077 4215 1314 4270 secunda
1349 4220 1742 4282 misericordia.

129 4291 271 4349 Cum
303 4294 443 4363 lide,
475 4298 723 4367 pretiosa
771 4303 1148 4362 misericordia
1176 4327 1189 4365 :
1218 4311 1337 4368 sine
1394 4315 1500 4372 llde
1523 4358 1538 4385 ,
1568 4320 1743 4386 nuda;

131 4388 258 4443 sine
285 4387 414 4454 fide,
447 4389 737 4448 instabilis.
781 4395 956 4453 Fides
1002 4399 1147 4456 enim
1195 4403 1453 4462 virtutum
1501 4413 1744 4469 omnium

127 4481 340 4538 stabile
372 4483 783 4544 fundamentum
815 4500 918 4548 est.
969 4493 1169 4552 Beatus
1211 4515 1340 4573 ergo
1369 4505 1459 4575 qui
1493 4506 1748 4581 intelligit

133 4575 542 4648 super'Christi
573 4580 828 4655 inopiam
857 4595 915 4643 et
959 4601 1363 4665 paupertatem,
1397 4599 1489 4670 qui
1523 4575 1748 4674 prolitcr

2172 4677 2182 4689 ,
2656 4677 2722 4702 κ--
2755 4677 2870 4689 νυ..

135 4687 240 4729 nos
271 4689 482 4748 pauper
511 4677 690 4737 factus
718 4692 822 4752 est,
847 4699 969 4742 cum
993 4687 1147 4746 dives
1171 4702 1318 4748 esset
1344 4713 1357 4750 :
1383 4695 1536 4753 dives
1566 4699 1619 4754 in
1654 4717 1742 4758 re—
1768 4697 1822 4760 D
1919 4707 1971 4762 6.
2015 4708 2086 4767 Ut
2115 4720 2296 4769 autem
2320 4725 2376 4771 et
2405 4733 2470 4774 ex
2496 4720 2618 4779 aliis
2644 4727 2870 4784 vocibus

135 4783 519 4842 gno,~pauper
541 4777 593 4830 in
617 4791 816 4846 carne;
848 4781 973 4851 quia
1005 4787 1245 4857 suscepit
1277 4787 1418 4846 hanc
1442 4807 1738 4866 pauperum

137 4875 385 4918 carnem.
415 4865 690 4938 Pauperes
710 4871 854 4926 enim
885 4873 1014 4932 facti
1039 4891 1228 4936 sumus
1253 4881 1437 4954 nimis,
1462 4887 1554 4958 qui
1580 4890 1746 4946 virtu-

137 4959 316 5011 tutum
349 4960 578 5016 exuvias
606 4965 875 5034 pretiosas
896 4967 1096 5028 fraude
1123 4979 1395 5044 serpentis
1421 4981 1702 5041 amisimus
1729 5029 1744 5056 ,

197 5139 516 5235 ‘njltli‘nuere
555 5146 797 5235 videtur.
815 5151 1029 5235 ftedum
1066 5153 1198 5212 illud
1227 5158 1576 5235 sacrificium,
1631 5179 1740 5235 quo

136 5213 282 5295 amid
315 5215 589 5295 Romanos
617 5223 861 5295 pontifex
888 5227 1178 5295 maximus,
1223 5230 1304 5284 uti
1343 5213 1742 5292 ex'Pru—den‘tio

140 5281 338 5342 Perist.
370 5281 675 5378 hymnon
703 5295 914 5378 discere
943 5281 1555 5378 consecrabatur.
1610 5309 1740 5378 Ejus

141 5364 322 5436 autem
384 5374 537 5436 erant
578 5362 886 5435 hujusmodi
917 5362 1242 5428 ceremonizn
1274 5393 1286 5428 :
1321 5376 1453 5432 Cum
1487 5385 1629 5433 terra
1651 5362 1738 5436 'in

141 5427 318 5518 altam‘
339 5434 599 5517 scrobem.
619 5427 800 5506 egesta
840 5452 1006 5518 esset,
1039 5458 1102 5500 eo
1133 5427 1359 5504 futurus
1371 5427 1608 5518 pontifex
1643 5452 1739 5507 dc-

143 5499 463 5580 gnittebatur
485 5506 637 5580 vittis
654 5499 819 5580 atque
846 5499 1032 5568 infulis
1058 5499 1399 5576 exornatus;
1423 5499 1546 5576 mox
1583 5524 1739 5579 tabu-

143 5567 255 5624 lato
286 5573 587 5664 innumeris
613 5567 1273 5664 foraminibusterebrato
1295 5593 1489 5648 scrobs
1521 5595 1740 5664 tegeba-

146 5649 274 5738 tur:
308 5645 506 5726 deinde
547 5658 733 5738 ta‘ur'us
775 5653 848 5710 ibi
892 5645 1485 5738 jngnlabaturlcuj‘tts‘

146 5713 377 5773 ubertim
407 5733 503 5788 per
534 5721 836 5782 tabularum
868 5713 1081 5786 meatus
1102 5713 1418 5794 detinebat?

275 5827 664 5912 (Defessusjatus
678 5849 835 5912 quem
858 5841 1313 5912 sacerdes‘cxcipit,

273 5890 446 5946 Guttas
467 5895 526 5946 ad
547 5890 720 5949 mones
743 5906 888 5965 turpe
911 5890 1382 5978 subjéétiié’mt,

1281 324 1374 418 _lN
1413 324 1742 391 PSALIUD!
1780 336 1872 396 IL
1910 337 2336 406 ENARBATIO.

123 434 296 491 rum,
331 423 460 498 ipse
489 428 733 490 omnium
761 445 971 493 summa
992 438 1278 496 virtutum.
1330 441 1478 510 Ideo,
1518 443 1622 515 ipsi
1647 446 1758 504 Da-
1783 457 1834 518 Α
1865 457 2072 516 exclusi
2099 461 2168 519 de
2194 465 2471 539 paradiso,

1464 509 1470 510 ,
1539 509 1550 515 ,
1783 509 1834 518 __
1878 509 2072 516 NH---
2103 509 2168 519 ..ν
2195 509 2469 539 puum",

125 516 224 571 vid
241 536 264 586 ;
287 509 458 592 quasi
481 526 636 598 eiqui
661 529 812 586 solus
833 546 901 587 ex
922 533 1174 591 omnibus
1194 535 1250 590 in
1271 551 1367 592 sua
1383 552 1549 595 carne
1567 551 1754 599 nostra
1860 545 2022 618 legati
2041 593 2056 617 ,
2091 555 2208 626 ipso
2253 575 2469 634 quoque

1857 1039 2196 1099 paupertate.
2228 1033 2464 1108 Ideoque
2496 1059 2600 1102 non
2631 1047 2912 1116 planitudo
2939 1033 3243 1124 divinitatis
3267 1111 3282 1136 ,
3331 1033 3453 1144 quae

1855 1121 1909 1177 in
1959 1124 2050 1181 illo
2095 1133 2454 1200 corporaliter
2509 1138 2752 1214 habitat,
2786 1157 2846 1203 ut
2892 1152 3170 1228 Scriptura
3221 1121 3454 1226 testantur

1859 1212 2084 1285 (Coloss.
2119 1236 2175 1288 ιι,
2204 1221 2288 1295 9),
2323 1227 2420 1283 sed
2449 1243 2577 1288 caro
2604 1212 2761 1305 passa
2791 1251 2894 1298 est.
2925 1212 3037 1304 Hoc
3067 1212 3452 1326 intelligi-ethoc

1855 1324 2206 1384 persequere,
2243 1318 2294 1375 id
2326 1329 2479 1392 tene,
2513 1342 2582 1384 ne
2613 1330 2824 1392 dicatur
2846 1337 2951 1397 tibi
2977 1359 2991 1396 :
3024 1343 3211 1404 Noluit
3239 1318 3453 1412 intelli-

1852 1417 1983 1474 gere
2005 1422 2170 1479 super
2196 1413 2506 1474 mendicum
2535 1431 2588 1477 et
2615 1438 2929 1499 pauperem.
2974 1436 3108 1496 Nam
3149 1444 3194 1500 si
3236 1445 3327 1503 hie
3349 1451 3453 1508 du—

1854 1497 2016 1567 bitas,
2039 1512 2190 1561 certe
2227 1505 2282 1562 in
2321 1508 2415 1567 illo
2444 1515 2655 1583 psalmo
2679 1497 2769 1593 qul
2801 1526 3061 1588 adversus
3089 1539 3449 1606 proditionem

1851 1591 2004 1650 Judae
2035 1610 2103 1653 ex
2132 1613 2368 1670 persona
2390 1605 2591 1667 dicitur
2611 1591 2934 1690 Salvatoris,
2959 1625 3028 1683 de
3055 1591 3153 1686 illo
3181 1638 3452 1698 versiculo

1851 1687 2103 1749 dubitare
2142 1711 2250 1753 non
2293 1704 2516 1772 poteris,
2549 1707 2603 1764 in
2634 1725 2742 1782 quo
2770 1714 2886 1774 ait:
2921 1687 2989 1776 Et
3032 1687 3332 1795 persecutus

1851 1783 2108 1843 hominem
2131 1791 2334 1865 inapem
2362 1807 2412 1852 et
2442 1801 2738 1860 mendicum
2771 1808 2944 1882 (Psal.
2975 1783 3454 1898 emunitam:

1851 1970 1956 2044 lige
1986 1973 2042 2029 in
2073 1976 2449 2042 infirmitatem
2474 1989 2616 2061 ejus,
2650 2004 2710 2049 ut
2735 1970 2974 2072 accipias
2999 1970 3285 2070 sanitatem
3314 2033 3328 2083 ;
3363 2018 3450 2074 in.

1852 2067 2032 2140 tellige
2054 2069 2108 2128 in
2135 2087 2354 2134 crucem
2380 2080 2520 2151 ejus,
2551 2094 2608 2142 ut
2637 2102 2746 2145 non
2772 2093 3098 2168 erubescas;
3126 2104 3369 2182 intellige
3387 2111 3445 2168 iu

1852 2160 2043 2182 ____,‘___
2406 2173 2418 2182 .

1849 2160 2047 2219 vulnus
2067 2163 2210 2237 ejus,
2247 2181 2307 2226 ut
2333 2173 2555 2234 vulnera
2581 2188 2673 2237 tua
2711 2200 2910 2257 cures;
2937 2191 3183 2270 intellige
3215 2201 3267 2257 in
3301 2160 3449 2262 t'nor-

1853 2266 1961 2314 tem
1993 2260 2149 2332 ejus,
2194 2276 2253 2321 ut
2280 2271 2531 2342 acquiras
2575 2278 2740 2336 vitam
2779 2291 3038 2346 aeternam
3068 2309 3082 2360 ;
3114 2260 3356 2372 intelligo
3393 2303 3445 2358 in

1849 2354 2182 2422 sepulturam
2211 2360 2351 2431 ejus,
2381 2373 2442 2420 ut
2466 2368 2710 2429 invenias
2739 2385 3226 2444 resurrectionem.
3289 2354 3320 2372 υ
3419 2388 3421 2390 ’

1919 2447 1976 2502 ὕ.
2009 2449 2120 2506 Sed
2151 2451 2294 2512 forte
2323 2457 2476 2515 dicas
2508 2480 2521 2515 :
2555 2464 2840 2533 Quomodo
2869 2473 3022 2531 dives
3047 2478 3104 2533 in
3131 2492 3454 2554 paupertate

1847 2538 2146 2599 Christus?
2187 2547 2302 2603 Etsi
2341 2552 2472 2609 mihi
2504 2557 2779 2630 ingenium
2823 2565 3038 2628 deﬁciat
3065 2616 3081 2642 ,
3125 2538 3304 2636 tamen
3339 2597 3454 2640 non

1849 2631 2110 2693 deﬁciunt
2133 2640 2444 2703 divinarum
2474 2650 2713 2711 subsidia
2738 2657 3033 2720 lectionum
3109 2684 3230 2726 cum
3257 2673 3460 2734 dixerit

1847 2724 2176 2796 Apostolus:
2205 2733 2465 2800 Quoniam
2488 2742 2746 2804 Dominus
2767 2751 2920 2809 Iesus
2948 2724 3145 2831 pauper
3165 2724 3335 2834 factus
3359 2780 3457 2838 est,

1849 2837 1967 2876 cum
1996 2825 2138 2882 dives
2162 2841 2325 2900 esset;
2361 2843 2420 2889 ut
2448 2853 2535 2894 vos
2561 2843 2674 2912 ejus
2697 2845 2878 2918 inopia
2904 2851 3198 2914 ditaremini
3221 2861 3244 2931 (
3255 2862 3299 2917 ll
3329 2863 3452 2923 Cor.

1850 2931 1972 2985 vui,
2000 2917 2077 2990 9).
2107 2920 2237 2989 Qua:
2259 2939 2390 2998 ergo
2418 2929 2520 2987 ista
2553 2917 2878 3009 paupertas,
2904 2959 3023 3016 qua:
3055 2917 3256 3009 divites
3286 2954 3460 3014 facit?
3527 2975 3540 2979 '

1849 3007 2272 3073 Cousitleremus
2293 3033 2412 3076 eam
2437 3065 2450 3091 ,
2493 3025 2840 3090 intendamus
2863 3037 2916 3092 in
2945 3039 3120 3111 ipsum
3142 3049 3458 3110 venerabile

1850 3103 2286 3168 Sacramentum.
2314 3114 2455 3183 Quid
2481 3123 2666 3192 purius
2696 3139 2877 3198 potest
2903 3103 2980 3188 eo.
2997 3151 3120 3194 esse
3140 3147 3304 3214 atque
3324 3145 3458 3203 sim-

1848 3196 2068 3268 plicius?
2080 3202 2197 3260 Non
2219 3211 2431 3268 taurino
2448 3196 2734 3290 quisquam
2759 3225 3103 3294 perfunditur
3120 3196 3451 3311 sanguine;

1960 3311 2112 3352 sacra
2157 3299 2414 3361 dicuntur
2444 3307 2646 3369 habere
2682 3319 2964 3388 gentilium
2991 3339 3004 3378 :
3037 3341 3144 3384 non
3175 3329 3454 3392 hircorum

1851 3399 2015 3465 atque
2055 3397 2287 3455 arietum
2314 3417 2510 3462 cruore
2538 3421 2796 3479 peccator
2825 3417 3036 3476 lavatur
3064 3422 3087 3496 (
3108 3440 3285 3499 neque
3313 3432 3457 3489 enim

1849 3489 2132 3561 quisquam
2182 3492 2253 3549 ita
2300 3499 2651 3572 purificatur;
2703 3522 2831 3564 caro
2869 3514 3014 3570 enim
3057 3515 3296 3591 lavatur,
3345 3539 3458 3584 non

1849 3583 2007 3653 culpa
2038 3583 2314 3664 diluitur),
2341 3593 2436 3648 sed
2464 3596 2630 3666 exiet,
2651 3599 2834 3674 inquit
2864 3605 2884 3678 (
2901 3607 3048 3666 Esai.
3080 3627 3182 3684 xu,
3203 3583 3298 3689 5),
3319 3633 3459 3690 aqua
3535 3647 3543 3657 ι

1849 3690 1971 3732 cum
2001 3678 2363 3744 delectatione
2405 3688 2474 3745 de
2515 3691 2758 3753 fontibus
2789 3699 3120 3763 Salvatoris:
3159 3678 3212 3766 et
3241 3678 3460 3782 paratur

1851 3766 1904 3823 in
1919 3785 2212 3844 conspectu
2231 3788 2322 3834 tuo
2338 3797 2524 3838 mensa
2549 3787 2810 3860 cmlestis,
2835 3803 2890 3848 ct
2912 3798 3165 3866 poculum
3187 3801 3461 3864 inebrians

1850 3879 2010 3934 quam
2037 3871 2358 3936 praeclarum
2383 3884 2461 3931 est
2493 3876 2665 3947 (Psal.
2697 3899 2829 3952 χχιι,
2855 3887 2917 3958 ’5)
2937 3891 2949 3944 ι
2969 3889 3069 3945 Ha:
3100 3904 3226 3950 sunt
3253 3896 3460 3956 divitia:

1850 3957 2216 4030 simplicitatis
2236 4005 2251 4028 ,
2294 3967 2346 4022 in
2378 3969 2576 4040 quibus
2598 3983 2700 4030 est
2726 3957 2931 4037 Christi
2960 3986 3195 4052 pretiosa
3229 4003 3459 4062 pauper—

1851 4059 1953 4106 tas.
1980 4052 2078 4108 Est
2100 4063 2155 4110 et
2184 4057 2236 4110 in
2260 4061 2504 4117 moribus
2522 4076 2812 4137 paupertas
2839 4071 3010 4142 bona;
3036 4078 3179 4135 unde
3200 4052 3254 4137 et
3275 4052 3460 4140 Domi-

1852 4159 1951 4200 nus
1981 4145 2159 4201 dixit:
2197 4147 2347 4206 Beati
2374 4171 2627 4225 pauperes
2654 4161 2840 4232 spiritu
2868 4166 3084 4238 (Matth.
3107 4187 3166 4241 ν,
3198 4174 3274 4247 3).
3307 4175 3377 4233 Et
3404 4179 3458 4234 iu

1850 4235 2082 4294 Psalmis
2146 4241 2452 4302 invenimus
2510 4249 2634 4320 quia
2678 4253 2941 4316 Dominus
2985 4262 3220 4323 humiles
3265 4269 3459 4342 spiritu

1850 4330 2082 4387 salvabit
2109 4333 2282 4406 (Psal.
2319 4353 2527 4408 χχχιιι,
2562 4341 2674 4416 19).
2705 4345 2803 4403 Est
2838 4361 2892 4407 et
2922 4355 2975 4410 in
3001 4354 3029 4393 b
3059 4330 3351 4421 collatione
3381 4376 3462 4423 tc-

1849 4425 1942 4479 nui
1975 4439 2264 4498 paupertas
2285 4430 2588 4505 abundans,
2621 4438 2666 4494 si
2699 4441 2937 4503 abundet
2958 4449 3108 4508 fides.
3138 4453 3288 4514 Unde
3311 4460 3459 4533 Apo-

1849 4519 2022 4577 stolus
2053 4524 2127 4578 ait
2153 4543 2165 4579 :
2199 4524 2270 4580 Et
2297 4531 2559 4602 profunda
2585 4548 2866 4608 paupertas
2890 4557 3066 4600 eorum
3089 4519 3377 4608 abundauit
3399 4556 3456 4612 in

1851 4611 2043 4669 diuitiis
2071 4617 2416 4689 simplicitatis
2446 4640 2622 4681 eorum
2654 4627 2722 4702 (ll
2745 4631 2873 4689 Cor.
2906 4651 3020 4707 vtu,
3050 4639 3130 4711 2).

2899 4731 3017 4802 ejus
3048 4733 3416 4809 intelligamus
3436 4786 3452 4811 ,

1851 4801 1974 4874 quia
2002 4803 2117 4875 ipse
2141 4821 2199 4862 se
2223 4821 2516 4881 pauperem
2539 4815 2694 4886 dixit,
2719 4801 2980 4879 habemus
2997 4826 3125 4882 alibi
3147 4801 3408 4902 scriptum

1853 4895 2068 4970 Pauper
2099 4909 2149 4955 et
2186 4903 2366 4960 dolens
2399 4923 2491 4980 ego
2519 4927 2633 4967 sum
2669 4912 2790 4986 (Ps.
2820 4933 3004 4982 vatu,
3039 4921 3168 4993 50);
3201 4895 3305 4982 hoc
3328 4939 3454 4997 est,

1849 4992 1973 5062 quia
2005 5008 2106 5064 pro
2136 4995 2292 5054 nobis
2317 4999 2494 5070 dolet,
2528 5012 2587 5059 ut
2617 5005 2839 5077 legimus
2863 5008 3046 5082 (Esai.
3081 4992 3174 5071 ιιιι
3195 5057 3210 5083 ,
3240 5017 3332 5092 4),
3362 4992 3460 5080 ne;

1970 5172 2033 5254 Et
2053 5180 2201 5247 veste
2219 5181 2278 5228 et
2293 5192 2441 5254 omne
2466 5185 2770 5254 putrefagtus
2791 5201 3015 5254 corpore.

1972 5235 2100 5318 Quin
2124 5254 2186 5313 os
2202 5244 2411 5304 supinat,
2428 5235 2603 5318 .ohvias
2624 5235 2771 5300 offert
2794 5235 2970 5318 geuus,

1969 5298 2211 5379 §1upponit
2232 5298 2378 5379 aures
2391 5298 2409 5368 ;’
2428 5306 2576 5379 labra,
2604 5298 2967 5379 nares—objicit—

1970 5359 2189 5446 Ede—jam
2215 5367 2376 5428 palato
2391 5359 2585 5446 parcit,
2599 5379 2653 5446 et
2676 5359 3041 5446 liﬁngua'ui‘ri'gat
3053 5417 3068 5446 ,

1969 5424 2144 5478 Donec
2165 5424 2547 5482 cruorem'totus
2558 5424 2726 5486 'atrum
2743 5424 3007 5495 combibat

1845 5547 2135 5642 Polstrcmo
2166 5553 2393 5642 eductus
2423 5554 2552 5642 inde
2583 5561 3028 5642 belluspontilex
3061 5576 3279 5634 eminus
3315 5582 3454 5642 ado-

1853 5621 2090 5722 ξξῧξιιξεξΐι
2099 5627 2587 5722 θηβρξξιξξίζοῇῼιῇ
2596 5621 2801 5722 fumis
2826 5621 3030 5701 iunio
3052 5621 3458 5722 elegante;

1851 5695 2044 5752 scribit
2074 5696 2197 5752 loco
2225 5700 2394 5754 citato
2413 5695 2761 5765 Prudentius.

1925 5774 2204 5873 ξζϐοιιαεόο
2222 5792 2242 5832 :
2261 5776 2751 5852 hic-idem~est,-ac
2779 5781 3026 5862 pecunia:
3051 5801 3302 5864 collectte
3331 5822 3458 5873 aro-

1852 5849 2020 5918 gatio.

3376 1749 3452 1794 est
3535 1742 3538 1744 ⁷
