4008 6352
550 491 658 547 que
689 435 833 530 enim
865 469 917 523 in
959 479 1018 521 se
1049 458 1238 518 habuit
1263 454 1408 530 quod
1444 451 1681 510 doleret.
1716 447 1868 506 Sicut
1897 457 2028 513 ergo
2056 454 2154 508 pro
2183 443 2228 504 Α

553 571 711 626 ηοιιις
739 568 906 628 dolet,
953 571 1009 616 ιιι
1039 558 1225 614 Esaias
1253 555 1642 621 interpretatus
1671 556 1778 609 εει,
1807 542 1896 612 qui
1926 554 2047 595 eum
2074 537 2156 590 vi-

553 666 631 722 dit
653 665 706 719 in
729 661 946 730 Spiritu:
976 670 1070 717 ιιι-ο
1095 652 1250 707 nobis
1273 647 1456 717 utique
1481 643 1655 700 tristis
1677 648 1823 702 crat;
1846 637 1992 704 juxta
2016 628 2160 701 quod

551 760 787 817 animam
829 767 980 808 suam
1020 748 1228 803 tristem
1258 741 1558 812 appellavit
1589 751 1758 804 usque
1789 731 1855 787 ad
1887 737 2117 784 mortem
2143 765 2159 789 ,

551 868 730 911 tamen
751 865 856 906 non
877 855 1098 920 propter
1121 849 1379 896 mortem:
1405 847 1458 892 et
1476 848 1696 890 carnem
1716 828 1843 884 diin
1867 823 2160 888 inﬁrmam,

551 964 672 1020 quae
702 917 893 999 mortis
923 937 1188 1008 subiacuit
1219 930 1518 988 inﬁrmitati
1546 945 1562 991 ;
1604 937 1663 980 ιιι
1691 922 1939 977 aculeum
1975 917 2165 970 mortis

549 1017 869 1109 intringvret
896 1075 910 1100 ,
956 1046 1065 1102 quo
1095 1043 1194 1084 nos
1226 1028 1278 1080 itt
1321 1024 1411 1079 die
1435 1018 1629 1091 judicii
1662 1017 1958 1081 liberat-ct,
1999 1022 2163 1081 quam

552 1151 661 1191 non
691 1124 1056 1202 perfuncmrie
1078 1122 1274 1177 malam
1302 1117 1458 1172 dixit.

626 1197 905 1298 7.'(\'ers.
927 1221 1009 1294 2.)
1039 1221 1129 1276 Sic
1155 1218 1301 1273 enim
1337 1209 1657 1268 subtexuit:
1678 1205 1743 1261 lu
1771 1205 1854 1258 die
1876 1201 2015 1256 mala
2042 1197 2168 1254 tibe-

552 1324 685 1379 rabit
711 1336 827 1375 eum
853 1317 1138 1372 Dominus:
1163 1310 1417 1381 quoniam
1438 1319 1620 1359 amara
1647 1301 1884 1360 videtur,
1907 1310 2026 1366 qum
2051 1292 2168 1358 plu-

555 1433 642 1473 1⁸8⁸
860 1407 1138 1478 ωΰυιίίοιιι
1167 1418 1360 1473 unum.
1397 1397 1494 1453 Via
1526 1396 1671 1452 enim
1701 1391 1916 1447 virtutis
1939 1397 2166 1457 angusta

551 1521 636 1569 est
657 1483 814 1577 ﬂaui
845 1504 1072 1567 delicti;
1119 1501 1241 1554 ideo
1272 1495 1509 1551 rariores
1533 1493 1586 1546 itt
1621 1489 1818 1544 virtute
1850 1483 2166 1545 ambulant,

553 1610 740 1678 plures
767 1602 819 1655 itt
845 1598 1046 1669 ﬂagitio
1077 1601 1381 1648 versantur.
1411 1588 1530 1656 Quo
1559 1585 1614 1638 lit
1645 1591 1702 1634 ιιι
1724 1579 1948 1634 inferior
1978 1589 2167 1630 eorum

552 1702 622 1758 sit
661 1709 951 1759 numerus,
993 1688 1088 1760 qni
1121 1685 1340 1756 pra-mia
1380 1674 1840 1736 remunerationis
1865 1670 2167 1734 accipient,

554 1809 714 1866 quam
743 1789 836 1862 qui
860 1787 931 1840 nb
953 1784 1183 1855 pretium
1207 1779 1451 1848 gravium
1480 1778 1821 1839 peccatorum
1845 1772 2050 1820 sortem
2074 1760 2170 1814 ad-

555 1865 772 1944 versam
796 1879 984 1951 judicii
1019 1872 1393 1943 reportabunt.
1423 1865 1586 1934 Quasi

556 1979 755 2037 malam
778 1949 966 2045 judicii
989 1968 1152 2023 diem.
1177 1963 1309 2020 Nam
1334 1961 1382 2016 si
1401 1956 1582 2028 angeli
1607 1957 1659 2010 in
1683 1954 1844 2008 unius
1868 1949 2173 2019 peccatoris

554 2069 897 2129 absolutione
920 2065 1198 2124 lmtunlnr;
1225 2067 1428 2127 quanto
1451 2053 1623 2122 magis
1645 2047 1897 2103 homines
1919 2045 1972 2099 in
1997 2053 2174 2097 tanto-

555 2182 675 2224 rum
697 2156 1153 2219 condentnatiOIte
1175 2150 1455 2205 hominum
1475 2140 1932 2200 tnacerabttntUr!
1955 2137 2012 2193 Et
2031 2136 2172 2192 bene

557 2261 706 2317 dolet
730 2271 826 2327 pro
847 2268 908 2309 ea
932 2267 1034 2308 ove
1063 2291 1078 2316 ,
1110 2263 1272 2318 quam
1299 2241 1541 2297 humeris
1563 2239 1676 2294 suis
1703 2236 1822 2305 ipse
1848 2231 2169 2305 reportavit,

549 2363 612 2414 et‘
633 2354 700 2410 ad
731 2351 874 2407 ovile
901 2362 1060 2403 suum
1097 2337 1376 2398 revocavit
1402 2344 1700 2393 errantem.
1733 2329 1946 2386 Aﬁ'ectu
1977 2335 2171 2380 nostro

552 2447 794 2520 loquitur
833 2440 932 2496 Dei
974 2437 1174 2499 Filius;
1218 2433 1341 2502 quia
1381 2429 1539 2484 nobis
1585 2425 1705 2480 dies
1736 2421 1926 2494 judicii
1974 2419 2170 2474 acerba

553 2513 660 2608 est,
681 2554 844 2612 quam
866 2537 1140 2590 timemus.
1159 2525 1424 2584 Omnibus
1445 2523 1584 2578 mala
1609 2519 1840 2585 videtur,
1868 2517 1990 2587 quia
2013 2513 2170 2585 plena

554 2636 786 2693 terroris
807 2638 929 2685 est:
971 2642 1076 2696 qua
1110 2624 1254 2678 Deus
1286 2635 1394 2675 non
1422 2617 1594 2673 solum
1627 2611 1863 2670 forensia
1895 2608 2130 2664 hominis
2151 2649 2167 2677 ,

556 2729 653 2786 sed
677 2727 842 2784 etiam
864 2720 1081 2779 occulta
1110 2715 1374 2788 dijudicat
1396 2730 1409 2766 :
1435 2727 1539 2784 qua
1568 2709 1779 2782 cogitur
1801 2703 2173 2776 unusquisque

555 2821 773 2895 aperire
798 2817 942 2890 quod
970 2815 1126 2879 fecit,
1173 2819 1266 2866 aut
1307 2807 1452 2880 quod
1499 2806 1694 2862 sensit.
1751 2803 1984 2871 ldquue
2014 2797 2170 2854 multi

553 2893 905 2974 damnantur,
958 2907 1114 2979 pauci
1161 2911 1512 2960 coronantur.
1561 2897 1668 2954 Sed
1714 2897 1878 2953 etiam
1931 2893 2032 2964 ipsi
2075 2893 2168 2962 qui

553 3017 908 3072 coronantur,
932 2997 1364 3072 dolebant;justi
1379 2998 1525 3052 enim
1543 2994 1969 3050 coronabuntur:
1989 2989 2170 3060 justus

553 3112 739 3162 autem
777 3099 932 3173 quasi
973 3111 1125 3153 suam
1157 3099 1312 3166 putat
1353 3089 1541 3146 fratris
1570 3101 1890 3144 :erumnam.
1936 3083 2003 3138 Et
2045 3082 2170 3154 quis

554 3211 657 3268 ego
685 3211 805 3250 sum
836 3191 928 3264 qui
957 3190 1026 3245 de
1058 3188 1152 3244 illa
1187 3185 1462 3256 judicent,
1512 3196 1616 3252 qtta
1650 3179 1818 3236 homo
1845 3175 2164 3246 angelorum

555 3287 805 3346 conciliis
835 3280 1143 3340 inseretur?
1175 3277 1348 3350 Ipsius
1380 3272 1592 3331 Domini
1625 3269 1907 3328 audiamus
1937 3279 2159 3325 senten-

557 3383 686 3438 tiam
713 3399 730 3438 :
763 3378 963 3446 Veniet,
995 3375 1190 3448 inquit,
1223 3373 1374 3439 hora,
1406 3371 1460 3425 in
1484 3387 1588 3441 qua
1606 3383 1780 3423 omnes
1805 3367 1893 3438 qui
1913 3365 1967 3420 in
1994 3380 2176 3419 monu-

559 3476 744 3530 mentis
775 3481 916 3536 sunt,
949 3470 1159 3524 audient
1188 3483 1361 3522 vocem
1384 3463 1512 3518 Filii
1535 3462 1796 3526 hominis;
1825 3470 1870 3514 et
1901 3457 2176 3532 precedent

559 3568 648 3638 qui
693 3567 825 3638 bona
872 3568 1125 3635 fecerunt,
1173 3559 1228 3612 in
1271 3557 1697 3614 resurrectionem
1734 3553 1895 3607 vitat:
1932 3551 2018 3622 qui
2057 3566 2178 3606 vero

563 3661 705 3716 mala
737 3636 969 3732 egerunt,
1010 3657 1065 3710 in
1099 3652 1529 3708 resurrectionem
1562 3645 1753 3720 judicii
1784 3641 1980 3716 (Joan.
2014 3659 2080 3709 v,
2104 3642 2177 3698 28

559 3761 611 3808 et
640 3752 711 3810 29
732 3753 774 3826 ).
808 3749 1206 3808 Judicabuntur
1233 3760 1365 3817 ergo
1391 3743 1481 3815 qui
1507 3741 1646 3797 mala
1676 3746 1939 3810 egerunt:
1973 3744 2028 3791 et
2055 3734 2179 3791 ideo

561 3849 705 3906 mala
745 3848 865 3904 dies
893 3857 946 3904 et
978 3859 1177 3917 aspera
1219 3841 1288 3896 ab
1318 3841 1439 3909 ipso
1478 3836 1665 3910 judice
1699 3840 2045 3903 nuncupatur
2073 3847 2088 3895 ;
2121 3837 2182 3886 ut

563 3946 704 4002 scias
745 3943 869 4015 quia
910 3943 1026 4014 ipse
1054 3937 1216 3994 nobis
1255 3935 1586 4006 compatitur
1625 3933 1680 3989 in
1711 3926 2045 3998 Evangelio,
2088 3923 2182 3998 qui

565 4052 884 4110 compassus
910 4043 995 4091 est
1024 4035 1080 4088 in
1110 4028 1413 4102 prophetis.

640 4134 696 4190 8.
736 4131 846 4189 Sed
873 4130 1035 4184 etiam
1068 4126 1149 4182 sic
1177 4135 1468 4196 possumus
1488 4117 1775 4189 accipere:
1809 4114 1877 4171 In
1908 4114 1992 4170 die
2019 4113 2178 4179 mala,

569 4226 676 4281 hoc
714 4232 819 4290 est,
870 4223 925 4278 iu
972 4229 1218 4290 tempore
1260 4215 1448 4280 malo;
1487 4211 1719 4268 mundus
1761 4209 1905 4265 enim
1943 4207 1995 4262 in
2039 4205 2184 4262 malo

567 4317 780 4390 positus
805 4325 912 4372 est.
945 4312 1016 4368 Et
1044 4311 1172 4368 ideo
1205 4309 1332 4365 mali
1364 4307 1481 4362 dies
1509 4305 1664 4360 istius
1692 4301 1904 4362 mundi.
1933 4309 1988 4355 et
2012 4299 2184 4355 abun-

570 4412 664 4468 dat
685 4409 791 4467 diei
817 4407 1024 4464 malitia
1047 4420 1166 4461 sua.
1193 4403 1313 4459 Non
1345 4399 1623 4456 mediocre
1648 4405 1756 4464 est,
1790 4403 1849 4450 ut
1876 4395 1962 4449 hic
1990 4393 2185 4449 libere-

572 4519 696 4564 mur
735 4502 805 4558 ab
849 4497 1068 4557 insidiis
1112 4493 1434 4567 peccatoris.
1480 4489 1583 4559 Qtti
1633 4486 1799 4543 fuerit
1842 4486 1930 4540 hic
1972 4484 2111 4541 liber
2152 4500 2183 4540 a

565 4597 824 4662 crimine,
857 4593 934 4651 ibi
965 4592 1068 4649 erit
1094 4590 1232 4646 liber
1259 4603 1289 4643 a
1317 4599 1502 4658 pinna,
1530 4589 1587 4638 et
1613 4579 1964 4637 severitatem
1986 4575 2183 4648 judicii

571 4691 758 4748 subire
785 4705 890 4744 non
920 4681 1138 4758 poterit.

644 4786 698 4843 9.
740 4782 922 4852 (Vers.
961 4778 1044 4851 5.)
1091 4776 1156 4833 Et
1196 4773 1317 4830 ideo
1356 4770 1496 4827 votis
1532 4783 1671 4842 opus
1701 4775 1786 4824 est
1826 4774 1880 4823 et
1929 4763 2178 4835 precibus

573 4874 906 4951 qttotidiauis
931 4914 946 4938 ,
978 4879 1035 4927 et
1064 4879 1090 4907 ⁸
1122 4865 1477 4924 advocatione
1502 4860 1769 4933 Principis
1797 4858 2139 4914 saccrdomm
2157 4897 2173 4922 ,

572 4950 642 5030 de
674 4985 780 5043 quo
807 4968 938 5023 dicit
973 4965 1212 5022 Joannes
1246 4960 1590 5032 Evangelista
1629 4976 1643 5012 :
1684 4957 1999 5011 Advocatum
2026 4950 2179 5005 habe-

574 5083 686 5121 mus
713 5063 853 5136 apud
883 5060 1093 5116 Patrem
1129 5055 1409 5112 Dominum
1451 5052 1653 5118 Iesum,
1680 5062 1727 5104 et
1755 5049 1865 5118 ipse
1896 5056 1970 5102 est
1997 5047 2181 5116 depre-

573 5159 707 5225 catio
752 5175 845 5231 pro
890 5158 1111 5226 peccatis
1153 5149 1344 5205 nostris
1386 5146 1428 5219 (l
1474 5145 1632 5200 Joan.
1673 5158 1743 5208 tt,
1777 5141 1859 5213 2).
1907 5139 2005 5194 ilic
2048 5152 2178 5207 ergo

572 5254 868 5310 advocatus
916 5261 1121 5308 noster,
1167 5256 1220 5302 et
1263 5240 1575 5312 deprecatio
1619 5252 1715 5306 pro
1745 5238 1984 5306 peccatis
2013 5233 2180 5288 totius

573 5345 756 5401 smculi
783 5351 901 5398 orat
931 5355 1028 5410 pro
1049 5337 1222 5407 coqui
1246 5333 1497 5403 intelligit
1522 5339 1579 5386 et
1602 5329 1776 5384 credit
1800 5327 1853 5379 in
1877 5323 2177 5390 Christum,

575 5449 630 5495 et
659 5439 824 5494 dicit:
863 5433 1113 5489 Dominus
1153 5436 1413 5484 conservet
1440 5441 1576 5491 eum,
1624 5430 1674 5476 et
1709 5419 1927 5488 viviﬁcet
1957 5433 2091 5485 eum,
2123 5426 2178 5486 _et

651 5632 677 5660 ⁸
716 5621 874 5676 Rom.
905 5619 1039 5675 edit.
1081 5617 1193 5673 Sola
1216 5659 1231 5679 ,
1269 5612 1534 5680 Pontificis
1566 5609 1736 5680 magni
1762 5647 1776 5661 .
1805 5643 1820 5659 .
1852 5645 1868 5680 .
1895 5642 1909 5657 .
1948 5642 1962 5657 .
1994 5614 2039 5656 et
2063 5603 2174 5672 ipse

580 5703 650 5748 est
681 5693 830 5760 prati
857 5693 981 5746 ιιι-ιο
1007 5706 1098 5759 pro
1133 5688 1372 5754 peccatis.
1409 5679 1556 5760 Hand
1590 5679 1752 5736 dubie
1781 5679 1904 5760 quia
1926 5680 2165 5760 a'tnsmn

575 5746 833 5836 putarunt
858 5765 922 5817 ad
951 5746 1074 5836 illini
1104 5746 1269 5836 Ιςίειιιχ
1293 5775 1365 5821 ιν,
1395 5760 1459 5812 ili
1487 5753 1766 5836 :"tszovrsc
1787 5746 1880 5836 ρῖιν
1913 5752 2167 5836 ἀρχιερέα

580 5821 770 5904 Levant;
818 5847 868 5890 et
897 5834 962 5885 ad
992 5832 1131 5904 istud
1185 5832 1202 5883 Ι
1246 5830 1402 5904 Jtiatt.
1434 5845 1498 5904 ll..-
1521 5828 1556 5877 ‘2
1579 5821 1714 5880 :"Kai
1741 5825 1914 5883 αὐτὸς.
1933 5821 2166 5904 ,ἶλιξσμός

580 5893 690 5961 icit
718 5893 833 5982 nipi
859 5911 961 5962 τῶν
988 5903 1252 5975 ἁμαρτιῶν
1270 5903 1430 5972 ἡμῶν.
1458 5897 1847 5955 Verumtamen
1892 5893 2026 5947 nihil
2055 5901 2160 5960 est,

1892 321 2140 384 Sili-NCT!
2180 314 2509 379 AMBROS“

2258 436 2463 492 beatum
2503 431 2662 505 faciat
2695 445 2828 484 etim.
2874 427 3190 484 Conservet
3237 435 3268 476 a
3315 413 3604 492 periculis,
3645 413 3849 472 virilicet

2263 541 2538 598 tamquam
2589 527 2640 582 in
2691 523 2883 578 muttis
2931 520 3175 577 tenebris
3233 515 3624 573 constitutum,
3668 509 3849 565 beatam

2262 626 2444 681 facere
2476 622 2740 677 bonorum
2768 632 2998 688 operum
3020 613 3349 671 accessione
3378 607 3660 678 dignetur.

3732 296 3852 357 ωῖὶ

2336 718 2423 773 10.
2449 714 2477 753 ι’
2503 714 2567 769 Et
2585 712 2842 778 eumndet,
2867 709 3061 780 inquit,
3091 709 3144 761 in
3176 716 3323 760 terra
3350 703 3514 756 vitam
3532 701 3647 772 ejus
3671 693 3847 768 (Ibid).

2264 811 2410 866 Bene
2433 807 2658 869 addidit,
2689 807 2745 860 in
2772 817 2938 870 terra;
2964 803 3088 871 quia
3119 799 3226 855 nisi
3257 799 3349 852 hic
3376 793 3677 851 mundatus
3705 790 3850 856 fuerit,

2265 904 2338 960 ibi
2369 903 2603 958 mundus
2634 916 2755 956 esse
2787 917 2891 955 nott
2926 897 3151 969 poterit.
3202 893 3302 948 Vel
3345 903 3506 947 certe
3547 888 3650 943 hoc
3691 887 3854 941 ιιιυιιιις

2268 997 2525 1052 Emuudet
2573 998 2626 1051 in
2662 1008 2814 1050 terra.
2862 990 3146 1061 Quomodo
3189 987 3345 1043 enim
3391 984 3524 1058 quis
3563 980 3784 1037 mundus
3815 982 3853 1037 in

2268 1093 2424 1157 luto;
2467 1107 2589 1146 cum
2631 1102 2774 1144 terra
2815 1103 2939 1143 eum
2968 1081 3248 1140 obliniat?
3280 1081 3431 1151 Ergo
3463 1074 3678 1131 Domini
3705 1089 3857 1130 manu

2269 1185 2712 1247 estttecessaria,
2767 1196 2885 1251 quae
2932 1176 3176 1242 fecit;de
3205 1183 3354 1230 terra
3399 1183 3660 1241 corpus}
3696 1175 3748 1221 ut
3771 1167 3855 1237 ipsa

2271 1281 2486 1334 mundat
2503 1293 2534 1333 c
2560 1277 2832 1347 dignetur.

2339 1375 2502 1447 871
2534 1372 2622 1427 Η.
2658 1369 2859 1440 (Vers.
2891 1365 2973 1438 5.)
3019 1364 3089 1420 Ει
3121 1380 3226 1418 non
3259 1360 3441 1416 tradat
3470 1373 3595 1412 eum
3623 1355 3680 1409 in
3719 1370 3858 1407 messi

2269 1470 2466 1524 inimici
2497 1471 2629 1542 ejus.
2672 1465 2806 1535 Quis
2830 1472 2914 1518 est
2937 1460 3234 1523 inimicus;
3266 1457 3374 1512 lliai
3417 1455 3508 1509 leo
3539 1452 3634 1507 ille
3673 1450 3757 1517 qui
3783 1451 3862 1504 cir-

2273 1569 2384 1620 cuit
2413 1565 2655 1632 rugiens,
2703 1573 2954 1632 qua-rens
3000 1571 3165 1628 quem
3213 1549 3496 1608 devoret?
3549 1545 3661 1600 Alii
3703 1542 3862 1597 halm

2273 1658 2449 1715 αιτισεί
2477 1674 2491 1712 :
2525 1655 2593 1711 Et
2617 1671 2716 1709 non
2747 1654 2916 1706 tradat
2943 1666 3058 1704 eum
3089 1649 3143 1701 in
3166 1646 3372 1700 animas
3403 1642 3740 1696 inimicorum
3761 1640 3857 1708 ιβιδ.

2275 1752 2494 1809 Animas
2544 1765 2640 1819 pro
2687 1745 2938 1802 mamlius
2987 1741 3207 1814 posuit;
3256 1755 3325 1791 co
3364 1735 3522 1806 quod
3563 1730 3861 1785 inimicat-sa

1621 1862 1815 1918 dolens
1846 1859 2009 1929 igitur
2031 1855 2171 1910 dixit
2199 1855 2248 1916 Β
2275 1846 2468 1900 animae
2508 1843 2668 1899 bonis
2717 1838 3062 1902 insidientur,
3107 1844 3162 1889 et
3199 1827 3645 1902 cogitationibus
3683 1825 3784 1879 suis
3803 1825 3860 1892 ju-

2274 1949 2416 1996 stum
2441 1943 2711 1994 c0nentur
2736 1941 3010 1990 evertere.
3055 1931 3320 1984 Dicuntur
3347 1935 3403 1978 ct
3435 1922 3646 1978 animm
3679 1934 3768 1989 pro
3792 1920 3859 1972 bo-

2275 2033 2534 2090 minibos.
2566 2029 2756 2085 Omnes
2782 2027 2969 2082 anima:
2989 2021 3347 2093 septuaginta,
3379 2031 3506 2088 quae
3528 2012 3860 2068 descenderat

2274 2127 2329 2181 in
2361 2125 2656 2197 ﬂgyptum
2684 2120 2841 2195 (Gen.
2873 2135 3018 2186 vat,
3047 2115 3164 2188 27).
3211 2113 3343 2170 Ideo
3388 2123 3449 2168 ct
3493 2107 3672 2166 David
3715 2105 3862 2161 maluit

2274 2221 2368 2276 Dei
2400 2236 2459 2275 se
2487 2222 2836 2275 committere
2865 2212 3120 2287 potestati
3147 2253 3161 2274 .
3210 2224 3378 2279 quam
3408 2205 3638 2264 insidiis
3664 2204 3864 2259 inimico-

2275 2329 2424 2379 rum,
2448 2313 2538 2383 qui
2571 2325 2797 2380 parcere
2828 2323 2922 2363 sua
2953 2307 3235 2361 voluntate
3261 2302 3579 2357 nescirent.

2344 2406 2434 2462 12.
2477 2403 2656 2476 (Vers.
2687 2400 2772 2474 6.)
2812 2401 3099 2469 Sequitur:
3152 2395 3417 2451 Dominus
3457 2410 3614 2464 apem
3660 2395 3781 2462 {erat
3809 2390 3863 2443 itii

2273 2515 2431 2572 supra
2453 2498 2636 2552 lectum
2663 2495 2857 2551 doloris
2887 2494 3033 2564 ejus:
3063 2491 3363 2551 universum
3391 2496 3629 2542 stratum
3650 2489 3756 2559 ejus
3776 2499 3860 2536 ser-

2272 2595 2396 2649 sasti
2417 2596 2471 2648 in
2501 2591 2801 2662 inﬁrmitate
2825 2591 2962 2663 ejus.
3013 2585 3149 2655 Quis
3174 2594 3260 2642 est
3300 2583 3486 2638 lectus
3529 2578 3763 2644 doloris,
3789 2576 3860 2631 nisi

2273 2702 2404 2742 caro
2427 2684 2759 2751 inﬁrmitatis
2783 2682 2807 2736 Ἰ
2833 2680 2899 2737 Et
2922 2680 3265 2737 bene-lectus
3284 2677 3526 2739 doloris,
3555 2675 3689 2745 quia
3708 2687 3863 2743 corpus

2273 2791 2360 2837 est
2387 2781 2578 2836 mortis
2601 2819 2615 2842 ,
2658 2777 2727 2834 de
2753 2791 2860 2848 quo
2893 2791 2952 2831 se
2983 2773 3203 2830 liberari
3233 2772 3584 2842 deprecatur
3611 2767 3864 2839 Apost-tius

2274 2876 2454 2948 (Rom.
2497 2889 2592 2937 vn.
2639 2871 2771 2942 24);
2827 2882 2884 2928 ut
2927 2880 3201 2942 tamquam
3256 2867 3328 2923 de
3387 2867 3617 2922 tumulo
3673 2863 3862 2937 quodam

2273 2971 2443 3042 possit
2476 2968 2804 3036 adsurgere,
2831 2965 2885 3022 in
2912 2980 3022 3037 quo
3047 2980 3190 3036 nigra
3217 2961 3370 3034 jacet
3400 2962 3629 3029 anima,
3663 2968 3717 3015 et
3741 2956 3859 3027 quasi

2272 3063 2506 3134 quodam
2551 3059 2828 3117 decumbit
2870 3059 2924 3115 itt
2969 3058 3189 3113 lectulo.
3248 3054 3668 3126 Symmachus,
3714 3053 3860 3106 iectast

2274 3156 2516 3221 miseriae,
2540 3155 2676 3210 dixit
2699 3171 2714 3206 :
2738 3152 2956 3225 Aquila,
2984 3150 3259 3224 grabatum
3281 3149 3522 3204 miseria:
3541 3165 3564 3203 :
3591 3147 3861 3218 expressius

2189 3255 2236 3320 C
2266 3251 2618 3322 Septuaginta
2649 3247 2788 3314 viri,
2819 3248 3006 3302 tectum
3034 3245 3254 3313 doloris,
3287 3253 3645 3315 putaverunt
3670 3257 3782 3298 esse
3799 3239 3860 3294 die

2279 3343 2536 3402 cendum.
2583 3341 2678 3398 His
2701 3355 2832 3411 ergo
2855 3337 3145 3394 versiculis
3173 3335 3446 3392 utendum
3479 3345 3569 3390 est
3607 3333 3744 3406 apud
3763 3346 3860 3397 eos,

2278 3437 2374 3510 qui
2413 3436 2617 3491 diutius
2654 3433 2973 3490 inﬁrmitate
3015 3428 3267 3502 corporis
3297 3429 3671 3494 detinentur;
3716 3436 3770 3481 ut
3791 3425 3858 3478 li:-

2281 3532 2442 3588 beant
2470 3528 2793 3586 medicinam
2822 3527 2948 3595 Dei,
2977 3540 3085 3599 quo
3107 3524 3228 3582 sani
3259 3538 3389 3580 esse
3419 3529 3760 3579 mereantur.
3790 3518 3862 3574 Le
3950 3518 3951 3572 ἓ

2279 3634 2396 3682 ctus
2431 3640 2560 3696 ergo
2581 3623 2779 3679 animae
2817 3637 2945 3678 caro
2976 3620 3187 3676 inﬁrma
3209 3628 3297 3676 est
3319 3661 3336 3688 ,
3390 3618 3558 3690 cujus
3590 3615 3858 3690 aegritudini

2281 3719 2459 3774 anima
2490 3726 2672 3772 nostra
2708 3715 3059 3787 compatitur,
3089 3728 3212 3784 quae
3246 3713 3293 3768 si
3346 3712 3560 3769 habeat
3587 3712 3855 3782 adiutorem

2285 3811 2597 3878 Dominum,
2627 3809 2763 3866 dicit
2781 3809 2829 3866 ei
2857 3826 2870 3863 :
2903 3807 3098 3882 Surge,
3131 3807 3256 3862 tolle
3275 3806 3479 3862 lectum
3509 3800 3861 3872 tuum,th

2281 3905 2338 3961 in
2363 3904 2574 3960 domum
2629 3913 2770 3958 tuam
2817 3903 2836 3973 (
2859 3901 2990 3958 Luc.
3035 3917 3090 3968 v,
3113 3896 3186 3955 24
3203 3899 3244 3972 ).
3277 3900 3404 3969 Quo
3423 3900 3770 3956 confortatus
3795 3895 3863 3951 Dei
3950 3895 3951 3962 Ῑ

2283 3997 2452 4054 verbo
2478 3997 2571 4070 qui
2607 4012 2752 4068 aeger
2777 4005 2917 4063 erat,
2951 3994 3128 4063 surgit
3156 4003 3213 4050 et
3249 3993 3398 4048 tollit
3423 3993 3640 4050 lectum
3669 3989 3859 4048 suumiti
3950 3979 3951 4038 Ῐ

2281 4108 2392 4166 quo
2417 4091 2653 4164 iacebat,
2683 4099 2741 4147 et
2767 4089 2909 4147 redit
2952 4090 3005 4144 in
3036 4097 3239 4145 statum
3274 4085 3581 4158 pristinum
3630 4083 3857 4142 sanitatis.

2283 4187 2400 4244 Hoc
2425 4197 2511 4242 est
2532 4187 2586 4241 in
2615 4185 2838 4241 domum
2869 4198 3022 4240 suam
3051 4182 3290 4256 regredi,
3321 4191 3383 4239 ut
3405 4183 3630 4240 habitet
3656 4183 3709 4237 in
3735 4178 3862 4235 domi-

2284 4281 2413 4337 cilio
2454 4279 2849 4337 robustissimae
2874 4249 3224 4335 valetudinis.
3257 4275 3361 4345 Qui
3414 4276 3642 4332 habitat
3664 4317 3680 4341 ,
3712 4273 3856 4344 regit:

2283 4375 2376 4447 qui
2407 4373 2570 4444 regit,
2594 4369 3026 4427 virtutis‘babet
3053 4368 3159 4425 sibi
3206 4368 3440 4441 gratiam
3480 4367 3857 4439 suﬂ‘ragantetn.

2284 4467 2392 4525 Sed
2413 4468 2577 4524 etiam
2603 4473 2835 4521 Stratum
2857 4478 3075 4520 omnem
3100 4474 3284 4519 versat
3307 4461 3577 4517 Dominus
3599 4461 3658 4517 in
3685 4457 3863 4516 inﬁrmi

2289 4573 2400 4622 tate
2429 4563 2756 4635 languentis,
2787 4559 2873 4616 cui
2902 4543 3099 4615 adesse
3123 4555 3404 4627 dignatur.
3439 4553 3606 4623 Quod
3633 4561 3859 4612 venatur,

2202 4651 2259 4713 1)
2282 4669 2482 4717 statum
2507 4666 2702 4721 mutat.
2729 4665 2822 4712 aut
2844 4670 2909 4712 ex
2939 4652 3176 4722 sanitate
3197 4650 3250 4706 in
3279 4649 3694 4721 :rgritudinem,
3720 4655 3860 4701 ante!

2283 4753 2607 4826 aegritudine
2633 4751 2702 4806 ad
2734 4752 3046 4805 sanitatem.
3077 4746 3177 4802 Hic
3203 4759 3337 4816 ergo
3362 4744 3460 4816 qui
3490 4751 3746 4816 aegrotat,
3772 4755 3861 4796 ver-

2284 4857 2369 4904 sat
2407 4863 2467 4902 se
2494 4846 2560 4899 ad
2591 4843 2890 4900 remedium
2925 4839 3200 4896 sanitatis.

2355 4941 2445 4998 15.
2486 4938 2578 4996 Sic
2605 4954 2735 5009 ergo
2763 4936 3025 4992 Dominus
3072 4933 3257 4998 Jesus,
3304 4931 3413 4987 etsi
3464 4931 3862 4987 vulneratusest

2282 5045 2508 5108 propter
2530 5040 2750 5103 peccata
2781 5039 2990 5096 nostra,
3020 5034 3204 5081 tamen
3227 5041 3336 5079 non
3367 5023 3424 5079 iit
3453 5022 3548 5078 illa
3579 5021 3859 5078 inﬁrmitate

2283 5127 2616 5200 permansit;
2649 5125 2745 5182 sed
2777 5139 2836 5178 se
2863 5122 2982 5192 ipse
3005 5119 3250 5176 versavit.
3271 5123 3322 5172 in
3351 5117 3560 5173 melius
3585 5115 3655 5171 ad
3678 5115 3858 5170 univer-

2282 5239 2465 5281 sornm
2495 5222 2745 5278 salutem.
2775 5218 2963 5286 Itaque
2986 5214 3238 5284 passione
3259 5212 3559 5267 inﬁrmitas
3580 5220 3667 5265 est
3691 5206 3854 5268 soluts,

2284 5331 2435 5374 mors
2476 5314 2893 5371 resurrectione.
2937 5307 3087 5364 Sicut
3116 5320 3248 5376 ergo
3289 5303 3503 5373 seipse
3552 5301 3780 5359 versavit
3807 5295 3856 5350 ad

2283 5413 2607 5486 populorum
2639 5404 3098 5476 redemptionem,
3129 5416 3233 5458 nec
3263 5399 3442 5456 sensit
3468 5397 3718 5454 aculeum
3741 5406 3856 5449 mor-

2279 5617 2378 5660 cur
2408 5608 2690 5669 propterea
2721 5597 3032 5654 versionem
3067 5590 3346 5648 Ambrosii
3371 5591 3750 5647 existimemus
3778 5585 3854 5641 iut-

2341 5674 2614 5726 utandatn.

2281 5691 2614 5730 ﬂlllldﬂtlalﬂ.

2350 5745 2378 5786 δ
2423 5749 2697 5798 Habentur
2734 5755 2798 5796 ea
2849 5738 3014 5795 verba
3059 5739 3111 5793 in
3171 5735 3345 5792 Psalt.
3413 5749 3551 5792 mss.
3597 5735 3773 5793 Germ.
3814 5735 3854 5783 et

2275 5817 2436 5874 Caru.
2471 5831 2571 5871 nec
2601 5831 2704 5868 non
2732 5813 2891 5867 Rom.
2917 5812 3063 5868 edito
3084 5825 3174 5865 an.
3204 5809 3384 5872 i583;
3419 5808 3478 5865 in
3507 5805 3753 5866 omnibus
3780 5816 3852 5854 att-

2274 5898 2381 5946 tem
2403 5889 2523 5944 aliis
2553 5887 2956 5951 desiderantur.
