4008 6352
762 340 789 355 κ

180 408 327 465 1073

1324 402 1390 460 IN
1429 401 1761 460 PSALMUM
1793 403 1887 461 XL
1925 403 2350 462 ENARBATIO.

3342 380 3487 460 non

180 526 274 593 tis,
302 533 397 581 aut
427 525 671 581 vulneris
696 525 1067 582 inﬁrmitatem
1100 542 1112 579 :
1137 525 1217 581 sic
1240 538 1363 579 eum
1393 523 1483 591 qui
1512 523 1562 578 in
1587 537 1645 577 se
1666 536 1787 577 cre-
1812 525 1867 584 Α
1890 520 2003 578 rire
2032 522 2285 579 Salvator
2334 533 2734 580 sacramentum
2780 539 2893 580 suae
2940 524 3131 595 incipit
3177 522 3448 593 passionis
3473 563 3490 587 ,

178 617 280 685 dit,
334 620 438 675 etsi
482 620 725 691 graviter
763 628 1136 691 aegrotantem,
1183 628 1237 673 ιιι
1283 633 1313 673 a
1345 627 1521 673 morte
1551 617 1783 685 liberet,

177 724 366 770 versat
395 715 463 770 ad
495 716 683 771 vitam.
707 714 933 772 Omnem
966 729 1096 787 ergo
1124 722 1378 775 stratum.
1403 712 1508 768 hoc
1536 722 1643 778 est,
1668 712 1788 768 uni-

177 824 467 866 versorum
514 810 794 867 hominum
841 810 1207 866 inﬁrmitatem
1246 810 1299 865 in
1333 824 1428 865 sua
1473 808 1786 865 inﬁrmitate

176 903 441 959 versavit.
475 905 727 974 Suscepit
768 904 911 961 enim
944 904 1284 960 inﬁrmitates
1326 903 1565 958 omnium
1595 903 1647 957 in
1687 916 1783 957 sua

176 1009 365 1061 carne,
393 997 571 1052 erexit
591 1011 653 1053 se
683 996 735 1051 in
765 1011 1003 1063 crucem,
1034 1004 1087 1050 et
1111 993 1338 1049 versavit
1365 993 1608 1048 omnium
1635 992 1785 1046 inﬁr-

178 1088 467 1144 mitatesin
496 1088 577 1144 sui
611 1089 858 1158 corporis
882 1087 1213 1143 ἰιιῐίηιιὶῐειιε.
1238 1085 1389 1143 Unde
1412 1087 1543 1142 dicit
1563 1086 1780 1141 Esaias:

177 1179 366 1237 Livore
394 1184 507 1255 ejus
551 1197 645 1235 nos
674 1181 843 1236 sanati
874 1197 1051 1236 smnus
1080 1178 1250 1251 (Esai.
1304 1195 1419 1244 uti,
1451 1178 1529 1249 5).
1572 1178 1785 1233 llabent

142 1316 145 1321 ν
179 1273 285 1330 hoc
324 1274 645 1338 luctatores,
690 1283 748 1328 ut
778 1287 839 1329 se
868 1272 1162 1344 subjiciant
1203 1272 1271 1327 iis
1312 1272 1508 1341 quibus
1552 1285 1781 1342 congre-

179 1367 403 1424 diuntur
429 1378 590 1438 atque
623 1368 919 1433 luctantur,
949 1376 1009 1422 ut
1030 1367 1262 1437 opprimi
1289 1381 1449 1436 posse
1466 1362 1779 1432 videantur;

178 1470 235 1518 et
265 1461 446 1517 subito
478 1470 503 1499 η
530 1476 653 1517 cum
681 1463 922 1533 superati
955 1462 1297 1516 a-stimautur
1323 1460 1555 1528 elidunt,
1575 1470 1629 1516 et
1651 1476 1783 1532 qua-

176 1555 303 1614 dam
332 1567 447 1615 arte
474 1573 534 1616 se
564 1569 809 1628 versant,
843 1570 900 1615 ut
925 1559 1203 1616 etl‘undant
1229 1560 1591 1630 superiorem.
1627 1560 1783 1617 Cadit

174 1653 268 1723 qui
299 1650 638 1722 portabatur,
671 1662 726 1708 et
772 1653 817 1708 is
850 1654 940 1725 qui
985 1654 1259 1725 portabat,
1293 1654 1543 1724 superior
1571 1654 1783 1711 inveni-

175 1754 285 1813 tur,
316 1756 375 1800 ut
418 1756 627 1802 sternat
669 1759 976 1819 urgentem.
1024 1748 1265 1820 Spiritali
1306 1748 1488 1820 itaque
1528 1749 1780 1821 palaestra

178 1839 448 1897 Dominus
500 1839 660 1897 Jesus
710 1856 881 1897 onera
925 1850 1109 1897 nostra
1156 1842 1464 1912 suscipicns
1491 1844 1545 1899 in
1579 1844 1672 1898 illa
1720 1858 1779 1900 se

1892 618 2037 688 quod
2090 634 2213 673 cum
2271 618 2563 689 Evangelia
2609 619 2943 676 concordare
2998 632 3106 673 non
3135 616 3356 672 dubium
3383 624 3489 670 est.

1890 709 2023 765 Nam
2067 710 2465 767 maledicebant
2511 714 2559 768 ei
2611 711 2803 774 Judaei,
2835 722 3065 767 mortem
3111 710 3230 780 ejus
3259 717 3486 779 expete-

1889 800 2045 870 bant,
2075 802 2496 869 insidiabantur,
2534 804 2821 875 urgebant,
2855 813 3196 859 crescentem
3247 800 3489 873 quotidie

1887 896 2115 967 gloriam
2144 896 2263 965 ejus
2299 898 2481 967 operis
2512 914 2621 953 non
2658 898 2918 953 ferentes.
2955 896 3069 952 Hoc
3098 911 3228 965 ergo
3256 894 3491 965 prophe-

1888 991 1961 1043 tia
2008 988 2324 1053 annuntiat,
2356 993 2499 1059 qnod
2552 993 2605 1047 in
2657 991 2948 1061 Evangelio
2987 990 3319 1060 completum
3353 999 3437 1047 est
3470 1006 3487 1046 :

1888 1081 2097 1136 Inimici
2118 1082 2217 1135 mei
2243 1082 2484 1137 dixerunt
2514 1084 2655 1139 mala
2681 1084 2806 1137 milii
2840 1101 2859 1140 :
2891 1083 3116 1150 Quando
3139 1084 3411 1149 morietur,
3440 1092 3489 1138 et

1887 1176 2069 1246 peribit
2109 1193 2293 1231 nomen
2348 1177 2503 1251 ejus?
2550 1182 2845 1244 Amentes,
2891 1180 2983 1249 qui
3034 1178 3159 1233 vitae
3202 1188 3488 1234 auctorem

1885 1273 2024 1326 mori
2052 1286 2212 1342 passe
2238 1271 2537 1327 credebant
2564 1290 2577 1327 :
2607 1273 2703 1328 sed
2731 1284 2855 1330 vota
2887 1288 3076 1331 eorum
3107 1273 3350 1330 Ecclesia
3385 1273 3482 1328 de-

1883 1367 2151 1433 struebat,
2173 1366 2405 1423 credens
2422 1367 2563 1437 quod
2583 1368 2747 1424 etiam
2772 1382 3021 1425 mortuus
3036 1368 3335 1425 secundum
3359 1382 3485 1423 cor-

1886 1461 2034 1530 poris
2063 1460 2434 1517 conditionem
2458 1502 2473 1528 ,
2526 1476 2685 1517 suum
2728 1478 2929 1519 nomen
2967 1472 3226 1534 augeret;
3270 1472 3327 1517 et
3362 1460 3488 1517 ideo

1885 1554 2149 1626 psnllebat
2180 1556 2230 1611 ei
2268 1556 2456 1612 dicens
2486 1576 2500 1613 :
2534 1554 2737 1611 Memor
2772 1574 2858 1612 ero
2883 1558 3105 1612 nominis
3145 1557 3219 1611 tui
3254 1556 3311 1611 in
3346 1556 3488 1611 omni

1883 1649 2220 1721 generatione
2256 1659 2304 1704 et
2355 1650 2736 1721 generationem
2791 1650 2983 1722 (Psal.
3012 1665 3164 1717 xuv,
3192 1650 3321 1721 18).
3374 1648 3484 1705 Re-

1883 1742 2103 1811 petebat
2151 1761 2165 1798 :
2219 1741 2549 1816 Unguentum
2607 1746 2928 1800 exinanitum
2973 1755 3050 1799 est
3099 1760 3285 1799 nomen
3338 1754 3483 1798 tuum

1886 1836 2058 1909 (Cant.
2093 1854 2132 1905 ι,
2161 1836 2243 1909 2).
2270 1837 2586 1894 .Morientur
2609 1840 2709 1907 illi,
2738 1839 2831 1910 qui
2874 1849 2928 1895 te
2972 1838 3111 1894 mori
3146 1853 3308 1908 posse
3336 1852 3483 1908 pra:-

172 1931 446 2001 passionis
468 1945 580 1987 sure
601 1934 988 2003 congressione
1009 1933 1274 2000 subjecit;
1298 1934 1420 1989 etiu
1446 1935 1776 2011 inﬁrmitatis
1806 1935 1853 1996 B
1883 1940 2103 1985 sumunt
2134 1948 2148 1985 :
2178 1946 2286 1985 non
2334 1932 2538 1986 mariar
2564 1947 2688 2002 ego,
2744 1947 2863 2002 quae
2920 1942 2971 1987 te
3004 1936 3126 1987 novi
3156 1932 3285 1987 vita:
3325 1930 3476 1986 arbi-

170 2026 378 2097 specie,
403 2036 460 2081 ut
484 2042 607 2081 eum
639 2027 988 2083 adversarius
1022 2028 1299 2084 hominem
1341 2045 1524 2099 parem
1557 2032 1780 2088 caeteris

162 2116 461 2189 judicaret,
489 2134 646 2189 quem
687 2120 845 2176 facile
873 2132 1058 2191 posset
1102 2122 1416 2188 Opprimere
1437 2165 1453 2189 ,
1476 2123 1781 2181 divinitatis

170 2227 323 2269 arma
354 2212 625 2283 deposuit,
651 2212 1006 2269 humanitatis
1029 2214 1194 2287 872
1218 2223 1433 2286 tegmen
1461 2218 1777 2287 assumpsit.

174 2304 417 2362 Securus
444 2307 944 2378 victorizepropius
979 2316 1219 2363 tentator
1240 2310 1471 2365 accessit
1500 2327 1516 2364 :
1552 2309 1605 2367 in
1628 2321 1781 2367 costa

172 2414 299 2455 eum
328 2400 437 2456 telo
463 2401 650 2456 militis
677 2401 849 2457 voluit
892 2401 1205 2470 vulnerare,
1254 2413 1515 2473 reputans
1541 2414 1597 2461 et
1636 2406 1780 2463 hunc

171 2494 315 2549 sicut
352 2493 530 2550 Adam
565 2509 662 2565 per
690 2503 898 2551 costam
929 2510 1091 2567 posse
1120 2496 1415 2562 prosterni.
1455 2496 1563 2553 Sed
1592 2498 1781 2555 vulne-

174 2598 328 2645 ratus
354 2590 527 2645 latere
550 2588 811 2646 Dominus
831 2589 992 2647 Jesus
1012 2592 1177 2647 vitam
1198 2591 1455 2665 produxit
1479 2608 1511 2649 e
1531 2595 1775 2665 vulnere,

170 2682 455 2739 evacuavit
495 2697 661 2740 omne
688 2694 992 2753 peccatum,
1041 2687 1242 2757 dejecit
1269 2687 1667 2753 adversarium.
1690 2692 1780 2746 cui

170 2766 662 2834 mortetn'latronis
682 2778 915 2850 eripuit;
966 2788 1022 2835 et
1045 2780 1096 2834 iit
1127 2781 1219 2836 illa
1247 2793 1443 2846 morte.
1475 2783 1527 2838 in
1573 2783 1665 2838 illa
1692 2786 1777 2840 sui

171 2872 425 2941 corporis
451 2873 727 2945 sepultura
764 2887 886 2928 cum
917 2873 1288 2930 aestimaretur
1326 2890 1646 2946 oppressus,
1676 2876 1777 2932 eli-

170 2978 268 3019 sus
296 2978 392 3021 sua
421 2980 481 3021 se
511 2967 714 3023 virtute
736 2967 1013 3023 versavit:
1046 2966 1249 3024 cecidit
1272 2966 1639 3038 adversarius,
1670 2970 1776 3025 Do-

174 3058 356 3113 minus
383 3060 709 3116 resurrexit.
1376 3056 1379 3058 ’

248 3150 336 3206 14.
376 3150 556 3223 (Vers.
588 3152 669 3225 5.)
700 3153 995 3223 Sequitur:
1028 3155 1139 3227 Ego
1166 3157 1275 3211 dixi
1302 3173 1319 3210 :
1350 3155 1597 3219 Domine.
1619 3159 1775 3214 mise-

174 3259 288 3298 rere
314 3246 449 3301 mei:
471 3262 599 3300 sana
620 3248 847 3301 animam
865 3265 1053 3319 meam,
1076 3251 1196 3320 quia
1220 3252 1424 3321 peccari
1446 3251 1557 3305 tibi.
1589 3251 1777 3307 Potest

1886 2023 2258 2086 trum,salutis
2274 2035 2574 2080 auctorem.
2597 2024 2857 2081 Novimus
2886 2026 3031 2081 enim
3062 2025 3205 2096 quod
3238 2034 3485 2094 tempore

1882 2110 2155 2187 passionis
2180 2124 2235 2172 et
2263 2117 2680 2173 resurrectionis
2707 2118 2939 2174 orabant
2964 2118 3219 2189 discipuli
3247 2132 3479 2189 congre-

1880 2209 2023 2280 gati;
2053 2209 2271 2281 quando
2300 2210 2381 2267 eis
2409 2211 2577 2267 Maria
2610 2211 2923 2282 Magdalena
2964 2212 3334 2269 resurrexisse
3375 2212 3482 2268 Do-

1882 2304 2087 2359 miuum
2116 2306 2407 2374 nuntiavit,
2430 2314 2485 2361 et
2504 2306 2721 2377 quando
2741 2307 2846 2372 eis,
2871 2307 3055 2364 clausa
3080 2307 3269 2378 janua,
3303 2306 3483 2363 Domi-

1882 2413 1982 2453 nus
2020 2400 2165 2454 sein
2197 2415 2433 2471 corpore
2480 2401 2899 2457 resurrectionis
2946 2403 3218 2468 ostendit,
3264 2400 3482 2472 quando

1881 2488 2119 2545 Thomas
2159 2492 2382 2548 vulnera
2411 2492 2531 2563 ejus
2561 2493 2726 2561 vidit,
2755 2504 2812 2551 et
2844 2494 3097 2551 credidit.
3143 2494 3483 2551 Insultabant

1881 2600 2012 2656 ergo
2035 2585 2207 2641 Judaei
2236 2587 2391 2656 quasi
2427 2597 2643 2643 mortuo
2671 2607 2684 2644 :
2710 2588 2806 2644 sed
2840 2589 3099 2643 Dominus
3121 2588 3393 2644 viventem
3417 2603 3481 2643 se

1880 2681 2143 2751 apostolis
2174 2682 2472 2739 revelabat.
2506 2681 2640 2738 Cum
2671 2698 2803 2754 ergo
2824 2681 3306 2739 dicerentlttdati:
3344 2679 3483 2737 Ecce

1879 2773 2105 2828 mundus
2136 2784 2271 2831 totus
2301 2786 2415 2847 post
2441 2793 2560 2831 eum
2581 2776 2705 2831 abiit
2735 2776 2918 2848 (Joan.
2951 2792 3055 2843 nt,
3090 2775 3212 2847 59);
3246 2791 3371 2831 cum
3398 2773 3484 2830 di—

1880 2876 2070 2923 cerent
2109 2868 2233 2937 quia
2265 2869 2605 2925 mirabilibus
2625 2871 2885 2938 Operibus
2908 2869 3022 2925 suis
3067 2869 3279 2924 seducit
3310 2884 3482 2939 popu-

1881 2958 2029 3023 lum;
2059 2959 2187 3029 quid
2224 2960 2370 3015 aliud
2397 2962 2681 3027 dicebant,
2711 2963 2814 3017 nisi
2842 2980 2853 3015 :
2887 2962 3107 3029 Quando
3134 2962 3401 3028 morietur,
3434 2973 3485 3016 et

1880 3053 2062 3125 peribit
2090 3070 2273 3109 nomen
2299 3057 2411 3129 ejus
2435 3056 2460 3109 Ρ
2486 3054 2554 3110 Et
2586 3054 2708 3110 ideo
2740 3055 2791 3109 in
2831 3055 2950 3122 ejus
2998 3055 3252 3125 passione
3278 3054 3485 3110 clama-

1883 3147 2011 3202 bant
2036 3166 2049 3201 :
2073 3146 2253 3215 Tolle,
2284 3150 2408 3203 tolle
2442 3166 2473 3203 a
2501 3158 2641 3203 terra
2668 3149 2824 3203 talem
2858 3154 2993 3203 hunc
3035 3165 3056 3204 .°
3095 3149 3439 3219 cruciﬁgtttur
3465 3190 3482 3212 ,

1879 3241 2213 3312 erucifigatur
2251 3241 2431 3315 (Joan.
2464 3256 2577 3308 χιε,
2614 3239 2727 3313 15).
2758 3239 2982 3297 Factum
3012 3252 3095 3295 est
3124 3240 3269 3311 quod
3313 3239 3481 3312 873

172 3346 226 3393 ει
256 3352 323 3393 εχ
352 3338 576 3409 persona
632 3343 779 3413 regis
828 3343 998 3399 David
1050 3346 1151 3401 huc
1184 3346 1287 3401 dici
1313 3389 1330 3413 ν
1371 3351 1461 3417 φη
1495 3349 1684 3405 videns
1720 3349 1772 3405 in
1802 3333 1848 3397 C
1880 3334 2160 3404 petebant,
2190 3333 2435 3389 sublatus
2456 3350 2485 3387 a
2517 3342 2661 3389 terra
2695 3342 2801 3396 est,
2827 3332 3151 3395 resurrexit.
3179 3333 3246 3387 ad
3276 3336 3483 3391 ctelutn

174 3429 366 3502 Spiritu
398 3441 597 3488 tantam
628 3434 913 3490 victoriam
942 3447 996 3492 et
1024 3439 1252 3507 gratiam
1286 3438 1488 3495 (lliristi
1508 3483 1523 3504 ,
1551 3442 1689 3510 petit
1718 3453 1775 3498 ut

174 3523 227 3577 in
261 3522 348 3578 illa
378 3526 694 3582 remissione
725 3541 1067 3597 peccatorum
1124 3534 1366 3586 otnnium
1400 3548 1455 3588 et
1485 3534 1567 3588 sui
1606 3536 1770 3592 mise-

173 3626 393 3680 reatur;
425 3620 680 3689 quoniam
723 3619 861 3691 ipse,
905 3624 1006 3677 etsi
1052 3624 1259 3694 legibus
1300 3626 1453 3696 quasi
1497 3642 1630 3692 rex,
1664 3644 1770 3683 non

176 3718 455 3766 teneretur
485 3710 752 3780 humanis,
785 3715 894 3770 Deo
919 3725 1095 3771 tamen
1120 3718 1415 3791 obnoxium
1444 3736 1505 3775 se
1529 3712 1773 3792 ιιι-θ’ριιε-

173 3805 312 3858 catis
346 3804 458 3860 suis
498 3821 620 3861 esse
651 3809 953 3878 cognoscit.
984 3808 1289 3866 Conﬁtctur
1319 3828 1451 3881 ergo
1487 3826 1770 3885 peccatum

172 3912 364 3964 suum;
396 3904 454 3951 ut
487 3898 711 3969 accipiat
760 3902 1158 3967 remissionem,
1191 3914 1245 3958 et
1270 3905 1544 3976 generalis
1589 3908 1769 3962 indul-

172 3994 367 4062 gentia:
398 4010 593 4047 munus
626 3993 884 4049 inveniat.
916 3994 1102 4051 Potest
1128 4008 1182 4051 et
1211 4014 1274 4051 ex
1322 4014 1553 4067 persttna
1582 3999 1772 4055 Salva-

172 4086 311 4141 toris
342 4087 445 4143 hoc
474 4088 727 4158 exprimi,
762 4090 851 4159 qui
890 4092 1042 4145 nobis
1075 4092 1501 4149 misericmdiam
1526 4094 1619 4149 Dei
1645 4111 1771 4165 pos-

174 4182 333 4246 tulat,
362 4194 415 4237 et
453 4198 707 4252 peccasse
736 4199 794 4239 se
824 4184 982 4247 dixit,
1015 4186 1135 4255 quia
1178 4203 1273 4255 pro
1306 4187 1461 4241 nobis
1493 4200 1769 4257 peccatum

172 4274 348 4330 factus
373 4286 474 4331 est.
505 4276 672 4332 Simul
700 4292 799 4331 nos
823 4279 1004 4337 duret.
1026 4294 1146 4333 eum
1180 4280 1231 4334 itt
1263 4283 1441 4350 aliquo
1469 4297 1657 4338 smnus
1678 4285 1768 4339 atl-

176 4383 366 4423 vcrsus
396 4368 643 4426 inimicos
672 4372 766 4428 Dei
795 4374 1093 4428 certamine
1124 4377 1427 4441 constituti,
1461 4388 1520 4433 ut
1551 4379 1641 4432 Dei
1670 4381 1771 4433 itit-

176 4462 453 4532 ploretnus
484 4464 741 4519 auxilium
770 4486 782 4521 :
814 4467 911 4536 ipsi
944 4476 1160 4537 peccata
1192 4480 1373 4524 nostra
1404 4470 1692 4539 fateamur,
1717 4482 1774 4529 et

174 4564 300 4608 tunc
326 4560 557 4611 maxime
586 4572 705 4611 cum
730 4574 983 4628 urgemur
1011 4569 1066 4614 et
1092 4560 1334 4625 terimur,
1362 4580 1483 4619 cum
1509 4564 1699 4621 dolore
1717 4575 1772 4622 et

174 4650 536 4705 amaritudine
588 4667 687 4706 nos
733 4664 1171 4722 prosternamus,
1221 4671 1287 4711 tte
1321 4660 1552 4715 tacuisso
1584 4660 1769 4716 videa-

1879 3426 2145 3491 asccndit,
2178 3435 2235 3481 et
2259 3442 2483 3498 regnum
2513 3442 2669 3483 suum
2694 3424 2723 3466 ι)
2759 3427 2828 3483 de
2860 3426 3020 3483 nobis
3049 3427 3287 3498 paradisi
3331 3426 3481 3484 sedi.

1878 3522 1978 3576 bus
2005 3521 2337 3576 reformavit.

1949 3615 2039 3671 16.
2084 3615 2269 3688 (Vers.
2303 3617 2382 3685 7.)
2413 3616 2489 3672 De
2508 3614 2645 3672 Juda
2688 3632 2905 3687 quoque
2944 3615 3228 3688 proditore
3256 3613 3483 3673 evidens

1877 3711 2158 3779 prophetia
2192 3708 2497 3764 subtexitur
2522 3710 2571 3763 iit
2598 3707 2683 3763 his
2705 3707 3011 3773 versiculis,
3038 3710 3126 3779 qui
3146 3716 3480 3777 sequuntur:

1881 3806 1977 3861 0E1
1996 3809 2359 3885 egrediebatur
2383 3822 2437 3862 ut
2469 3810 2680 3874 videret,
2704 3826 2836 3863 uana
2860 3811 3060 3864 locutus
3076 3826 3095 3864 :
3114 3826 3202 3863 cor
3227 3811 3338 3881 ejus
3366 3825 3488 3863 con-

1875 3888 2104 3977 gregiwit
2129 3907 2449 3974 iniquitatem
2471 3908 2589 3961 sibi.
2626 3906 3004 3979 Egrediebatur
3031 3911 3204 3976 foros.
3232 3915 3279 3959 et
3306 3905 3485 3971 loque-

1878 4005 2048 4057 batur.
2075 4004 2165 4057 Sic
2182 4002 2498 4056 dlSlillClUIll
2527 4002 2737 4057 Cra-cis
2762 4002 2813 4055 itt
2845 4002 3124 4057 codicibus
3149 4001 3198 4053 in
3212 3999 3484 4055 venimus.

1876 4096 2284 4165 Itigrcdielialur
2309 4111 2438 4165 ergo
2477 4094 2643 4149 Jutth
2676 4108 2927 4163 timeretis
2975 4093 3206 4164 prodete
3238 4092 3489 4149 Salvato-

1878 4206 1991 4246 rem
2017 4233 2031 4255 ,
2063 4203 2117 4245 ιιι
2149 4190 2354 4245 videt-et
2382 4190 2506 4258 quid
2539 4202 2765 4258 ageret,
2798 4189 2995 4259 quidve.
3031 4189 3382 4257 loqueretur;
3426 4194 3489 4240 ut

1876 4300 2003 4341 eum
2032 4294 2254 4355 caperet
2280 4286 2332 4339 in
2363 4300 2644 4348 sermone,
2677 4282 2954 4339 etJttdtcis
2981 4282 3356 4337 annuntiat-et:
3389 4279 3488 4335 sed

1878 4380 2010 4435 nihil
2043 4379 2371 4445 invenit-bit,
2393 4379 2486 4450 qni
2510 4380 2641 4432 nihil
2664 4379 3016 4448 ittielligeliat.
3051 4375 3487 4445 lieneaitScrip—

1880 4483 1997 4528 tura
2031 4471 2209 4546 (Joan.
2246 4472 2363 4543 xm)
2390 4470 2416 4510 ἀ
2446 4474 2570 4545 quia
2607 4474 2753 4528 intus
2782 4488 2904 4528 cum
2933 4471 3061 4527 Jesu
3086 4487 3189 4525 non
3218 4480 3366 4535 erat,
3392 4467 3488 4539 qui

1878 4567 1944 4623 de
1972 4569 2215 4623 doctrina
2247 4568 2363 4636 ejus
2396 4578 2726 4626 recesserat,
2756 4575 2814 4621 rt
2843 4564 3212 4621 institu=ioues
3252 4563 3373 4634 ejus
3400 4577 3488 4616 re-

1878 4660 2127 4728 liquerat.
2164 4660 2274 4714 νοις
2295 4661 2386 4716 bat
2418 4664 2645 4718 introre.
2667 4660 2762 4716 Sed
2792 4673 3076 4729 penetrare
3104 4673 3209 4712 non
3239 4666 3484 4727 poterat;

177 4759 328 4809 mur;
357 4759 466 4814 quo
498 4746 759 4800 mt'tlit'illtt
792 4746 953 4802 citius
986 4750 1188 4803 lltlrll‘lS
1218 4752 1531 4809 vulneribus
1560 4754 1769 4811 delera-
1799 4755 1852 4817 D
1879 4755 2001 4823 quia
2032 4769 2155 4809 eum
2201 4769 2295 4809 sna
2342 4754 2667 4809 rxelndebat
2701 4755 2943 4822 pertidia.
2992 4754 3182 4809 Omnis
3207 4752 3350 4806 enim
3380 4749 3485 4804 im-

177 4845 284 4903 tttr,
317 4848 373 4890 ttt
404 4838 576 4891 satiati
601 4838 910 4892 advt-rsario
942 4845 1279 4895 resistamus.
1311 4844 1594 4911 Quomodo
1622 4848 1768 4903 enim

174 4916 351 5000 potest
380 4932 640 5003 congredi
677 4932 1036 4987 vulneratus?
1093 4931 1247 4989 Unde
1288 4936 1554 4992 discimus
1585 4981 1599 5002 ,
1645 4943 1768 5008 quia

176 5034 521 5092 peccatorum
564 5038 871 5080 nosuorutu
904 5023 1107 5079 aculeis
1139 5026 1533 5084 vulnerantur?
1571 5030 1773 5087 Vulnus

177 5116 443 5171 tncdicum
476 5117 692 5186 quaerit,
725 5117 971 5175 medicos
1004 5117 1404 5174 confessionem
1434 5123 1623 5193 exigit.

250 5208 337 5263 15.
382 5208 561 5278 (Vers.
592 5208 671 5281 b‘.)
704 5210 838 5266 Hinc
866 5225 1089 5283 quoque
1131 5211 1306 5282 magis
1335 5227 1401 5269 ac
1432 5214 1607 5287 magis
1641 5231 1773 5289 ape-

249 5411 276 5435 η
306 5397 377 5452 Ita
409 5397 533 5454 cod.
566 5398 691 5454 Vat.
738 5408 793 5455 et
840 5410 1074 5470 quatuor
1124 5400 1318 5458 Gallic.
1372 5402 1482 5458 Alii
1529 5420 1683 5473 vero,
1707 5420 1772 5462 ac

176 5470 332 5538 edil.,
357 5488 473 5524 cum
499 5473 819 5526 testimautur
853 5474 975 5527 elidi
996 5491 1016 5541 ;
1046 5474 1206 5529 ROm.
1234 5474 1369 5541 elisi,
1391 5476 1619 5547 quadam
1641 5470 1770 5543 arte,

176 5554 282 5598 CIC.

249 5612 276 5652 ι’
310 5614 467 5668 Rom.
496 5614 628 5669 edit.
657 5615 770 5667 sola
799 5656 813 5679 ,
841 5616 904 5669 de
935 5619 1078 5671 novis
1113 5618 1345 5684 paradisi
1376 5617 1583 5672 sedibus
1612 5624 1780 5684 refor-

177 5686 354 5739 mavit.
408 5685 575 5749 Magis
621 5689 906 5741 commode
930 5730 945 5749 .
990 5690 1053 5743 de
1077 5690 1220 5743 nobis
1254 5706 1272 5753 ;
1321 5708 1442 5744 cum
1472 5691 1559 5745 hic
1586 5706 1781 5746 sensus

177 5758 299 5831 elici
332 5772 403 5831 ex
441 5758 556 5831 istis
584 5759 760 5811 verbis
792 5774 953 5825 posse
981 5761 1267 5814 videatur:
1320 5762 1572 5815 Christus
1606 5764 1655 5815 in
1690 5780 1779 5831 pa-

176 5828 344 5882 radisi
384 5830 607 5881 sedibus
638 5844 858 5896 regnum
908 5846 1063 5885 suum
1111 5848 1176 5885 oe
1228 5832 1385 5886 uoltis
1427 5828 1782 5898 reformavit,

178 5898 320 5973 quod
367 5899 633 5973 nimirum
668 5902 1025 5973 perduellium
1073 5903 1389 5973 angelorum
1436 5919 1565 5961 casti
1609 5905 1788 5963 fuerat

180 5970 582 6041 quitdatumodo
608 5971 991 6027 deformatum.

1878 4846 2128 4917 pudicus,
2169 4860 2261 4900 aut
2289 4863 2507 4915 avarus,
2538 4858 2631 4902 aut
2660 4848 2972 4902 immundus
3002 4846 3165 4918 (quod
3198 4856 3280 4899 est
3311 4843 3486 4899 idolo-

1878 4957 1995 4995 rntn
2016 4939 2275 5012 servitus)
2295 4956 2401 4995 non
2422 4941 2587 4997 liabt-t
2612 4942 2984 4996 haereditatem
3017 4940 3068 4994 in
3094 4955 3263 5009 regno
3281 4938 3487 4995 Chriin

1876 5042 1933 5088 et
1959 5033 2075 5089 Dei.
2126 5033 2242 5087 Non
2275 5036 2446 5089 solum
2476 5051 2605 5107 ergo
2639 5035 2850 5105 iugtedi
2883 5032 3241 5097 moliebatur,
3291 5042 3346 5089 et
3374 5048 3485 5088 non

1880 5125 2288 5197 ingrediebatur
2316 5145 2331 5193 ;
2377 5129 2472 5184 sed
2506 5130 2668 5183 etiam
2694 5125 2913 5182 volebat
2938 5126 3124 5181 videre
3148 5169 3164 5194 ,
3192 5134 3250 5180 et
3275 5140 3380 5181 non
3408 5124 3489 5180 vi-

1881 5219 2065 5277 debat.
2130 5212 2371 5295 Denique
2412 5223 2736 5294 loquebatur
2763 5221 2922 5278 Jesus
2963 5222 3015 5277 iu
3048 5221 3320 5293 parabolis
3342 5262 3357 5289 ,
3390 5220 3490 5277 sed

1959 5418 1980 5447 ο
2012 5408 2213 5465 Eadem
2243 5410 2375 5465 edit.
2408 5409 2568 5463 Rom.
2597 5449 2613 5474 ,
2664 5409 2733 5463 Et
2760 5411 3146 5480 ingrediebutur
3171 5420 3225 5462 ut
3252 5408 3443 5463 videret
3471 5424 3494 5462 :

1883 5480 1936 5534 in
1971 5496 2076 5549 quo
2118 5500 2223 5536 non
2251 5483 2426 5534 solum
2459 5496 2581 5535 cum
2611 5496 2738 5535 omn
2766 5483 2864 5536 ltus
2892 5484 3131 5536 omnium
3174 5482 3491 5535 idiomatum

1884 5551 2164 5607 Psaltrriis
2190 5554 2486 5623 convenit,
2536 5554 2630 5606 sed
2662 5554 2822 5606 etiam
2854 5566 2976 5607 cum
3011 5560 3237 5623 ipsomt-t
3263 5550 3497 5606 Ambro-

1886 5625 1967 5677 sio
2002 5626 2137 5678 inl'ra
2167 5642 2179 5678 :
2212 5622 2607 5694 lugrediebatur
2637 5640 2757 5693 ergo
2778 5624 2969 5684 ludas.
2999 5638 3129 5688 etc.,
3155 5626 3248 5677 sed
3279 5626 3347 5677 ali
3377 5637 3497 5694 om:

1888 5696 2045 5749 nibus
2073 5693 2318 5765 ejusdem
2357 5696 2529 5767 l'atris
2558 5712 2687 5748 mss.
2720 5708 2881 5767 atque
2902 5697 3033 5749 edit.
3066 5696 3288 5749 reti-dit.
3337 5693 3494 5767 Quod

1892 5781 2020 5820 νυνι)
2054 5780 2196 5836 post,
2224 5778 2269 5820 et
2299 5766 2622 5835 loquebatur.
2653 5765 2845 5831 addit,
2880 5768 2932 5819 in
2959 5768 3014 5820 id
3028 5768 3210 5834 ,ipsum
3244 5783 3261 5821 .'
3313 5768 3363 5819 in
3390 5765 3496 5819 hoc

1893 5856 2067 5909 neque
2099 5854 2220 5891 ('tttit
2256 5853 2385 5891 ll-SS.
2440 5850 2490 5891 et
2534 5839 2653 5891 aliis
2697 5840 2825 5892 edit.
2875 5855 3049 5909 neque
3076 5856 3196 5892 cum
3230 5839 3341 5907 ipsa
3374 5836 3497 5893 0rd-

1896 5908 2059 5964 tionis
2087 5912 2239 5971 serie
2256 5913 2387 5963 satis
2414 5924 2446 5964 c
2470 5918 2683 5977 ingruit.
2966 5908 2969 5909 ⁷
3458 5964 3464 5972 ,

1969 5978 1994 6016 ἀ
2029 5982 2156 6034 Mss.
2190 5980 2325 6037 Vict.
2360 5992 2414 6035 et
2438 5978 2618 6045 Colb.,
2650 5983 2771 6051 quia
2799 5982 2937 6036 intus
2957 5982 3071 6035 eum
3092 5978 3496 6037 Jesttsnoverat.
