4008 6352
538 389 682 447 itm
1883 376 2141 443 saucii
2183 374 2510 445 aestuosa
3734 394 3833 449 nn

531 522 648 566 non
674 507 927 564 audiebat
949 505 1138 561 indas.
1164 505 1409 576 Denique
1433 504 1612 560 divina
1643 518 1750 559 non
1780 499 1996 561 videbat
2017 513 2143 576 'my-
2165 503 2223 566 Ἀ
2247 513 2332 561 uel
2360 505 2552 561 audiri.
2575 505 2771 562 Nonne
2796 506 3002 578 judicio
3031 521 3138 562 suo
3166 522 3230 562 se
3259 505 3384 577 ipse
3415 503 3729 563 damnavit?
3757 511 3834 566 Sel

539 603 708 660 steria
737 619 752 668 ;
795 615 906 656 non
951 601 1101 656 enim
1137 613 1328 656 omnes
1357 599 1587 655 audiunt
1619 597 1849 655 verbum
1879 599 1983 655 ‘Dei
2006 641 2020 667 ,
2051 600 2146 670 qui
2245 603 2606 659 erubescebat
2634 603 2808 659 audiri
2835 646 2852 669 ,
2895 603 3042 676 quod
3071 601 3267 660 facere
3296 609 3408 658 n‘on
3444 601 3703 657 timebat:
3742 619 3834 659 cru.

539 697 644 754 sibi
672 695 926 752 videntur
951 693 1166 750 audire.
1215 693 1350 749 Nam
1385 695 1437 749 ἐἰ
1485 707 1677 750 omnes
1705 694 1959 751 audirent
1982 735 1996 760 ,
2036 709 2145 750 non

535 793 750 850 diceret
802 792 997 850 Iesus:
1047 792 1159 860 Qui
1205 791 1355 847 habet
1413 801 1564 848 aures
1614 793 1907 860 audiendi,
1967 794 2150 848 audiat

541 888 695 961 (Luc.
715 903 812 944 vm
839 929 852 953 ,
877 889 959 959 8).
1007 885 1075 943 ER
1103 888 1225 944 ideo
1246 889 1369 959 quia
1399 903 1506 943 non
1536 888 1793 944 audiebat
1817 930 1832 956 ,
1864 903 2040 959 neque
2066 889 2150 944 vi-

537 983 671 1039 dere
698 990 948 1053 poterat,
979 981 1303 1053 loquebatur
1327 995 1464 1037 vana
1498 997 1596 1052 pro
1624 981 1770 1038 veris
1791 1023 1806 1049 ,
1849 990 1902 1037 et
1929 981 2153 1052 putabat

539 1077 685 1150 quod
714 1076 900 1134 Iesum
923 1073 1146 1132 falleret
1171 1076 1364 1132 dicens
1389 1093 1402 1129 :
1436 1075 1614 1130 Potuit
1637 1076 1734 1130 hoc
1765 1074 2074 1139 renuntiari,
2107 1082 2152 1129 et

539 1172 659 1226 dari
687 1169 1002 1242 pauperibus
1030 1169 1260 1243 (Matth.
1289 1185 1416 1226 xxvi
1444 1213 1458 1236 ,
1489 1169 1564 1239 9)
1592 1186 1606 1236 ;
1652 1184 1773 1225 cum
1805 1169 1963 1226 furtis
1998 1168 2111 1225 suis
2134 1211 2150 1237 ,

542 1267 651 1323 no'n
677 1265 1009 1337 pauperibus
1039 1265 1391 1335 provideret,
1430 1273 1455 1301 ει
1483 1264 1764 1335 appellans
1795 1263 1968 1318 rabbi.
2017 1261 2152 1318 Nam

539 1359 815 1432 quomodo
845 1359 1130 1414 doctorem
1161 1357 1467 1428 appellabat
1494 1371 1524 1412 ει
1547 1358 1703 1426 cujus
1723 1356 2038 1427 magisterio
2059 1355 2156 1410 de-

543 1453 759 1520 viabat;
790 1452 1059 1524 cujusque
1087 1467 1184 1508 cor
1212 1451 1307 1523 (in
1335 1451 1479 1522 quod
1509 1466 1567 1507 se
1593 1451 1936 1506 immerserat
1965 1449 2156 1506 diabo-

539 1545 654 1620 lus)
694 1546 1068 1617 ctmgregabat
1111 1544 1214 1600 sibi
1259 1551 1316 1600 et
1359 1545 1590 1614 augebat
1631 1543 1993 1614 iniquitates?
2040 1543 2156 1600 Sibi

541 1641 688 1697 enim
713 1651 832 1694 erat
861 1639 1101 1710 iniquus,
1128 1637 1234 1694 sibi
1261 1637 1513 1709 injustas,
1545 1637 1646 1693 sibi
1670 1635 2040 1706 delinquebat,
2065 1636 2155 1707 qui

545 1735 686 1790 intra
713 1748 774 1789 se
795 1733 989 1789 dolum
1028 1733 1394 1788 meditabatur
1417 1774 1431 1800 ,
1463 1734 1554 1804 qui
1584 1733 1756 1787 latere
1784 1743 1892 1788 non
1921 1738 2153 1802 poterat.

545 1829 664 1886 Non
687 1830 834 1885 enim
856 1827 1582 1893 circnmveniebaturiesus,
1600 1829 1688 1898 qui
1712 1827 2047 1899 prodebatur
2065 1841 2160 1882 vo-

2250 695 2545 763 besce‘bat;
2579 699 2702 767 quia
2729 698 2991 755 adversus
3022 701 3151 754 vine
3188 711 3310 754 suze
3333 736 3352 764 ,
3403 694 3833 764 sanctiﬁcationis,

2249 802 2306 849 et
2346 791 2570 848 honoris
2614 801 2891 849 auctorem
2932 793 3216 865 cogitabat
3269 791 3461 847 mala:
3513 806 3616 846 nec
3653 791 3835 862 gmina

2251 886 2530 942 beneﬂciis
2559 887 2916 958 rependebat,
2947 889 3045 945 sed
3074 889 3220 944 mala
3253 903 3358 959 pro
3387 886 3554 942 bonis
3575 887 3715 942 bono
3737 887 3840 945 rele-

2251 979 2408 1036 rebat
2439 982 2742 1051 magistro;
2801 982 2942 1052 quod
2983 982 3150 1038 etiam
3202 981 3400 1037 szeculi
3455 980 3708 1036 homines
3730 981 3840 1037 dare

2255 1088 2388 1128 nare
2405 1083 2834 1129 consueverunt:
2859 1075 3222 1132 erubescebat
3246 1075 3506 1146 ingratus
3529 1073 3840 1143 deprehendi,

2255 1167 2613 1225 erubescebat
2642 1183 2839 1225 avarus
2869 1169 3071 1236 videri;
3098 1185 3222 1226 cum
3251 1183 3357 1241 pro
3387 1169 3629 1241 pecunia
3655 1171 3841 1225 auctoris

2254 1266 2338 1319 sui
2367 1266 2599 1320 salutem
2631 1265 2890 1336 proderet
2923 1283 2935 1319 :
2985 1266 3354 1322 erubescebat
3405 1260 3590 1320 videri
3630 1263 3840 1334 perﬁdus.

2255 1357 2521 1416 Similiter
2549 1367 2605 1414 et
2633 1358 2804 1414 Judaei
2837 1351 2926 1430 qui
2955 1359 3218 1415 adversus
3243 1358 3372 1414 lidei
3423 1349 3744 1428 magistrum
3777 1358 3844 1413 ιιι

2257 1465 2350 1508 sos
2382 1461 2552 1508 testes
2578 1450 2773 1522 perﬁdi
2805 1449 3177 1507 subornabant
3206 1493 3220 1516 ,
3271 1459 3330 1505 ut
3361 1448 3627 1506 dicerent
3658 1464 3720 1505 eo
3743 1450 3844 1518 quod

2253 1545 2609 1616 praedicasset
2642 1545 2902 1616 templum
2951 1544 3045 1602 Dei
3099 1545 3245 1616 quod
3293 1541 3579 1600 Salomon
3609 1539 3842 1608 condidit,

2255 1639 2650 1696 destruendum
2679 1656 2695 1705 ;
2727 1653 2850 1694 cum
2879 1637 2973 1694 ille
2999 1638 3067 1693 de
3097 1637 3304 1707 templo
3325 1638 3418 1694 sui
3441 1633 3708 1706 corporis
3728 1636 3847 1709 signi-

2261 1736 2514 1790 ﬁcasset:
2567 1733 2766 1790 Solvite
2790 1735 2886 1788 hoc
2917 1733 3163 1804 templum
3191 1775 3204 1795 ,
3239 1744 3286 1788 et
3316 1731 3376 1786 in
3410 1730 3600 1786 triduo
3642 1731 3848 1785 suscitas:

2260 1828 2393 1883 illud
2420 1827 2598 1898 (Joan.
2631 1841 2690 1895 ιι,
2717 1826 2808 1899 i9)
2839 1843 2854 1894 ;
2885 1843 3013 1884 vere
3046 1827 3178 1884 foris
3201 1836 3388 1894 erant,
3419 1825 3521 1898 qui
3542 1828 3847 1897 acognitieae

547 1923 690 1988 iens,
720 1929 776 1977 et
801 1921 1232 1976 testilicabatur:
1268 1919 1415 1976 Unus
1437 1937 1500 1976 ex
1521 1922 1660 1976 vobis
1681 1938 1763 1978 me
1790 1921 1956 1976 tradet
1975 1918 2157 1993 (Joan.
2189 1931 2240 1994 Β
2271 1922 2430 1980 Verbi
2461 1923 2702 1980 caelestis
2723 1930 2881 1979 erant
2896 1923 3130 1980 exclusi.

507 2083 516 2093 .
547 2027 668 2081 xm,
698 2014 816 2087 21).
849 2015 1090 2086 Denique
1111 2014 1396 2071 confessus
1416 2025 1500 2071 est
1519 2015 1706 2083 Judas,
1738 2015 1961 2072 dicens:
1997 2015 2167 2070 Num-

477 2151 503 2160 -
550 2111 677 2181 quid
700 2125 796 2180 ego
819 2121 976 2176 sum,
1024 2109 1167 2163 rabbi
1194 2114 1219 2164 2'
1269 2109 1336 2164 Et
1383 2111 1643 2165 Dominus
1693 2110 1769 2164 ait
1812 2127 1825 2164 :
1876 2107 1959 2164 Tu
1988 2109 2168 2165 dixisti

551 2202 773 2276 (Matth.
809 2215 954 2270 xxvr,
977 2203 1109 2276 25),
1143 2203 1255 2260 Nec
1287 2205 1366 2259 sic
1387 2204 1656 2260 intellexit
1683 2203 1850 2260 Judas
1889 2201 2032 2276 quod
2071 2220 2168 2260 co-

551 2308 931 2369 gnosceretur.
959 2297 1094 2353 Nam
1123 2298 1169 2353 si
1200 2297 1580 2364 intellexisset,
1607 2311 1714 2354 non
1741 2298 2093 2369 prodidisset.

628 2395 715 2449 i7.
751 2395 860 2450 Sed
883 2393 1260 2461 nihilominus,
1287 2403 1334 2448 et
1356 2392 1713 2465 egrediebatur
1733 2397 1895 2464 foras,
1923 2403 1971 2448 et
2001 2394 2172 2463 loque-

555 2492 726 2544 batur.
778 2491 952 2561 Aptus
983 2489 1284 2545 versiculus
1313 2488 1604 2542 adversum
1644 2501 1739 2543 eos
1780 2487 1871 2557 qui
1903 2497 2172 2542 secretum

556 2580 787 2652 alicujus
809 2581 1067 2650 produnt.
1097 2580 1334 2636 Pulchre
1357 2581 1460 2634 ait:
1494 2578 1866 2652 Egrediebatur
1881 2577 2060 2651 foras;
2088 2577 2174 2635 llo-

556 2673 638 2730 ris
661 2674 808 2728 enim
841 2673 972 2745 lupi,
1006 2673 1138 2728 foris
1165 2672 1456 2744 praedones
1489 2691 1502 2727 :
1533 2674 1679 2728 intus
1710 2665 1924 2745 Moyses
1949 2673 2007 2727 in
2033 2673 2177 2729 nube

563 2783 687 2824 cum
710 2767 838 2824 Jesu
859 2799 877 2835 ε
911 2765 1046 2824 foris
1069 2768 1243 2824 Jndtei
1284 2786 1298 2823 :
1339 2767 1802 2825 intus-Zacharias
1840 2767 2094 2824 sacerdos
2122 2769 2178 2824 in

2345 2016 2433 2072 i9.
2474 2015 2656 2088 (Vers.
2685 2015 2767 2087 9.)
2807 2015 3057 2085 Verbum,
3078 2011 3255 2088 inquit
3280 2057 3296 2083 ,
3326 2016 3581 2080 iniquum
3613 2031 3848 2085 proporat-

2271 2120 2395 2166 runt
2421 2111 2691 2166 adversum
2721 2128 2800 2165 me
2813 2126 2834 2174 ;
2887 2111 2939 2166 id
2969 2120 3072 2179 est,
3105 2109 3389 2176 illicitum,
3428 2117 3487 2166 et
3519 2107 3853 2180 ‘eontrajuset

2275 2206 2356 2262 fas
2385 2221 2696 2262 sermonem
2735 2205 3169 2278 proposuerunt,
3213 2201 3352 2261 mihi
3383 2204 3665 2260 facientes
3699 2204 3759 2259 de
3787 2204 3853 2258 lia-

2273 2303 2438 2355 ‘mano
2467 2299 2728 2371 sanguine
2756 2300 3036 2369 pactiones
3057 2339 3072 2363 ,
3116 2301 3279 2370 quem
3310 2295 3746 2353 sceleratissime
3767 2310 3854 2350 rea-

2275 2394 2412 2451 didit
2461 2391 2628 2450 Ju'das
2671 2412 2684 2450 :
2735 2393 2910 2450 ,ιυὰεεὶ
2955 2408 3172 2464 quoque
3218 2390 3528 2448 emendum
3561 2405 3672 2445 non
3699 2389 3856 2445 minore

2275 2489 2490 2545 scelere
2513 2487 2904 2554 crediderunt,
2944 2483 3229 2542 vanissimi
3265 2485 3578 2552 homines;
3628 2469 3769 2554 quasi
3801 2485 3857 2548 qui

2280 2584 2468 2638 dormit
2497 2624 2512 2649 ,
2551 2583 2760 2654 inquit,
2791 2600 2895 2640 non
2924 2583 3138 2656 adjiciat
3166 2592 3222 2636 ut
3250 2589 3499 2653 resurgat
3531 2573 3742 2653 (Ibid).
3763 2578 3858 2646 Quid

2280 2679 2352 2734 sit
2378 2677 2634 2748 adjectio,
2661 2677 3092 2734 consideremus.

2353 2767 2444 2826 20.
2472 2770 2726 2828 Naturale
2755 2777 2840 2828 est
2870 2769 3121 2828 omnibus
3153 2769 3392 2826 terrenis
3423 2765 3862 2833 animantibus,tt

563 2865 805 2934 templo,
837 2863 970 2920 foris
1000 2862 1330 2920 multitudo:
1378 2862 1524 2918 intus
1569 2863 1807 2933 Spiritus
1851 2870 2074 2918 sanctus
2122 2863 2178 2917 in
2283 2866 2590 2922 volatilibus
2635 2867 2758 2924 cceli
2785 2915 2800 2936 ,
2845 2875 2901 2924 et
2945 2865 3184 2938 piscibus
3227 2855 3400 2921 mai-is
3449 2863 3609 2920 nasci
3650 2873 3706 2920 et
3732 2863 3861 2918 mori:

561 2958 822 3016 cordibus
851 2958 1052 3015 nostris
1073 2957 1274 3014 clamat
1297 2957 1364 3012 ad
1395 2955 1638 3024 Patrem,
1672 2956 1803 3012 loris
1829 2955 2181 3013 adversarius
2286 2961 2491 3016 homini
2522 2977 2650 3017 vero
2689 2973 2852 3032 quem
2879 2959 3266 3033 pretiosiorem
3310 2960 3540 3016 czeteris
3592 2969 3750 3015 terra:
3787 2957 3864 3010 ani-

563 3065 756 3109 noster
785 3053 925 3109 sicut
951 3053 1041 3132 leo
1073 3051 1365 3124 pervigilat
1395 3049 1461 3106 ad
1490 3051 1738 3123 rapinam
1766 3068 1778 3105 :
1827 3050 1960 3106 foris
1985 3049 2184 3104 iniidc-
2288 3056 2567 3111 mantibus
2594 3055 2738 3110 Deus
2768 3055 2970 3110 iecerat
2989 3096 3003 3121 ,
3038 3053 3180 3109 hanc
3210 3051 3491 3123 praecipue
3520 3045 3754 3108 contulit
3780 3066 3864 3121 gr:-

569 3148 669 3213 ies,
703 3149 848 3203 intus
883 3145 1091 3203 ﬁdeles.
1121 3147 1188 3202 Et
1215 3146 1338 3202 idco
1363 3161 1458 3201 eos
1490 3146 1580 3216 qui
1611 3144 1744 3200 foris
1779 3154 1942 3210 sunt,
1971 3145 2183 3216 judica-

566 3237 646 3296 bit
675 3239 818 3297 Deus
845 3257 858 3294 :
891 3238 984 3296 eos
1015 3247 1197 3296 autem
1225 3241 1317 3310 qui
1347 3241 1492 3294 intus
1523 3247 1682 3305 sunt,
1725 3237 1973 3294 Christus
1999 3235 2184 3293 absol-

2287 3149 2442 3214 tiam,
2475 3157 2530 3202 ut
2557 3157 2806 3204 mortuus
2835 3143 3140 3204 reviviscat.
3191 3143 3319 3202 “:th
3351 3153 3488 3218 ergo
3521 3145 3757 3217 adjectio
3775 3145 3867 3200 dri

2290 3251 2377 3297 tur
2404 3243 2471 3297 ad
2506 3243 2913 3298 renovationem
2940 3243 3062 3297 vita:
3084 3241 3405 3312 snperiOris.
3435 3241 3692 3311 Denique
3711 3249 3760 3296 et
3777 3239 3867 3294 Ete-

567 3335 667 3390 vit.
697 3333 1094 3405 Egrediebatur
1117 3334 1282 3405 igitur
1308 3332 1476 3389 Judas
1507 3373 1522 3398 ,
1556 3344 1609 3388 et
1640 3332 1985 3402 loquebatur.
2018 3331 2184 3402 Egre-
2210 3341 2255 3406 ρ
2288 3338 2426 3392 chi-,e
2475 3338 2587 3407 regi
2630 3352 2754 3392 cum
2792 3335 3517 3420 praescripsissetiDominus
3546 3377 3561 3401 ,
3607 3335 3745 3406 quod
3785 3337 3867 3386 \th
3939 3331 3941 3398 l

569 3429 820 3486 diebatur
849 3429 917 3485 de
945 3430 1050 3484 lide
1077 3447 1090 3483 :
1121 3429 1501 3499 egrediebatur
1545 3428 1612 3483 de
1637 3427 1868 3483 concilio
1910 3433 1964 3483 ct
1993 3441 2182 3482 nume-

574 3539 637 3580 ro
676 3525 1093 3593 apostolorum;
1148 3522 1532 3593 egrediebatur
1581 3523 1648 3577 de
1689 3522 1939 3578 convitia
1980 3518 2182 3576 Christi

575 3619 642 3674 ad
671 3617 1013 3672 iatrocihibm
1042 3616 1244 3672 "diaboli
1277 3633 1289 3669 :
1319 3615 1701 3686 egrediebatur
1729 3616 1796 3670 de
1825 3613 1996 3686 gratia
2029 3627 2185 3668 sanc-

575 3709 894 3768 tiﬁcatinnis
923 3710 989 3766 ad
1025 3709 1278 3781 laqueum
1311 3713 1503 3766 mortis
1523 3754 1536 3775 ,
1570 3709 1662 3781 qui
1690 3717 1824 3765 vana
1856 3705 1923 3766 ad
1951 3709 2186 3781 perﬁdos

573 3805 940 3876 iOQlleD'dltll‘:
987 3803 1370 3874 egrediebatur
1415 3803 1560 3858 foras
1588 3845 1604 3870 ,
1649 3805 1740 3874 qui
1792 3803 1916 3858 vitte
1959 3804 2185 3860 internae

575 3899 837 3972 mysteria
863 3897 1241 3968 relinquebat;
1293 3896 1674 3968 egrediebatur
1698 3939 1713 3959 ,
1761 3897 1850 3968 qui
1891 3896 2187 3968 Scriptura:

577 3991 835 4049 interiora
861 4007 967 4048 non
1001 3999 1246 4048 noverat.
1277 3990 1334 4048 Si
1359 3985 1528 4064 θη
1552 3993 1698 4048 enim
1728 3993 1946 4056 scisset,
1973 3992 2188 4048 intelle-

575 4090 747 4144 xisset
776 4085 1048 4142 dicentem
1077 4104 1090 4140 :
1121 4084 1389 4156 Numquid
1410 4086 1497 4155 qui
1529 4079 1736 4149 dormit,
1772 4101 1872 4140 non
1899 4085 2107 4159 adjiciet
2133 4092 2190 4139 ut

575 4188 811 4252 resurgat
832 4179 857 4232 .9
880 4178 1243 4235 lntellexisset
1268 4177 1432 4232 etiam
1461 4174 1594 4230 illud
1614 4193 1625 4228 :
1643 4175 1726 4230 Tu
1747 4191 1863 4230 uero
1890 4176 2041 4231 homo
2061 4191 2191 4230 una-

582 4276 759 4338 nimis,
789 4275 901 4330 dua:
923 4287 1067 4329 meus
1091 4273 1139 4330 et
1163 4283 1314 4328 notus
1336 4289 1502 4338 naeus,
1519 4273 1608 4342 qui
1629 4285 1831 4342 semper
1853 4285 2047 4326 mecum
2072 4271 2191 4326 dul-

584 4385 668 4425 ces
696 4369 930 4441 cupiebas
954 4367 1094 4423 cibos
1119 4407 1133 4433 ,
1163 4367 1218 4420 in
1248 4367 1403 4421 domo
1434 4365 1647 4420 Domini
1671 4365 2043 4420 ambulavimus
2074 4379 2192 4418 cum

584 4476 837 4518 consensu
865 4463 884 4533 (
910 4461 1056 4516 Psal.
1088 4474 1178 4515 Liv
1203 4497 1219 4525 ,
1250 4460 1318 4515 14
1343 4468 1390 4513 et
1415 4456 1542 4531 15).
1596 4457 1714 4514 Non
1752 4459 2020 4514 intellexit
2059 4471 2194 4529 ergo

584 4557 735 4613 hunc
755 4556 1048 4627 psalmum,
1067 4561 1174 4608 non
1200 4553 1562 4610 centesimum
1592 4560 1755 4622 atque
1783 4559 2057 4617 octavum,
2085 4567 2194 4608 non

587 4653 746 4718 alios,
771 4663 876 4706 non
904 4649 1008 4705 alia
1035 4647 1345 4704 testimonia
1362 4647 1789 4717 Scripturarum.
1820 4646 1895 4700 De
1920 4660 2028 4716 quo
2054 4645 2195 4702 bene

2294 3443 2406 3486 Su;e
2432 3433 2646 3502 tempus
2674 3429 2954 3501 implesset
2979 3447 2990 3485 :
3018 3435 3072 3485 et
3099 3444 3197 3501 per
3229 3421 3449 3484 Esaiam
3485 3427 3809 3483 mandasset.
3835 3435 3868 3478 ut

2289 3523 2568 3578 ordinaret
2598 3518 3030 3588 domumsuam;
3063 3523 3184 3592 Quia
3215 3524 3523 3577 moriturus
3548 3531 3699 3578 eSset
3721 3540 3732 3573 :
3755 3529 3869 3589 atque

2291 3617 2381 3673 ille
2405 3625 2617 3672 orasset
2642 3615 2709 3670 ad
2742 3617 3030 3672 Dominum
3056 3658 3070 3682 ,
3123 3623 3179 3672 et
3218 3605 3465 3671 ﬂevisset
3514 3614 3654 3672 iletu
3685 3621 3868 3683 magno;

2289 3713 2547 3767 misertus
2570 3711 2830 3767 Doniinus
2857 3707 3132 3766 mandavit
3162 3709 3211 3765 ei
3240 3726 3251 3762 :
3299 3707 3443 3765 Ecce
3466 3711 3673 3782 adjicio
3701 3710 3763 3763 ad
3789 3721 3872 3760 tre-

2291 3823 2388 3878 pus
2416 3813 2560 3860 tuum
2581 3823 2743 3861 annos
2775 3805 3064 3877 quindecim
3091 3804 3261 3877 (Esai.
3290 3817 3528 3872 xxxvttt,
3701 3805 3762 3860 Et
3783 3805 3866 3857 alii;

2293 3908 2514 3956 sanctus
2543 3897 2708 3956 David
2735 3901 2809 3955 ait
2847 3918 2861 3954 :
2893 3898 3016 3954 Dies
3037 3916 3192 3969 super
3217 3899 3326 3953 dies
3353 3899 3497 3970 regis
3517 3899 3741 3971 adjicies
3755 3914 3871 3950 canit

2292 3995 2403 4067 ejus
2431 3993 2607 4063 (Psal.
2632 4007 2724 4060 ιχ,
2759 3994 2838 4065 7).
2871 3991 3154 4048 inventum
3178 4007 3305 4062 ergo
3338 3976 3556 4046 homini
3583 3991 3729 4063 quod
3754 3990 3872 4046 adda-

2293 4095 2382 4140 tur
2408 4103 2421 4140 :
2450 4085 2561 4141 Deo
2591 4094 2772 4140 autem
2794 4084 2916 4140 addi
2944 4083 3074 4138 nihil
3101 4092 3311 4156 potest;
3345 4074 3478 4154 quia
3507 4085 3770 4155 scriptum
3790 4095 3870 4137 e51:

2296 4178 2421 4234 Non
2451 4188 2524 4234 est
2550 4179 2798 4252 adjicere,
2830 4195 2994 4251 neque
3020 4169 3456 4250 minuere,
3484 4179 3540 4231 in
3569 4194 3674 4248 quo
3699 4181 3871 4248 perfer-ta

2294 4283 2342 4330 et
2371 4276 2522 4347 plena
2550 4284 2669 4330 sunt
2698 4274 2871 4330 omnia
2905 4273 2925 4346 (
2952 4272 3113 4328 Eccli.
3143 4287 3307 4328 xxvut
3334 4313 3351 4338 ,
3384 4273 3416 4328 5
3443 4270 3488 4343 ).
3521 4269 3646 4328 Etsi
3673 4273 3869 4328 Christus

2295 4367 2618 4434 resurrexit,
2648 4369 2833 4440 utique
2857 4367 2912 4423 in
2939 4383 3005 4423 eo
3046 4364 3188 4438 quod
3217 4373 3604 4436 assumpserat
3624 4408 3642 4433 ,
3674 4379 3869 4420 resurre

2297 4464 2398 4529 xit,
2423 4463 2477 4518 in
2507 4476 2616 4534 quo
2642 4461 2964 4532 plenitudini
2990 4459 3297 4518 divinitatis
3319 4459 3440 4530 ejus
3465 4458 3609 4514 nihil
3641 4458 3726 4515 vel
3753 4457 3868 4512 dem-

2296 4556 2427 4612 dere
2456 4555 2783 4626 potuit,vei
2828 4556 3108 4612 accedere.
3168 4549 3312 4610 Deus
3358 4555 3512 4608 enim
3559 4554 3869 4621 incorporeus

2300 4659 2356 4706 et
2384 4649 2708 4706 immortalis
2737 4658 2838 4718 cst,
2872 4647 3026 4720 cujus
3054 4663 3262 4704 summa
3291 4654 3484 4703 natura
3505 4687 3518 4711 ,
3552 4655 3611 4701 et
3642 4642 3869 4717 plenitudo

588 4746 936 4817 Evangelista
963 4744 1098 4800 dicit
1125 4742 1382 4808 Joannes,
1414 4752 1468 4798 et
1497 4742 1713 4798 caeteris
1742 4740 2050 4796 inﬁdelibus
2074 4755 2086 4794 :
2112 4738 2197 4794 Ea:
2222 4735 2276 4811 Ῑ)
2302 4745 2556 4799 virtutum
2583 4744 2704 4800 sine
2732 4743 2838 4798 ulla
2881 4743 3063 4798 carnis
3103 4742 3418 4797 accessione
3461 4740 3732 4810 signatur.
3770 4737 3870 4793 Caro

586 4839 736 4896 nobis
753 4841 1005 4904 exierunt,
1029 4838 1122 4893 sed
1141 4851 1243 4890 non
1270 4841 1414 4890 erant
1440 4849 1504 4890 ea:
1530 4836 1698 4890 nobis.
1725 4834 1938 4890 Sieaim
1965 4848 2028 4888 ea:
2050 4833 2197 4887 nobis
2301 4842 2481 4890 autem
2511 4835 2932 4906 dispensationis
2957 4823 3009 4890 in
3036 4831 3253 4889 Christo
3280 4841 3383 4899 est,
3416 4849 3585 4904 quam
3613 4829 3871 4887 miseratio

588 4932 826 5000 fuissent,
863 4929 1131 4984 nobiseum
1161 4930 1466 4984 mansissent
1500 4927 1540 4999 (1
1563 4926 1722 4982 Joan.
1753 4942 1810 4992 ιι,
1844 4925 1954 4998 i9).
2302 4927 2386 4980 nis
2413 4927 2567 4983 titulo
2590 4972 2604 4996 ,
2635 4939 2687 4984 et
2717 4928 2932 4999 pietatis
2958 4927 3078 4997 jure
3107 4926 3345 4998 suscepit
3381 4943 3395 4992 ;
3436 4936 3496 4980 ut
3525 4925 3788 4996 captivam
3813 4938 3871 4976 re-

662 5026 753 5082 18.
799 5025 995 5097 (Vers.
1027 5022 1082 5079 8.
1110 5023 1131 5094 )
1169 5022 1288 5078 Non
1319 5022 1576 5078 manebat
1603 5037 1733 5093 ergo
1760 5037 1884 5077 cum
1931 5019 2196 5092 apostolis
2303 5021 2533 5078 dimeret
2557 5065 2572 5086 ,
2619 5023 2861 5078 ablueret
2887 5022 3305 5078 contaminatam
3327 5064 3342 5089 ,
3376 5025 3654 5077 mortuam
3685 5019 3873 5077 resuscis

589 5121 859 5189 proditor,
888 5117 982 5188 qui
1013 5117 1159 5172 foras
1183 5115 1404 5185 exibat,
1434 5124 1491 5170 et
1527 5127 1649 5170 eum
1681 5114 1898 5184 perﬁdis
1942 5110 2194 5169 sbsurra-
2304 5123 2462 5171 taret.
2494 5114 2559 5170 Et
2590 5115 2812 5186 pulchre
2840 5117 2956 5172 ait:
3009 5105 3281 5184 Numquid
3305 5116 3395 5186 qui
3423 5115 3660 5184 dormit,
3695 5133 3786 5170 non
3810 5113 3872 5165 ad-

589 5211 702 5266 bat.
733 5210 854 5278 Quo
878 5207 1047 5264 verbo
1070 5223 1162 5262 usa
1181 5206 1568 5280 estScrlptura
1591 5205 1791 5270 divina,
1811 5207 2196 5262 demonstrans
2293 5208 2444 5282 jlciet
2476 5213 2533 5264 ut
2560 5215 2794 5282 resurgat
2821 5212 2848 5266 .7
2872 5209 2988 5267 Non
3017 5201 3172 5276 dixit,
3201 5223 3308 5264 non
3334 5205 3594 5277 adjicitur
3623 5223 3639 5275 ;
3671 5206 3781 5275 sed,
3803 5222 3871 5258 non

587 5305 709 5363 sine
735 5304 1056 5360 auctoritate
1083 5318 1204 5358 esse
1249 5302 1524 5371 perfidiam
1553 5343 1567 5367 ,
1601 5317 1720 5370 quze
1752 5301 1910 5355 timet
1937 5299 2079 5370 quod
2112 5301 2195 5354 lo-
2303 5302 2516 5376 adjiciat
2543 5313 2598 5358 ut
2645 5314 2918 5375 resurgat;
2959 5319 3026 5361 eo
3071 5305 3212 5375 quod
3243 5305 3360 5374 ipse
3389 5317 3449 5358 se
3484 5302 3582 5357 Dei
3616 5301 3779 5358 Filius
3815 5314 3872 5353 re

591 5399 800 5468 quitur,
832 5395 1191 5466 deprehendi.
1221 5393 1393 5450 Fideii
1421 5406 1604 5450 autem
1629 5393 1825 5448 dicitur
1857 5410 1872 5447 :
1904 5391 2096 5446 Exalta
2117 5391 2194 5445 υἱ·
2304 5397 2623 5465 Suscitavit;
2656 5401 2796 5454 sicut
2822 5401 2981 5470 supra
3013 5395 3244 5454 diximus
3275 5397 3482 5454 dixisse
3511 5412 3643 5453 eum
3669 5395 3871 5452 Judris:

589 5489 733 5546 ribus
757 5495 929 5547 uocem
955 5499 1093 5544 tuam
1127 5488 1317 5564 (Esai.
1347 5504 1495 5554 LVIII,
1534 5483 1560 5542 i
1587 5486 1628 5560 ).
1663 5480 1744 5542 En
1789 5499 1895 5556 quo
1923 5477 2197 5541 deciderat
2304 5483 2505 5549 Solvite
2531 5493 2627 5549 hoc
2649 5498 2916 5565 templum,
2950 5505 2996 5552 et
3021 5495 3076 5550 in
3103 5494 3274 5550 triduo
3303 5494 3536 5548 excitabo
3562 5493 3702 5547 illud
3728 5475 3870 5559 (Jour.

590 5586 876 5654 apostolus
903 5581 930 5640 ,Ι
939 5584 1090 5652 udas,
1123 5585 1214 5656 qui
1241 5582 1437 5638 missus
1463 5593 1582 5638 erat
1607 5577 1769 5636 ﬁdem
1797 5578 2048 5650 gentibus
2085 5578 2198 5648 ple-
2303 5601 2363 5650 ιι,
2397 5586 2464 5643 i9
2485 5585 2526 5658 ).
2573 5587 2945 5656 Adjectionem
2974 5587 3180 5658 accepit
3205 5601 3336 5644 caro
3363 5628 3376 5652 ,
3404 5587 3561 5657 quasi
3603 5595 3804 5654 sumpta
3827 5582 3873 5635 de

592 5697 670 5736 no
710 5679 1054 5734 auctoritatis
1099 5679 1372 5748 praeconio
1420 5677 1756 5750 praedicare;
1805 5683 1865 5730 ut
1917 5674 1970 5728 in
2005 5688 2195 5729 aurem
2304 5677 2546 5743 nomine,
2579 5690 2829 5751 suscepta
2855 5681 2923 5738 de
2948 5679 3167 5752 Virgine
3197 5698 3210 5734 :
3244 5678 3338 5736 sed
3367 5677 3523 5750 quasi
3555 5677 3700 5734 Deus
3727 5677 3873 5747 adjec-

592 5776 962 5830 insusurraret
987 5771 1396 5828 insidiatoribus
1428 5769 1672 5840 magistri
1701 5769 1821 5837 sui,
1866 5766 2010 5838 quod
2041 5767 2198 5823 time-
2304 5769 2510 5827 tion‘cm
2545 5773 2712 5844 ipsam
2744 5782 2999 5845 operatus
3027 5783 3108 5830 est
3134 5815 3150 5840 ,
3197 5772 3290 5844 qui
3335 5759 3538 5827 virtute
3576 5769 3788 5843 propria
3812 5782 3874 5821 re-

667 5899 694 5926 δ
727 5890 888 5974 βάκ.
911 5903 1126 5974 "omnes
1174 5902 1238 5974 ac
1293 5901 1424 5974 mss.
1467 5886 1674 5957 aliquot
1695 5927 1713 5955 ,
1756 5883 2030 5958 appellans
2074 5881 2220 5941 rabbi
2248 5893 2401 5956 atque
2429 5889 2709 5972 doctorem,
2740 5905 2771 5946 α
2798 5892 2964 5964 cuius,
2988 5901 3093 5949 etc.
3125 5889 3437 5970 Elegantius
3464 5887 3593 5947 cod.
3633 5887 3747 5949 Vat.
3777 5899 3871 5948 cum

601 5961 880 6050 plerisque
906 5961 1103 6030 Galiic.
1135 5969 1193 6016 ut
1223 5960 1278 6017 in
1309 5967 1478 6017 textu.
2482 5965 2486 5972 '
