4008 6352
205 271 361 334 1077

1369 270 1439 329 ιΝ
1476 269 1814 329 ΡΘΑΞΒΜΕἮ
1845 270 1938 331 χι
1979 271 2404 334 ENABRATIO.

3391 285 3531 343 1078

199 393 486 460 surrexit;
513 401 571 449 ut
610 401 753 450 esset
782 403 909 450 suae
934 391 1364 450 resurrectionis
1381 394 1656 460 operator.
1690 399 1719 429 ι
1747 389 1898 455 Utrm
1923 403 1979 451 et
2009 396 2102 466 qui
2145 396 2522 454 sanctiﬁcandi
2549 397 2690 454 alios
2737 403 2938 457 munus
2961 407 3276 475 acceperat,
3303 403 3422 475 ipse
3475 407 3539 462 in

199 493 398 541 autem
427 486 694 558 intelligas
722 487 866 559 quod
896 485 960 543 et
978 484 1139 543 Pater
1162 485 1389 548 Filium,
1422 491 1480 538 et
1506 481 1674 538 Filius
1703 483 1820 554 ipse

201 595 274 636 se
306 575 744 651 resuscitaverit,
785 580 1420 654 agnosceeperationem
1443 577 1594 633 illam
1621 577 1826 634 divinae

200 672 386 731 fuisse
411 673 665 742 virtutis;
713 675 837 747 quia
869 675 1016 731 Patri
1041 682 1099 730 et
1123 672 1266 729 Filio
1295 686 1400 726 una
1429 669 1641 738 virtus,
1667 686 1818 727 com-

200 767 398 822 munis
437 770 723 839 operatio;
775 767 1212 841 quandoquidem
1259 779 1368 822 una
1410 772 1582 837 atque
1625 765 1818 822 eadem

198 860 516 916 substantia
542 861 824 917 Trinitatis
844 871 947 918 est.

280 953 375 1009 21.
411 953 594 1027 (Vers.
620 947 736 1028 10.)
760 955 868 1012 Sed
893 954 1022 1026 quid
1075 969 1178 1026 ego
1201 963 1429 1010 caeteros
1453 967 1622 1025 arguo
1649 952 1819 1025 (dicit

198 1048 474 1106 Dominu’s
499 1049 722 1123 Jesus)?
756 1051 894 1122 quid
912 1052 1110 1106 mirum
1138 1052 1190 1105 si’
1213 1050 1439 1121 populus
1468 1063 1558 1106 me
1588 1064 1694 1106 non
1723 1064 1818 1104 co-
1847 1071 1850 1074 θ

196 1147 433 1216 gnovit,
479 1137 540 1202 et
582 1147 731 1203 cruci
781 1147 1143 1218 adiudicavit;
1193 1161 1315 1200 cum
1348 1146 1629 1217 apostolus
1658 1159 1814 1201 meus

196 1241 516 1297 mercedem
563 1240 886 1312 proditionis
915 1241 1157 1312 exegerit
1179 1282 1196 1308 ,
1241 1253 1365 1295 cum
1406 1239 1631 1295 conviva
1657 1251 1814 1295 meus

196 1343 439 1390 mortem
468 1339 643 1390 meam
671 1333 1020 1391 vendiderit?
1062 1333 1270 1388 Etenim
1291 1335 1444 1388 homo
1473 1333 1616 1405 pacis
1645 1348 1770 1388 mea!
1792 1373 1810 1401 ,

193 1431 254 1485 in
285 1445 436 1501 quem
458 1431 679 1502 speravi,
710 1431 798 1501 qui
828 1429 1008 1486 edebat
1031 1443 1192 1502 partes
1219 1443 1358 1484 meos
1382 1471 1397 1498 ,
1436 1429 1704 1500 ampliauit
1722 1443 1812 1483 su-

193 1539 294 1596 per
337 1541 416 1579 me
457 1526 946 1596 supplantationem.
989 1527 1168 1598 Aliqui
1198 1525 1392 1581 ludam
1437 1525 1806 1582 excusandum

1924 501 1985 543 se
2032 490 2352 546 sanctitatis
2366 491 2604 562 gratiam
2626 492 2964 561 custodiret,
3003 497 3422 553 et'sillcerisatis
3450 499 3533 554 in-

1924 577 2158 635 haereret
2182 581 2398 640 ofﬁciis.
2436 583 2616 653 Bene,
2637 585 2737 653 ait,
2769 587 2970 658 sperari
2997 604 3023 653 ρ
3050 588 3176 659 quia
3205 589 3414 646 homini
3435 589 3526 646 de-

1922 672 2000 729 dit
2029 675 2270 746 eligendi
2293 677 2604 748 arbitrium,
2635 679 2767 751 quid
2793 692 3073 752 sequatur.
3107 681 3294 751 Pos‘ui,
3330 685 3530 756 inquit,—

1920 776 2040 823 ante
2069 780 2118 824 te
2139 769 2332 825 bonum
2357 782 2404 826 et
2429 774 2627 829 malum
2654 773 2673 848 (
2699 774 2854 830 Deut.
2881 792 2996 832 xxx
3020 818 3036 843 ,
3064 777 3132 832 i5
3149 778 3190 846 ).
3236 778 3291 834 Si
3323 779 3533 834 malum

1919 861 2176 933 elegeris,
2205 879 2314 920 non
2343 875 2532 922 natura
2559 867 2846 939 delinquit,
2873 870 2968 925 sed
2997 871 3246 941 eligentis
3278 870 3522 927 allectus.

1919 953 1977 1010 Si
2019 956 2390 1028 unusquisque
2431 959 2710 1016 hominum
2753 962 3151 1018 condemnatur
3190 964 3290 1035 qui
3323 965 3524 1020 malum

1917 1048 2144 1120 elegerit
2168 1066 2184 1116 ;
2212 1051 2342 1122 quid
2369 1051 2437 1108 de
2467 1053 2604 1108 Iuda
2624 1055 2873 1125 dicimus,
2901 1057 2991 1126 qui
3017 1055 3256 1128 prodidit
3280 1072 3403 1113 eum
3435 1060 3524 1114 cui

1915 1144 2274 1215 copulabatur
2303 1147 2574 1204 suavitate
2602 1149 2886 1204 convivii?

1984 1236 2073 1293 2'5.
2101 1238 2202 1307 Qui
2231 1238 2431 1307 edebat,
2457 1241 2652 1312 inquit,
2682 1248 2840 1312 panes
2871 1259 3034 1310 meos,
3065 1243 3338 1315 ampliavit
3366 1261 3524 1316 super

1914 1349 1995 1387 me
2040 1331 2531 1407 supplantationem.
2581 1336 2723 1405 Quid
2767 1348 2850 1393 est
2896 1329 3040 1409 quod
3071 1339 3320 1406 addidit,
3365 1357 3532 1412 panes

1913 1429 2093 1483 meos?
2121 1428 2305 1484 Potuit
2331 1430 2552 1485 dicere:
2580 1429 2682 1499 Qui
2709 1431 2906 1487 edebat
2932 1447 3100 1502 panes
3122 1447 3334 1490 mecum
3359 1451 3375 1500 ;
3419 1435 3522 1490 nisi

1910 1522 2058 1577 illam
2085 1522 2356 1594 intelligas
2380 1564 2395 1590 ,
2423 1538 2544 1594 quae
2569 1523 2822 1593 specialis
2847 1535 2928 1579 est
2960 1525 3163 1581 Christi
3197 1566 3212 1591 ,
3255 1527 3360 1582 hoc
3387 1538 3467 1583 est
3500 1567 3517 1593 ,

193 1626 433 1689 putant;
478 1619 602 1689 quia
627 1619 824 1676 retudit
847 1621 1127 1691 pecuniam
1169 1635 1331 1691 quam
1371 1620 1400 1660 δ
1428 1635 1527 1691 pro
1555 1621 1808 1678 mercede
1910 1617 2062 1673 verbi
2094 1618 2332 1672 ctelestis
2360 1617 2672 1672 alimoniam
2698 1633 2713 1682 ;
2757 1633 2860 1672 non
2894 1618 3039 1672 enim
3070 1619 3124 1672 in
3145 1618 3256 1673 solo
3288 1635 3420 1689 pane
3447 1621 3524 1673 vi-

192 1712 526 1780 proditiOnis
545 1722 868 1784 acceperat:
902 1713 997 1770 sed
1021 1728 1150 1770 ecce
1176 1715 1300 1784 quia
1322 1714 1461 1770 ultra
1488 1714 1800 1770 .l‘uda'orum
1909 1713 1981 1764 vit
2011 1711 2183 1778 homo,
2208 1711 2300 1766 sed
2327 1711 2381 1764 in
2412 1711 2552 1766 omni
2570 1711 2723 1765 verba
2749 1707 2852 1764 Dei
2874 1709 3089 1783 (Matth.
3119 1726 3196 1779 tv,
3226 1708 3306 1784 4);
3361 1712 3524 1766 Deni-

189 1806 598 1862 condemnatur
621 1806 998 1863 infidelitatem
1023 1824 1037 1874 ;
1062 1807 1148 1864 cui
1171 1808 1326 1862 enim~
1348 1808 1464 1878 plus
1490 1808 1675 1864 datum
1695 1817 1802 1876 est,
1834 1801 1884 1862 Β
1911 1820 2018 1878 que
2065 1807 2193 1862 alibi
2251 1807 2384 1862 dicit
2412 1824 2424 1860 :
2463 1807 2566 1874 Qui
2594 1823 2796 1879 semper
2823 1823 3026 1860 mecum
3069 1807 3250 1861 dulces
3279 1808 3522 1879 cupiebas

191 1898 326 1970 plus
356 1899 592 1971 exigitur
621 1899 691 1954 ab
716 1913 806 1956 eo.
857 1899 996 1967 Quid
1020 1941 1034 1967 ,
1064 1901 1237 1972 inquit
1268 1943 1284 1966 ,
1327 1901 1396 1957 de
1415 1901 1538 1956 aliis
1565 1901 1809 1972 querar?
1912 1903 2053 1956 cibos
2081 1902 2202 1974 (Ps.
2221 1917 2321 1972 ,ιιν
2341 1927 2366 1968 ,ι
2394 1901 2462 1957 t5
2484 1904 2524 1973 )·.
2570 1902 2775 1969 Quibus
2822 1900 3107 1957 versiculis
3135 1901 3273 1958 bene
3317 1902 3520 1956 utimur

190 1991 378 2049 Homo
398 1996 542 2067 pacis
562 2009 689 2050 mete
707 2037 723 2062 ,
747 1995 834 2050 cui
860 2009 1046 2064 pacem
1085 2011 1261 2051 meam
1289 1995 1545 2052 dederam
1573 2038 1586 2061 ,
1614 2011 1804 2067 pacem

189 2103 375 2146 meam
408 2090 717 2160 relinquere
747 2089 1022 2145 volueram
1047 2129 1062 2156 ,
1086 2090 1525 2160 persecutoribus
1553 2090 1804 2147 deductis

188 2201 286 2241 me
318 2184 558 2254 tradidit,
587 2196 641 2241 et
669 2181 864 2242 fefellit
884 2197 992 2253 me,
1018 2186 1074 2240 in
1103 2201 1254 2256 quem
1281 2186 1506 2257 speravi.
1533 2185 1811 2257 Numquid

187 2283 466 2354 ignoravit
490 2283 824 2354 proditorem
847 2283 930 2338 sui
953 2283 1189 2338 futurum
1215 2325 1232 2352 ,
1273 2283 1344 2340 de
1372 2299 1482 2355 quo
1510 2295 1635 2340 ante
1663 2301 1804 2356 prae-

188 2375 369 2432 dixit:
404 2375 549 2432 Unus
576 2393 638 2432 ea:
666 2377 806 2431 vobis
838 2393 918 2432 me
945 2378 1114 2432 tradet
1143 2375 1322 2450 (toan.
1348 2389 1462 2445 xm,
1481 2378 1620 2449 Si)?
1652 2379 1792 2452 (Hoc

192 2478 378 2525 autem
409 2469 625 2525 dicebat
652 2471 722 2526 de
751 2470 888 2526 Juda
916 2513 932 2538 ,
967 2471 1104 2527 sient
1127 2471 1392 2542 scriptum“
1417 2481 1502 2529 eSt
1540 2473 1594 2527 in
1619 2473 1800 2528 Evan-

190 2565 385 2637 gelio.)
433 2565 552 2621 Non
594 2567 820 2638 utique;
866 2567 960 2622 sed
992 2579 1100 2638 quo
1137 2561 1368 2640 amplius
1411 2569 1806 2626 condemnaret

191 2661 342 2728 eum,
385 2659 454 2715 de
491 2659 594 2715 ﬁde
619 2659 737 2730 ejus
759 2673 1012 2730 sperasse
1033 2669 1092 2717 se
1114 2661 1266 2716 dixit.
1317 2662 1508 2733 Aquila
1531 2705 1545 2728 ,
1575 2664 1802 2734 conﬁsus

191 2773 376 2823 eram,
407 2756 580 2812 dixit:
625 2755 984 2829 Symmachus
1012 2760 1228 2829 posuit,
1281 2758 1624 2830 conﬁdebam.
1674 2761 1802 2817 Plus

192 2850 339 2905 enim
363 2865 650 2920 gravamus
681 2867 802 2906 eum
836 2852 888 2906 in
919 2867 1027 2924 quo
1072 2854 1368 2924 plurimum
1401 2856 1514 2926 spei
1547 2855 1637 2910 vel
1664 2853 1802 2911 ﬁdu-

191 2944 292 2998 ciae
319 2943 572 2998 habuisse
605 2953 702 2999 nos
733 2944 1004 3009 dicimus;
1056 2947 1100 3002 si
1133 2957 1318 3017 pOStea
1354 2938 1511 3019 spém‘
1556 2953 1798 3006 no'Str'am

193 3035 617 3108 opinionemque
641 3037 904 3095 destituit.

264 3131 356 3186 2‘2.
384 3129 554 3188 Simul
583 3133 822 3190 ostendit
849 3126 1044 3206 quanta
1078 3135 1159 3192 vis
1183 3133 1381 3193 divinat
1412 3133 1798 3196 sanctificatio—

1910 1997 2172 2053 adversus
2226 2011 2320 2054 eos
2363 1998 2456 2068 qui
2499 1996 2774 2054 necandos
2813 2010 2938 2052 esse
2981 1995 3348 2065 crediderint,
3393 2011 3518 2051 cum

1907 2091 2103 2162 quibus
2131 2091 2382 2147 videntur
2402 2092 2626 2162 epulati.
2668 2091 2912 2147 Gentiles
2959 2091 3062 2147 hoc
3087 2090 3364 2146 custodire
3403 2105 3516 2144 me-

1909 2193 2190 2241 morantur
2219 2227 2235 2252 ,
2287 2189 2469 2242 hostes
2502 2187 2820 2256 plerumque
2844 2229 2862 2255 ,
2915 2186 3162 2242 latrones
3182 2187 3348 2241 etiam
3387 2201 3404 2251 ;
3456 2193 3517 2238 ut

1908 2289 2137 2352 parcant
2165 2282 2230 2336 iis
2259 2295 2383 2336 cum
2414 2282 2612 2352 quibus
2641 2278 2668 2318 ἀ
2698 2281 3054 2337 recordentur
3074 2297 3136 2338 se
3162 2282 3350 2338 iniisse
3379 2295 3512 2336 con-

1908 2375 2111 2430 vivium
2140 2394 2152 2430 :
2182 2376 2313 2430 ferae
2343 2391 2561 2446 quoque
2601 2375 2736 2446 ipsae
2766 2376 3090 2446 pabulorum
3125 2375 3386 2431 societate
3414 2375 3512 2430 mi-

1909 2469 2144 2522 tescunt.
2200 2467 2352 2522 Unde
2392 2475 2615 2538 propter
2659 2466 2973 2537 hujusmodi
3015 2465 3268 2522 aﬁ‘ectum
3323 2470 3513 2539 gratia:

1907 2562 2224 2628 convivalis,
2258 2563 2302 2617 si
2328 2562 2490 2618 verba
2519 2562 2954 2634 consideremus,
2983 2577 3091 2616 non
3122 2563 3301 2618 otiose
3321 2563 3514 2618 dulces

1907 2643 2061 2713 cibos
2090 2657 2247 2712 dixit.
2280 2657 2568 2725 Quomodo
2587 2657 2732 2712 enim
2761 2657 2975 2723 dulces,
3002 2657 3092 2725 qui
3123 2658 3232 2712 cito
3268 2672 3514 2712 corrum-

1909 2751 2154 2821 puntur?
2185 2749 2294 2805 Sed
2321 2749 2445 2805 vide
2475 2765 2543 2804 ne
2564 2749 2748 2804 dulces
2770 2749 2920 2804 cibos
2947 2749 3146 2804 dixerit
3172 2749 3334 2804 verba
3363 2751 3512 2804 vitm.

1909 2843 2020 2899 Hos
2069 2843 2215 2898 enim
2243 2843 2395 2897 cibos
2441 2843 2587 2897 nulla
2637 2842 2942 2897 amaritudo
2978 2843 3318 2912 corrumpit,
3362 2843 3513 2897 nulla

1907 2936 2099 2991 mortis
2121 2933 2430 3004 corruptela
2459 2933 2812 2989 contaminat.
2839 2933 2996 2989 Unde
3023 2943 3079 2988 et
3120 2949 3318 3006 seniper
3347 2934 3506 2989 dixit.

1907 3027 2024 3083 Non
2047 3028 2190 3083 enim
2217 3041 2440 3096 semper
2469 3025 2635 3082 edere
2655 3027 2777 3096 quis
2800 3033 3033 3094 poterat.
3064 3025 3292 3095 Semper
3325 3036 3514 3080 autem

1909 3125 2073 3180 verbo
2110 3124 2207 3180 Dei
2237 3138 2525 3193 possumus
2551 3123 2840 3192 inhazrere,
2872 3131 2926 3177 et
2951 3122 3208 3178 noctibus
3221 3121 3506 3188 etdiebus,

195 3226 279 3281 nis
309 3221 402 3292 sit,
425 3243 546 3299 quae
574 3227 833 3285 excludat
854 3230 1135 3299 malitiam,
1162 3242 1215 3287 et
1237 3230 1586 3302 depravatum
1609 3249 1799 3290 emen-

1910 3224 1949 3279 si
1983 3221 2038 3275 in‘
2066 3221 2182 3290 lege
2213 3219 2302 3274 Dei
2329 3218 2416 3274 die
2443 3226 2499 3273 et
2525 3228 2685 3273 nocte
2711 3217 3058 3272 meditemur.

197 3315 290 3376 det
321 3319 631 3390 ingenium;
674 3323 722 3380 si
752 3323 923 3380 forma
957 3325 1220 3396 propositi
1274 3327 1514 3383 melioris
1552 3309 1816 3384 accedat.

195 3413 438 3483 Quantos
466 3417 668 3474 scimus
689 3425 810 3475 esse
831 3421 1161 3476 conversos?
1183 3417 1414 3478 Mutatus
1436 3437 1516 3477 est
1535 3424 1798 3480 Zachmus

197 3511 288 3565 ille
321 3511 638 3581 publicanus
665 3555 680 3581 ,
712 3521 766 3569 et
795 3514 860 3568 ad
888 3524 1152 3585 quaestum
1183 3530 1347 3571 avaro
1371 3517 1608 3572 intentus
1636 3515 1800 3574 allec-

197 3615 254 3661 tu
284 3647 298 3672 ,
330 3606 419 3676 qui
453 3617 636 3677 postea
669 3601 972 3679 quadrupla
1020 3609 1383 3666 redhibitione
1432 3611 1590 3666 solvit
1642 3625 1796 3666 erro-

198 3713 309 3752 rem
337 3741 351 3764 ,
385 3698 766 3755 condemnavit
803 3701 857 3755 in
885 3716 943 3757 se
974 3701 1255 3757 avaritiam
1280 3746 1294 3769 ,
1345 3704 1606 3772 temporis
1633 3713 1794 3774 supe~

198 3790 356 3846 rioris
401 3791 667 3862 abjuravit
691 3793 837 3848 lucra
863 3837 878 3862 ,
902 3789 1279 3866 compensavit
1316 3795 1368 3851 in
1421 3805 1689 3868 panperes
1711 3841 1726 3864 ,
1751 3797 1794 3853 si

197 3884 409 3939 deesset
449 3888 690 3941 exactor.
733 3885 896 3942 Latro
931 3887 1046 3956 ipse
1086 3888 1382 3959 nequitiam
1423 3903 1574 3944 suam
1600 3905 1799 3959 propo-

198 3980 301 4034 sito
339 3979 568 4034 meliore
616 3979 884 4046 mutavit,
916 3982 1135 4050 agnovit
1182 3982 1235 4037 in
1279 3995 1439 4039 cruce
1489 3982 1795 4049 Christum,

199 4067 476 4128 conleSsus
504 4082 588 4129 est
611 4065 778 4146 876
807 4074 903 4130 Dei
933 4073 1127 4130 Filium
1152 4117 1166 4143 ,
1193 4091 1373 4146 regem
1416 4091 1548 4131 voce
1582 4077 1797 4148 propria

200 4167 545 4236 nuncupavit.
576 4167 693 4234 Quo
741 4179 984 4238 tempore
1031 4169 1161 4239 justi
1205 4168 1447 4240 plerique
1492 4170 1795 4237 nutabant,

199 4259 299 4328 ipsi
326 4272 474 4315 certe
516 4261 753 4316 latebant
807 4260 1037 4332 apostoli
1071 4267 1086 4316 ε’
1113 4260 1357 4316 carnifex
1399 4263 1514 4332 ipse
1550 4262 1800 4317 centurio

203 4366 304 4407 non
328 4353 566 4422 negavit.
596 4352 733 4420 Quid
756 4351 823 4409 de
850 4363 1091 4424 tempore
1115 4352 1395 4424 Evangelii
1423 4353 1655 4424 loquor?
1686 4352 1795 4409 Ra-

205 4443 305 4499 hab
332 4446 586 4500 meretrix
612 4455 726 4502 erat
751 4489 765 4512 ,
798 4461 918 4517 qum
959 4447 1199 4518 perﬁdiae
1227 4455 1388 4519 atque
1431 4447 1799 4518 intemperan-

205 4539 376 4594 tim‘se
407 4532 924 4611 alebatstipendiis;
959 4551 1135 4598 tamen
1179 4543 1270 4598 tibi
1301 4543 1672 4614 exploratores
1714 4544 1799 4599 vi-

1973 3313 2064 3369 24.
2097 3312 2238 3382 Quid
2264 3321 2346 3367 est
2373 3313 2560 3376 etiam,
2591 3311 2858 3380 ampliavit
2889 3311 2914 3364 ?
2957 3308 3179 3365 Graccus
3204 3308 3510 3382 ἐμεγάλυνεν

1903 3411 2061 3476 dixit,
2088 3410 2191 3464 hoc
2212 3416 2316 3475 est,
2346 3405 2727 3478 magniticavit.
2755 3405 3058 3476 Utrumque
3078 3403 3239 3460 nobis
3259 3404 3512 3474 exposuit

1905 3504 2164 3560 Dominus
2189 3496 2333 3574 quod
2355 3515 2577 3557 movere
2606 3515 2704 3555 nos
2736 3508 2940 3570 posset,
2960 3500 3148 3556 dicens
3176 3500 3229 3552 in
3262 3497 3512 3568 Evange-

1901 3599 1977 3653 lio
2015 3615 2027 3657 :
2065 3597 2169 3666 Qui
2213 3595 2492 3650 manducat
2518 3610 2722 3648 mecum
2752 3609 2972 3663 panem,
3017 3592 3200 3647 levavit
3227 3605 3381 3660 super
3429 3605 3510 3645 me

1901 3698 2196 3750 calcaneum
2219 3691 2402 3764 (Joan.
2437 3701 2553 3755 xm,
2593 3688 2716 3760 18).
2767 3687 2922 3745 Unde
2947 3696 3257 3757 assumptus
3282 3685 3370 3740 hic
3395 3697 3511 3739 ser-

1903 3805 1992 3844 mo
2018 3789 2108 3854 sit,
2138 3784 2567 3842 consideremus.
2617 3781 2872 3848 Fuimus,
2906 3781 3080 3851 inquit
3106 3821 3122 3847 ,
3146 3778 3400 3833 increduli
3426 3794 3505 3831 er-

1901 3889 2073 3933 rantes
2098 3921 2111 3944 ,
2146 3878 2420 3932 servientes
2464 3875 2735 3929 desideriis’
2766 3884 2814 3930 et
2861 3872 3210 3944 voluptatibus
3247 3869 3391 3940 (Tit.
3424 3885 3505 3932 nt.

1903 3974 1982 4042 5).
2017 3970 2308 4026 Fateamur
2329 3982 2594 4033 errorem,
2623 3975 2683 4020 ut
2711 3966 3002 4020 diluamur.
3053 3965 3124 4018 Et
3143 3977 3247 4033 ego
3277 3962 3389 4017 vidi
3409 3963 3507 4016 ali—

1903 4079 2061 4137 quem
2081 4079 2216 4135 puer
2236 4062 2518 4126 athletam,
2548 4075 2672 4115 cum
2694 4060 2927 4115 elisisset
2943 4058 3338 4121 adversarium,
3360 4056 3510 4112 treu-

1904 4169 2010 4214 tem
2036 4159 2085 4214 ei
2117 4157 2450 4229 percussisse
2500 4156 2761 4211 calcaneo
2801 4172 2814 4208 :
2843 4154 2987 4225 quod
3030 4155 3243 4224 signum
3273 4153 3369 4208 luit
3393 4194 3407 4218 ,
3440 4168 3508 4207 co

1902 4253 2045 4324 quod
2078 4250 2419 4306 insultaverit
2444 4250 2608 4304 victo.
2645 4249 2758 4305 lloc
2783 4247 3033 4319 estquod
3054 4247 3130 4302 ait
3154 4264 3167 4300 :
3193 4244 3508 4317 Magni/ictu

1903 4349 1972 4401 vit
2015 4362 2167 4417 super
2187 4363 2267 4401 me
2298 4345 2811 4417 supplantationem;
2838 4357 2946 4414 quo
2978 4343 3152 4399 verbo
3194 4342 3506 4398 insultantis

1896 4443 2212 4514 iactantiam
2256 4441 2574 4498 declaravit.
2610 4440 2835 4496 Levavit
2872 4449 3002 4510 ergo
3042 4445 3097 4494 et
3135 4436 3301 4494 Judas
3341 4452 3509 4508 super

1905 4537 2185 4595 Christum
2214 4539 2526 4594 calcaneum
2557 4549 2746 4602 suum,
2779 4549 2901 4591 cum
2941 4534 3200 4608 proderet
3228 4546 3382 4598 cum;
3408 4531 3503 4588 sed

206 4630 276 4685 dit
307 4637 442 4702 quos
465 4635 684 4690 miserat
719 4633 878 4690 Iesus
917 4634 1061 4691 Nave
1081 4677 1097 4702 ,
1121 4619 1285 4692 ﬁdem
1325 4636 1530 4703 induit;
1559 4647 1613 4692 et
1656 4637 1794 4707 peri-
1826 4617 1877 4680 Π
1906 4653 2012 4690 non
2055 4636 2260 4692 levavit
2280 4636 2517 4706 impune.
2543 4634 2736 4690 Adhuc
2758 4634 2928 4689 Adam
2971 4633 3288 4688 calcaneum
3330 4631 3506 4695 levat,

207 4725 322 4782 culo
369 4726 717 4805 imminente,
740 4729 1002 4796 justitiam
1051 4731 1378 4798 reservavit;
1429 4747 1528 4787 nec
1571 4741 1794 4802 stiscep-

210 4828 283 4874 tos
333 4819 603 4890 prodidit,-
633 4817 728 4876 sed
791 4821 933 4876 lideli
977 4819 1308 4878 humanitate
1367 4824 1621 4894 protexit.
1669 4824 1797 4880 Ideo

208 4929 328 4986 ergo
354 4929 606 4986 sperasse
642 4931 701 4973 se
740 4916 900 4983 dicit;
933 4917 1086 4989 quasi
1108 4917 1232 4988 jure
1274 4922 1675 4990 prmsumpseril
1701 4963 1715 4987 ,
1741 4930 1799 4975 nt

210 5005 476 5078 apostolus
503 5013 784 5082 superiora
809 5011 1127 5084 deponeret.
1146 5022 1168 5050 ο
1185 5013 1409 5069 meliora
1438 5025 1790 5085 sequeretur:

276 5197 301 5226 ⁸
321 5189 409 5246 Sic
429 5205 559 5245 mss.
584 5189 706 5245 Vat.
736 5197 790 5246 et
815 5196 1045 5261 qnatuor
1064 5190 1203 5249 Call.
1251 5191 1394 5247 Edit.
1440 5199 1644 5252 autem.
1670 5193 1798 5246 Cum

213 5263 361 5336 igitur
389 5265 530 5336 legas
553 5262 711 5332 quod,
760 5272 895 5329 etc.,
919 5265 1114 5333 quibus
1147 5266 1472 5334 sull'ragatur
1498 5265 1634 5336 Reg.
1675 5266 1799 5320 cod.

215 5335 307 5408 nisi
345 5335 489 5408 quod
519 5349 738 5402 vocem,
771 5336 952 5405 igitur,
981 5353 1086 5392 nun
1141 5338 1404 5408 agnoscit.
1450 5336 1518 5391 At
1560 5336 1717 5392 Colb.
1747 5346 1802 5392 et

217 5405 447 5480 Viutgita
477 5405 695 5476 legunt,
727 5408 778 5460 in
807 5424 907 5476 quo
938 5411 1104 5477 ipsum
1145 5405 1286 5480 legas
1312 5409 1469 5476 quod,
1503 5416 1607 5464 etc.

281 5477 302 5515 δ
331 5479 708 5551 Plureswmss”
741 5495 834 5549 pro
863 5481 1092 5533 mercede
1118 5477 1394 5550 emptionis
1424 5490 1714 5551 acceperat.

284 5564 304 5588 ο
339 5551 496 5604 Hom.
527 5547 658 5602 edit.
693 5547 952 5604 anteriora
983 5547 1294 5621 sequeretur.
1329 5590 1335 5594 ε

281 5621 305 5659 ά
336 5623 464 5677 Mss.
490 5621 734 5688 aliquot,
767 5623 1100 5676 recordentur
1129 5625 1513 5679 contubernium
1537 5624 1799 5680 habuisse.

217 5695 466 5757 Cancrum
501 5693 552 5746 in
577 5692 825 5747 confesso
856 5706 936 5748 est
968 5693 1094 5748 olim
1124 5712 1230 5750 non
1255 5706 1458 5752 tantum
1485 5695 1625 5762 apud
1648 5694 1801 5751 Gree-

222 5768 387 5822 casae
416 5763 664 5839 Latinos,
685 5763 781 5820 sed
803 5775 860 5839 et
891 5765 1031 5835 apud
1056 5766 1323 5823 Barbaros
1362 5782 1553 5839 magna
1580 5766 1801 5837 religio-

227 5854 284 5902 ne
307 5853 367 5900 ac
396 5837 703 5902 reverentia
730 5837 932 5910 cultam
953 5852 1076 5896 esse
1106 5853 1312 5896 mensae
1342 5837 1503 5919 atque
1528 5839 1807 5896 convivio-

1905 4730 2046 4802 quod
2084 4747 2111 4783 ιι
2144 4741 2396 4799 serpente
2445 4728 2908 4784 estvnlneratnm.
2939 4725 3103 4798 87⁵1
3143 4723 3209 4778 Et
3248 4723 3434 4792 ntique
3454 4723 3507 4776 ei

1903 4825 2067 4896 pedes
2099 4821 2595 4880 laveratChristus.
2639 4822 2900 4880 Audierat
2938 4821 3208 4875 dicentem
3246 4834 3258 4872 :
3291 4817 3392 4885 Qui
3424 4817 3502 4870 lo-

1904 4929 1986 4974 tus
2015 4928 2111 4986 est,
2141 4935 2241 4973 non
2273 4918 2490 4990 indiget,
2521 4919 2622 4972 nisi
2651 4927 2706 4970 ut
2737 4915 2893 4987 pedes
2924 4913 3094 4978 lavet;
3126 4911 3216 4967 sed
3240 4920 3314 4965 est
3351 4923 3505 4963 mun-

1901 5013 2000 5067 dus
2026 5022 2162 5068 totus
2183 5010 2360 5082 (Joan.
2392 5021 2509 5079 χιιι,
2539 5010 2653 5082 10).
2681 5008 2788 5065 Sed
2829 5006 2973 5078 quod
3014 5006 3144 5061 lavit
3184 5005 3354 5077 gratia
3376 5043 3392 5070 ,
3422 5002 3506 5058 in-

1906 5209 2025 5249 rum
2057 5195 2391 5251 sacietatem.
2424 5194 2639 5249 Etenim
2668 5199 2856 5261 gentes
2892 5189 3006 5246 fere
3033 5199 3221 5245 omnes
3241 5203 3364 5244 cum
3395 5188 3507 5256 pri-

1910 5276 2028 5321 vata
2063 5268 2288 5331 foedera,
2323 5278 2432 5322 tum
2461 5265 2671 5332 publica
2701 5279 2798 5334 per
2821 5263 2947 5316 salis
2974 5278 3036 5317 ac
3062 5263 3218 5332 panis
3261 5276 3506 5334 commu-

1875 5354 1877 5356 ·
1908 5339 2124 5414 nionem
2144 5341 2436 5414 jungebant
2466 5331 2488 5389 7:
2511 5331 2715 5414 deveni
2739 5331 3290 5414 llOiSplltllenimCllStD
3316 5331 3506 5402 praesi-

1906 5409 2030 5465 dcm
2058 5421 2111 5466 et
2143 5403 2407 5465 vindicent
2437 5403 2880 5462 existimabant:
2911 5403 3164 5474 jurabant
3204 5413 3298 5474 per
3347 5419 3504 5456 meti-

1908 5487 2022 5556 sani
2049 5483 2401 5556 hospitalem;
2426 5488 2479 5556 et
2499 5473 2929 5556 siquishospitcs
2943 5485 3101 5547 atque
3118 5473 3506 5556 ὁμότρειῖτέζους

1910 5547 2185 5618 νὶοΙιιεδεί,
2218 5569 2322 5607 non
2357 5551 2517 5605 modo
2541 5547 2656 5621 ipse
2687 5550 2982 5603 habebatur
3005 5547 3381 5610 exseCrabilis,
3406 5547 3505 5601 sed

1909 5636 1964 5681 et
1994 5628 2140 5682 aedes
2174 5625 2263 5679 ubi
2297 5623 2401 5677 hoc
2445 5623 2668 5677 sceleris
2711 5630 2978 5689 patratum
3010 5627 3188 5686 esset,
3231 5631 3505 5689 tamquam

1909 5699 2156 5765 funestae,
2175 5694 2443 5765 interdum
2469 5687 2859 5765 habitatoribus
2880 5690 3108 5747 deserta:
3125 5687 3499 5765 remanebant.

1912 5764 2047 5828 Vide
2075 5762 2354 5828 Strukium
2383 5763 2510 5822 Ant.
2533 5763 2762 5831 Conviv.
2795 5762 2889 5819 lib.
2920 5777 2968 5832 ι,
2999 5777 3119 5838 cap.
3149 5763 3202 5820 5.
