4008 6352
566 302 708 361 1079

1941 293 2191 352 SANCIâ€˜I
2226 295 2551 355 AMBROSII

542 394 879 494 quinaverat
909 418 1156 490 pertldia.
1206 416 1374 473 ludas
1420 430 1551 488 ergo
1594 415 1912 472 calcanenm
1957 412 2470 488 levavitAequus,
2515 416 2605 487 qui
2633 415 2821 472 mundi
2850 416 3014 472 totius
3058 424 3279 485 peccata
3325 416 3613 486 suscepit,
3642 424 3843 473 etonert

559 515 629 573 ad
658 516 873 571 vulnus.
925 511 1068 569 Vere
1112 526 1219 567 non
1264 510 1436 567 tenuit
1476 518 1678 582 caput,
1726 510 1818 582 qui
1846 508 2163 566 calcaneum

561 625 729 681 super
745 609 1017 666 Christum
1050 606 1269 664 levavit.
1316 606 1488 662 Adam
1516 622 1684 677 super
1710 620 1771 661 se
1796 604 2002 662 levavit
2029 646 2045 671 ,
2074 603 2165 659 hic

560 720 727 775 super
758 703 1067 767 Christum;
1097 712 1153 757 et
1181 702 1303 757 ideo
1332 716 1457 756 eum
1492 715 1721 771 serpens
1758 699 1973 772 gravius
2000 713 2162 768 quam

557 807 786 853 ctrteros
828 797 1153 852 vulneravit.
1200 796 1423 851 Levavit
1462 795 1777 849 calcaneum
1825 806 1980 847 suum
2014 832 2028 856 ,
2071 789 2163 861 qui

553 890 961 947 fraudulentum
993 890 1237 945 osculum
1268 888 1607 960 porrigebat,
1652 902 1762 959 quo
1789 884 2165 955 supplantaret

552 996 834 1041 auctorem
878 1004 893 1052 ;
928 985 1160 1056 ideoque
1190 986 1452 1054 scriptum
1484 993 1570 1039 est
1599 982 1653 1037 iu
1688 981 1961 1052 Propheta
1991 997 2003 1033 :
2032 978 2161 1033 Am-

556 1080 738 1149 pliavit
765 1096 920 1149 super
943 1096 1021 1133 me
1044 1077 1537 1149 supplantationem.
1574 1074 1718 1130 Esau
1751 1088 1965 1143 quoque
1993 1073 2069 1125 ait
2095 1070 2165 1127 de

555 1172 725 1227 fratre
750 1187 849 1228 suo
884 1191 896 1225 :
930 1172 1021 1227 Bis
1051 1188 1131 1225 me
1149 1175 1267 1243 jam
1292 1168 1643 1241 supplantavit
1666 1165 1822 1235 (Gen.
1851 1161 2160 1233 xxvtt,36).

555 1266 656 1334 Qui
686 1268 1014 1339 supplantat,
1048 1266 1229 1320 dolum
1258 1264 1407 1329 facit,
1439 1279 1547 1335 quo
1577 1261 1947 1317 adversarium
1975 1256 2159 1323 elidit,

554 1374 648 1417 aut
694 1363 965 1418 vulnerat.
1028 1362 1153 1417 ideo
1201 1371 1255 1417 et
1283 1360 1453 1415 .ludas
1500 1358 1879 1429 supplantasse
1921 1354 2159 1421 dicitur;

554 1455 685 1526 quia
713 1455 902 1511 osculo
932 1470 1033 1511 suo
1063 1454 1258 1509 vulnus
1283 1452 1482 1517 infixit,
1515 1466 1622 1521 quo
1649 1448 1934 1505 invadendi
1963 1438 2161 1503 Salva-

554 1549 690 1604 toris
720 1549 933 1620 signum
968 1546 1411 1618 persecutoribus
1441 1542 1852 1600 demonstravit.
1883 1540 2159 1611 Supplan-

556 1644 690 1699 tavit
720 1658 851 1715 ergo
881 1643 1035 1714 quasi
1069 1655 1337 1711 serpens;
1391 1639 1518 1711 quia
1564 1650 1790 1708 serpens
1820 1649 1919 1691 suo
1947 1650 2043 1690 ore
2069 1648 2162 1690 ve-

555 1754 757 1795 nenum
787 1738 1043 1804 infundit,
1078 1745 1133 1793 et
1161 1736 1410 1791 vulnerat
1431 1733 1593 1789 dente
1618 1732 1961 1788 calcaneum:
1995 1738 2052 1785 et
2073 1730 2161 1785 hic

2254 520 2449 581 nostra
2480 510 2753 583 portavit,
2782 521 2837 567 et
2864 524 2970 566 non
3013 510 3184 585 878
3219 504 3323 565 fuit
3366 507 3626 579 fatigatus
3657 526 3670 560 :
3697 509 3844 566 vulne-

2264 613 2414 659 ratus
2435 612 2520 659 est
2548 619 2754 674 equus,
2787 604 2878 673 qui
2917 604 2986 659 ad
3030 603 3274 661 furorem
3323 602 3656 660 concubitus
3691 604 3845 660 adhin-

2265 698 2381 753 nire
2426 697 2676 755 nescivit.
2709 698 2775 753 Et
2818 698 2942 754 ideo
2990 697 3239 755 fortassis
3285 696 3491 753 Joanni
3525 696 3843 768 Evangelier

2263 792 2461 848 caelum
2507 799 2785 862 apertum,
2814 799 2870 846 et
2897 789 3056 846 albus
3104 806 3279 861 equus
3307 799 3397 847 est
3436 789 3841 857 demonstrans,

2263 898 2429 953 super
2477 899 2637 955 quem
2683 883 2908 940 sedebat
2967 884 3173 941 habens
3214 885 3271 941 in
3316 884 3507 955 capite
3542 883 3842 944 diademata.

2264 987 2318 1033 et
2349 977 2405 1033 in
2432 976 2642 1032 femore
2675 991 2775 1032 suo
2818 993 3018 1034 nomen
3062 978 3326 1049 scriptum
3359 996 3373 1032 :
3412 977 3534 1033 Rea:
3575 994 3777 1049 regum,
3812 994 3843 1033 tl

2263 1072 2516 1128 Dominus
2537 1072 2916 1127 dominantium
2958 1073 3160 1143 (Apoc.
3193 1090 3289 1129 xtx
3310 1116 3325 1140 ,
3357 1072 3431 1130 16
3452 1072 3500 1145 ).
3531 1074 3706 1129 Albus
3726 1085 3841 1141 erat,

2263 1168 2388 1240 quia
2428 1176 2547 1223 erat
2594 1166 2971 1223 itumaculatus
2995 1208 3010 1233 ,
3043 1169 3133 1237 qui
3168 1168 3315 1224 nulla
3365 1167 3583 1238 peccati
3636 1168 3845 1238 inquina-

2264 1273 2443 1320 menta
2470 1270 2820 1333 cognoverat.
2852 1261 2984 1317 Nam
3013 1263 3057 1317 si
3086 1262 3256 1318 libido
3281 1262 3589 1318 tenebrosa
3611 1270 3715 1326 est,
3736 1273 3843 1318 recte

2262 1357 2617 1415 sanctimonia
2648 1356 2853 1413 relucet
2892 1364 2948 1412 et
2976 1356 3251 1427 splendet.
3287 1356 3389 1411 llic
3418 1370 3557 1427 ergo
3600 1370 3763 1426 equus
3788 1368 3845 1410 est

2267 1452 2619 1519 vulneratus,
2651 1450 2747 1507 sed
2775 1465 2884 1506 non
2925 1450 3257 1507 retardatus.
3290 1450 3548 1522 Denique
3595 1464 3720 1505 cum
3758 1450 3843 1520 ipso

2262 1550 2490 1605 vulnere
2514 1549 2582 1606 de
2613 1549 2821 1605 tumulo
2846 1548 3167 1615 resurrexit,
3184 1547 3433 1604 cucurrit
3460 1545 3537 1601 ad
3567 1545 3757 1601 malum
3781 1562 3846 1602 sa-

2264 1661 2359 1717 pra
2405 1659 2595 1699 omnes
2645 1644 2866 1716 angelos
2914 1653 2969 1701 et
3013 1643 3412 1714 archangelos,
3454 1641 3705 1699 velocior
3736 1644 3844 1696 onmi

2262 1740 2507 1812 equitatu
2533 1740 2740 1796 militia:
2767 1740 3009 1796 caelestis
3030 1740 3311 1803 inventus,
3329 1754 3502 1809 supra
3521 1752 3697 1809 equos
3720 1738 3845 1794 etiam

557 1832 701 1889 enim
737 1847 846 1887 non
889 1829 1225 1886 divinitatem
1255 1826 1501 1891 Christi,
1548 1824 1645 1880 sed
1696 1822 1943 1894 corporis
1984 1829 2164 1877 extre-
2192 1821 2239 1882 B
2268 1834 2392 1890 illos
2418 1836 2605 1906 igneos
2625 1834 2821 1905 quibus
2868 1833 3015 1889 Elias
3059 1842 3248 1903 raptus
3275 1842 3381 1889 est.
3413 1832 3485 1888 Et
3514 1833 3716 1888 merito
3737 1832 3847 1888 velo-

556 1942 706 1981 mum
757 1924 1071 1980 calcaneum
1125 1921 1457 1977 vulneravit.
1514 1918 1737 1975 Levavit
1783 1916 1948 1973 etiam
1997 1914 2163 1971 Judas

555 2021 867 2077 calcaneum
895 2019 1047 2089 quasi
1080 2018 1309 2072 luctator
1327 2014 1566 2070 insolens
1591 2022 1643 2069 et
1665 2010 1950 2082 superbus,
1978 2010 2031 2064 in
2055 2023 2163 2079 quo

556 2126 719 2188 caput
748 2122 1055 2188 percuteret
1084 2111 1381 2170 Salvatoris
1409 2128 1421 2164 :
1474 2108 1568 2165 sed
1596 2117 1759 2179 caput
1786 2104 1992 2162 Christi
2035 2103 2162 2159 leri-

446 2272 456 2284 ,
555 2227 617 2268 re
645 2225 749 2267 non
784 2210 961 2281 putuit
986 2226 1001 2275 ;
1030 2208 1155 2280 quia
1185 2215 1347 2277 caput
1377 2202 1577 2260 Christi
1607 2202 1775 2257 Deus.
1832 2200 2004 2256 Suum
2030 2211 2162 2253 sane

550 2314 714 2375 caput
744 2302 994 2359 iufurmis
1023 2301 1201 2373 laquei
1226 2298 1369 2356 nodo
1396 2296 1607 2370 ligavit,
1634 2303 1695 2351 ut
1721 2291 2023 2351 remedium
2057 2288 2163 2346 sibi

550 2398 743 2453 salutis
773 2399 1033 2452 auferret.

623 2492 715 2549 25.
758 2490 894 2546 Vide
924 2493 969 2545 si
1000 2489 1087 2560 pie
1111 2496 1265 2559 potes
1295 2484 1427 2541 illud
1453 2492 1677 2555 aptare,
1706 2479 1852 2553 quod
1878 2479 1931 2535 in
1960 2477 2161 2536 Genesi

551 2587 692 2643 dixit
735 2596 956 2641 sanctus
998 2584 1309 2655 patriarcha
1346 2580 1552 2645 Jacob,
1590 2593 1711 2634 cum
1757 2577 1825 2633 de
1868 2575 1993 2633 ï¬liis
2039 2590 2164 2647 pro-

550 2682 801 2751 phetaret
825 2698 838 2735 :
866 2678 983 2734 Dan
1003 2678 1263 2750 judicabit
1281 2675 1532 2746 populum
1554 2689 1704 2729 suum
1727 2681 1988 2740 tamquam
2006 2685 2163 2724 unam

549 2775 738 2829 tribum
763 2775 817 2828 in
853 2772 1055 2838 Israel;
1086 2780 1176 2827 et:
1206 2768 1329 2824 Fiat
1356 2764 1473 2822 Dan
1493 2768 1627 2821 sicut
1647 2781 1858 2833 serpens
1897 2764 2079 2819 sedens
2107 2763 2162 2817 in

551 2869 656 2935 via,
674 2876 719 2922 et
735 2868 789 2921 in
810 2864 1261 2932 semita,mordens
1285 2864 1581 2918 calcaneum
1604 2860 1718 2931 equi
1740 2876 1759 2915 :
1774 2869 1819 2914 et
1841 2858 1990 2914 cadet
2010 2874 2163 2929 eques

548 2970 851 3023 retrorsum,
880 2960 1095 3016 salutem
1121 2969 1422 3031 exspectans
1448 2974 1479 3011 a
1507 2954 1901 3026 Domino(Gen.
1926 2969 2077 3021 xux,
2096 2952 2161 3008 16

550 3064 597 3109 et
623 3055 737 3127 17).
758 3054 1013 3126 Legimus
1037 3053 1255 3125 quidem
1274 3052 1478 3123 (Judic.
1502 3066 1622 3116 xttt,
1644 3048 1740 3121 25)
1758 3048 1900 3119 quod
1928 3048 2160 3105 Samson

549 3149 619 3203 de
638 3148 775 3203 tribu
804 3148 916 3203 Dan
940 3146 1109 3217 iudex
1136 3145 1361 3202 fueritin
1385 3144 1581 3200 lsmel:
1606 3142 1702 3199 sed
1728 3142 1867 3197 alius
1886 3141 1973 3197 hic
1996 3140 2163 3213 signi-

2264 1930 2412 1997 cior,
2440 1929 2533 2001 qui
2560 1942 2727 1998 super
2749 1942 2940 1984 omnes
2965 1927 3138 1984 caelos
3158 1970 3174 1993 ,
3199 1936 3255 1983 et
3280 1940 3448 1997 supra
3480 1926 3692 1984 ccelum
3720 1926 3848 1982 cado-

2265 2041 2384 2080 rum
2412 2024 2478 2079 ad
2519 2022 2706 2079 sedem
2735 2023 2833 2079 Dei
2862 2023 3247 2094 omnipotentis
3276 2021 3570 2086 ascendit,
3598 2030 3657 2077 et
3694 2022 3845 2081 sedet;
3942 2021 3943 2053 á¼¶

2266 2128 2323 2174 ut
2344 2118 2625 2188 Scriptura
2648 2132 2747 2173 nos
2765 2117 2952 2173 docuit
2970 2116 3176 2173 dicens:
3190 2115 3449 2171 Videbitis
3469 2117 3671 2171 abhinc
3692 2115 3848 2171 Filiam

2265 2208 2487 2267 hominis
2516 2212 2777 2267 sedentem
2803 2212 2871 2266 ad
2891 2212 3153 2267 dexteram
3180 2212 3385 2266 uirtutis
3408 2208 3736 2283 (Marium,
3761 2210 3846 2265 iiii.

2332 2288 2447 2359 27..
2472 2304 2571 2361 llic
2599 2305 2784 2374 itaque
2810 2320 2981 2376 equus
3004 2302 3059 2359 in
3091 2304 3258 2375 ï¬gura
3288 2314 3347 2362 et
3374 2315 3513 2362 ante
3544 2314 3635 2360 est
3663 2304 3847 2358 democ-

2263 2406 2463 2453 stratus
2508 2408 2754 2469 tempore
2783 2397 3245 2462 Hachabaeorum,
3284 2412 3453 2469 quem
3502 2396 3733 2453 sedebat
3766 2397 3845 2451 dux

2263 2490 2353 2547 ille
2416 2490 2625 2547 militia:
2671 2491 2910 2548 ctelestis
2962 2490 3142 2547 aureis
3198 2490 3370 2545 armis
3422 2488 3743 2561 refulgens,
3780 2488 3846 2559 qui

2264 2584 2613 2642 Heliodorum
2657 2584 3094 2657 depeculatorem
3142 2584 3293 2640 illum
3341 2584 3588 2655 depositi
3620 2582 3845 2646 vidualis,

2264 2688 2697 2749 caeterorumque
2724 2694 2845 2750 qua:
2873 2692 3042 2734 sacrae
3081 2677 3295 2734 fuerant
3321 2676 3718 2733 commendata
3754 2689 3846 2730 uts-

2265 2770 2525 2835 todiaa,et
2544 2770 2762 2837 stravit,
2783 2781 2835 2827 et
2854 2770 3104 2843 perculit,
3131 2780 3185 2827 et
3224 2780 3418 2841 postea
3443 2778 3711 2826 exoratus
3731 2767 3847 2825 Otii:

2266 2864 2521 2937 precibus
2545 2864 2847 2922 sacerdotis
2868 2865 3023 2921 vitali
3043 2866 3159 2921 usui
3189 2865 3539 2922 reformavit.
3561 2863 3719 2922 Unde
3754 2880 3847 2919 rere

2266 2957 2317 3014 in
2340 2974 2406 3014 eo
2434 2972 2583 3015 arma
2603 2970 2766 3016 aurea
2795 2958 3156 3025 refulserunt;
3181 2961 3304 3031 quia
3327 2958 3485 3016 solus
3504 2974 3712 3030 equum
3736 2957 3845 3012 hunc

2264 3053 2402 3108 sedit
2428 3096 2442 3120 ,
2473 3064 2527 3108 et
2556 3054 2719 3121 vicit,
2755 3054 2806 3109 in
2836 3070 2944 3125 quo
2975 3054 3155 3110 nullus
3181 3054 3357 3125 culpae
3392 3053 3667 3110 immunis
3686 3053 3843 3109 evasit.
3946 3066 3947 3069 â€˜

2263 3144 2379 3201 Non
2431 3146 2638 3213 Enocb,
2666 3147 2757 3218 qui
2786 3156 2973 3219 raptus
3000 3157 3085 3203 est
3104 3191 3119 3216 ,
3152 3163 3227 3204 ne
3252 3148 3465 3203 malitia
3497 3156 3737 3203 mutaret
3776 3160 3847 3201 cor

548 3241 739 3299 Î Î¿Ï€Î¹Î¹Ï…Î¹Î‡
755 3242 985 3308 futurus,
1006 3241 1096 3311 qui
1114 3256 1178 3297 ex
1194 3256 1255 3296 ea
1274 3238 1415 3294 tribu
1431 3252 1751 3309 progressus
1764 3236 2021 3307 populum
2039 3250 2165 3304 sup-
2190 3222 2235 3287 C
2268 3242 2385 3312 ejus
2404 3260 2418 3300 ;
2444 3242 2854 3307 naitAbraham,
2869 3259 2975 3298 non
2998 3242 3283 3305 lsaacmon
3299 3241 3499 3310 Iacob,
3516 3259 3634 3298 non
3648 3241 3844 3312 onses.

549 3335 727 3407 pliciis
771 3337 1049 3405 sacrilegze
1090 3332 1383 3404 impietatis
1412 3331 1635 3402 afï¬‚iget.
1651 3328 2154 3392 Antichristusille.

550 3428 641 3499 qui
666 3426 878 3484 sedebit
908 3428 966 3483 in
998 3426 1201 3495 templo
1232 3436 1504 3496 tamquam
1534 3425 1605 3480 sit
1645 3425 1786 3479 Deus
1808 3465 1821 3488 ,
1855 3438 1985 3479 vere
2008 3420 2157 3493 iudi-

549 3524 693 3579 cium
725 3522 869 3593 quod
913 3521 1079 3577 habet
1110 3520 1519 3590 interpretatio;
1564 3520 1678 3574 Dan
1710 3518 1854 3574 enim
1882 3517 2148 3586 judicium

549 3616 907 3686 signiï¬catur.
954 3616 1025 3670 Et
1055 3613 1282 3685 pulchre
1322 3613 1495 3680 dixit,
1525 3613 1648 3684 quia
1699 3612 1958 3683 populum
1998 3625 2156 3666 suum

546 3706 835 3778 iudicabit,
858 3708 948 3779 qui
969 3718 1246 3779 perpetua:
1268 3722 1442 3778 preme
1466 3706 1557 3762 ï¬et
1576 3705 1875 3769 obnoxius;
1893 3704 1983 3776 qui
2010 3704 2155 3759 enim

546 3815 656 3857 non
687 3801 882 3870 credit,
901 3801 1011 3873 iam
1039 3800 1310 3872 judicatus
1339 3810 1423 3857 est
1455 3818 1469 3854 :
1502 3800 1595 3870 qui
1622 3810 1800 3856 autem
1828 3800 2021 3866 credit,
2048 3815 2155 3855 non

543 3894 911 3964 itnlicabitur;
967 3896 1092 3968 quia
1122 3895 1298 3951 credit
1342 3896 1395 3951 in
1442 3894 1537 3951 Dei
1570 3894 1767 3950 Filium
1802 3895 1999 3951 animae
2042 3910 2157 3950 suae

544 3986 970 4059 redemptorem.
1007 3989 1077 4044 Et
1102 3990 1223 4045 ideo
1269 3998 1543 4060 tamquam
1572 3988 1755 4058 iudicii
1806 3989 1946 4045 liber
1974 3988 2105 4044 dicit
2138 4006 2152 4043 :

549 4079 653 4147 Qui
679 4082 933 4155 dijudicat
957 4100 1056 4149 me,
1089 4082 1344 4139 Dominus
1384 4092 1461 4137 est
1489 4085 1505 4153 (
1532 4083 1555 4137 l
1579 4081 1703 4137 Cor.
1736 4098 1807 4150 tv,
1834 4083 1911 4155 4).
1937 4082 2156 4139 iudica-

542 4181 695 4228 turus
724 4183 809 4229 est
838 4191 968 4246 ergo
1000 4176 1255 4247 populum
1288 4176 1618 4247 impietatis,
1654 4193 1760 4232 non
1794 4177 2041 4246 plebem;
2078 4177 2157 4233 illi

543 4264 689 4319 enim
713 4266 1026 4334 iudicantur
1055 4270 1144 4338 qui
1178 4268 1393 4325 .cadunt
1422 4270 1577 4325 ruina
1611 4269 1848 4341 perfidia:
1873 4313 1888 4338 ,
1922 4286 2028 4325 non
2060 4270 2153 4342 qui

541 4370 837 4429 resurgunt
864 4360 986 4415 lidei
1018 4361 1291 4417 libertate.

610 4452 701 4507 26.
746 4451 965 4508 Sedebit
992 4454 1157 4524 igitur
1185 4455 1237 4509 in
1264 4454 1372 4521 via,
1405 4464 1460 4511 et
1487 4455 1828 4513 insidiabitur
1860 4457 1914 4512 in
1937 4457 2148 4519 semita,

536 4543 677 4598 sicut
702 4556 963 4613 serpens;
996 4551 1057 4597 ut
1089 4544 1339 4600 vulneret
1379 4555 1723 4603 transeuntes
1745 4590 1759 4614 ,
1798 4556 1853 4602 et
1908 4548 2156 4603 mordeat

2260 3334 2461 3392 Omnes
2482 3335 2625 3392 enim
2653 3337 2755 3393 sub
2780 3345 3023 3409 peccato,
3053 3351 3245 3393 omnes
3264 3337 3367 3392 sub
3396 3347 3607 3393 morte.
3638 3336 3847 3405 Denique

2261 3431 2507 3501 regnavit
2528 3432 2754 3487 morsab
2766 3431 2938 3487 Adam
2959 3446 3131 3500 usque
3151 3430 3217 3485 ad
3241 3429 3847 3501 Moysen.Solusisteest

2259 3523 2349 3593 qui
2375 3532 2654 3593 peccatum
2675 3539 2782 3578 non
2810 3522 2938 3579 fecit
2959 3540 2975 3578 :
2996 3523 3147 3579 solus
3177 3532 3260 3578 est
3278 3520 3544 3578 Christus
3567 3522 3664 3595 qui
3690 3537 3848 3594 pecca-

2260 3624 2373 3669 tum
2402 3614 2627 3670 abstulit
2651 3615 2859 3684 mundi,
2891 3616 2982 3687 qui
3009 3615 3141 3673 dixit
3170 3616 3331 3671 morti
3362 3634 3376 3670 :
3409 3614 3517 3671 Ubi
3562 3626 3673 3681 est,
3703 3632 3846 3680 mort,

2258 3707 2472 3762 victoria
2499 3707 2615 3762 tua?
2630 3708 2713 3763 ubi
2736 3717 2835 3776 est,
2854 3725 3012 3774 mors,
3035 3709 3243 3764 aculeus
3264 3717 3386 3763 tuus
3415 3708 3438 3781 (
3461 3708 3483 3764 Î™
3506 3707 3639 3763 Cor.
3666 3707 3847 3777 xv,55)â€™

2330 3800 2421 3855 28.
2438 3800 2721 3870 Quomodo
2741 3804 2871 3874 ergo
2888 3802 3238 3872 ampliï¬cavit
3258 3816 3427 3872 super
3446 3802 3600 3857 hunc
3622 3801 3847 3872 supplan-

2261 3893 2521 3948 tationem
2568 3909 2722 3949 suam
2752 3892 2954 3961 Judas,
2992 3905 3047 3951 et
3085 3894 3281 3951 cecidit
3314 3910 3491 3964 eques
3526 3894 3843 3952 retrorsum?

2259 3985 2417 4055 Quod
2458 3986 2510 4042 in
2560 3986 2697 4043 .luda
2741 3997 2854 4057 eSt,
2883 3986 3066 4043 dolum
3109 3986 3233 4043 fecit
3268 3986 3455 4057 :quod
3505 3988 3565 4042 in
3615 3985 3841 4052 Christo,

2260 4080 2447 4136 volens
2477 4096 2664 4150 passus
2688 4091 2791 4137 est.
2824 4081 2979 4152 Szepe
3008 4080 3250 4139 videmus
3272 4080 3561 4137 fortiorem
3583 4083 3725 4139 velle
3748 4097 3843 4152 per-

2258 4174 2364 4229 cuti
2390 4189 2405 4239 ;
2438 4183 2498 4229 ut
2526 4174 2703 4231 acrior
2731 4174 3015 4231 lacessitus
3054 4176 3329 4247 insurgat,
3361 4174 3749 4232 vehementius
3770 4191 3841 4230 et-

2257 4274 2472 4326 citetur.
2528 4270 2814 4326 Momordit
2861 4286 2995 4341 ergo
3053 4284 3280 4341 serpens
3324 4270 3649 4326 calcaneum
3708 4272 3839 4342 equi,

2258 4365 2407 4421 virus
2455 4379 2567 4420 sua:
2623 4364 2826 4421 fraudis
2875 4364 3158 4420 evomuit:
3194 4354 3383 4421 volens
3412 4380 3590 4436 eques
3644 4382 3708 4421 se
3752 4366 3843 4433 ipse

2256 4457 2488 4527 deiecit,
2545 4458 2733 4515 volens
2784 4460 3018 4523 cecidit;
3052 4466 3112 4513 ut
3168 4472 3269 4513 nos
3322 4458 3552 4514 levaret.
3589 4459 3731 4529 Quid
3781 4468 3845 4513 est

2259 4561 2473 4619 tamen,
2522 4552 2665 4622 quod
2713 4552 2789 4607 ait
2854 4552 3130 4623 Scriptura
3180 4570 3195 4608 :
3255 4551 3322 4607 Et
3392 4554 3544 4609 cadet
3591 4571 3744 4627 eques
3782 4570 3843 4607 rr-

534 4637 659 4705 equi
705 4635 880 4692 nostri
918 4638 1271 4706 calcaueum;
1312 4640 1545 4696 animam
1576 4643 1718 4726 enim
1765 4642 2003 4698 ï¬delium
2048 4659 2154 4699 non
2182 4636 2235 4697 D
2259 4656 2479 4702 trorsum
2506 4646 2656 4721 (Cen.
2686 4664 2835 4716 thx,
2869 4647 2961 4721 l7)
2983 4650 3007 4704 ?
3032 4650 3140 4705 Cur
3168 4658 3493 4718 retrorsum,
3528 4651 3635 4707 nisi
3685 4660 3742 4706 ut
3778 4666 3843 4706 re.

533 4729 733 4821 poterit
777 4732 1089 4789 vulnerare.
1137 4730 1196 4788 ln
1226 4750 1329 4805 qua
1367 4747 1547 4792 autem
1596 4737 1679 4792 via
1728 4738 1968 4805 sedebit,
1998 4748 2053 4794 et
2095 4739 2149 4795 in
2252 4750 2404 4811 geret
2452 4750 2599 4796 retro
2641 4756 2700 4797 se
2742 4743 3073 4813 sequentes?
3104 4742 3423 4798 Retrorsum
3476 4754 3603 4799 erat
3627 4743 3844 4807 Petrus,

532 4840 637 4893 qua
664 4825 894 4890 semita;
924 4826 1028 4881 nisi
1058 4841 1123 4882 ex
1156 4826 1353 4898 quibus
1382 4826 1630 4885 Christus
1662 4830 1953 4899 Dominus,
1980 4844 2038 4888 ut
2069 4832 2148 4888 Î™Î·-
2252 4835 2337 4890 cui
2367 4836 2505 4891 dixit
2537 4854 2551 4890 :
2598 4835 2737 4901 Vade
2766 4848 2899 4891 retro
2938 4847 3052 4909 post
3074 4854 3152 4893 me
3181 4836 3377 4909 (Marc.
3408 4852 3527 4904 vm,
3558 4838 3677 4910 33).
3703 4836 3847 4894 Retro

530 4918 708 4987 gimus
729 4961 745 4985 ,
780 4922 1058 4977 nationum
1091 4924 1346 4992 pupulum
1378 4926 1590 4981 vocavit
1634 4926 1699 4980 ad
1733 4943 1942 4983 coenam
1991 4942 2145 4984 suam

2251 4930 2687 5000 erantapostoli,
2736 4940 2793 4986 et
2838 4931 3022 4986 caeteri
3054 4931 3323 5002 discipuli.
3364 4930 3498 4988 Ideo
3559 4940 3844 4988 retrorsum

532 5009 722 5066 dicens
754 5029 767 5067 :
797 5010 903 5067 Exi
946 5014 1000 5068 in
1041 5016 1183 5081 vias,
1215 5026 1263 5070 et
1315 5017 1452 5071 circa
1480 5034 1669 5091 ,sepes,
1705 5030 1751 5073 et
1798 5020 2044 5093 compelle
2092 5030 2147 5074 ut
2248 5023 2480 5089 cecidit;
2510 5024 2635 5094 quia
2664 5040 2828 5092 super
2857 5040 2994 5096 quos
3032 5024 3216 5094 cadit,
3255 5027 3451 5083 salvat.
3499 5026 3691 5082 Omnis
3731 5028 3845 5081 enim

534 5104 770 5175 intrent;
801 5117 857 5160 ut
885 5108 1166 5177 impleatur
1194 5110 1378 5163 domus
1408 5126 1521 5165 mea
1564 5110 1583 5180 (
1601 5108 1731 5165 Luc.
1767 5128 1855 5165 xtv
1880 5154 1895 5177 ,
1920 5112 2047 5185 25).
2080 5112 2148 5168 Et
2247 5116 2336 5187 qui
2357 5131 2513 5187 super
2535 5117 2672 5171 hunc
2714 5116 2938 5187 lapidem
2959 5160 2975 5187 ,
3037 5119 3240 5190 inquit,
3298 5121 3578 5188 ceciderit,
3602 5137 3843 5191 conquas-

530 5202 658 5269 quia
686 5202 936 5258 similiter
966 5203 1135 5259 Judas
1162 5206 1526 5276 ampliï¬casse
1571 5222 1734 5278 super
1759 5208 2039 5264 Christum
2068 5208 2145 5264 le-

526 5294 671 5365 gitur
701 5297 1232 5367 supplantationem,
1268 5300 1478 5356 videtur
1508 5302 1609 5357 hoe
1641 5302 1760 5357 loco
1784 5304 1898 5372 ipse
1920 5304 2144 5374 signari,

2247 5210 2442 5263 sabitur
2468 5226 2487 5264 :
2514 5227 2673 5273 supra
2718 5227 2867 5281 quem
2892 5222 3065 5267 autent
3093 5213 3366 5277 ceciderit,
3401 5214 3708 5270 emundabit
3748 5230 3844 5269 eum

2253 5300 2404 5371 (Luc.
2440 5318 2529 5367 xx,
2562 5304 2673 5374 18).
2708 5303 2813 5359 Alii
2843 5304 3072 5373 habent,
3100 5307 3363 5361 ventilabit
3392 5324 3538 5373 eum;
3565 5308 3697 5373 alii,
3725 5323 3845 5362 cette

528 5388 674 5459 quod
708 5389 962 5445 mordere
993 5391 1219 5447 haberet
1247 5393 1563 5449 calcaueum
1596 5396 1741 5464 equi,
1764 5410 1873 5465 quo
1894 5396 2145 5463 Christus
2248 5397 2460 5451 minuet.
2491 5395 2595 5465 Qui
2619 5399 2763 5453 enim
2793 5399 3023 5453 ventilat
3048 5398 3253 5470 frugem
3278 5440 3294 5466 ,
3324 5401 3557 5455 mundat
3587 5417 3619 5456 a
3644 5402 3843 5473 paleis:

522 5482 787 5540 Dominus
810 5486 1130 5541 vehebatur.
1157 5486 1313 5543 Unde
1343 5488 1544 5543 dictum
1569 5500 1653 5546 est
1680 5510 1691 5544 :
1718 5488 1996 5561 Equitatus
2018 5501 2135 5547 tuus

518 5576 665 5629 salus
707 5575 936 5647 (Habac.
969 5595 1023 5633 Î¹Î¹Î¹
1047 5620 1060 5645 ,
1090 5578 1180 5651 8);
1229 5581 1372 5651 quod
1403 5597 1531 5637 caro
1566 5584 1717 5653 eius,
1750 5582 1934 5639 mundi
1968 5585 2134 5642 totius

522 5677 640 5722 erat
668 5680 986 5739 susceptura
1015 5684 1294 5743 peccatum
1314 5690 1328 5739 ;
1352 5684 1411 5730 ut
1432 5675 1580 5732 salus
1610 5694 1705 5744 pro
1728 5678 1919 5745 exitio,
1943 5688 1998 5736 et
2026 5680 2132 5735 vita

519 5769 721 5816 aeterna
763 5778 862 5832 pro
903 5776 1076 5821 morte
1132 5768 1471 5844 succederet.
1505 5768 1833 5844 Vulneratus
1870 5782 1955 5829 est
2001 5789 2133 5844 ergo

519 5863 693 5922 equus
721 5870 829 5911 non
864 5844 1093 5914 mendax
1122 5845 1272 5916 solus
1301 5860 1367 5916 ad
1398 5842 1625 5918 salutem
1658 5844 1669 5917 Î¾
1698 5840 2013 5924 vulneratus
2044 5840 2131 5925 est

2245 5489 2335 5559 qui
2360 5491 2680 5546 comminuit
2706 5491 2932 5561 aliquid,
2964 5492 3017 5547 iu
3046 5492 3326 5563 pulverem
3358 5493 3602 5565 redigit;
3635 5505 3696 5550 ut
3726 5493 3846 5550 mol-

2238 5580 2351 5636 litia
2381 5583 2616 5651 pulveris
2643 5625 2658 5649 ,
2690 5585 2776 5639 vel
2807 5585 3005 5655 poculo
3050 5585 3255 5642 salubri
3282 5627 3297 5651 ,
3327 5586 3413 5642 vel
3440 5586 3662 5659 reliquo
3688 5588 3847 5643 medi-

2237 5675 2375 5730 cime
2426 5676 2545 5731 usui
2596 5679 2715 5733 sine
2763 5678 2871 5733 ulla
2922 5680 3332 5749 perturbatione
3378 5680 3657 5750 proficiat.
3704 5680 3845 5738 Unde

2236 5768 2541 5838 colligimus
2570 5770 2894 5851 cavendum,
2925 5788 2993 5828 ne
3038 5773 3158 5844 quis
3189 5773 3359 5830 semel
3390 5789 3492 5845 per
3522 5775 3843 5851 baptismum

2234 5873 2518 5935 susceptus
2568 5850 2596 5920 a
2650 5848 2865 5923 Christo
2888 5908 2902 5929 .
2930 5883 2995 5925 ex
3027 5851 3146 5937 eius
3175 5867 3396 5926 decidat
3444 5854 3714 5942 corpore,
3754 5848 3843 5927 hov
