4008 6352
98 329 291 390 1631

1198 328 1203 333 ”
1292 321 1359 379 IN
1396 320 1728 381 PSALMUM
1768 319 1862 378 XL
1900 320 2326 379 ENARRATIO.
2410 330 2414 336 ‘

3333 324 3476 385 1082

101 457 270 520 est,
304 450 611 508 excutiatur
658 448 727 503 ab
770 446 1054 514 Ecclesia;
1084 446 1199 518 ipsa
1247 452 1332 501 est
1377 444 1523 501 enim
1565 443 1758 499 mortis
1786 442 1836 504 Α
1860 441 2036 511 delis,
2068 443 2214 501 cadit
2240 453 2297 501 et
2323 444 2607 501 descendit
2632 446 2686 502 in
2718 445 2972 502 inferiora
3002 453 3302 513 terrarum;
3329 446 3472 502 sicut

99 529 317 599 rhina
370 551 666 615 perpetuae.
700 540 856 596 Illum
900 549 1083 597 autem
1113 538 1204 611 qui
1254 538 1402 593 venit
1452 537 1759 594 crediturus

103 630 185 688 in
228 634 556 702 Christum;
590 644 646 689 ut
675 649 797 690 eum
825 648 972 689 mors
1012 633 1129 704 ejus
1171 629 1444 694 inveniat,
1471 646 1603 688 crux
1642 630 1758 699 ejus

101 739 421 795 assumat,
453 729 643 784 clavus
669 727 878 799 inﬁgat,
911 727 1133 797 sanguis
1164 725 1449 792 infundat,
1479 725 1757 796 sepultura

113 836 378 895 quoque
403 824 522 893 ejus
554 822 793 877 involvat
817 864 832 888 ,
857 821 1029 892 gratia
1061 820 1484 877 resurrectionis
1510 819 1756 889 attollat,

109 914 393 988 879de
419 929 612 970 somno
638 913 884 984 suscitet,
915 928 946 967 a
973 922 1148 969 morte
1173 913 1442 969 viviﬁcet:
1472 913 1644 977 illum,
1672 913 1755 967 in-

112 1022 317 1080 quam
338 1053 354 1079 ,
384 1027 414 1066 a
446 1010 646 1067 saeculo
676 1009 909 1077 liberat,
939 1024 970 1065 a
1016 1016 1235 1079 peccato
1267 1008 1516 1075 mundat,
1542 1016 1699 1063 sanat
1725 1022 1755 1063 a

112 1104 375 1161 vulnere
396 1146 411 1173 ,
441 1120 471 1160 a
498 1104 697 1160 duritia
736 1103 1029 1173 impietatis
1060 1087 1286 1157 inﬂectit
1305 1145 1319 1168 ,
1346 1100 1413 1157 ad
1441 1108 1756 1156 mansuetu-

112 1197 336 1256 dinem
385 1199 601 1271 pietatis
647 1196 887 1264 emollit,
921 1205 982 1252 ut
1018 1195 1343 1251 circumciso
1369 1194 1758 1277 corde,incir_-

114 1294 545 1362 cumscriptum
590 1292 740 1348 illum
784 1299 842 1347 et
892 1290 1496 1362 ineomprehensibilem
1524 1274 1756 1346 hauriat

114 1384 428 1454 spiritum,
458 1385 605 1441 bibat
636 1384 891 1457 poculum
914 1383 1103 1440 salutis
1133 1392 1367 1441 aeternae.
1393 1382 1600 1441 Cecidit
1625 1397 1755 1456 ergo

112 1493 319 1550 eques
348 1488 667 1537 retrorsum.

204 1571 311 1628 29.
357 1574 559 1644 Accipe
587 1582 644 1629 et
691 1572 873 1641 aliud,
901 1587 998 1629 cur
1026 1580 1326 1629 retrorsum
1372 1579 1428 1629 et
1470 1585 1579 1627 non
1627 1579 1753 1628 ante

108 1664 430 1723 ceciderit.
460 1666 589 1723 Post
615 1667 791 1738 ipsum
824 1680 1048 1733 omnes,
1076 1683 1239 1723 nemo
1266 1675 1393 1723 ante
1420 1667 1615 1737 ipsum.
1647 1665 1750 1721 Ce-

108 1759 277 1816 cidit
304 1777 435 1833 crgo
463 1778 573 1818 tton
604 1762 730 1829 sibi,
764 1762 861 1818 sed
887 1762 1173 1830 omnibus;
1209 1770 1265 1816 ut
1292 1760 1542 1816 duritiam
1571 1760 1751 1816 cordis

1861 537 2123 608 scriptum
2163 548 2248 596 est
2272 557 2288 596 :
2316 536 2643 595 Descendunt
2672 541 2727 595 in
2754 542 3016 613 infernum
3044 540 3263 596 viventes
3291 538 3467 614 (Psal.

1860 647 1966 699 Ltv,
1984 633 2095 703 16).
2113 634 2257 706 Ergo
2280 644 2595 707 persecutor
2612 651 2777 707 super
2803 645 3029 703 terram,
3049 646 3106 693 et
3122 637 3173 693 in
3195 635 3465 694 infernum

1860 724 2003 779 cadit
2033 724 2326 783 :Alhristus
2361 745 2526 799 super
2554 738 2996 798 resurrecturos,
3030 729 3279 786 Christus
3302 744 3469 801 super

1860 830 2068 891 petram
2094 860 2110 885 ,
2142 820 2390 890 Christus
2429 839 2594 893 super
2636 824 2957 880 Ecclesium.
3002 822 3143 879 Audi
3192 822 3467 895 quomodo

1858 929 2024 985 super
2052 914 2357 971 Ecclesiam
2385 916 2563 972 cadat.
2597 917 2765 975 Retro
2789 926 2908 975 erat
2937 919 3129 975 Petrus
3150 960 3165 987 ,
3195 929 3250 975 et
3274 933 3467 991 seque-

1858 1008 2017 1066 batur
2055 1025 2179 1065 eum
2209 1025 2331 1065 cum
2357 1026 2387 1065 a
2418 1010 2623 1068 Judzeis
2674 1012 2741 1069 ad
2772 1011 2994 1085 Caiphae
3038 1013 3260 1069 domum
3291 1014 3467 1086 Syna-

1856 1117 2008 1174 gogze
2041 1103 2301 1174 principis
2325 1102 2637 1160 duceretur.
2671 1106 2795 1174 Ipse
2827 1116 2913 1163 est
2938 1106 3131 1163 Petrus
3160 1108 3245 1162 cui
3278 1108 3413 1162 dixit
3446 1124 3461 1163 :

1862 1196 1938 1252 Tu
1959 1214 2011 1253 es
2033 1197 2245 1264 Petrus,
2269 1206 2318 1253 et
2337 1215 2494 1267 super
2506 1199 2641 1253 hanc
2662 1212 2857 1268 petram
2875 1201 3143 1272 aedificabo
3170 1200 3459 1257 Ecclesium

1858 1308 2023 1346 meam
2047 1289 2261 1364 (Matth.
2280 1307 2390 1356 xvi,
2417 1290 2532 1359 18).
2560 1290 2664 1347 Ubi
2688 1308 2815 1363 ergo
2838 1293 3053 1359 Petrus,
3070 1292 3141 1348 ibi
3168 1292 3410 1348 Ecclesia
3448 1311 3463 1350 :

1858 1385 1946 1441 ubi
1990 1384 2268 1451 Ecclesia,
2301 1384 2374 1439 ibi
2427 1384 2573 1439 nulla
2620 1400 2802 1450 mors;
2834 1385 2932 1442 sed
2980 1387 3087 1441 vita
3134 1396 3359 1443 (eterna.
3389 1386 3463 1441 Et

1857 1477 1982 1533 ideo
2012 1476 2219 1534 addidit
2246 1496 2259 1533 :
2292 1476 2361 1532 Et
2403 1486 2567 1548 porta:
2593 1476 2747 1548 inferi
2777 1494 2881 1532 non
2912 1479 3261 1549 prazvalebunt
3289 1479 3334 1533 ei
3363 1495 3381 1533 :
3413 1489 3461 1536 et

1855 1573 1947 1627 tibi
1976 1572 2109 1627 dabo
2156 1573 2324 1628 claves
2364 1572 2530 1645 880
2556 1571 2701 1645 regni
2728 1571 2971 1626 ccelorum
3020 1570 3232 1644 (lbid.).
3260 1572 3460 1627 Beatus

1855 1664 2069 1734 Petrus,
2098 1667 2182 1721 cui
2214 1681 2320 1720 non
2343 1665 2639 1721 intererunt
2669 1675 2823 1736 porta
2857 1664 3161 1734 praevaluit.
3196 1679 3305 1720 non
3329 1664 3457 1721 caeli

1854 1770 2006 1832 porta
2054 1776 2113 1817 se
2142 1761 2369 1829 clausit;
2403 1762 2498 1819 sed
2544 1778 2575 1818 e
2620 1760 2897 1817 contrario
2944 1760 3209 1818 deStruxit
3258 1761 3454 1818 inferni

112 1854 317 1909 nostri
369 1869 536 1926 super
576 1870 677 1911 nos
732 1855 975 1910 cadendo
1032 1855 1290 1910 molliret.
1337 1851 1545 1908 Cecidit
1581 1868 1747 1923 super
1776 1856 1823 1918 B
1849 1855 2137 1923 vestibula,
2170 1855 2425 1926 patefecit
2454 1855 2723 1912 coelestia.
2753 1854 2811 1911 ln
2842 1855 3002 1912 terris
3029 1854 3209 1927 itaque
3250 1856 3456 1927 positus

110 1945 362 2012 Adam,
404 1961 563 2018 quem
609 1947 925 2018 quaerebat,
967 1957 1025 2003 ut
1072 1947 1359 2003 inveniret.
1404 1946 1575 2003 Retro
1622 1962 1746 2001 eum

111 2038 434 2110 quaesivit;
466 2048 526 2095 ut
554 2055 717 2111 supra
750 2040 1011 2097 humeros
1054 2055 1183 2096 suos
1233 2040 1405 2095 bonus
1435 2050 1617 2111 pastor
1648 2040 1748 2094 im-

110 2144 399 2204 poneret,
442 2149 734 2206 secumque
783 2134 1035 2206 paradiso
1079 2136 1134 2191 in
1189 2134 1329 2191 illius
1375 2132 1748 2206 redemptione

112 2227 373 2283 latronis
406 2227 708 2284 inveheret.
1732 2288 1735 2289 γ

202 2318 302 2377 30.
346 2319 453 2376 Sed
481 2320 621 2375 forte
666 2321 860 2376 dicas:
892 2320 961 2376 Et
1006 2330 1385 2391 persecutores
1430 2321 1747 2380 ceciderunt

113 2421 462 2469 retrorsum.
490 2411 582 2469 Sic
610 2413 754 2468 enim
797 2414 1058 2483 scriptum
1088 2423 1175 2469 est
1223 2412 1405 2488 (Joan.
1442 2430 1609 2481 xvtn,
1647 2415 1740 2485 6),

117 2515 147 2543 ιι
183 2507 318 2577 quia
348 2506 621 2577 principes
645 2506 992 2563 sacerdotum
1013 2549 1029 2575 ,
1061 2521 1199 2578 quos
1228 2508 1532 2563 adduxerat
1558 2508 1745 2577 prodi-

117 2608 220 2656 tor
244 2598 436 2665 ludas,
465 2608 522 2655 et
547 2601 731 2657 czeteri
760 2602 851 2673 qui
882 2601 950 2657 ad
976 2601 1549 2673 comprehendendum
1574 2602 1741 2658 adve-

119 2703 332 2749 nerant
365 2693 653 2748 Dominum
680 2693 867 2749 .lesum
889 2738 905 2760 ,
936 2694 1186 2751 abierunt
1215 2705 1546 2762 retrorsum,
1572 2705 1629 2751 et
1653 2710 1743 2752 ce-

117 2786 386 2844 ciderunt
428 2787 481 2842 in
516 2796 734 2844 terram.
766 2787 880 2845 Hoc
910 2797 994 2845 est
1021 2788 1164 2859 quod
1211 2798 1266 2845 et
1303 2804 1403 2861 ego
1432 2789 1584 2856 dico,
1614 2792 1740 2862 quia

118 2895 304 2953 super
354 2892 672 2953 peccatores
722 2884 892 2940 voluit
929 2883 1156 2951 cadere,
1191 2900 1297 2940 non
1338 2900 1499 2956 super
1524 2886 1734 2957 justos;

112 2977 311 3046 justus
338 2978 485 3033 enim
513 2978 728 3033 medico
768 2994 873 3033 non
906 2978 1145 3049 indiget,
1178 2978 1271 3034 sed
1304 2988 1638 3050 peccatores.
1679 2979 1737 3036 Si

115 3070 505 3140 apostolorum
555 3073 747 3129 umbra
797 3074 1057 3139 sanabat;
1103 3085 1304 3144 quanto
1376 3075 1548 3145 magis
1607 3089 1736 3131 caro

116 3159 333 3218 Christi
364 3179 500 3236 quos
541 3167 737 3238 tangit,
768 3182 795 3220 a
842 3179 1019 3224 morte
1056 3166 1333 3224 defendit!
1368 3168 1612 3240 Denique
1658 3169 1734 3225 le-

1849 1948 2050 2003 caelum
2076 1948 2313 2019 aperuit,
2343 1947 2548 2003 inferos
2571 1947 2787 2005 clausit.

1923 2043 2011 2098 51.
2056 2043 2242 2099 Potest
2271 2052 2324 2099 et
2352 2043 2482 2099 illud
2512 2044 2809 2100 convenire
2838 2041 2964 2099 huic
2998 2043 3121 2100 loco
3142 2085 3157 2111 ,
3188 2040 3335 2113 quod
3357 2041 3457 2098 Sa-

1850 2136 2147 2192 maritanus
2173 2135 2593 2191 descendentem
2619 2136 2686 2191 de
2714 2135 2934 2192 Hierico
2951 2135 3238 2217 hominem
3266 2134 3454 2191 vulne-

1850 2238 2025 2285 ratum
2068 2229 2217 2284 illum
2240 2244 2271 2283 a
2315 2228 2616 2285 latronibus
2648 2244 2753 2284 non
2785 2228 3111 2299 praeterivit;
3144 2226 3236 2283 sed
3264 2241 3454 2283 susce-

1849 2324 1926 2392 pit
1949 2338 2096 2387 eum,
2127 2331 2182 2377 et
2210 2321 2434 2378 vulnera
2461 2323 2577 2390 ejus
2606 2320 2837 2389 curavit,
2872 2320 3161 2376 infundens
3186 2319 3363 2375 oleum
3394 2328 3451 2374 et

1847 2414 2029 2469 vinum
2063 2431 2075 2467 :
2106 2423 2159 2469 et
2186 2414 2443 2484 imposuit
2469 2428 2630 2485 supra
2656 2414 2963 2483 jumentum
2994 2428 3186 2480 suum,
3213 2419 3270 2467 et
3296 2410 3451 2466 duxit

1846 2505 1917 2561 ad
1946 2506 2245 2562 stabulum.
2274 2506 2415 2574 Quid
2466 2505 2683 2561 dubitas
2714 2506 2783 2561 de
2809 2520 2949 2576 equo
2980 2505 3155 2571 bono,
3190 2519 3311 2561 cum
3344 2504 3445 2560 bo-

1847 2618 1973 2657 num
2003 2609 2059 2657 et
2081 2601 2387 2671 jumentum
2434 2601 2672 2671 legeris?
2697 2598 2833 2656 Cum
2866 2602 3064 2673 legeris
3108 2602 3160 2656 in
3193 2599 3451 2657 Hierusa-

1844 2693 1951 2751 lem
1981 2695 2125 2750 illam
2148 2737 2163 2761 ,
2196 2703 2252 2751 et
2291 2696 2503 2765 equites
2545 2695 2746 2750 multos
2776 2703 2831 2749 et
2858 2695 3118 2765 plurimos
3145 2710 3268 2751 cum
3313 2709 3450 2766 qua-

1843 2788 2009 2860 drigis
2034 2798 2090 2845 et
2125 2789 2377 2845 curribus
2401 2789 2669 2845 introire?
2698 2788 2810 2845 Nec
2854 2799 2907 2845 te
2937 2798 3150 2845 moveat
3187 2788 3329 2861 quod
3363 2789 3444 2845 le-

1841 2882 1964 2954 gisti
2001 2900 2015 2936 :
2046 2881 2120 2936 Hi
2170 2882 2223 2935 in
2267 2881 2505 2936 curribus
2527 2924 2540 2948 ,
2572 2892 2617 2935 et
2642 2882 2697 2935 hi
2740 2882 2794 2936 in
2837 2882 2979 2952 equis
3010 2898 3030 2936 :
3060 2898 3153 2937 nos
3190 2893 3360 2937 autent
3389 2883 3443 2937 in

1841 2976 2049 3049 nomine
2075 2976 2289 3032 Domini
2315 2974 2415 3033 Dei
2454 2978 2619 3031 nostri
2648 2977 3117 3051 magnificabimur.
3152 2976 3181 3031 1
3188 2978 3283 3047 psi
3313 2977 3442 3032 obli-

1838 3070 1946 3143 gati
1970 3079 2121 3137 sunt,
2147 3081 2195 3124 et
2224 3069 2512 3125 ceciderunt
2544 3069 2718 3145 (Psal.
2751 3087 2863 3138 xxx,
2899 3070 2931 3126 8
2957 3082 3000 3126 et
3026 3071 3106 3141 9).
3141 3071 3248 3127 Sed
3296 3072 3443 3128 Elias

1840 3179 1947 3219 non
1975 3163 2201 3229 cecidit,
2233 3163 2321 3235 qui
2350 3179 2515 3220 curru
2561 3164 2843 3230 introivit;
2878 3164 2967 3219 ubi
3010 3165 3153 3220 enim
3199 3165 3295 3219 Dei
3338 3180 3439 3220 no-

119 3270 355 3324 prosum
387 3258 591 3330 tetigit,
623 3269 678 3314 et
705 3262 825 3316 siue
868 3259 1133 3316 dilatione
1163 3260 1459 3315 inundavit.
1493 3259 1563 3317 Ut
1594 3262 1734 3317 scias
1760 3259 1809 3325 C
1841 3274 1965 3314 men
1995 3267 2111 3327 est,
2142 3258 2217 3315 ibi
2247 3258 2428 3314 nullus
2460 3259 2767 3330 obligatur,
2802 3260 2897 3315 sed
2939 3258 3298 3314 absolvuntur
3320 3258 3441 3313 uni-
3496 3284 3505 3293 -

117 3357 311 3405 autem
351 3351 443 3422 qui
484 3353 638 3423 legis,
669 3354 793 3425 quia
824 3363 879 3409 et
906 3364 1284 3426 persecutores
1309 3372 1439 3412 suos
1468 3356 1635 3411 voluit
1664 3356 1730 3410 li-

122 3442 329 3499 berare
350 3486 365 3509 ,
397 3452 589 3500 testem
630 3443 831 3502 Christi
863 3448 1156 3519 interroga.
1186 3448 1318 3504 Nam
1348 3464 1471 3505 cum
1503 3448 1731 3505 invehe-

119 3548 282 3595 retur
313 3538 505 3595 Petrus
535 3540 586 3595 in
618 3540 837 3598 Judzeos
857 3583 871 3608 ,
900 3544 1042 3613 quod
1064 3545 1372 3615 principem
1406 3544 1528 3600 vitae
1562 3544 1731 3600 inter-

119 3632 405 3709 iecissent,
437 3636 737 3692 remedium
769 3637 1190 3704 demonstravit;
1225 3648 1281 3694 ut
1307 3649 1529 3711 agerent
1557 3639 1733 3711 paeni-

120 3729 390 3798 tentiam,
423 3731 626 3787 remitti
682 3733 785 3788 sibi
833 3744 1114 3804 peccatum
1162 3735 1303 3805 quod
1352 3736 1727 3803 admiserant,

120 3838 486 3885 mererentur.
519 3828 658 3897 Quid
690 3838 872 3885 autem
900 3831 1117 3885 dubitas
1136 3873 1150 3897 ,
1177 3831 1317 3900 quod
1350 3831 1473 3886 ideo
1497 3831 1725 3896 cecidit,

119 3932 182 3978 ut
211 3924 589 3988 resuscitaret;
620 3938 741 3978 cutn
772 3922 887 3995 ipse
917 3923 1115 3978 dixerit
1147 3940 1160 3978 :
1206 3922 1495 3977 Percutian:
1549 3933 1596 3977 et
1645 3939 1732 3977 sa-

121 4016 261 4070 nabo
286 4013 465 4085 (Deut.
500 4031 670 4080 χχχιι,
696 4014 825 4087 l9)?
859 4014 1159 4070 Verborum
1202 4025 1377 4071 tamen
1410 4015 1592 4071 videto
1641 4014 1728 4070 di-

118 4106 398 4164 xtantiam.
434 4107 489 4163 ln
520 4108 720 4164 Gettesi
754 4108 983 4163 habetur
1012 4126 1025 4162 :
1056 4107 1213 4163 Cadet
1244 4125 1393 4179 eques
1422 4120 1726 4176 retrorsum,

118 4203 342 4257 salutent
366 4212 672 4272 exspectans
700 4219 731 4255 a
759 4201 979 4257 Domino
1007 4200 1163 4275 (Gen.
1188 4219 1336 4271 xux,
1360 4203 1595 4275 17);hoc
1620 4212 1726 4272 est,

121 4304 183 4348 ut
210 4292 396 4349 oculos
427 4309 533 4347 nou
576 4302 824 4359 avertat,
855 4294 995 4349 actio
1027 4302 1263 4349 mentem
1303 4297 1573 4365 propriam
1619 4311 1725 4352 non

124 4386 390 4453 reﬂectat,
418 4387 838 4443 resurrectionis
864 4402 978 4443 suae
1007 4388 1414 4459 prmrngniivam
1453 4387 1723 4456 vindicet,

122 4495 179 4540 et
208 4483 383 4539 divina
414 4499 474 4539 se
500 4480 789 4541 resuSeitet
810 4496 1099 4556 potestate.
1131 4484 1235 4540 llic
1248 4494 1427 4541 autem
1454 4484 1683 4540 habetur
1709 4502 1722 4538 :

123 4578 369 4632 Abierant
410 4586 730 4642 retrorsum,
779 4590 828 4634 et
874 4578 1172 4633 ceciderunt
1216 4578 1272 4633 in
1317 4590 1509 4633 terram
1540 4576 1720 4650 (Joan.

1836 3353 2004 3408 versi.
2042 3362 2064 3392 ε
2092 3352 2148 3407 In
2189 3352 2411 3408 nomine
2454 3360 2635 3409 autem
2669 3352 2761 3408 Dei
2812 3352 2980 3408 nostri
3013 3362 3068 3407 et
3115 3367 3318 3422 pauper
3356 3360 3442 3406 est

1837 3458 1983 3505 tutus
2003 3492 2018 3517 ,
2050 3457 2105 3505 et
2131 3448 2316 3516 dives;
2347 3458 2402 3505 et
2428 3449 2653 3515 nobilis,
2682 3458 2737 3505 et
2764 3447 3050 3520 ignobilis;
3081 3458 3137 3503 et
3168 3446 3435 3513 inﬁrmus,

1832 3552 1890 3601 et
1920 3555 2131 3615 potens.
2165 3544 2315 3600 Fidei
2348 3560 2456 3600 non
2488 3545 2844 3616 prarjudicant
2873 3559 3039 3616 opes;
3075 3544 3121 3600 si
3144 3554 3324 3600 tamen
3356 3543 3433 3598 uti

1832 3638 2028 3710 opibus
2058 3638 2385 3695 noverimus.

1905 3732 1994 3787 32.
2025 3731 2336 3803 (Vers.ll.)
2359 3732 2426 3788 Et
2456 3732 2581 3788 ideo
2608 3747 2804 3789 nomen
2834 3733 2928 3788 Dei
2960 3732 3010 3786 in
3029 3748 3089 3788 se
3115 3731 3323 3787 habens
3351 3730 3434 3787 di-

1832 3827 1905 3881 cit
1939 3844 1950 3879 :
1982 3825 2062 3879 Tu
2110 3835 2308 3891 autem,
2353 3825 2609 3893 Domine,
2637 3826 2876 3880 miserere
2927 3825 3058 3890 mei,
3108 3834 3154 3877 et
3179 3824 3430 3877 resuscita

1831 3936 1946 3985 me,
1977 3928 2025 3972 et
2050 3919 2326 3972 retribuam
2372 3919 2499 3973 illis.
2533 3918 2685 3986 Quod
2714 3918 2901 3989 utique
2930 3933 3036 3971 non
3060 3917 3212 3987 quasi
3242 3915 3310 3970 de
3342 3932 3428 3971 rc-

1831 4013 2167 4067 surrectione
2195 4012 2448 4067 dubitans
2477 4012 2643 4077 dicit,
2678 4014 2767 4082 qui
2814 4014 2864 4066 in
2899 4020 3165 4082 potestate
3195 4010 3429 4070 habebat

1830 4106 2010 4162 dicere
2043 4124 2056 4160 :
2091 4106 2287 4161 Solvite
2314 4106 2561 4177 templum
2587 4105 2685 4159 hoc
2705 4146 2719 4171 ,
2753 4114 2801 4159 et
2826 4106 2879 4158 in
2908 4105 3081 4159 triduo
3114 4104 3427 4160 resuscitabo

1832 4200 1964 4254 illud
1992 4200 2171 4273 (Joan.
2204 4214 2266 4265 ιι,
2300 4199 2422 4269 19);
2454 4201 2547 4253 sed
2590 4198 2816 4253 formam
2847 4198 2939 4253 dat
2968 4197 3206 4264 homini,
3239 4209 3294 4251 ut
3327 4198 3429 4253 mi-

1830 4293 2183 4347 sericordiam
2236 4308 2264 4346 a
2298 4292 2410 4349 Deo
2436 4334 2449 4357 ,
2495 4301 2549 4347 et
2575 4292 3029 4348 resurrectionem
3063 4292 3130 4347 de
3162 4292 3276 4348 Deo
3302 4308 3427 4365 spe-

1829 4395 1932 4443 ret.
1971 4387 2174 4443 Deinde
2204 4402 2312 4443 non
2344 4386 2659 4442 rasus-citari
2688 4402 2746 4442 se
2777 4386 2905 4456 petit
2938 4405 2951 4442 :
2984 4387 3078 4443 sed
3112 4386 3430 4444 resuscitari

1829 4481 1930 4537 sibi
1956 4483 2189 4553 postulat
2221 4480 2498 4536 Mattltiam
2532 4479 2585 4535 itt
2621 4480 2797 4535 locum
2847 4480 3038 4547 ludat;
3073 4492 3130 4537 ιιι
3168 4480 3421 4549 apostoli-

1828 4588 1923 4629 cus
1942 4590 2198 4630 numerus
2219 4575 2525 4642 impleatur.
2550 4575 2757 4628 Etenim
2781 4575 2903 4644 quia
2938 4590 3162 4630 necesse
3194 4574 3423 4630 habebat

123 4686 273 4737 xvnt,
307 4670 388 4742 6).
416 4670 518 4740 Qui
548 4681 794 4727 terrenus
822 4683 939 4737 est,
968 4673 1019 4727 in
1047 4681 1245 4728 terram
1268 4672 1410 4728 cadit
1440 4690 1452 4725 :
1486 4673 1577 4744 qui
1613 4686 1722 4727 ςω-
1747 4675 1803 4737 D
1829 4668 2006 4741 perire
2055 4669 2195 4724 ﬁlius
2248 4666 2603 4738 perditionis,
2639 4678 2699 4723 ut
2750 4669 3031 4739 Scriptura
3076 4668 3421 4740 impleretur;
3508 4745 3517 4748 ἓ

124 4763 295 4829 lestis,
315 4763 456 4819 caelo
482 4764 734 4819 inlueret.
764 4763 833 4819 Et
863 4766 907 4819 si
935 4780 1163 4836 corpore
1188 4765 1353 4828 cadit.
1379 4765 1580 4820 virtute
1613 4780 1719 4819 non

123 4856 265 4912 cadit
295 4874 309 4910 :
336 4854 363 4895 ι)
387 4872 486 4913 nee
518 4856 584 4911 iis
610 4872 731 4929 quae
758 4871 857 4912 sua
885 4866 1031 4925 sunt,
1060 4857 1154 4913 sed
1181 4874 1303 4929 quae
1333 4873 1544 4913 sursum
1576 4872 1719 4913 sem-

128 4965 221 5023 per
249 4951 505 5017 intendit;
538 4966 761 5023 semper
802 4950 948 5008 cnim
1001 4951 1068 5007 ad
1112 4952 1327 5007 Patrem
1376 4952 1629 5020 respicit,
1664 4961 1722 5007 ut

129 5048 242 5117 ejus
285 5045 428 5103 circa
478 5062 578 5103 nos
618 5048 842 5119 impleat
890 5048 1244 5103 voluntatem.
1280 5045 1495 5102 Utinam
1529 5056 1584 5102 et
1631 5048 1719 5103 isti

131 5155 232 5197 non
261 5140 849 5209 abiissentretrorsum
873 5184 887 5210 ,
912 5142 1006 5199 sed
1036 5140 1314 5198 Christum
1346 5142 1718 5212 excepissent!

124 5238 258 5293 sicut
285 5239 499 5307 excepit
526 5236 753 5310 Ioseph,
776 5248 829 5293 et
860 5237 1111 5309 sepelivit
1132 5252 1258 5293 eum
1288 5235 1340 5290 iu
1370 5244 1722 5291 monumento

128 5345 278 5386 novo.
306 5331 407 5400 Qui
444 5331 620 5389 ﬁdelis
648 5342 759 5401 est,
792 5333 847 5388 itt
877 5344 1077 5389 terram
1120 5348 1228 5387 non
1255 5331 1400 5387 cadit
1430 5350 1443 5387 :
1475 5332 1563 5403 qui
1595 5332 1720 5387 inﬁ-

195 5470 220 5499 ⁸
246 5469 403 5526 Rom.
440 5470 597 5538 edit.,
628 5471 749 5542 quia
793 5471 1045 5540 principis
1089 5470 1415 5526 sacerdotum
1466 5470 1722 5538 ministri,

196 5558 246 5595 08
267 5586 280 5595 .
312 5558 416 5595 CIC.
478 5563 483 5567 '

128 5552 545 5669 qugstioillfhlict.
586 5621 643 5667 et
671 5613 825 5668 Colb.
859 5628 1091 5684 cumque
1121 5614 1230 5670 illis
1276 5615 1517 5683 antiquae
1558 5615 1718 5685 edit.,

130 5702 222 5740 non
264 5684 435 5747 cadit,
470 5701 560 5739 nec
604 5685 669 5739 iis
698 5701 813 5755 quw
855 5701 950 5740 sua
998 5696 1147 5753 sunt,
1175 5686 1264 5741 sed
1293 5689 1435 5755 operi
1474 5684 1715 5742 intendit.

128 5758 357 5831 Quatuor
383 5757 665 5831 alii,mss_.,
696 5773 799 5811 non
829 5758 988 5831 cadit,
1017 5760 1105 5831 sed
1149 5774 1262 5827 qua:
1306 5775 1514 5813 sursum
1556 5770 1674 5814 sunt
1700 5802 1714 5827 ,

130 5821 315 5897 semper
341 5827 582 5903 intendit.
609 5828 744 5903 Reg.
774 5821 956 5903 solus,
977 5821 1100 5903 non
1144 5821 1285 5884 cadit
1305 5872 1320 5897 ,
1349 5830 1439 5884 sed
1465 5848 1579 5903 qua:
1622 5821 1719 5887 sua

131 5911 252 5968 sunt,
282 5916 480 5971 semper
503 5898 740 5957 intendit.
771 5901 901 5968 Quae
933 5901 1092 5959 lectio
1126 5898 1718 5975 nequaquam'videt’ur

1830 4763 2113 4835 oportebat
2148 4764 2202 4817 in
2236 4763 2410 4817 locum
2454 4763 2621 4833 ipsius
2668 4764 2947 4836 subrogari
2999 4764 3168 4818 lilium
3214 4763 3424 4820 salutis.

1830 4858 2074 4916 Tertium
2127 4858 2334 4930 accipe.
2386 4857 2719 4915 Resuscitari
2765 4876 2861 4927 se,
2911 4860 3017 4915 hoc
3060 4870 3172 4924 est,
3229 4876 3426 4931 corpus

1823 4970 1980 5011 suum
2000 4994 2015 5021 ,
2048 4951 2223 5025 poscit
2254 4970 2269 5006 :
2303 4967 2501 5024 corpus
2548 4963 2727 5009 autem
2773 4952 2975 5008 Christi
3002 4998 3015 5019 ,
3042 4952 3286 5009 Ecclesia
3318 4964 3423 5011 est.

1826 5050 1891 5105 Et
1922 5050 2045 5122 quia
2078 5046 2247 5103 Judas
2272 5048 2436 5120 ﬁgura
2467 5060 2582 5105 erat
2611 5046 2844 5103 infidelis
2875 5046 3057 5117 populi
3089 5046 3427 5110 Jttdarorttm.

1824 5147 1914 5219 qui
1948 5144 2174 5217 pecunia
2201 5144 2285 5200 vel
2336 5146 2502 5211 emit,
2530 5144 2615 5199 vel
2652 5142 2893 5199 vendidit
2935 5142 3213 5197 Christum
3240 5143 3426 5214 (quod

1827 5238 2029 5294 faciunt
2058 5237 2149 5308 qui
2178 5236 2371 5309 ‘pluris
2402 5238 2602 5292 ducunt
2644 5236 2962 5305 pccuuiam‘,
2998 5251 3160 5307 quam
3212 5237 3428 5306 religio-

1827 5331 1975 5405 nem)
2000 5329 2027 5369 ἀ
2057 5348 2155 5404 pro
2184 5333 2409 5388 interitu
2442 5330 2691 5403 plebisin
2732 5329 2836 5386 ﬁde
2867 5331 3133 5401 signiﬁcat
3169 5331 3426 5387 Ecclesiae

1825 5469 2246 5526 contemnenda.
2294 5469 2503 5523 Etenim
2552 5470 2596 5523 si
2659 5470 2820 5524 homo
2870 5470 3111 5526 eteleStis
3159 5486 3279 5539 qua:
3330 5487 3424 5527 sua

1824 5550 1951 5597 sunt
2000 5556 2219 5612 semper
2266 5542 2529 5607 intendit,
2558 5542 2743 5611 utique
2789 5558 3003 5610 semper
3046 5543 3275 5597 intendit
3318 5558 3428 5600 etn-

1824 5612 2002 5670 lestia.
2055 5614 2353 5670 Commode
2406 5624 2581 5667 tamen
2631 5614 2763 5668 edit.
2815 5613 2969 5668 Rom.
3025 5622 3083 5669 et
3128 5615 3252 5669 cod.
3304 5615 3422 5670 Vat.

1821 5701 1961 5752 quos
1983 5702 2050 5743 eo
2076 5686 2380 5759 sequimur,
2403 5686 2546 5755 quod
2571 5686 2764 5740 melius
2790 5694 2985 5741 sonent
3014 5687 3237 5743 auribus
3282 5688 3427 5744 chri-

1823 5760 2036 5815 stiauis.

1898 5833 2083 5887 ⁸ειὶοιη.
2101 5830 2231 5897 edit.
2242 5870 2257 5897 ,
2269 5827 2292 5881 1
2299 5847 2331 5883 η
2346 5829 2763 5884 nomineDomini
2770 5828 2865 5883 Dei
2878 5831 3041 5888 nostri
3053 5831 3421 5889 invocabimus.

1895 5900 1919 5940 ἀ
1950 5903 2026 5959 lla
2056 5916 2186 5961 mss.
2236 5905 2473 5975 quinque
2515 5899 2654 5958 Gall.
2691 5901 2777 5957 ubi
2812 5902 2947 5960 forte
2992 5902 3112 5961 loco
3140 5947 3153 5971 ,
3178 5904 3345 5975 plebis
3372 5905 3425 5962 in
