4008 6352
631 293 768 394 .o's'i

1966 307 2212 398 ἑΑΝετι
2251 305 2578 401 “tenesn-

3809 348 3902 404 illi:

625 433 724 510 silli
780 431 1010 534 graiia'nt
1057 447 1506 540 resurreettiram.
1541 443 1696 512 Unde
1743 465 1796 512 et
1831 459 1944 528 ipsa
1991 447 2122 512 dicit
2171 433 2302 520 iit"
2335 474 2462 516 nare
2503 461 2730 531 peccati.
2761 445 2906 518 inter
2935 459 3262 533 peccatores
3309 455 3574 518 versatus
3603 473 3690 529 es,

630 537 868 604 canticis
903 566 916 602 :
948 547 1012 604 Si
1041 537 1414 604 suscitaveritis
1441 555 1486 604 et
1533 541 1958 606 resuscitaverilis
2002 541 2230 607 charito-

633 651 734 696 tem
761 621 932 714 (Dant.
965 657 1024 710 ll,
1054 641 1146 716 7);
1179 633 1300 698 cum
1348 633 1618 716 qutereiet
1643 637 1710 700 de
1729 639 2036 716 juvenculis
2063 641 2226 702 Chii-

628 719 791 801 stutn,
819 733 944 810 quia
973 729 1221 818 pltristus
1255 735 1488 794 charitas
1513 721 1613 793 est.

695 825 783 886 35.
826 829 978 900 Quod
1010 821 1190 886 autem
1223 831 1338 887 ait:
1373 832 1674 888 Retribuam
1713 831 1859 900 illis;
1893 833 1996 892 hoc
2027 833 2230 892 intelli-

624 923 832 996 gimus,
881 917 1008 998 quia
1039 925 1287 982 florentis
1320 907 1579 984 Ecclesize
1631 929 1976 998 processibus
2020 929 2228 986 crucia—

623 1017 825 1076 buntur
855 1038 868 1074 :
903 1029 960 1077 et
990 1029 1120 1078 tunc
1147 1031 1481 1094 c0guoscent
1507 1039 1626 1096 qua:
1659 1039 1816 1095 poena
1849 1023 2089 1095 perfidia:
2113 1025 2184 1080 sit
2207 1019 2226 1093 ;’

626 1111 748 1168 cum
774 1095 1108 1170 adverteriut
1135 1114 1226 1187 qui
1253 1115 1378 1172 fidei
1407 1115 1478 1172 sit
1505 1095 1785 1188 splendor.
1815 1126 1868 1173 et
1895 1118 2102 1189 gratim.
2125 1115 2226 1174 Vel

621 1203 742 1276 quia
775 1191 946 1264 bonus
980 1209 1238 1266 Dominus
1269 1219 1394 1280 est,
1427 1211 1519 1282 qui
1551 1217 1765 1282 poterat
1794 1211 1974 1268 dicere
2003 1230 2016 1266 :
2053 1207 2224 1267 Retri-

619 1297 840 1356 buebant
893 1301 1020 1358 mihi
1069 1287 1208 1360 mala
1259 1322 1352 1376 pro
1397 1305 1541 1361 bonis
1575 1299 1748 1380 (Psal.
1781 1323 1946 1364 xxxw
1969 1349 1982 1376 ,
2017 1305 2128 1382 1'2).
2159 1307 2230 1366 Et

618 1393 856 1452 medium
884 1397 1106 1476 verbum
1154 1406 1238 1454 est
1267 1397 1675 1464 retributionis,
1709 1399 1796 1456 vel
1837 1401 1890 1456 in
1920 1387 2098 1468 bono,
2139 1401 2224 1459 vel

619 1487 671 1544 in
701 1483 846 1546 malo
876 1507 891 1547 :
923 1485 1312 1568 retributurum
1365 1491 1416 1547 in
1471 1493 1613 1550 bono
1657 1505 1778 1549 esse
1819 1509 1878 1550 se
1905 1493 2066 1554 dicit:
2101 1497 2226 1568 quia

618 1585 718 1640 etsi
749 1579 968 1641 caecitas
999 1585 1054 1642 in
1085 1585 1252 1643 lsrael
1285 1602 1350 1642 ex
1379 1599 1529 1660 parte
1557 1589 1852 1660 continget,
1889 1597 2069 1646 tamen
2101 1605 2226 1646 cum

617 1677 899 1750 plenitudo
969 1681 1213 1750 gentium
1277 1681 1588 1752 intraverit,
1641 1693 1766 1740 tunc
1829 1683 2004 1740 omnis
2058 1683 2224 1741 Israel

621 1771 822 1828 Christi
855 1767 1208 1831 miseratione
1239 1771 1555 1834 salvabitur.

2329 557 2566 609 Omnium
2591 551 2898 628 suscepisti,
2923 553 3206 628 peccatum
3237 571 3344 628 pro
3377 555 3648 611 omnibus
3677 555 3828 612 factus
3849 575 3898 626 es.

2329 645 2671 706 maledictum
2701 647 2801 724 pro
2835 653 3090 708 omnibus
3117 649 3303 708 factus
3337 657 3436 718 es;
3461 650 3564 706 sed
3599 651 3778 707 nullus
3815 669 3902 710 asa

2329 739 2501 812 potuit
2538 743 2606 799 ad
2651 753 2705 801 te
2749 743 2979 802 transire
3027 745 3258 818 peccati.
3309 745 3390 800 ita
3441 745 3596 800 inter
3643 755 3904 814 pecuum

2329 847 2574 893 versatus
2617 853 2700 906 es,
2730 839 2886 911 quasi
2917 839 3056 895 inter
3099 839 3328 912 angelos
3373 840 3706 895 versarer-is.
3753 839 3900 896 Fecisti

2329 943 2530 990 terram
2576 949 2696 992 esse
2741 935 2883 1008 quod
2933 937 3129 993 cadum
3177 937 3294 1002 est;
3353 935 3418 991 u't'
3467 931 3536 992 et‘
3560 933 3638 991 ibi
3677 945 3900 1006 peccat

2330 1029 2566 1086 tolleres.
2605 1029 2776 1086 liodie
2802 1041 2851 1085 te
2885 1021 3068 1102 genui,
3095 1031 3147 1086 in
3177 1045 3290 1102 quo
3321 1027 3674 1100 complacui.
3707 1028 3898 1084 Probas?

2331 1127 2382 1174 te
2417 1119 2632 1190 Filium,
2680 1121 2771 1194 qui
2800 1121 3033 1192 implesti
3067 1121 3120 1178 in
3167 1121 3438 1177 omnibus
3481 1119 3676 1176 Patris
3711 1124 3900 1176 volunta-

2331 1211 2460 1270 tem.
2489 1213 2660 1272 ilodie
2691 1225 2742 1272 te
2769 1213 2950 1286 genui,
2981 1216 3032 1272 itt
3065 1231 3171 1288 quo
3203 1217 3388 1270 lucem
3423 1213 3796 1270 immaculatze
3821 1229 3898 1282 pes

2331 1309 2395 1364 lis
2425 1325 2678 1380 agnoseo.
2723 1303 2844 1366 fieri
2876 1312 3006 1366 mihi
3051 1321 3106 1368 et
3135 1311 3300 1366 hodie
3330 1313 3454 1382 ipse
3481 1325 3570 1376 es,
3601 1317 3660 1365 et
3689 1310 3740 1363 in
3773 1323 3896 1364 sas!-

2331 1401 2462 1458 lum.
2497 1403 2612 1459 Nox
2663 1405 2714 1458 iu
2749 1413 2799 1460 te
2841 1403 2986 1460 nulla
3026 1411 3128 1468 est.
3174 1405 3299 1474 quia
3332 1413 3492 1458 totus
3537 1415 3604 1456 es
3643 1399 3776 1457 dies.
3805 1401 3898 1456 Bm

2329 1497 2679 1555 conﬁrmatus
2707 1499 2760 1554 in
2791 1509 3084 1573 conspectu
3111 1497 3292 1554 Patris
3323 1497 3548 1553 dicitur
3577 1496 3634 1574 in
3661 1507 3896 1550 mereas:

2327 1593 2452 1663 quia
2495 1593 2632 1664 apud
2664 1591 2876 1648 Patrem
2907 1603 3124 1664 semper
3153 1601 3238 1647 est
3271 1609 3284 1644 :
3317 1599 3378 1646 et
3405 1603 3553 1644 vere
3581 1589 3640 1644 in
3665 1602 3892 1658 (πολεμίη

2327 1685 2466 1756 ejus,
2499 1685 2652 1757 cujus
2681 1683 2942 1758 splendor
2963 1687 3044 1740 est
3067 1683 3270 1756 gloriae,
3307 1683 3366 1738 et
3387 1683 3586 1750 imago
3619 1680 3894 1734 substantia.

2328 1777 2434 1834 Sed
2464 1777 2921 1850 quemadmodum
2953 1777 3260 1849 complacet
3297 1776 3352 1832 in
3385 1773 3544 1830 Filio
3577 1773 3772 1838 Pater;
3797 1775 3848 1824 in
3869 1783 3896 1826 at

665 1859 783 1946 ¹34η
829 1863 1012 1939 (Vers.
1045 1865 1158 1940 l2.)
1209 1859 1274 1924 Et
1303 1857 1575 1942 Subjecit.’
1613 1870 1680 1927 In
1707 1873 1802 1930 Itoc
1831 1875 2046 1946 cognovi
2095 1891 2222 1944 quo-
2251 1875 2298 1938 B
2328 1869 2493 1930 Filius
2521 1875 2790 1931 benedicit
2815 1871 3052 1929 Patrem.
3087 1871 3252 1928 Pater
3295 1871 3452 1926 enim
3513 1866 3897 1924 honoriﬁca”?-

617 1957 758 2040 tilant
785 1959 991 2014 voluisti
1021 1977 1130 2028 me;
1157 1963 1400 2034 quoniam
1429 1983 1530 2020 non
1557 1965 1796 2040 gaudebit
1819 1969 2057 2024 inimicus
2084 1985 2223 2024 meus

617 2047 772 2126 super
815 2071 916 2108 me.
978 2053 1238 2126 Superius
1295 2057 1364 2115 de
1413 2061 1668 2132 passione
1721 2077 1816 2118 sua
1865 2063 2080 2118 locutus
2139 2071 2224 2119 est

617 2145 770 2216 quasi
805 2147 966 2222 homo
995 2167 1008 2204 :
1041 2147 1292 2222 hincjam
1318 2151 1492 2224 aperit
1513 2156 1852 2226 tnajestatem
1877 2173 2050 2224 suam,
2077 2159 2221 2230 Quod

617 2233 766 2302 solus
795 2233 1082 2320 ﬁglsine
1112 2258 1357 2320 peccato,
1389 2259 1413 2287 ει
1435 2245 1586 2308 solus
1610 2245 1696 2309 cui
1725 2265 1978 2324 peccator
2005 2253 2222 2324 inequi-

619 2345 736 2394 tare
763 2355 871 2396 non
905 2341 1098 2414 potuit,
1129 2331 1279 2400 solus
1309 2359 1468 2415 quem
1498 2345 1660 2402 Pater
1690 2355 1748 2402 ttt
1777 2349 1991 2404 unicum
2023 2333 2220 2404 Filium

615 2434 890 2506 dilexerit.
921 2423 1038 2504 Qua
1060 2436 1269 2494 ratione
1297 2453 1427 2510 ergo
1457 2438 1710 2496 inimicus
1740 2457 1846 2496 non
1875 2451 1960 2498 est
2005 2442 2220 2498 laetatus
2247 2447 2250 2450 ’

611 2543 778 2600 super
823 2529 987 2584 eum?
1015 2531 1146 2596 Quia
1195 2532 1296 2586 etsi
1356 2543 1586 2588 mortem
1638 2535 1878 2606 suscepit
1905 2550 1998 2606 pro
2027 2535 2218 2602 nobis,

615 2623 920 2680 resurrexit
965 2631 1181 2690 tamen;
1213 2634 1269 2682 et
1296 2625 1412 2696 ipse
1459 2627 1737 2684 insultavit
1781 2627 2034 2696 inimico,
2065 2629 2220 2702 cujus

617 2705 898 2771 victoriam
951 2716 1252 2787 destruxit,
1281 2728 1336 2776 et
1360 2705 1606 2790 aculeum
1657 2722 1848 2778 mortis
1881 2722 2118 2794 infregit.
2153 2723 2220 2780 Et

620 2822 742 2876 nos,
777 2807 904 2864 licet
935 2808 988 2866 in
1033 2811 1234 2866 saeculo
1266 2813 1444 2868 moesti
1476 2813 1642 2870 simus
1665 2856 1679 2882 ,
1713 2825 1875 2886 atque
1905 2815 1958 2871 in
1985 2819 2221 2873 nimi-ore

616 2887 804 2984 nostro
833 2912 888 2958 et
915 2903 1240 2962 contritione
1264 2905 1448 2962 cordis
1475 2908 1752 2980 animique
1802 2911 1972 2986 nostri
2004 2907 2219 2967 lauetur

615 2979 896 3062 inimicus;
931 2989 1109 3054 tamen
1143 3009 1488 3071 resurgentes
1531 3001 1651 3070 ejus
1677 2983 1936 3072 gaudium
1978 3003 2218 3060 destrui-

612 3102 752 3142 lltus.
783 3086 937 3145 Unde
966 3099 1022 3146 et
1050 3092 1303 3150 Michzeas
1331 3093 1465 3150 dixit
1493 3111 1506 3150 :
1541 3091 1669 3150 Noli
1691 3113 1845 3168 super
1869 3114 1948 3164 me
1969 3098 2220 3172 gaudere,"

611 3181 822 3254 inimica
846 3199 990 3252 mea,
1019 3186 1139 3256 quia
1167 3187 1367 3256 cecidi;
1393 3187 1484 3258 sed
1509 3205 1772 3262 resurgam
1795 3187 1980 3264 (.llich.
2007 3207 2102 3260 vn,
2129 3189 2210 3265 8).

2325 1969 2476 2034 lium,
2509 1976 2562 2024 et
2589 1967 2756 2024 Filius
2779 1965 3102 2022 itonoriflcat
3130 1967 3374 2022 Patrem.

2395 2063 2485 2118 56.
2511 2061 2844 2128 Benedictus,
2889 2061 3080 2132 inquit,
3127 2057 3396 2114 Dominus
3437 2056 3600 2114 Deus
3631 2057 3896 2121 Ismenias:

2323 2153 2422 2220 est,
2461 2153 2640 2227 populi
2671 2155 2838 2211 Deum
2871 2155 3128 2222 videntis,
3161 2152 3256 2222 qui
3289 2163 3348 2209 et
3379 2151 3695 2207 Dominum
3725 2161 3896 2205 suomet

2325 2251 2492 2308 Dcutn
2515 2250 2687 2306 credit
2716 2255 2728 2304 ἑ
2759 2249 2804 2304 Α
2823 2251 3011 2305 swculo
3033 2249 3147 2304 etin
3173 2248 3436 2304 saeculum
3457 2263 3480 2301 :
3507 2247 3634 2318 ﬁat,
3657 2247 3764 2315 ﬁat.
3785 2246 3898 2317 ωε

2327 2345 2382 2402 In
2409 2345 2638 2402 llebrzeo
2669 2345 2898 2402 habetur
2931 2363 2945 2401 :
2979 2343 3162 2412 Arnen,
3211 2355 3368 2397 amen
3393 2355 3418 2410 ;
3451 2352 3520 2398 ut
3574 2351 3892 2396 asseruere-it

2323 2441 2412 2512 qui
2447 2442 2642 2496 librum
2673 2441 2919 2512 legerunt
2963 2439 3015 2494 in
3065 2435 3352 2493 Hebraicis
3395 2435 3616 2490 litteris
3669 2433 3892 2502 scriptas.

2323 2533 2545 2590 Grteeus
2577 2535 2680 2592 hoc
2731 2535 2850 2590 loco
2899 2535 3107 2609 γένοιτο,
3151 2531 3354 2607 γένοιτο
3395 2527 3598 2594 dixit;
3649 2526 3784 2599 quod
3813 2537 3896 2579 est:

2321 2629 2467 2698 Fiat,
2503 2631 2616 2702 fiat.
2649 2629 2798 2700 Quod
2831 2631 3052 2685 verbum
3094 2627 3344 2681 diversas
3381 2622 3818 2695 signiﬁcationes
3841 2621 3896 2673 ln-

2321 2717 2430 2794 bet,
2465 2738 2522 2782 ut
2547 2727 2616 2782 sit
2647 2723 2914 2780 interdum
2947 2719 3286 2794 imperantis,
3323 2717 3626 2774 interdum
3657 2715 3894 2788 precantis,

2323 2821 2589 2879 interdum
2621 2819 2996 2877 confirmantis
3026 2817 3227 2890 aliquid
3261 2815 3648 2886 :imperautis
3692 2823 3786 2874 est,
3813 2823 3894 2864 enat

2320 2893 2566 2988 superior
2592 2913 2836 2971 inferiori
2861 2915 3046 2970 statuit
3075 2911 3204 2984 quid
3251 2909 3582 2965 faciendum
3616 2907 3710 2970 sit,
3751 2905 3898 2959 velsi-

2319 3011 2590 3084 queutlum
2625 3030 2636 3067 :
2671 3009 2940 3080 precantis
2980 3015 3086 3075 est,
3127 3007 3268 3061 sicut
3309 3003 3451 3060 illud
3487 3021 3502 3058 :
3537 3001 3674 3057 Fiat
3715 3001 3896 3054 rotante:

2319 3117 2409 3162 tua
2439 3103 2652 3180 (Matth.
2685 3120 2761 3173 vt,
2799 3103 2884 3174 10)
2909 3121 2924 3171 ;
2949 3117 3055 3158 non
3088 3099 3233 3196 enim
3261 3099 3380 3155 Deo
3407 3099 3540 3169 quis
3575 3091 3896 3200 imperans-Pd

2320 3217 2536 3271 precem
2566 3197 2738 3256 fundit
2767 3217 2780 3254 :
2811 3187 3188 3254 confirmantis
3219 3205 3321 3260 est,
3355 3209 3489 3250 cum
3519 3187 3792 3249 benedicit
3813 3202 3896 3257 ιπίτ-

613 3273 958 3333 Rcsurrectio
989 3289 1228 3360 estergo
1257 3281 1383 3352 quia
1413 3281 1616 3356 ittimiei
1645 3284 1825 3340 omnia
1859 3287 2072 3342 vincula
2103 3287 2213 3343 Sul-
2243 3277 2290 3344 C
2323 3295 2502 3366 pheta,
2531 3293 2616 3350 vel
2652 3291 2926 3360 sacerdos,
2955 3292 3036 3348 vel
3068 3299 3289 3347 sanctus
3331 3289 3582 3356 aliquis;
3629 3293 3686 3342 et
3713 3285 3890 3356 popinas
3964 3273 3965 3294 ³

613 3378 832 3438 vuntur,
864 3371 1168 3444 triumphus
1197 3376 1373 3431 omnis
1399 3375 1666 3433 aboletur.

655 3462 770 3542 ¹55.
806 3461 985 3536 (Vers.
1023 3465 1110 3534 15,
1145 3467 1263 3542 Us.)
1291 3467 1545 3540 Sequitur
1578 3488 1590 3524 :
1623 3457 1844 3540 Propter
1869 3465 2214 3529 innocentiam

610 3565 783 3608 autem
819 3573 985 3612 meam
1011 3560 1279 3630 suscepisti
1321 3578 1438 3618 me:
1471 3572 1516 3616 et
1536 3563 1858 3634 confirmasti
1887 3585 1965 3622 me
1997 3567 2048 3622 in
2091 3585 2216 3622 con-

613 3657 894 3718 spectuttto
909 3651 958 3706 in
976 3661 1248 3709 wternum.
1273 3655 1578 3724 Benedictus
1599 3657 1854 3736 Dominus
1878 3661 2015 3717 Deus
2046 3639 2216 3720 srael

611 3758 643 3797 a
667 3745 856 3798 sucula
885 3754 932 3798 et
961 3745 1014 3799 in
1042 3747 1288 3803 steculum
1319 3766 1338 3805 :
1365 3749 1480 3832 ﬁat,
1509 3752 1623 3820 ﬁat.
1657 3752 1924 3812 innocens
1954 3755 2084 3812 nulli
2117 3775 2217 3814 no-

611 3847 717 3904 cet,
752 3841 804 3895 iu
837 3827 1109 3898 neminem
1135 3854 1340 3916 peccat.
1371 3827 1498 3906 ideo
1523 3849 1642 3906 sine
1671 3859 1914 3921 peccato,
1945 3833 2063 3908 sine
2087 3837 2216 3909 dolo

610 3933 860 3992 Christus
884 3935 1182 4014 Scriptura:
1211 3939 1409 3997 divinas
1438 3933 1761 4001 auctoritate
1792 3949 2056 4018 signatur.
2105 3947 2216 4006 lioc

607 4027 771 4110 igitur
801 4017 858 4086 et
889 4031 975 4088 hic
1005 4031 1333 4101 declaratur,
1385 4036 1472 4092 ubi
1503 4037 1633 4093 dicit
1661 4029 1676 4094 ἐ
1709 4017 1935 4110 Propter
1964 4041 2212 4097 innocen-

609 4105 736 4208 tium
761 4133 932 4178 autem
958 4142 1125 4182 meam
1154 4131 1426 4200 suscepisti
1452 4148 1548 4187 me.
1580 4131 1712 4200 Quae
1731 4125 1910 4190 autem
1941 4135 2216 4208 susceptio

612 4216 985 4302 significatur?
1015 4220 1150 4277 Nam
1178 4234 1233 4278 et
1260 4225 1394 4281 alibi
1427 4226 1652 4298 legimus
1685 4247 1698 4284 :
1731 4209 2020 4302 Suicepisti
2047 4249 2127 4286 me
2153 4249 2217 4288 ea:

611 4320 756 4368 utero
781 4317 962 4370 matris
985 4334 1112 4373 mea:
1134 4319 1310 4390 (Psal.
1334 4337 1606 4392 cxxxvnt,
1641 4323 1754 4395 t5).
1788 4325 1932 4398 Ergo
1963 4325 2128 4402 quiab
2146 4327 2216 4382 ab

613 4408 1136 4492 omniconcretione
1169 4403 1538 4486 generationis
1569 4418 1819 4476 humanae
1863 4413 2098 4498 mundus
2132 4431 2218 4480 est

618 4511 800 4568 natus,
819 4503 922 4584 qui
963 4503 1027 4560 de
1050 4504 1250 4576 Spiritu
1279 4518 1362 4566 est
1393 4518 1550 4568 natus
1580 4521 1634 4567 et
1663 4511 1919 4584 Virgine;
1947 4514 2070 4570 ideo
2092 4531 2214 4571 eum

618 4595 790 4676 Pater.
806 4598 1066 4670 suscepit,
1095 4601 1220 4672 quia
1250 4613 1426 4661 ortum
1468 4605 1608 4661 illius
1639 4607 1785 4664 nulla
1816 4623 2094 4682 corporea:
2123 4627 2217 4684 ge-

616 4693 916 4776 nerationis
957 4699 1233 4752 concretio
1265 4699 1459 4755 usitata
1508 4700 1754 4758 tuscavit.
1800 4701 2052 4776 Suscepit
2091 4681 2213 4762 eum
2241 4681 2294 4743 D

613 4773 1020 4857 resurgentem;
1066 4790 1189 4859 quia
1239 4792 1381 4848 nulla
1425 4809 1547 4848 eum
1579 4793 1810 4874 oﬂ‘ensio
1851 4797 2214 4870 prolapsiouis

613 4880 864 4963 aspersit.
893 4879 1273 4940 lmmaculatus
1294 4885 1360 4940 ad
1389 4885 1603 4943 Patrem
1629 4873 1810 4957 rediit,
1839 4873 1868 4945 τί
1891 4907 1999 4963 quo
2022 4877 2213 4948 imma-

614 4961 824 5030 culatus
845 4975 1045 5058 iexivit;
1083 4978 1300 5058 quando
1327 4978 1608 5037 descendit
1637 4987 1690 5038 in
1723 4961 1923 5040 terras.—
1950 4977 2106 5042 Unde
2132 4985 2214 5042 di-

615 5067 690 5121 cit
739 5069 788 5123 ei
835 5055 996 5126 Pater
1028 5055 1042 5128 Ξ
1075 5055 1248 5127 Filius
1294 5090 1434 5130 meus
1467 5092 1520 5130 es
1566 5085 1641 5142 tu,
1685 5095 1776 5148 ego
1807 5077 1963 5134 hodie
1991 5080 2146 5152 genui
2174 5091 2222 5154 te

617 5157 797 5230 (Psal.
829 5177 888 5230 ιι,
921 5161 1008 5236 7);
1033 5163 1136 5218 hoc
1170 5177 1277 5233 est,
1317 5167 1683 5238 generationis
1725 5184 1861 5226 mea:
1891 5173 1945 5225 in
1973 5179 2023 5227 te
2057 5171 2222 5244 privi-

611 5248 812 5322 legium
843 5249 1198 5326 recognosco,
1227 5274 1388 5328 quem
1418 5259 1563 5315 nulla
1597 5262 1810 5316 macula
1841 5263 2018 5334 potuit
2041 5262 2222 5336 inqui-

613 5407 734 5474 ]ide,
766 5407 1266 5486 legendunnplebis
1294 5414 1503 5486 ita/idco;
1535 5417 1664 5472 licet
1696 5417 1846 5486 prior
1875 5417 2039 5474 lectio
2077 5435 2207 5476 sen-

612 5492 730 5559 sum
765 5481 1003 5559 praebeat
1033 5481 1258 5539 minime
1283 5481 1658 5559 rejiciettdutti.
1690 5481 1794 5544 Alii
1818 5503 1950 5546 vero
1981 5506 2111 5546 mss.
2155 5487 2210 5548 et

613 5547 744 5634 edit.
768 5547 887 5634 χθιε
925 5553 978 5634 in
1008 5569 1204 5634 ttt:tt_'g_.,
1233 5573 1325 5626 pro
1339 5547 1564 5634 interitu
1593 5557 2010 5634 plebisin/idalis
2048 5547 2212 5634 signi;

613 5619 732 5688 ﬁcat
761 5621 1048 5698 Ecclesium
1073 5619 1169 5682 sitii
1195 5619 1393 5698 gratam
1422 5619 1648 5698 (emde'tn
1683 5631 1816 5694 edit.
1837 5619 1924 5686 'ac
1965 5619 2120 5687 Rom".
2153 5637 2206 5690 in

613 5704 845 5761 corpore
869 5735 884 5762 ,
916 5693 1161 5750 Ecclesiae
1185 5693 1280 5752 sibi
1310 5693 1560 5772 gratiam)
1593 5713 2015 5759 resurrecturum.

686 5771 712 5814 ξι
741 5763 872 5820 Mss.
903 5764 1044 5824 Vict.
1073 5777 1125 5822 et
1152 5768 1309 5824 Colb.
1341 5783 1502 5832 atque
1529 5773 1664 5832 edit.
1691 5785 1798 5832 vet.
1843 5777 1898 5832 in
1930 5775 2100 5832 mariti

689 5779 712 5814 ει
741 5779 872 5820 mss.
909 5779 1044 5824 νισι.
1073 5779 1125 5822 et
1152 5779 1309 5824 Uotb.
1341 5783 1502 5833 atque
1529 5779 1664 5832 edit.
1691 5785 1798 5833 vet.
1843 5779 1898 5832 in
1930 5779 2176 5833 margine

686 5788 712 5814 τ·
741 5788 872 5820 mss.
912 5788 1044 5824 uct.
1073 5788 1125 5822 et
1152 5788 1309 5824 how.
1341 5788 1502 5842 atque
1529 5788 1664 5832 eatt.
1691 5788 1798 5833 vet.
1843 5793 1898 5832 ιιι
1930 5791 2048 5832 mar
2089 5793 2207 5842 me,

617 5833 759 5890 solus
775 5835 864 5908 qui
895 5849 1107 5914 peccatq
1137 5840 1399 5914 inqtginari
1423 5860 1526 5900 non
1555 5849 1738 5914 potuit.
1756 5847 1973 5908 Easdem
1996 5791 2130 5908 etﬁt.
2154 5851 2212 5909 in

615 5915 880 5998 corpore,
924 5922 990 5968 ac
1030 5909 1417 5988 etiamnam”
1450 5909 1588 5996 solut
1629 5920 1715 5981 cui
1763 5933 1999 5998 peccator
2046 5921 2212 5986 insuto

649 6077 710 6101 ’δ’

2319 3375 2612 3460 respondet
2647 3403 2662 3444 :
2695 3383 2841 3452 Fiat,
2885 3385 2998 3456 fiat.
3049 3383 3146 3438 Hic
3192 3387 3325 3454 ergo
3367 3381 3556 3452 magis
3601 3377 3894 3435 conﬁrmatio

2321 3482 2448 3536 mihi
2482 3480 2690 3536 videtur
2717 3477 3133 3542 benedictionis,
3172 3491 3336 3550 quam
3381 3479 3600 3543 oratio,
3635 3476 3722 3530 vel
3749 3475 3892 3542 depre-

2319 3573 2459 3630 catio
2494 3591 2506 3628 :
2543 3573 2776 3629 maxime
2803 3573 2928 3644 quia
2975 3569 3229 3642 repetitio
3261 3573 3436 3642 ipsius
3481 3571 3634 3624 facta
3671 3563 3890 3625 sertmnis

2319 3679 2420 3724 est.
2449 3657 2515 3723 Et
2543 3668 2750 3722 videtur
2777 3651 3036 3740 llebrzeus
3059 3663 3276 3737 quidem
3308 3677 3504 3720 sermo
3533 3666 3806 3726 mutatus;
3827 3657 3892 3713 sel

2321 3761 2460 3820 idem
2504 3777 2698 3818 sensus
2737 3757 3045 3833 expressus.
3097 3759 3252 3815 Sicut
3299 3758 3450 3814 enim
3495 3773 3632 3814 cum
3689 3755 3890 3812 sacerits

2318 3855 2612 3920 benedicit,
2646 3853 2874 3927 populus
2902 3851 3216 3923 respondet,
3246 3865 3432 3919 amen,
3465 3845 3799 3906 conﬁrmans
3823 3849 3884 3902 te-

2319 3943 2678 4004 nedictionem
2713 3949 2836 4014 sibi,
2869 3963 3028 4018 quant
3055 3947 3194 4016 plebi
3228 3945 3494 4000 sacerdos
3521 3959 3550 3997 a
3591 3941 3886 3999 Dominotle-

2323 4053 2610 4114 precatur;
2657 4035 2726 4096 ita
2761 4041 2813 4098 in
2841 4041 3050 4113 psalmo
3102 4053 3430 4112 responsum
3459 4041 3552 4094 est
3585 4058 3598 4092 :
3635 4037 3772 4102 Fiat,
3791 4035 3888 4106 ﬁat:

2319 4121 2472 4206 quasi
2506 4135 2760 4200 :Amcn‘,
2809 4149 2990 4190 amen.
3038 4131 3212 4189 Amen
3261 4141 3447 4187 autem
3501 4129 3886 4187 conﬁrmationis

2319 4233 2542 4287 verbum
2579 4232 2864 4287 evidenter
2901 4227 3210 4285 ostenditur
3257 4228 3310 4281 in
3349 4225 3682 4298 Evangelia,
3711 4225 3792 4279 ubi
3816 4223 3888 4277 Da-

2321 4326 2500 4380 ntinus
2529 4323 2858 4380 confirmans
2897 4337 3205 4378 sermonem
3229 4335 3388 4376 suum
3417 4319 3556 4375 dicit
3589 4339 3606 4374 :
3635 4321 3788 4375 Amen
3807 4318 3884 4370 dies

2319 4417 2459 4474 vobis
2498 4415 2710 4492 (Matth.
2747 4432 2858 4482 xnx,
2891 4413 3009 4485 25).
3039 4415 3207 4485 Major
3233 4421 3418 4490 autem
3457 4413 3540 4469 vis
3575 4421 3689 4478 est,
3721 4410 3800 4465 ubi
3829 4423 3886 4461 re-

2321 4514 2520 4584 petitus
2561 4519 2646 4568 est
2677 4527 2856 4567 sermo
2889 4527 2902 4577 ;
2933 4509 3078 4581 quod
3127 4509 3179 4564 iu
3223 4507 3364 4563 libro
3405 4505 3700 4578 Evangelii
3743 4517 3886 4560 set-utt-

2320 4607 2447 4664 dum
2501 4599 2766 4663 Joannem
2821 4601 3160 4675 frequentius
3211 4599 3566 4666 invenimus;
3643 4600 3766 4671 quia
3807 4599 3886 4666 ipse

2323 4691 2557 4755 maxime
2587 4699 2655 4754 de
2685 4697 3002 4754 caelestibus
3026 4705 3078 4750 et
3107 4691 3390 4764 profundis
3421 4691 3712 4764 mysteriis
3739 4699 3810 4746 est
3833 4693 3884 4740 io-

2323 4807 2514 4860 cutus;
2567 4795 2706 4850 sicut
2750 4793 3010 4862 scriptum
3061 4801 3144 4846 est
3171 4807 3184 4844 :
3211 4785 3400 4858 Amen,
3429 4807 3606 4860 amen
3654 4789 3764 4843 dico
3801 4785 3886 4844 tiéi:

2321 4889 2420 4943 nisi
2446 4889 2559 4958 quis
2580 4885 2787 4941 renatus
2815 4885 2972 4958 fuerit
2989 4901 3052 4940 ex
3080 4901 3216 4956 aqua
3258 4893 3306 4938 et
3343 4881 3560 4952 Spiritu
3587 4893 3782 4950 sancto,
3817 4893 3886 4931 ne:

2323 4995 2484 5056 potest
2513 4983 2728 5038 introire
2753 4981 2808 5035 in
2839 4997 3050 5052 regnum
3083 4977 3184 5032 Dei
3208 4975 3393 5050 (Joan.
3426 4991 3512 5044 tu,
3549 4975 3634 5049 5).
3677 4977 3740 5032 Et
3763 4973 3886 5028 alibi:

2323 5083 2506 5147 Amen,
2554 5063 2704 5132 amen
2731 5075 2846 5129 dico
2884 5071 3058 5139 vobis;
3088 5071 3132 5126 si
3169 5057 3296 5142 quid
3327 5069 3586 5140 petieritis
3623 5087 3658 5123 α
3695 5067 3888 5122 Petrei:

2324 5171 2530 5228 nomine
2569 5185 2701 5236 meo,
2745 5167 2886 5222 dabit
2933 5165 3076 5220 vobis
3107 5161 3286 5235 (Joan.
3319 5161 3440 5226 xvi,
3487 5161 3612 5232 ‘23).
3645 5159 3888 5215 Abundant

2322 5267 2432 5322 duo
2451 5264 2719 5335 exempla;
2743 5261 2950 5332 reliqua
2971 5271 3100 5313 vero
3122 5257 3166 5310 si
3184 5258 3306 5326 quis
3331 5254 3646 5326 quaesierit,
3675 5249 3886 5308 inveniet.

2316 5435 2446 5490 tare,
2476 5431 2584 5480 etc.
2609 5420 2717 5478 Sed
2759 5419 2937 5491 aptius
2967 5416 3036 5472 ad
3064 5415 3388 5491 allegoriam
3428 5429 3597 5491 supra
3633 5413 3888 5491 instituisti:

2317 5481 2514 5566 reliqui
2547 5511 2750 5549 tuss....
2787 5481 3072 5570 inequitare
3105 5481 3206 5542 non
3237 5485 3432 5570 potuit.
3458 5485 3572 5569 βία
3597 5495 3772 5570 autem
3803 5481 3890 5570 olli:

2321 5581 2404 5626 ter
2426 5557 2852 5641 ubserva,_quod
2874 5557 2988 5641 jam
3021 5576 3182 5641 supra
3211 5559 3634 5641 adnotavimus,
3658 5557 3886 5641 diabolum

2319 5641 2386 5696 ab
2441 5631 2742 5696 Ambrosid
2795 5631 2995 5708 passim
3055 5631 3358 5704 peceatoris
3399 5631 3796 5699 nuncupatione
3835 5631 3888 5680 si-

2313 5729 2570 5840 gllgrlllss.
2635 5782 2877 5860 aliquot,
2929 5779 2993 5836 ab
3045 5777 3188 5832 omni
3242 5777 3590 5860 corruptione
3647 5771 3888 5848 generata

2319 5857 2399 5917 nis
2415 5897 2431 5930 ,
2457 5865 2564 5920 etc.
2736 5857 2741 5878 ‘
