4008 6352
570 329 713 389 1087

1916 328 2161 389 SANCTI
2199 332 2523 392 AMBROSII

3766 341 3870 398 {088

574 448 729 503 tltara
753 458 961 505 sanctus
990 447 1157 503 Israel
1180 464 1198 504 :
1219 446 1515 521 gaudebunt
1541 446 1677 502 labia
1706 463 1843 513 mea,
1870 463 1985 502 cum
2002 458 2182 505 canta-
2205 455 2261 518 Α
2286 450 2383 508 illa
2411 465 2516 507 vox
2548 450 2838 523 Propheta:
2882 461 2968 509 est
2994 467 3119 523 quae
3172 451 3244 507 ad
3283 450 3466 507 Deum
3498 454 3764 522 pervenit,
3785 472 3870 529 qu

576 556 696 597 vero
725 542 816 598 tibi
834 536 854 608 ξ
895 551 942 597 et
980 541 1152 595 anima
1179 557 1313 606 mea,
1342 556 1500 612 quam
1542 540 1806 596 redemisti
1838 539 2009 614 (Psal.
2042 558 2173 611 ιη,

575 632 647 690 24
674 644 721 688 et
746 632 862 704 25).
903 634 1103 689 Paulus
1130 634 1204 688 ait
1250 634 1319 689 de
1360 648 1457 689 se:
1492 631 1648 687 Foris
1688 650 1896 707 pugnis,
1943 636 2085 690 intus
2115 636 2180 691 ti-

579 744 745 783 mores
774 726 841 799 (ll
869 726 991 784 Cor.
1030 743 1126 797 vtt,
1168 726 1246 801 5).
1282 727 1378 783 Hic
1420 736 1477 784 et
1520 729 1665 783 intus
1693 738 1747 783 et
1774 728 1906 784 foris
1934 730 2130 800 gaudet
2163 749 2177 786 :

577 820 783 877 sedille
817 821 995 877 adhuc
1017 822 1069 876 in
1093 822 1419 888 certamine,
1440 822 1542 877 iste
1581 823 1633 877 in
1663 821 1987 903 remi~sione
2012 840 2027 889 ;
2052 825 2179 895 quia

577 913 1009 985 redemptionem
1041 916 1238 971 animat
1268 931 1381 971 sure
1430 931 1490 971 se
1522 917 1790 973 meruisse
1824 926 2179 988 cognoverat.

579 1010 683 1079 Qui
715 1010 920 1081 ps:tllit,
974 1010 1027 1068 in
1059 1011 1246 1067 laetitia
1293 1021 1377 1067 est
1411 1029 1425 1065 :
1458 1012 1550 1084 qui
1584 1012 1841 1078 luctatur,
1893 1012 1945 1067 iu
1979 1012 2183 1068 sollici-

577 1103 787 1159 tudine.
822 1103 1017 1160 Verum
1047 1113 1103 1160 et
1135 1106 1331 1159 Paulus
1362 1106 1571 1160 sciebat
1594 1106 1865 1177 psallere:
1888 1105 1981 1161 sed
2004 1106 2186 1163 adhuc

577 1210 639 1251 se
668 1196 1017 1266 processibus
1064 1198 1402 1263 reservabat,
1451 1213 1573 1253 cum
1613 1199 1752 1254 foret
1782 1198 2000 1269 plenius
2026 1215 2182 1255 cum-

577 1288 862 1360 probatus,
890 1298 948 1344 ttt
988 1290 1279 1360 psalleret;
1324 1300 1379 1345 et
1410 1290 1535 1346 ideo
1564 1291 1739 1346 dixit:
1775 1290 1948 1347 Orabo
1974 1294 2180 1365 spiritu,

581 1383 737 1438 orabo
779 1394 831 1440 et
876 1395 1044 1440 mente
1074 1402 1091 1440 :
1121 1386 1342 1457 psallam
1384 1386 1598 1457 spiritu,
1648 1387 1874 1456 psallam
1923 1396 1973 1442 et
2016 1397 2183 1444 mente

579 1474 626 1547 (Ι
657 1472 778 1533 Cor.
809 1492 919 1545 stv,
952 1476 1065 1548 15).

650 1568 741 1624 4t.
776 1570 844 1625 Et
871 1572 995 1641 quia
1026 1571 1306 1642 geminum
1349 1571 1617 1643 psallendi
1650 1572 1890 1628 ofﬁcium
1932 1572 2189 1630 demons-

581 1664 765 1727 travit,
799 1665 1074 1734 geminam
1117 1680 1334 1737 quoque
1363 1680 1553 1722 vocem
1600 1680 1723 1722 esse
1748 1666 2029 1737 Scriptura
2059 1666 2191 1724 edo—

579 1756 713 1823 cuit,
749 1756 1021 1827 PrOpheta
1052 1757 1271 1815 dicente
1297 1776 1310 1813 :
1349 1758 1487 1815 Voce
1516 1776 1630 1816 mea
1658 1761 1728 1814 ad
1773 1758 2056 1817 Dominum
2082 1763 2191 1817 cla-

2281 555 2499 601 tacente
2529 545 2734 619 Moyse,
2768 546 3023 603 clamavit
3051 547 3120 602 ad
3149 545 3466 601 Dominum
3498 563 3512 599 :
3544 562 3651 618 qua
3682 550 3871 609 etiaqu

2281 639 2622 695 orationibus
2666 641 2781 695 suis
2808 644 2961 696 Anna
2991 642 3301 707 clamabat,
3338 656 3471 695 cum
3510 641 3628 696 oris
3670 644 3745 698 sui
3771 646 3871 703 ista

2282 747 2390 787 non
2424 742 2699 798 moi'eret;
2748 743 2805 788 et
2842 732 3158 804 impetravit
3192 734 3405 798 tilium,
3451 749 3619 804 quem
3662 748 3775 792 ante
3810 740 3873 796 diu

2283 842 2389 879 non
2423 824 2835 895 impetraverat.
2875 840 2999 881 cum
3029 826 3290 897 corporis
3320 840 3470 881 voce
3498 827 3793 883 clamasset.
3821 831 3871 889 [te

2281 915 2385 972 hac
2413 933 2546 974 voce
2576 918 2713 973 dixit
2744 919 3005 974 Dominus
3042 937 3055 973 :
3086 918 3165 973 Tu
3212 928 3401 974 autem
3449 935 3576 973 cum
3616 937 3748 986 oras,
3773 923 3870 977 intr;

2286 1012 2339 1065 in
2365 1011 2659 1065 cubiculum
2688 1023 2852 1077 tuum,
2884 1022 2930 1066 et
2956 1006 3133 1067 clauso
3164 1013 3330 1080 ostio,
3381 1028 3484 1066 ora
3519 1011 3729 1067 Patrem
3750 1027 3868 1085 tua,

2287 1109 2375 1179 qui
2400 1117 2474 1162 est
2502 1110 2553 1162 in
2583 1110 2889 1163 abscondito
2922 1125 2940 1163 .'
2969 1118 3016 1161 et
3062 1106 3226 1162 Pater
3275 1118 3406 1162 tuus
3437 1108 3535 1177 qui
3560 1108 3692 1162 videt
3718 1109 3765 1162 is
3796 1111 3872 1165 sbs-

2290 1201 2516 1265 condito,
2548 1200 2728 1257 reddet
2771 1201 2863 1255 tibi
2891 1200 3113 1270 (Matth.
3147 1217 3223 1267 vt,
3256 1200 3342 1270 6).
3385 1200 3543 1270 Quid
3588 1212 3673 1255 est
3702 1204 3870 1260 reddet?

2291 1293 2405 1348 lloc
2433 1304 2538 1360 est,
2568 1294 2711 1365 quod
2734 1295 3055 1364 deprecatus
3083 1310 3166 1361 es,
3192 1294 3349 1365 quod
3381 1296 3589 1349 orasti.
3613 1293 3867 1351 Sicutenia

2291 1398 2609 1459 peccatores
2637 1387 2707 1443 de
2748 1403 2909 1443 manu
2958 1388 3178 1444 Domini
3230 1388 3538 1459 recipiunt
3570 1399 3777 1458 peccata
3810 1408 3867 1445 sm

2290 1483 2528 1555 duplicia
2553 1502 2567 1551 ;
2594 1483 2669 1537 ita
2691 1498 2721 1539 e
2745 1482 3170 1555 contrariojusti
3198 1492 3225 1520 ι
3258 1484 3560 1554 recipiunt
3586 1500 3709 1539 cum
3735 1486 3868 1541 δεθείς,

2295 1577 2519 1647 propria
2572 1576 2866 1646 postulata.
2921 1576 3062 1631 Audi
3114 1576 3412 1648 quomodo
3464 1576 3752 1647 recipiant.
3805 1582 3868 1632 As-

2292 1670 2476 1725 cendit
2501 1671 2678 1725 oratio
2708 1678 2796 1725 tua
2826 1670 2891 1725 ad
2925 1670 3119 1737 Deum,
3153 1679 3211 1725 et
3239 1669 3557 1725 descendit
3582 1671 3650 1725 ad
3682 1679 3748 1726 te.
3767 1670 3867 1729 Uade

2292 1775 2346 1820 et
2376 1766 2425 1820 in
2458 1765 2671 1836 psalmo
2699 1765 2929 1835 legimus
2960 1782 2974 1819 :
3012 1764 3077 1820 Et
3109 1766 3283 1820 oratio
3325 1781 3454 1819 mea
3478 1765 3540 1818 in
3570 1766 3733 1819 sinum
3759 1783 3868 1821 mm

582 1850 740 1917 mani,
792 1862 838 1905 et
865 1867 965 1906 vox
1017 1868 1130 1907 mea
1176 1854 1243 1908 ad
1271 1851 1463 1922 Deum,
1511 1862 1559 1910 et
1588 1855 1808 1911 intendit
1848 1857 1977 1910 mihi
2007 1855 2185 1930 (Psal.
2220 1894 2269 1956 Β
2295 1868 2609 1913 convertetnr
2634 1857 2808 1930 (Psal.
2837 1874 3025 1925 xxxiv,
3059 1859 3189 1930 l5);
3222 1866 3287 1913 ut
3322 1857 3583 1913 fructum
3613 1860 3800 1914 scilicet
3818 1877 3869 1915 [εις

585 1958 771 2013 LXXVI,
800 1944 876 2009 2).
915 1945 1055 2013 Quid
1087 1957 1169 2003 est
1215 1949 1374 2004 mea?
1406 1948 1589 2005 Potuit
1630 1954 1774 2005 enim
1802 1951 1987 2007 dicere
2020 1969 2032 2005 :
2064 1951 2191 2007 Cla-

587 2038 729 2092 mavi
756 2038 822 2093 ad
854 2037 1167 2095 Dominum.
1199 2040 1303 2097 Sed
1328 2057 1449 2113 qute
1473 2052 1659 2098 nostra
1688 2052 1774 2099 est
1800 2059 1903 2099 vox
1921 2044 2062 2111 °,nisi
2090 2044 2191 2099 ista

585 2148 707 2204 quas
734 2135 929 2191 melior
958 2144 1063 2201 est,
1094 2152 1219 2207 qua:
1245 2138 1421 2193 nescit
1450 2138 1674 2194 errare?
1718 2137 1854 2194 Nam
1891 2154 1957 2195 ex
2008 2138 2194 2194 multi-

586 2224 769 2296 loquio
786 2238 1075 2298 peccatum
1098 2229 1446 2297 incurrimus,
1466 2240 1523 2287 et
1543 2232 1716 2289 vitare
1740 2247 1847 2288 non
1872 2247 2188 2304 possumus.

2296 1952 2435 2008 lerat
2463 1952 2780 2023 postulanti.
2803 1949 3117 2007 Benedictus
3139 1949 3425 2005 Dominus
3451 1949 3605 2006 Deus
3634 1950 3793 2017 Israel,
3812 1956 3868 2022 qa’

2294 2056 2439 2103 tanta
2473 2047 2633 2102 nobis
2662 2045 2879 2115 aperuit
2910 2046 3165 2119 mysteria
3200 2063 3215 2100 :
3248 2063 3284 2099 a
3332 2047 3569 2111 siccato,
3616 2058 3659 2101 et
3688 2048 3736 2099 in
3760 2064 3869 2101 sets-

2295 2141 2442 2207 lunt;
2473 2140 2524 2197 id
2565 2150 2669 2207 est,
2700 2156 2773 2197 ex
2815 2141 3025 2198 inﬁnito
3055 2142 3110 2196 in
3142 2140 3449 2197 inﬁnitum
3487 2158 3500 2195 :
3533 2138 3685 2209 Fiat,
3709 2140 3800 2211 ﬁat.

659 2369 685 2398 ἰ
706 2359 783 2417 Ita
812 2378 944 2420 mss.
971 2377 1187 2422 omnes.
1218 2364 1364 2422 Edit.
1394 2381 1549 2436 vero,
1580 2368 1835 2441 recipiunt
1861 2384 1979 2424 cum
1999 2367 2184 2437 eﬂ'ectu
2214 2342 2424 2441 propria
2454 2368 2728 2441 (quaedam
2751 2368 2949 2436 Paris,
2978 2370 3217 2443 proprio)
3247 2369 3570 2440 postulata.

598 2496 629 2521 τ

645 2500 3847 2526 W

1271 2618 1397 2733 IN
1467 2618 2043 2705 PSALMUM
2116 2620 2417 2703 XLIII
2494 2600 3229 2707 ENARRATIO.

660 2886 824 2961 885
854 2890 906 2944 1.
935 2885 1115 2961 (Vers.
1151 2889 1230 2960 1.)
1260 2887 1461 2944 Psalmi
1492 2890 1679 2948 titulus
1706 2898 1828 2945 est:
1861 2888 1928 2943 In
1956 2888 2109 2957 finem
2137 2887 2203 2957 ﬁ-

590 2984 677 3038 liis
707 2982 835 3038 Core
867 2983 1174 3038 intellectus.
1205 2981 1309 3041 Ubi
1338 2984 1606 3055 passionis
1634 2984 1961 3049 Dominicaa,
1992 2992 2046 3039 et
2070 2983 2203 3051 bap-

594 3077 857 3145 tismatis,
888 3086 943 3132 et
971 3078 1324 3149 ingreSsionis
1353 3077 1418 3133 ad
1456 3080 1629 3134 altare
1663 3087 2071 3133 sacrosanctum
2106 3076 2201 3131 de-

594 3186 749 3226 cursa
789 3172 1047 3244 mysteria
1083 3181 1238 3235 sunt,
1277 3170 1436 3227 docet
1471 3181 1696 3228 sanctus
1732 3172 1996 3243 propheta
2032 3169 2199 3225 David

595 3266 1048 3337 quemadmodum
1089 3267 1355 3322 athletam
1382 3282 1539 3323 suum
1562 3310 1575 3333 ,
1605 3268 1759 3337 cujus
1789 3280 1987 3322 nomen
2017 3278 2197 3322 tenea-

598 3369 685 3413 tur
726 3360 778 3413 itt
824 3374 998 3430 agone
1042 3373 1388 3427 sanctorum,
1436 3360 1684 3416 Christus
1729 3368 2002 3416 exerceat.
2048 3358 2199 3415 Sicut

570 3452 742 3507 .enint
789 3454 906 3509 sine
955 3452 1138 3509 labore
1183 3461 1389 3520 nostro,
1439 3469 1545 3509 non
1573 3470 1637 3509 ex
1670 3454 1963 3523 operibus,
1994 3453 2086 3509 sed
2131 3469 2197 3508 ex

596 3544 702 3601 ﬁde
729 3560 824 3615 per
848 3546 1076 3616 gratiam
1117 3560 1268 3599 suam
1306 3545 1463 3601 nobis
1499 3557 1716 3615 peccata
1753 3545 2004 3609 donavit,
2041 3554 2095 3601 et
2130 3546 2198 3600 ad

596 3649 818 3691 corona:
847 3636 1161 3706 petitionem
1190 3636 1701 3707 indulgentissimus
1729 3653 1827 3692 nos
1854 3648 1907 3692 et
1935 3638 2199 3709 benignus

599 3726 851 3796 admisit,
888 3744 988 3784 nec
1032 3730 1312 3799 superiora
1362 3731 1518 3785 nobis
1559 3729 1687 3786 fecit
1730 3730 1927 3786 obesse
1964 3728 2195 3798 ﬂagitia,

598 3805 791 3891 quibus
822 3830 973 3877 tanto
1005 3823 1303 3879 certamine
1334 3823 1704 3892 judicaremur
1735 3824 1937 3894 indigni
1974 3823 2201 3897 (Quaeri-

600 3923 690 3969 tur
706 3915 851 3971 enim
874 3916 1038 3971 etiam
1069 3916 1120 3972 in
1154 3917 1217 3973 iis
1246 3918 1376 3988 qui‘I
1397 3917 1624 3973 lustrale
1651 3928 1924 3973 certamen
1943 3919 2043 3974 hoc
2071 3918 2196 3973 suh~

597 4018 759 4075 euut,
787 4010 955 4066 etiam
981 4008 1269 4080 disciplina
1297 4011 1583 4080 vivendi),
1622 4013 1694 4066 ita
1733 4027 1920 4067 rursus
1946 4028 2013 4067 ne
2050 4022 2197 4067 tanta

597 4102 1267 4177 peccatorutndonatione
1296 4104 1554 4171 reSnInti,
1593 4105 1643 4159 in
1678 4104 1959 4175 superiora
2000 4103 2198 4176 ﬂagitia

596 4197 681 4251 vel
709 4196 968 4252 desidiam
999 4207 1358 4263 revertamur,
1396 4197 1633 4267 psalmus
1672 4198 1773 4251 iste
1812 4212 1911 4251 nos
1944 4197 2202 4250 admonet

598 4288 766 4344 multa
805 4290 987 4353 nobis,
1023 4299 1079 4345 et
1113 4289 1295 4361 gravia
1324 4292 1623 4345 certamina
1654 4286 2111 4361 esse‘pruposita;
2145 4298 2202 4344 ut

600 4397 764 4437 nemo
792 4383 895 4437 nisi
921 4384 1013 4455 qui
1044 4384 1285 4454 legitime
1335 4385 1659 4453 certaverit,
1692 4397 2007 4442 coronetur.
2060 4384 2201 4441 Lue-

600 4475 819 4531 tandum
845 4486 928 4531 est
966 4478 1129 4549 igitur
1165 4480 1428 4534 adversus
1462 4482 1644 4535 carnis
1681 4462 1841 4548 hujus
1881 4480 2199 4546 illecebras,

598 4578 654 4625 et
688 4568 957 4626 fervorem
987 4573 1305 4644 sanguinis:
1336 4572 1645 4628 luctandum
1683 4582 1769 4627 est
1802 4572 2064 4628 adversus
2101 4588 2199 4627 ne-

598 4663 795 4733 quitias
830 4665 1122 4734 spiritales.
1165 4664 1335 4721 Nemo
1360 4665 1577 4737 gravior
1603 4666 1908 4721 domestico
1935 4666 2199 4722 adversa-

596 4758 679 4813 rio
703 4778 717 4812 :
746 4774 906 4815 uento
921 4761 1205 4816 nocentior
1233 4762 1387 4815 hoste
1414 4775 1501 4822 eo.
1529 4761 1615 4815 cui
1638 4757 1666 4798 ι’
1692 4760 2198 4817 cmlestissubstan-

597 4854 684 4908 tiae
715 4856 947 4925 potentia
984 4854 1325 4927 suffragatur.
1363 4854 1497 4910 Cum
1524 4855 1649 4911 dtco
1675 4871 1856 4922 nemo,
1880 4854 2045 4910 divini
2084 4870 2199 4911 me-

601 4960 783 5003 mento
810 4949 1081 5006 sermonis
1103 4991 1119 5017 ,
1151 4926 1260 5021 (ιυό
1283 4949 1418 5004 dixit
1450 4951 1707 5005 Dominus
1734 4969 1746 5005 :
1782 4950 1915 5017 Quia
1942 4952 2111 5021 major
2134 4966 2199 5005 ea:

600 5045 733 5098 natis
766 5046 997 5100 mulieris
1025 5044 1233 5102 Joanne
1256 5044 1494 5117 Baptista
1524 5060 1675 5099 nemo
1703 5043 1929 5119 (Matth.
1961 5060 2051 5111 x1,
2082 5041 2197 5116 11).

671 5192 696 5221 ει
736 5182 1000 5240 Solebant
1038 5194 1257 5242 veteres
1295 5186 1487 5241 diebus
1525 5186 1761 5241 lustricis
1784 5228 1797 5252 ,
1832 5185 1882 5240 id
1914 5196 2032 5251 est,
2065 5186 2185 5255 qni-

598 5256 700 5312 bus
731 5259 857 5311 urbs
886 5258 1063 5327 aliqua
1096 5259 1265 5313 sacris
1295 5259 1561 5328 piabitur.
1598 5258 1751 5313 ludos
1792 5272 1854 5311 ac
1892 5259 2188 5314 certamina

599 5329 902 5384 celebrare.
948 5329 1063 5384 lloc
1100 5329 1415 5400 inteltigitur
1443 5346 1509 5385 ex
1542 5329 1747 5386 Seneca
1782 5329 1835 5383 in
1868 5330 2067 5384 Ti-oad.
2103 5330 2192 5384 tibi

600 5402 687 5474 sic
711 5403 877 5456 habes
902 5418 916 5453 ι
946 5418 1037 5455 nec
1064 5410 1197 5456 stato
1225 5404 1375 5457 lustri
1401 5402 1484 5457 die
1510 5444 1522 5455 .
1554 5441 1567 5455 .
1600 5442 1614 5457 .
1649 5442 1664 5457 .
1698 5444 1711 5455 .
1740 5418 1866 5474 puer
1894 5403 2073 5455 citatas
2103 5419 2195 5456 no-

600 5472 717 5556 bilis
744 5484 936 5556 turmas
964 5491 1103 5556 ages.
1132 5475 1284 5556 Quod
1326 5488 1508 5556 autem
1552 5476 1619 5529 de
1657 5472 1872 5556 vivendi
1911 5474 2195 5556 disciplina

602 5544 934 5617 adiungitur,
992 5544 1047 5617 id
1096 5549 1286 5601 eodem
1341 5548 1612 5616 pertinet,
1653 5563 1762 5617 quo
1803 5544 1935 5600 illud
1981 5545 2126 5617 Pauli
2178 5544 2197 5617 l

601 5616 738 5690 Cor.
764 5631 848 5683 ιχ,
872 5616 945 5671 25
974 5634 987 5671 :
1025 5616 1206 5671 Omnis
1229 5615 1403 5673 autem
1429 5621 1515 5688 qui
1540 5622 1593 5673 in
1620 5615 1785 5690 agone
1813 5615 2072 5671 contendit
2095 5658 2109 5683 ,
2136 5615 2200 5670 ab

602 5688 839 5742 omnibus
891 5704 945 5741 se
996 5690 1261 5753 abstinet;
1321 5692 1605 5761 tttrobique
1655 5688 1806 5746 enim
1862 5690 2203 5759 signiﬁcatur

602 5761 733 5814 olim
779 5775 1024 5815 severam
1067 5762 1391 5817 athletarum
1443 5765 1606 5817 tuisse
1652 5762 1864 5817 vivendi
1913 5761 2199 5815 ralinttettt.

602 5831 675 5885 Ea
704 5831 773 5904 de
800 5847 858 5886 re
886 5843 1060 5887 exstat
1082 5834 1197 5887 haec
1230 5836 1521 5901 pra-ceptio
1546 5834 1774 5900 Epicteti
1797 5876 1812 5901 ,
1849 5833 2063 5888 Encltir.
2096 5832 2158 5887 λε’
2186 5851 2199 5885 :

605 5910 690 5955 Δεῖ
707 5920 763 5956 σε
797 5905 1079 5972 εὐτακτεῖν,
1120 5906 1522 5976 ἀναονκοτροφεῖν,
1556 5906 1856 5975 ἀπέχεσθαι
1895 5906 2202 5975 πεμμάτων,

2306 2884 2441 2941 Nam
2469 2885 2561 2958 qui
2589 2896 2745 2943 natus
2771 2896 2855 2944 est
2880 2904 2946 2944 ex
2971 2887 3195 2961 Virgine
3217 2932 3231 2956 ,
3265 2892 3399 2963 ipse
3428 2908 3606 2964 super
3630 2908 3796 2949 omnes
3813 2906 3874 2949 est.

2306 2978 2373 3033 Et
2402 2978 2525 3035 ideo
2551 2983 2819 3035 neminem
2847 2998 3153 3046 vereamur,
3186 2983 3285 3055 qui
3321 2986 3625 3043 Christum
3652 2987 3873 3047 habemus;

2304 3074 2562 3143 quoniam
2589 3073 2633 3127 si
2655 3072 2903 3129 Christus
2932 3089 3031 3144 pro
3058 3076 3238 3141 nobis,
3266 3076 3407 3147 quis
3433 3088 3642 3135 contra
3669 3081 3877 3135 nosmet-

2306 3171 2483 3220 temus
2516 3180 2646 3237 ergo
2681 3182 2851 3237 usque
2886 3168 2953 3223 ad
2993 3168 3194 3234 linem;
3230 3180 3289 3223 ut
3319 3174 3627 3228 evacuatis
3656 3174 3877 3239 omnibus,

2304 3273 2429 3331 qua:
2456 3259 2718 3315 adversus
2743 3259 2927 3316 Jesum
2954 3271 3010 3316 et
3036 3261 3251 3316 Domini
3283 3265 3650 3322 voluntatem
3678 3268 3725 3321 in
3754 3277 3879 3320 nostra

2304 3362 2429 3409 ante
2455 3369 2688 3423 corpore
2713 3354 3046 3421 militabant,
3086 3371 3233 3410 verte
3268 3360 3577 3413 exercitiis
3618 3360 3805 3413 virtutis
3830 3360 3878 3411 ia-

2303 3448 2461 3515 tenti,
2486 3448 2584 3503 soli
2610 3448 2723 3503 Deo
2754 3459 2938 3503 nostro
2962 3458 3017 3503 et
3041 3448 3269 3503 Domino
3294 3451 3651 3507 serviamus.
3681 3453 3766 3507 llic
3784 3453 3875 3507 enim

2304 3542 2458 3608 linis,
2499 3552 2554 3595 ut
2595 3543 2856 3611 scriptum
2886 3550 2969 3597 est
2996 3563 3009 3597 :
3051 3539 3311 3596 Primitiae
3341 3543 3603 3599 Christus
3634 3584 3651 3599 .
3680 3585 3693 3599 .
3725 3589 3735 3599 .
3763 3587 3775 3599 .
3800 3585 3809 3596 .
3830 3545 3876 3596 de-

2301 3635 2423 3689 inde
2451 3636 2602 3703 ﬁnis,
2644 3652 2761 3689 cum
2801 3635 3070 3688 tradiderit
3108 3652 3324 3707 regnum
3356 3634 3479 3692 Deo
3506 3650 3560 3693 et
3594 3638 3775 3705 Patri;
3806 3655 3875 3691 ria

2302 3730 2620 3786 evacuaverit
2650 3746 2850 3784 omnem
2886 3728 3243 3800 Principatum
3274 3741 3325 3786 et
3361 3734 3702 3789 Potestatem
3734 3743 3777 3789 et
3806 3732 3876 3784 γέμ

2302 3833 2462 3877 tatem
2494 3865 2507 3878 .
2539 3862 2553 3877 .
2584 3864 2602 3877 .
2635 3863 2648 3875 .
2679 3833 2735 3878 ut
2764 3840 2899 3877 mors
2929 3823 3205 3877 novissima
3256 3824 3581 3880 destruatur
3611 3826 3657 3900 (Ι
3683 3825 3788 3882 Cor.
3814 3841 3871 3887 xI,

2300 3915 2372 3970 25
2397 3925 2444 3968 et
2472 3914 2635 3985 seq.),
2666 3925 2721 3969 et
2750 3915 3069 3986 incipiamus
3098 3914 3211 3971 Deo
3240 3931 3369 3971 esse
3395 3918 3648 3984 subjecti
3672 3960 3689 3985 ,
3713 3934 3871 3988 regem

2303 4008 2354 4062 in
2406 4008 2562 4062 nobis
2604 4007 2831 4063 cmleste
2876 4016 3193 4073 servantes,
3246 4008 3340 4064 ubi
3373 4019 3668 4067 eratante
3698 4010 3871 4065 cottana

2302 4112 2673 4170 peccaturum.

2373 4192 2427 4248 9..
2471 4194 2662 4248 Merito
2700 4208 2874 4263 ergo:
2926 4192 2989 4248 In
3035 4194 3191 4263 ﬁnem
3237 4194 3367 4264 ﬁliis
3407 4193 3552 4251 Core
3595 4197 3868 4257 intellectu,

2303 4288 2543 4360 psalmus
2575 4289 2925 4353 inscribitur;
2960 4299 3018 4345 ut
3058 4290 3109 4344 in
3150 4305 3217 4344 eo
3247 4292 3651 4361 cognoscendo
3678 4308 3773 4347 non
3796 4292 3869 4345 Iul-

2301 4384 2446 4457 garis
2476 4383 2712 4445 auditus.
2747 4383 2841 4439 sed
2875 4384 3182 4439 intellectus
3212 4385 3480 4453 Spiritalis
3509 4397 3781 4457 operetur.
3805 4386 3868 4439 De-

2303 4478 2465 4548 nique
2494 4476 2687 4545 Aquila
2717 4478 2973 4548 psalmum
3003 4477 3295 4545 disciplina:
3327 4479 3532 4546 posuit.
3573 4478 3646 4533 Et
3680 4478 3786 4532 ideo
3810 4476 3868 4531 tibi

2302 4570 2435 4625 dicit
2456 4569 2737 4639 Scriptura
2768 4587 2781 4623 :
2808 4568 2887 4622 Du
2908 4569 2961 4622 in
2983 4570 3314 4639 disciplinam
3333 4585 3423 4623 cor
3439 4581 3595 4623 tuum
3616 4588 3637 4636 ;
3660 4586 3796 4624 aures
3809 4586 3869 4621 ss-

2306 4678 2403 4721 tem
2420 4678 2532 4721 tuas
2547 4683 2785 4739 pra'para
2803 4665 3125 4720 sermonibus
3137 4664 3623 4735 intellectus(Proa.
3647 4664 3866 4733 :1th23.

2309 4760 2375 4815 Et
2400 4758 2560 4814 alibi:
2588 4757 2764 4830 Dilige
2788 4759 3090 4830 sapientiam
3116 4768 3161 4810 et
3188 4757 3526 4824 disciplinam
3556 4756 3739 4830 (Prae.
3762 4774 3798 4826 ι,
3817 4758 3867 4825 3}.

2308 4853 2578 4921 Sapientia
2620 4861 2708 4909 est.
2742 4867 2866 4923 qua:
2895 4866 3087 4907 sensus
3116 4852 3349 4906 scaturit
3374 4869 3388 4904 :
3421 4851 3716 4923 disciplina
3743 4854 3785 4906 in
3808 4851 3869 4904 ha-

2305 4946 2604 5003 bitudinem
2637 4946 2925 5016 quamdam
2958 4954 3165 4999 natura:
3194 4943 3391 4998 cealita
3423 4944 3607 4998 forma
3640 4944 3869 5007 virtutum,

2308 5053 2363 5099 et
2394 5041 2589 5099 mentis
2620 5052 2642 5079 ο
2674 5043 2991 5098 continuata
3022 5038 3291 5094 sententia
3320 5038 3567 5095 scientiae
3600 5039 3869 5111 disciplinis.

2298 5185 2641 5271 γυμνάζξσθξκε
2678 5182 2807 5258 πρὸς
2844 5181 3078 5271 dindyma.
3103 5181 3155 5233 ἒν
3190 5179 3310 5267 ’ὥρᾳ
3347 5180 3661 5271 cesar/idm,
3705 5182 3751 5235 ἐν

2302 5251 2459 5331 italu,
2495 5257 2547 5309 ἒν
2572 5251 2772 5327 ψύχεὶ,
2803 5259 2873 5326 μὴ
2902 5251 3113 5331 ψὺχρὸν
3143 5251 3335 5331 niuem,
3362 5257 3433 5322 μή
3464 5251 3634 5331 circa,
3666 5262 3763 5306 etc.
3792 5251 3870 5331 lion

2304 5323 2595 5382 ἱιιεκίιιιίιίη⁷
2633 5323 2872 5394 ι’ὁρυῐδιύε
2917 5323 3063 5392 έψηὶι
3113 5325 3403 5377 Arrianutn
3449 5326 3545 5377 lib.
3586 5337 3670 5387 nt,
3723 5323 3872 5391 quibus

2308 5400 2476 5454 addas
2527 5400 2650 5453 licet
2702 5414 2822 5468 mue
2881 5395 3138 5451 Horatius
3193 5394 3291 5449 lib.
3326 5394 3392 5448 de
3445 5398 3572 5448 Arte
3624 5395 3805 5464 poetica
3837 5394 3869 5446 in

2309 5471 2450 5527 hanc
2489 5486 2601 5524 rem
2642 5471 2851 5524 scribit.

2380 5542 2407 5582 δ
2438 5542 2746 5599 Snbstantia
2776 5540 3100 5606 spiritalium
3133 5539 3500 5607 nequitiamm
3545 5537 3782 5593 cmlestis
3805 5536 3865 5589 hic

2310 5614 2509 5671 dicitur
2537 5630 2638 5683 per
2665 5612 3065 5683 oppositiunem
3094 5627 3215 5665 t-unt
3250 5614 3487 5683 ltutnaua
3515 5654 3526 5672 ,
3563 5626 3688 5679 qua:
3718 5620 3867 5683 terrei-

2312 5691 2411 5742 tris
2440 5680 2564 5747 est;
2601 5680 3002 5756 ista‘siquidem
3033 5682 3211 5738 fuerat
3243 5686 3294 5737 in
3335 5682 3481 5737 coelo
3523 5694 3741 5747 creata,
3770 5680 3869 5734 uide

2310 5760 2527 5815 cecidit.

2388 5840 2409 5869 ο
2440 5832 2686 5898 Quinque
2707 5828 2848 5887 Gali.
2874 5827 3021 5891 cod.,
3046 5827 3357 5898 conﬁrmata
3383 5828 3661 5897 sententia.
3689 5824 3869 5881 Scienti:

2314 5911 2384 5955 est
2428 5894 2716 5972 disriplinis
2759 5900 3043 5968 intelligere
3085 5901 3237 5953 etiam
3277 5894 3555 5954 obscurum
3598 5894 3864 5955 sermonem.
