4008 6352
72 340 112 394 1
126 340 261 399 089

1234 334 1303 394 IN
1343 330 1671 393 PSALMUM
1709 328 1894 391 XLIII.
1938 332 2357 392 ENARRA'I‘IO.

3294 332 3434 393 £090

65 450 427 526 Intelligere
454 468 669 533 quoque
692 452 985 509 obscurum
1013 462 1320 507 sermonem
1346 460 1511 518 atque
1535 448 1728 503 dictio-
1754 450 1807 511 Α
1839 450 1939 516 Qui
1969 451 2115 505 liabet
2144 467 2295 506 aures
2318 450 2568 506 audiendi
2590 493 2605 517 ,
2635 450 2815 506 audiat
2844 451 2991 523 (Luc.
3016 465 3143 518 VIII,
3170 450 3269 523 8)?
3296 451 3432 506 Sititt

72 560 248 600 lium
302 548 645 618 prudentiam
687 555 741 601 et
777 545 1060 615 aenigmata
1102 540 1728 609 ProverbiorumScrip-

74 646 239 693 tura
276 656 376 693 nos
416 640 602 694 docuit
630 638 777 708 (Ibid
805 642 822 709 )
848 678 864 703 ,
895 639 1049 706 cujus
1076 636 1402 690 auctoritate
1427 633 1531 689 coll
1554 635 1730 705 gintus

76 729 217 786 Isas
269 732 578 804 prudentia:
629 731 1300 804 principalesmesse
1345 730 1614 793 virtutes;
1664 741 1733 782 eo

76 826 265 895 quod
298 828 564 893 sapientia
596 840 811 894 semper
858 826 1012 896 quasi
1063 840 1235 877 mater
1277 821 1503 878 fecunda
1550 834 1732 891 partu-

80 920 267 987 riat,
302 920 589 991 disciplina
634 924 785 990 quasi
828 918 1069 974 severior
1108 918 1363 988 magistra
1404 916 1735 987 distringat,

84 1012 437 1068 intellectus
474 1012 629 1083 quasi
670 1013 903 1082 diligens
943 1012 1201 1079 σμιςεειιοι·
1240 1006 1517 1075 inveniat,
1545 1017 1602 1064 et
1644 1022 1735 1063 ve-

88 1122 237 1161 ram
266 1105 574 1177 justitiam,
613 1106 987 1174 judiciutnque
1017 1103 1263 1157 rimetur.

193 1205 249 1260 '5.
285 1203 589 1258 Duceamus
621 1202 737 1256 haec
767 1196 938 1255 sacra:
971 1197 1294 1254 testimoniis
1326 1194 1596 1251 lectionis.
1630 1194 1733 1250 Sa-

95 1294 331 1367 pientia
358 1295 489 1350 dicit
514 1312 529 1349 :
561 1293 672 1363 Ego
692 1293 840 1364 quasi
869 1294 985 1362 fons
1014 1310 1041 1345 α
1070 1290 1332 1363 paradiso,
1356 1290 1465 1343 dixi
1490 1303 1509 1343 :
1534 1288 1735 1359 Rigabo

98 1407 299 1446 meum
328 1390 533 1445 hortum
565 1432 576 1445 .
606 1426 621 1443 .
656 1426 670 1441 .
697 1426 712 1442 .
740 1398 788 1443 et
819 1386 991 1441 adhuc
1021 1370 1311 1440 doctrinam
1337 1385 1484 1456 quasi
1514 1384 1736 1453 prophe-

97 1487 249 1541 tiam
282 1484 549 1553 eﬂ’uudam
579 1483 770 1555 (Eccli.
814 1498 963 1547 xxiv,
990 1483 1081 1544 41,
1111 1481 1181 1536 62
1204 1493 1248 1535 et
1273 1479 1390 1552 46).
1426 1490 1452 1517 ιι
1482 1478 1617 1535 Nam
1644 1494 1738 1547 ge-

99 1582 443 1636 nerationes
470 1593 598 1633 suas
628 1579 791 1633 menti
826 1577 1059 1632 hominis
1080 1618 1095 1644 ,
1128 1577 1161 1632 b
1200 1592 1301 1632 nos
1332 1576 1586 1631 videliiet
1613 1590 1739 1631 sen-

101 1693 221 1732 sus
244 1719 258 1742 ,
292 1674 447 1747 quasi
479 1675 564 1741 pia
597 1684 767 1728 mater
795 1672 1045 1728 infundit.
1076 1674 1276 1742 Accipe
1300 1672 1462 1726 etiam
1494 1670 1739 1725 testimo-

106 1770 217 1824 nia
248 1767 587 1835 disciplinae:
624 1764 765 1832 Fili,
809 1783 872 1821 ne
918 1766 1205 1836 neglexeris
1246 1765 1575 1835 disciplinam
1599 1761 1733 1831 Dei,

1836 543 1978 596 enim
2004 545 2169 617 887
2198 547 2288 615 qui
2315 560 2476 602 aures
2499 546 2729 612 habent,
2753 556 2809 602 et
2832 546 3021 601 audire
3042 544 3303 616 mysteria
3325 558 3431 597 non

1837 648 2091 705 possunt,
2122 640 2190 692 de
2218 638 2413 708 quibus
2442 639 2568 694 dicit
2600 638 2761 695 Jesus
2800 639 2852 693 in
2895 637 3227 693 reuelatione
3264 635 3434 693 Joan-

1836 730 1921 784 nis
1945 747 1958 783 :
1982 726 2153 784 Foras
2176 748 2329 787 canes
2351 742 2401 787 et
2428 732 2675 801 veneﬁcos
2693 742 2741 786 et
2770 731 3055 803 impudicos
3081 731 3267 803 (Apoc.
3296 745 3433 796 uti,

1838 820 1964 892 15);
1994 824 2188 893 quibus
2218 824 2543 894 ﬂagitiomm
2570 824 2836 895 cupiditas
2855 865 2871 891 ,
2899 836 2953 880 et
2982 838 3165 894 aerugo
3194 822 3435 893 pecunia:

1836 916 2023 970 aurem
2046 916 2565 974 obstruitaudiendi.
2582 918 3002 974 Consideremus
3025 918 3315 988 igiturqua:
3337 931 3433 971 au-

1836 1008 1985 1065 disse
2009 1025 2068 1065 se
2088 1008 2293 1077 dicant,
2314 1013 2396 1066 vel
2420 1028 2451 1067 a
2473 1013 2666 1082 quibus
2682 1012 2959 1068 audivisse
2979 1017 3432 1068 commemorent.

1909 1105 1966 1160 5.
2008 1104 2079 1160 Et
2106 1115 2310 1174 patres,
2352 1107 2557 1178 inquit,
2600 1109 2762 1163 nostri
2802 1108 3234 1162 annuntiacerunt
3269 1104 3434 1159 nobis.

1838 1199 1938 1267 Qui
1969 1210 2097 1255 sunt
2127 1200 2213 1256 isti
2248 1210 2429 1270 patres
2457 1201 2676 1256 nostri?
2704 1201 2917 1257 Titulus
2947 1200 3111 1255 habet
3138 1182 3263 1271 quia
3296 1197 3439 1268 psal-

1839 1310 1962 1349 mus
1985 1294 2112 1351 liliis
2141 1294 2280 1350 Core
2310 1296 2544 1365 scriptus
2571 1297 2678 1361 sit;
2713 1305 2771 1349 ut
2811 1296 2880 1349 ab
2909 1295 3041 1358 ipsis
3070 1300 3315 1367 canatur,
3344 1291 3439 1363 qui

1840 1387 2106 1460 psallendi
2148 1402 2346 1442 munus
2386 1398 2741 1457 receperant,
2782 1398 2837 1442 et
2875 1388 2930 1441 in
2972 1385 3280 1457 hnjusmodi
3319 1382 3441 1440 ofﬁ-

1840 1484 1984 1539 cium
2035 1481 2248 1537 iuerant
2295 1481 2560 1551 deputati.
2607 1482 2749 1535 Core
2796 1491 2974 1535 autem
3024 1491 3079 1535 et
3130 1478 3337 1534 Datban
3386 1486 3443 1533 et

1840 1577 2047 1632 Abiron
2075 1591 2198 1630 cum
2227 1575 2347 1629 aliis
2376 1575 2467 1645 qui
2496 1576 2781 1631 adversum
2811 1575 3029 1646 Moysen
3059 1584 3116 1630 et
3144 1572 3325 1629 Aaron
3358 1572 3442 1628 in-

1840 1681 2193 1725 sui-rexerant
2240 1670 2421 1724 studio
2466 1668 2811 1733 contumaci,
2856 1677 3018 1723 terrae
3057 1667 3206 1722 hiatu
3247 1668 3299 1723 in
3340 1665 3443 1722 de-

1840 1775 1988 1820 serto
2016 1766 2185 1819 vorati
2215 1775 2339 1820 sunt
2368 1775 2424 1819 ct
2454 1766 2652 1820 necati.
2686 1763 2895 1833 Quibus
2924 1763 3155 1818 mortuis
3175 1803 3191 1828 ,
3224 1762 3316 1834 qui
3345 1760 3444 1817 alii

108 1877 223 1918 nec
268 1861 515 1933 defeceris
550 1859 614 1913 ab
654 1875 713 1914 eo
752 1870 1019 1923 correptas
1060 1856 1257 1930 (Prov.
1289 1873 1382 1924 nt,
1419 1859 1476 1913 Il
1514 1866 1561 1913 et
1592 1858 1731 1928 12);
1765 1853 1811 1913 B
1838 1870 2019 1930 patres
2059 1874 2246 1915 eorum
2295 1858 2419 1915 [iliis
2456 1860 2723 1915 mirabilia
2760 1875 2926 1930 Opera
2970 1859 3183 1914 Domini
3226 1872 3441 1914 annun-

108 1974 295 2030 qut-m
324 1957 467 2012 enim
498 1955 675 2024 diligit
708 1953 880 2016 Deus,
914 1954 1159 2022 corripit.
1185 1952 1383 2009 Severa
1426 1951 1643 2023 quidem
1683 1951 1740 2008 in

112 2051 516 2123 corripiendo,
548 2050 646 2106 sed
674 2049 847 2105 dulcis
873 2048 931 2104 in
959 2048 1287 2120 corrigendo
1312 2056 1397 2104 est
1422 2048 1738 2119 disciplina;

114 2164 201 2203 ne
241 2148 516 2202 ﬂuitemus
544 2154 596 2201 et
626 2159 886 2213 vagentur
913 2153 1191 2212 errantes,
1222 2144 1319 2199 sed
1350 2144 1682 2214 recipiamttr
1711 2159 1741 2199 a

114 2240 378 2297 Christo.
412 2238 707 2308 Disciplina
737 2238 881 2292 enim
913 2253 1019 2293 non
1062 2238 1370 2292 examinata
1411 2247 1657 2307 vagatur,
1687 2244 1748 2292 ut

118 2334 402 2405 scriptum
435 2342 538 2389 est.
572 2333 678 2390 Sed
712 2348 809 2403 pro
838 2332 1259 2389 conservatione
1300 2333 1386 2389 hic
1428 2335 1609 2403 posuit
1636 2334 1748 2389 dis-

128 2431 422 2502 ciplinam.
452 2428 657 2485 Tamen
687 2428 829 2484 sicut
853 2428 1140 2499 sapientia,
1172 2428 1243 2483 ita
1275 2437 1329 2483 et
1356 2428 1665 2498 disciplina.
1692 2437 1748 2484 et

141 2525 393 2597 perlecta
433 2532 487 2579 et
525 2520 844 2594 imperfecta
877 2522 1069 2577 eodem
1103 2522 1324 2577 nomine
1363 2531 1743 2592 nuncupatur:

144 2618 252 2675 scd
286 2616 374 2673 tibi
418 2618 538 2672 sine
568 2614 870 2685 adiectione
895 2655 910 2681 ,
942 2614 1024 2670 vel
1055 2613 1341 2684 disciplina
1369 2613 1455 2671 vel
1484 2614 1749 2683 sapientia

144 2719 558 2780 nuncupantur,
609 2707 985 2765 deﬁnitionem
1043 2707 1397 2778 perfectionis
1456 2709 1749 2777 accipiunt.

143 2802 522 2860 Incxaminata
564 2816 696 2873 ergo
727 2800 903 2855 ﬂuitat
942 2799 1265 2871 disciplina,
1308 2800 1404 2855 sed
1446 2801 1748 2856 examinata

66 2918 83 2921 -
143 2912 260 2951 non
300 2894 493 2951 ﬂuitat.
542 2894 619 2951 De
660 2892 943 2949 intellectu
983 2906 1199 2963 quoque
1240 2892 1431 2949 eadem
1473 2892 1752 2965 Scriptura

145 2989 364 3051 deﬁnit,
386 2988 510 3059 quia
537 2986 828 3042 intellectus
854 2985 1015 3040 bonus
1042 2994 1119 3040 est
1145 2987 1379 3041 omnibus
1408 2987 1491 3054 qui
1522 3004 1638 3042 eum
1670 2991 1754 3059 fa-

147 3084 295 3137 ciunt
324 3080 503 3154 (Psal.
534 3095 602 3135 cx
622 3122 637 3146 ,
668 3077 760 3151 10)
785 3096 798 3133 :
827 3077 1138 3135 intellectus
1166 3088 1347 3135 autem
1376 3095 1497 3135 cum
1530 3079 1581 3135 in
1612 3096 1672 3135 se
1701 3087 1757 3136 et

150 3176 438 3246 sapientiae
481 3172 707 3244 gratiam
751 3170 981 3238 habeat,
1032 3180 1089 3227 et
1127 3172 1374 3228 ordinem
1419 3172 1753 3243 disciplinac;

1842 1955 1983 2008 tiare
2031 1954 2360 2023 potuerunt?
2397 1954 2455 2009 In
2497 1954 2819 2010 malevolam
2861 1955 3008 2010 enim
3052 1954 3288 2008 animam
3336 1967 3446 2025 non

1843 2046 2144 2117 ingreditur
2173 2049 2462 2119 sapientia.
2507 2049 2564 2106 Si
2595 2051 2679 2105 sui
2710 2064 2841 2121 ergo
2872 2060 3055 2120 patres
3083 2066 3191 2104 non
3225 2064 3444 2105 annun-

1846 2141 2117 2197 tiaverunt
2147 2142 2271 2197 [iliis
2290 2183 2306 2209 ,
2336 2142 2499 2198 alieni
2528 2144 2696 2200 ntulto
2726 2144 2905 2199 minus
2926 2185 2941 2208 ,
2971 2143 3066 2215 qui
3105 2143 3450 2201 declinarunt

1846 2234 2092 2291 sobolem
2146 2234 2498 2305 perﬁdorum.
2550 2236 2652 2306 Qui
2697 2248 2827 2293 sunt
2872 2237 3057 2308 itaque
3096 2238 3182 2292 isti
3228 2237 3449 2304 patres?

1851 2327 1985 2384 Vide
2026 2344 2095 2384 ne
2136 2329 2250 2395 illi,
2292 2329 2362 2385 de
2401 2330 2595 2402 quibus
2635 2332 2839 2387 dictum
2880 2341 3001 2387 est:
3035 2330 3315 2404 Interroga
3350 2347 3450 2402 pa-

1849 2428 1977 2475 trem
2006 2431 2151 2475 tuum
2169 2463 2185 2486 ,
2215 2422 2326 2491 ipse
2353 2423 2444 2477 tibi
2472 2424 2605 2478 dicet
2632 2422 2815 2497 (Deut.
2843 2440 2994 2480 xxxii
3014 2466 3029 2492 ,
3061 2426 3137 2497 7).
3170 2423 3453 2495 Interroga

1850 2512 2065 2584 quando
2097 2514 2234 2584 legis
2265 2515 2491 2570 Paulum
2518 2532 2545 2571 :‘
2565 2520 2648 2571 vel
2678 2519 2723 2572 si
2756 2534 2866 2573 non
2910 2519 3043 2589 legis
3064 2558 3077 2581 ,
3110 2529 3165 2573 et
3190 2529 3372 2574 movet
3402 2526 3457 2573 te

1851 2606 2057 2675 aliquid
2081 2648 2095 2672 ,
2126 2608 2178 2662 in
2210 2607 2330 2679 ipso
2355 2608 2595 2680 require.
2624 2610 2745 2681 Ipse
2771 2622 2856 2667 est
2885 2611 3031 2667 enim
3064 2613 3239 2667 bonus
3279 2621 3452 2683 pater,

1852 2700 1942 2769 qui
1973 2709 2151 2769 potest
2176 2701 2375 2758 docere
2400 2712 2457 2759 et
2481 2702 2721 2763 formare
2760 2704 2814 2760 in
2841 2704 2998 2762 nobis
3040 2705 3327 2762 Dominum
3367 2705 3459 2763 Je-

1853 2807 2009 2859 sum;
2038 2796 2177 2851 sicut
2205 2796 2321 2867 ipse
2350 2808 2579 2855 testatus
2604 2810 2691 2855 est
2715 2799 2939 2857 dicens:
2970 2797 3157 2855 Filioti
3181 2801 3301 2868 mei,
3331 2816 3460 2873 quos

1854 2903 1950 2958 ego
1975 2889 2247 2957 parturio;
2274 2892 2435 2949 donec
2461 2895 2714 2964 formetur
2740 2891 2978 2949 Christus
3004 2895 3060 2949 in
3086 2895 3227 2949 vobis
3257 2892 3458 2964 (Colat.

1857 2995 1929 3046 tv,
1961 2980 2074 3053 I9).
2099 2980 2352 3038 Ostendit
2372 2985 2466 3040 tibi
2498 2984 2599 3040 hos
2626 2996 2809 3056 patres
2832 2986 3179 3057 Evangelista
3200 2986 3462 3055 Joannes,

1857 3074 1949 3144 qui
1978 3075 2050 3129 ait
2075 3093 2091 3129 :
2121 3074 2250 3131 Dico
2280 3077 2648 3151 cabis,patres,
2668 3080 2757 3151 qui
2786 3079 3096 3153 cognovistis
3122 3096 3243 3137 eum
3267 3079 3357 3152 qui
3383 3089 3462 3136 est

1860 3167 1923 3222 ab
1952 3168 2099 3225 initio
2132 3170 2194 3243 (Ι
2221 3171 2381 3231 Joan.
2411 3174 2635 3247 ιι,15).
2668 3174 2761 3231 Isti
2811 3184 2940 3231 sunt
2969 3184 3183 3248 patres,
3228 3192 3464 3249 quorum

148 3268 341 3337 utique
369 3266 628 3323 docemur
655 3263 804 3336 quod
830 3272 886 3320 et
910 3263 1179 3334 sapientia
1208 3274 1263 3321 et
1289 3264 1571 3336 disciplina
1598 3265 1757 3321 bona:
1785 3247 1831 3313 C
1863 3273 2115 3319 senectus
2141 3263 2249 3320 vita
2285 3266 2632 3323 immaculata
2672 3277 2777 3325 est.
2818 3269 2945 3325 Ideo
2972 3247 3035 3325 in
3072 3247 3341 3326 conventu
3375 3285 3469 3326 se-

153 3363 261 3419 sint
292 3362 407 3429 eis,
439 3362 530 3433 qui
574 3378 759 3418 earum
802 3362 1050 3418 instituta
1094 3362 1206 3417 suis
1246 3362 1561 3418 ministeriis
1601 3376 1761 3419 exse-

152 3468 412 3528 quuntur.
460 3455 705 3511 Diximus
734 3454 803 3512 de
834 3456 1027 3522 titulo,
1057 3457 1323 3527 psalmum
1352 3456 1683 3513 adoriamur.

227 3553 281 3607 Δ.
318 3554 337 3624 (
363 3551 517 3607 Vers.
546 3551 601 3605 2.
630 3550 648 3623 )
679 3548 821 3607 Deus
847 3552 1064 3607 auribus
1095 3552 1286 3607 nostris
1324 3552 1654 3620 audivimus;
1679 3552 1760 3608 sic

155 3644 550 3719 Symmachus:
592 3644 973 3711 Theodotion,
1021 3646 1076 3700 in
1112 3645 1323 3701 auribus
1366 3647 1556 3701 nostris
1582 3646 1757 3712 dixit;

154 3740 296 3795 sicut
324 3748 379 3793 et
406 3738 755 3808 Septuaginta
786 3737 907 3793 viri.
938 3738 1077 3808 Quid
1108 3748 1193 3797 est
1222 3740 1364 3811 quod
1405 3738 1480 3795 ait
1503 3780 1519 3807 ,
1549 3741 1761 3796 auribus

156 3834 344 3888 nostris
362 3833 387 3885 ?
416 3831 573 3899 Quod
604 3832 653 3887 si
682 3849 788 3888 non
818 3834 948 3888 satis
976 3843 1154 3900 esset,
1178 3836 1471 3890 audivimus
1490 3878 1503 3901 ,
1535 3845 1686 3891 certe
1714 3835 1762 3891 si

156 3925 261 3980 hoc
287 3926 564 3995 placuerat
588 3942 602 3977 :
628 3924 855 3979 Auribus
877 3926 1191 3990 audivimus,
1217 3926 1436 3997 plenum
1462 3937 1600 3982 erat.
1626 3927 1760 3983 Cum

155 4034 284 4091 ergo
309 4018 554 4074 additum
582 4027 702 4084 est,
733 4019 957 4086 nostris,
1000 4019 1131 4090 quid
1172 4019 1277 4074 sibi
1321 4020 1425 4076 hoc
1465 4022 1612 4085 vult;
1656 4020 1763 4077 nisi

158 4123 214 4169 ut
246 4112 516 4184 intelligas
548 4112 639 4168 illa
664 4126 787 4168 esse
815 4124 1001 4168 nostra
1020 4154 1036 4180 ,
1062 4128 1185 4184 qua:
1212 4115 1409 4169 mentis
1435 4124 1592 4181 sunt;
1620 4126 1675 4170 et
1700 4130 1763 4171 ea

158 4224 278 4265 esse
323 4208 587 4274 meliora,
630 4222 791 4278 quam
836 4223 956 4277 qute
1003 4207 1163 4263 istius
1202 4208 1494 4278 corporis?
1534 4210 1601 4265 Et
1642 4208 1765 4265 ideo

159 4304 309 4375 quasi
355 4301 423 4356 de
465 4302 574 4356 alio
618 4301 752 4357 dicit
792 4300 883 4358 hic
925 4302 1040 4373 ipse
1078 4302 1392 4373 Propheta:
1426 4302 1550 4358 Non
1580 4304 1765 4359 timebo

157 4396 281 4469 quid
306 4395 465 4467 faciat
494 4395 621 4449 mihi
645 4411 769 4450 caro
795 4392 974 4466 (Psdl.
994 4411 1082 4461 LV,
1106 4396 1184 4469 5).
1211 4396 1279 4451 Et
1301 4396 1429 4452 alibi
1456 4415 1471 4452 :
1500 4395 1636 4452 Voce
1653 4413 1767 4453 mea

158 4492 225 4547 ad
254 4490 536 4545 Dominum
563 4490 785 4545 clamavi
811 4531 825 4555 ,
858 4499 906 4545 et
933 4506 1031 4545 vox
1056 4506 1169 4545 mea
1189 4492 1258 4546 ad
1285 4489 1484 4559 Deum,
1520 4502 1567 4547 et
1593 4509 1768 4561 respe-

159 4587 233 4641 xit
264 4601 341 4639 me
369 4583 547 4658 (Psal.
576 4599 771 4652 tutu,
800 4582 881 4657 2).
911 4582 1004 4639 Illa
1031 4598 1133 4640 vox
1161 4600 1280 4638 mea
1305 4625 1320 4650 ,
1346 4600 1467 4655 qua:
1493 4585 1711 4640 auditur
1736 4600 1767 4640 :t

1865 3354 2077 3411 ttiorum
2100 3372 2314 3429 appone
2338 3359 2564 3431 digitum
2592 3361 2673 3416 ori
2702 3370 2829 3428 tuo;
2863 3372 2922 3417 ut
2955 3361 3144 3419 audias
3183 3362 3329 3435 quod
3369 3362 3467 3419 tibi

1863 3450 2073 3519 prosit,
2113 3461 2169 3506 et
2210 3452 2336 3507 vitae
2370 3462 2589 3509 aeterna:
2635 3465 2977 3512 sacramenta
3018 3472 3358 3529 cognoscas:
3396 3472 3469 3515 ne

1864 3541 2227 3617 interstrepas
2260 3546 2503 3604 insolens
2536 3550 2640 3606 tiro
2676 3550 3037 3619 doctoribus;
3075 3562 3129 3608 et
3155 3552 3249 3625 qui
3288 3552 3467 3610 adhuc

1865 3635 2078 3693 discere
2111 3639 2345 3706 debeas,
2375 3638 2403 3680 δ
2430 3642 2613 3701 dicere
2640 3660 2957 3715 praesumas.
2998 3646 3138 3716 Quid
3174 3646 3339 3719 igitur
3379 3640 3471 3704 isti

1866 3742 2048 3802 patres
2077 3737 2519 3794 annuntiaverint
2548 3738 2690 3796 Core
2720 3740 2848 3796 ﬁliis
2877 3742 3185 3799 audiamus.
3494 3798 3497 3801 .

1938 3828 1993 3883 6.
2037 3828 2218 3900 Opus,
2262 3832 2469 3901 inquit,
2502 3834 2642 3903 quod
2672 3844 2921 3903 operatus
2951 3852 3002 3889 es
3031 3837 3086 3891 in
3118 3836 3297 3891 diebus
3332 3837 3471 3892 anti-

1866 3922 2005 3987 quis.
2045 3921 2148 3991 Qui
2186 3924 2303 3979 sint
2339 3923 2431 3979 isti
2469 3925 2588 3982 dies
2626 3927 2681 3982 in
2724 3928 2924 4001 quibus
2978 3930 3125 3987 Deus
3172 3946 3373 4002 magna
3417 3941 3475 3989 et

1869 4018 2137 4074 mirabilia
2176 4032 2437 4091 operatus
2477 4023 2582 4089 sit,
2625 4024 2991 4095 requiramus.
3044 4025 3115 4081 Et
3163 4026 3327 4083 docet
3372 4041 3473 4084 nos

1871 4110 2159 4181 Scriptura
2196 4127 2321 4169 esse
2354 4114 2568 4185 aliquos
2608 4118 2900 4187 praeclaros
2930 4117 3049 4174 dies
3076 4119 3131 4175 in
3162 4119 3357 4190 quibus
3388 4134 3475 4177 re-

1869 4202 2122 4261 fulserint
2152 4206 2292 4263 facta
2318 4207 2503 4264 divina
2537 4224 2554 4276 ;
2596 4224 2719 4265 cum
2762 4210 2959 4268 lectum
3000 4214 3108 4281 sit,
3141 4215 3267 4286 quia
3306 4215 3385 4271 sol
3417 4216 3474 4272 in
3513 4258 3519 4263 -

1870 4302 2103 4356 tenebras
2134 4312 2471 4373 convertetur,
2501 4314 2548 4360 et
2575 4306 2698 4361 luna
2724 4307 2776 4362 in
2803 4309 3139 4379 sanguinem,
3172 4311 3475 4381 priusquam

1871 4394 2039 4447 ueniat
2077 4393 2188 4450 dies
2217 4394 2431 4451 Domini
2468 4414 2688 4470 magnus
2726 4410 2774 4454 et
2803 4400 3043 4456 illustris.
3076 4400 3148 4457 Et
3184 4404 3279 4458 erit
3301 4446 3315 4471 ,
3357 4404 3475 4475 qui-

1873 4503 2093 4558 cumque
2125 4489 2439 4545 invocaverit
2470 4508 2656 4549 nomen
2693 4492 2945 4561 Domini,
2978 4498 3151 4552 salvus
3177 4497 3274 4552 erit
3315 4496 3476 4570 (Ioel

1874 4599 1947 4651 tt,
1981 4584 2042 4639 5t
2076 4594 2124 4640 et
2153 4584 2269 4657 32).
2312 4586 2370 4642 lit
2411 4586 2532 4659 ipso
2562 4590 2707 4645 enim
2745 4591 2834 4646 die
2871 4589 3124 4647 Christus
3163 4591 3477 4647 hominibus

167 4657 389 4736 Christo
419 4720 435 4747 ,
466 4693 573 4734 non
605 4693 728 4749 qua:
758 4678 990 4734 resultat
1017 4677 1070 4734 iit
1102 4678 1344 4750 publico.
1373 4677 1491 4734 Non
1524 4679 1640 4734 vult
1667 4678 1766 4750 igi-
1793 4657 1850 4719 D
1875 4680 2214 4745 resurrexit,
2248 4688 2303 4735 et
2329 4657 2454 4735 ideo
2482 4682 2795 4752 specialiter
2836 4682 2905 4740 de
2946 4684 3067 4754 ipso
3105 4683 3309 4741 dictum
3350 4693 3475 4741 est:

162 4781 247 4828 tur
283 4786 441 4828 suum
481 4785 639 4837 esse,
681 4770 824 4841 quod
873 4771 1229 4841 corruptibile
1275 4779 1437 4843 atque
1485 4780 1761 4827 terrenum

164 4875 277 4933 est,
310 4865 403 4937 qui
434 4863 502 4920 ad
538 4863 829 4935 imaginem
857 4863 952 4918 Dei
994 4875 1049 4919 et
1077 4864 1484 4920 similitudinem
1518 4866 1764 4921 meminit

164 4975 221 5017 se
263 4967 530 5015 creatum.
576 4956 820 5029 Denique
861 4955 1140 5025 Scriptura
1183 4972 1285 5012 nos
1327 4957 1566 5021 edocet,
1614 4958 1764 5030 prius

164 5054 228 5110 ad
260 5053 549 5125 imaginem
582 5053 678 5110 Dei
712 5052 987 5107 hominem
1024 5066 1146 5106 esse
1176 5050 1464 5106 formatum
1496 5050 1671 5125 (Gen.
1704 5070 1761 5123 ι,

166 5147 285 5219 97),
321 5156 506 5217 postea
537 5147 604 5202 de
636 5147 751 5202 luto
781 5146 980 5202 factum
1014 5143 1165 5219 (Cen.
1195 5161 1266 5212 tt,
1294 5143 1369 5218 7).
1405 5145 1570 5215 Quasi
1600 5161 1764 5217 supe-

170 5243 280 5299 rior
306 5258 435 5313 ergo
464 5241 749 5314 (superior
778 5241 924 5297 enirn
955 5240 1046 5313 qui
1077 5238 1385 5310 antiquior)
1416 5249 1471 5293 et
1499 5240 1768 5311 guberna-

72 5366 77 5369 η
170 5346 248 5391 tor
274 5347 326 5391 ct
358 5346 536 5390 rector
568 5334 725 5405 hujus
753 5335 997 5404 corporis
1026 5332 1221 5388 anima:
1252 5333 1407 5402 vigor
1437 5332 1567 5387 dicit
1593 5350 1604 5385 :
1655 5332 1767 5387 Au-
1802 5380 1811 5383 -

168 5427 301 5483 ribus
324 5427 511 5483 nostris
530 5427 842 5481 audivimus.
870 5426 1002 5495 Quis
1027 5428 1129 5483 iste
1149 5436 1267 5493 est,
1294 5426 1394 5482 nisi
1422 5426 1508 5483 cui
1534 5426 1764 5484 dicitur:

168 5555 267 5603 etc.
302 5545 514 5614 Reliqui
547 5558 677 5599 mss.
710 5552 767 5598 et
807 5552 1018 5599 cuncta:
1062 5543 1195 5599 edit.
1230 5557 1288 5600 ut
1331 5544 1383 5599 in
1429 5553 1620 5611 textu;
1666 5546 1774 5604 nisi

168 5617 303 5688 quod
337 5617 494 5671 Rom.
528 5631 593 5672 ex
628 5614 772 5670 LXX
803 5618 1002 5683 interp.
1036 5620 1277 5682 reposuit
1300 5659 1315 5678 .
1356 5618 1605 5672 dictiones
1648 5634 1776 5686 pru-

171 5692 385 5751 dentuc,
441 5691 531 5740 tibi
581 5701 797 5743 cauerat:
837 5698 999 5740 atnne
1044 5702 1175 5742 mss.
1218 5690 1503 5744 dictionum
1550 5690 1779 5756 pruden-

172 5764 307 5815 tiam.
356 5760 598 5833 Adverte
638 5770 820 5833 autem
866 5758 1150 5822 dictiones,
1197 5761 1468 5816 interdum
1513 5761 1607 5833 (et
1638 5760 1779 5818 forte

175 5833 269 5889 hoc
299 5834 417 5903 ipso
454 5831 610 5902 loco)
655 5832 798 5887 idem
840 5846 1075 5895 sonare,
1109 5847 1174 5887 ac
1209 5837 1469 5901 oracula;
1516 5831 1573 5889 ut
1617 5834 1781 5891 docet

1875 4767 1979 4825 Hic
2008 4781 2083 4825 est
2107 4771 2217 4826 dies
2243 4788 2392 4841 quem
2420 4773 2541 4843 fecit
2570 4773 2825 4832 Dominus
2848 4792 2869 4831 :
2895 4778 3206 4832 exsultantis
3242 4786 3292 4832 et
3333 4777 3481 4833 late-

1873 4881 1987 4919 mur
2015 4866 2071 4920 in
2098 4882 2160 4921 eo
2190 4865 2364 4938 (Psal.
2396 4883 2553 4925 cxvii
2573 4910 2589 4935 ,
2628 4870 2745 4944 24).
2775 4871 2913 4927 Cum
2945 4871 3111 4943 igitur
3140 4887 3333 4929 omnes
3361 4872 3480 4930 dies

1872 4961 2019 5017 Deus
2058 4962 2281 5029 fecerit,
2325 4963 2451 5021 huic
2490 4974 2671 5024 tamen
2710 4968 2822 5023 diei
2875 4982 2988 5038 prae
3043 4968 3260 5024 caeteris
3310 4968 3483 5027 divini

1870 5055 2054 5127 operis
2085 5058 2443 5129 praerogativa
2474 5058 2653 5116 delata
2684 5070 2769 5116 est
2788 5099 2804 5127 ,
2837 5074 2948 5130 quo
2990 5066 3278 5131 peccatum
3318 5077 3488 5120 omne

1869 5151 2142 5206 sublatum
2174 5161 2279 5210 est.
2312 5153 2439 5210 Dies
2470 5165 2649 5211 autem
2678 5156 2768 5210 alii
2803 5166 3148 5225 peccatorum
3190 5164 3341 5213 sunt.
3382 5157 3483 5215 Hic

1870 5259 2002 5315 ergo
2031 5255 2118 5301 est
2146 5247 2264 5303 dies
2292 5263 2453 5320 quem
2488 5247 2811 5304 illuminavit
2838 5249 2923 5306 sol
2956 5249 3052 5306 ille
3076 5250 3323 5321 justitiae.
3349 5252 3484 5309 Nam

1871 5348 1927 5395 et
1954 5342 2067 5410 ipsa
2094 5351 2245 5397 ortus
2272 5359 2404 5399 suos
2427 5352 2482 5400 et
2508 5358 2734 5399 occasus
2761 5344 2965 5402 habere
2990 5348 3298 5401 consuevit.
3327 5346 3487 5405 Unde

1873 5442 1929 5489 et
1955 5436 2218 5507 scriptum
2248 5416 2333 5493 est
2358 5454 2373 5493 :
2406 5437 2613 5491 Orietur
2638 5438 2694 5492 in
2720 5438 2900 5495 diebus
2928 5444 3043 5513 ejus
3060 5442 3275 5513 justitia
3301 5440 3484 5514 (Psal.

1880 5552 2011 5610 illud
2053 5572 2085 5611 e
2125 5555 2339 5612 Pacuvii
2382 5555 2738 5627 fragmentis:

2006 5648 2185 5715 Flexa,
2214 5663 2309 5701 non
2335 5648 2475 5713 falsa,
2500 5657 2759 5704 autumare
2783 5652 2932 5705 dictio
2955 5652 3164 5718 Delphis
3187 5654 3333 5707 solet.

1957 5754 1984 5784 ι
2018 5746 2177 5821 ltum.
2225 5745 2361 5801 edit.
2402 5744 2518 5803 sola
2542 5786 2559 5814 ,
2605 5744 2748 5802 Nam
2790 5742 3129 5821 cogitationes
3170 5767 3292 5808 suas
3336 5752 3493 5812 menti

1887 5818 2110 5873 hominis
2135 5861 2149 5886 ,
2180 5826 2287 5874 etc.

1958 5911 1985 5950 ι)
2018 5912 2177 5969 Rom.
2204 5911 2337 5969 edit.
2372 5914 2558 5969 docere
2584 5929 2887 5985 presumas.

3358 6076 3405 6094 ηο-
3418 6069 3482 6095 «με
