4008 6352
606 278 737 351 um

1943 290 2192 350 SANCTI
2228 289 2553 351 AMBROSII

3789 293 3884 351 ibi“.

600 428 723 468 mm
745 454 761 479 ,
791 413 868 482 7).
900 412 1038 470 Sunt
1064 423 1194 481 ergo
1221 410 1339 467 dies
1366 408 1569 466 Christi
1605 411 1805 480 quibus
1833 416 1953 465 orta
1988 408 2200 479 iustitia
2226 411 2284 473 Α
2306 403 2426 475 eius
2454 405 2751 463 adventum
2777 422 2792 471 ;
2838 421 2910 463 ne
2947 405 3081 463 dum
3122 420 3327 464 verum
3372 404 3679 478 quaerimus
3715 405 3878 473 lumen,

597 514 685 560 est
708 523 722 561 :
752 513 879 561 sunt
900 504 1017 560 dies
1042 503 1243 560 Citriin
1270 503 1469 574 quibus
1494 511 1617 558 orta
1640 511 1724 557 est
1747 501 1897 574 pacis
1921 500 2203 557 abundan-

597 599 671 656 tia
695 618 709 656 :
738 609 864 656 sunt
888 599 1007 655 dies
1033 596 1237 655 Christi
1266 599 1460 669 quibus
1487 607 1604 654 orta
1632 596 1899 669 sapientia
1926 602 2031 651 est.
2060 594 2202 651 Audi

596 693 870 763 quomodo
894 694 1174 749 exoriatur
1199 693 1469 763 sapientia
1497 710 1510 748 :
1536 691 1734 763 Siquis
1762 691 1969 746 videtur
1993 690 2202 762 sapiens

594 803 705 842 esse
734 789 865 843 inter
887 802 975 844 vos
1003 789 1059 843 in
1085 790 1181 844 Itoc
1207 789 1420 855 aesculo,
1446 787 1633 842 stultus
1664 787 1753 857 fiat
1774 824 1791 855 ,
1824 796 1880 841 ut
1904 786 1970 841 sit
1994 788 2200 858 sapiens

592 878 635 949 (l
664 879 791 936 Cor.
819 897 877 936 Ill
897 921 911 949 ,
942 880 1052 954 l8).
1085 882 1154 938 Et
1183 882 1309 938 ideo
1334 882 1468 938 dicit
1509 880 1792 953 Sapientia
1813 912 1830 947 ,
1872 892 1993 953 quas
2032 880 2196 935 stulta

592 972 749 1029 istius
779 975 967 1031 mundi
996 976 1202 1048 elegit:
1243 975 1497 1032 Dominus
1536 977 1730 1031 creavit
1768 989 1849 1029 me
1886 975 2200 1047 principium

590 1066 792 1121 ciarum
828 1083 1042 1123 suarum
1078 1069 1134 1123 in
1172 1084 1331 1140 opem
1356 1086 1452 1123 sua
1485 1068 1686 1141 (Prov.
1716 1083 1808 1123 vni
1830 1108 1844 1132 ,
1873 1066 2002 1137 22).
2046 1067 2199 1123 Sicut

588 1158 735 1213 enim
776 1160 829 1215 in
867 1159 1060 1217 diebus
1096 1161 1243 1218 Osis:
1276 1163 1455 1235 regis,
1496 1171 1553 1218 et
1591 1163 1644 1217 in
1682 1160 1879 1216 diebus
1905 1159 2198 1217 Nabucho-

586 1252 830 1310 dunosor
867 1267 1057 1312 exorta
1095 1258 1324 1329 perﬁdia
1377 1264 1495 1325 est,
1550 1257 1828 1312 dominata
1866 1254 2192 1326 captivitas;

588 1348 669 1403 sic
718 1350 774 1405 in
826 1349 1021 1407 diebus
1061 1349 1279 1407 Domini
1317 1350 1450 1407 Jesu
1489 1361 1678 1407 exorta
1716 1360 1802 1408 est
1850 1351 2017 1417 ﬁdes,
2072 1366 2195 1422 qua:

583 1441 933 1512 splendorem
966 1457 1079 1500 sua!
1106 1444 1372 1500 claritatis
1410 1455 1464 1501 et
1504 1434 1725 1499 luminis
1766 1452 1880 1499 toto
1916 1443 2054 1499 orbe
2081 1443 2191 1498 dif-

584 1533 784 1590 fundit.
816 1536 919 1604 Qui
952 1537 1099 1593 enim
1129 1537 1388 1593 meliores
1415 1538 1585 1609 888
1613 1537 1733 1593 dies
1754 1576 1768 1603 ,
1800 1552 1962 1608 quam
1995 1536 2194 1608 quibus

579 1633 796 1689 refulsit
827 1632 985 1691 nobis
1014 1637 1152 1692 vlsio
1182 1636 1278 1693 Dei
1306 1654 1321 1703 ;
1353 1638 1493 1693 sicut
1520 1636 1659 1692 dixit
1684 1634 1898 1692 Jacobi
1927 1636 2018 1694 Sic
2044 1641 2192 1692 enlm

582 1726 849 1799 scriptum
883 1740 1009 1785 est:
1047 1728 1163 1783 Vidi
1220 1728 1387 1785 Deum
1424 1730 1557 1802 facie
1583 1731 1655 1784 ad
1693 1731 1926 1803 faciem;
1960 1742 2011 1785 et
2049 1731 2194 1785 salua

2305 498 2647 555 inlidelitatis
2687 499 2944 556 tenebras
2983 500 3333 558 incidamus.

2373 592 2429 649 8.
2458 591 2714 649 Cavenda
2742 608 2876 665 ergo
2905 594 3063 667 signa
3104 595 3366 665 perﬁdiae
3394 635 3412 660 ,
3445 594 3655 665 quibus
3691 594 3882 651 δίωξιν

2302 694 2389 742 tur
2417 686 2536 744 dies
2577 698 2743 759 atque
2784 688 3126 746 minuuntur.
3176 690 3274 747 Sol
3327 690 3489 745 enim
3535 687 3881 757 obscurabitu,

2299 782 2471 838 stella:
2508 781 2739 851 cadent,
2786 782 2891 840 hoc
2930 795 3051 851 est,
3091 783 3232 854 justi
3280 784 3432 848 Dei;
3481 792 3619 838 sunt
3658 783 3790 838 enim
3823 789 3879 855 qui

2298 874 2539 946 fulgeant
2584 880 2727 931 sicut
2770 877 2946 935 stellas
2991 878 3046 933 in
3094 878 3261 935 cmlo.
3310 876 3462 935 Cum
3516 877 3642 933 hac
3688 877 3881 949 videris,

2298 968 2462 1025 crede
2489 968 2668 1025 adhuc
2698 969 2915 1027 tardare
2947 970 3232 1028 Christum
3258 988 3274 1037 ;
3310 970 3410 1027 ubi
3441 969 3605 1027 enim
3645 968 3878 1039 Christus,

2299 1063 2373 1120 ibi
2402 1064 2537 1120 lides
2567 1065 2807 1122 clarior:
2839 1065 2930 1121 ubi
2953 1066 3360 1129 Antichristus,
3396 1065 3479 1121 ibi
3524 1064 3651 1120 dies
3690 1065 3879 1125 dimidii.

2297 1156 2365 1213 de
2390 1158 2594 1229 quibus
2619 1159 2808 1231 utique
2835 1174 2944 1216 non
2971 1170 3299 1231 quereretur
3329 1158 3516 1214 David
3547 1157 3826 1228 propheia,
3854 1178 3877 1213 il

2295 1250 2363 1305 ad
2395 1252 2660 1322 temporis
2691 1252 3011 1309 brevitatem
3042 1254 3323 1310 videretur
3352 1267 3493 1309 esse
3540 1252 3875 1311 referendum.

2294 1356 2417 1400 cum
2448 1343 2567 1415 ipse
2594 1346 2721 1403 alibi
2750 1346 2954 1403 dixerit
2979 1361 2995 1403 :
3026 1345 3148 1401 Heu
3190 1363 3272 1401 me
3292 1382 3309 1413 ,
3338 1347 3470 1416 quia
3501 1347 3762 1400 incolam
3784 1364 3875 1400 aia;

2296 1442 2634 1511 ρνοιοιιςαιυι
2665 1450 2739 1497 est
2771 1444 2788 1511 (
2812 1440 2962 1497 Pul.
2992 1456 3115 1497 cxtx
3135 1482 3151 1507 ,
3179 1442 3213 1497 ὕ
3238 1442 3295 1513 )!
3327 1439 3642 1509 Quomodo
3671 1440 3799 1495 enim
3822 1456 3875 1492 ιιι

2293 1536 2446 1593 illum
2477 1538 2707 1593 dilatum
2750 1539 3044 1595 incolatum
3074 1538 3363 1595 cmlestetn
3386 1578 3405 1605 ,
3440 1548 3545 1592 aut
3578 1537 3729 1593 hunc
3756 1546 3873 1592 tene-

2294 1646 2424 1687 nnm
2474 1633 3017 1702 comperendinatum
3056 1631 3307 1701 doleret,
3338 1632 3436 1703 qui
3488 1639 3629 1686 ante
3674 1646 3876 1702 poposce-

2293 1736 2414 1790 rat,
2443 1744 2514 1787 ne
2544 1731 2596 1785 in
2642 1730 2928 1786 dimidium
2973 1730 3185 1787 dierum
3230 1743 3471 1785 suorum
3522 1726 3873 1783 deduceretur;

584 1823 727 1889 facta
764 1830 841 1874 est
876 1822 1053 1876 animo
1089 1838 1222 1878 mea.
1264 1821 1335 1877 Et
1371 1824 1616 1878 continuo
1653 1836 1866 1879 exortus
1902 1833 1977 1879 est
2014 1824 2058 1879 ei
2108 1825 2189 1879 sol
2220 1820 2269 1880 B
2293 1834 2415 1877 cum
2456 1822 2669 1879 dierbm
2713 1824 2956 1880 brevitas
2997 1823 3272 1880 celerandi
3316 1836 3532 1878 cursus
3580 1820 3738 1875 ietius
3774 1834 3873 1872 rem.

587 1908 752 1983 (Gen.
786 1927 975 1980 xxxii,
1007 1915 1077 1971 30
1104 1924 1151 1969 et
1177 1915 1292 1986 δι).
1334 1916 1465 1984 Quis
1505 1916 1609 1973 iste
1647 1917 1763 1981 sol,
1799 1916 1905 1971 nisi
1945 1919 2034 1987 qui
2073 1916 2190 1971 dies

582 2000 717 2057 fecit
762 2003 968 2075 fulgere
1010 2004 1236 2076 iustitiae
1266 2046 1280 2073 ,
1334 2006 1533 2077 quibus
1585 2009 1639 2063 in
1691 2015 1834 2065 terra
1888 2019 2049 2063 natus
2102 2019 2189 2064 est

592 2095 847 2155 Christus
902 2114 968 2156 ex
1025 2100 1293 2173 Virgine?
1344 2102 1401 2158 1n
1456 2104 1642 2174 specie
1695 2104 1831 2159 vidit
1878 2103 2083 2169 Jacob,
2134 2111 2190 2159 et

586 2189 755 2247 Deum
788 2193 986 2250 vidisse
1014 2210 1076 2252 se
1115 2196 1295 2252 dixit:
1328 2198 1382 2253 in
1418 2198 1645 2254 veritate
1684 2199 1937 2254 viderunt
1975 2198 2147 2255 Judaei
2170 2238 2185 2265 ,

578 2295 636 2343 et
679 2303 787 2344 non
832 2290 1207 2347 crediderunt.
1252 2290 1384 2348 Ideo
1424 2292 1535 2348 illis
1579 2293 1810 2349 breviali
1855 2302 1979 2348 sunt
2024 2292 2184 2360 dies,

580 2381 742 2436 nobis
779 2382 1107 2449 illuminati;
1149 2384 1410 2455 quoniam
1441 2385 1554 2440 illis
1582 2384 1874 2442 deﬁciebat
1899 2385 2055 2454 dies,
2088 2400 2190 2441 no-

579 2468 667 2526 bis
715 2474 1206 2545 appropinquabat.
1251 2475 1409 2532 Unde
1436 2477 1721 2532 Judaicam
1760 2486 1985 2534 sanctus
2018 2478 2187 2535 David

578 2567 855 2638 refugiens
883 2570 1186 2625 creeitatem
1214 2570 1329 2625 ait:
1361 2568 1445 2624 Ne
1472 2570 1697 2626 deducas
1727 2587 1808 2627 uie
1827 2572 1885 2627 in
1913 2572 2187 2628 dimidiam

581 2660 784 2713 dierum
813 2677 1042 2715 meorum
1066 2660 1242 2732 (Paul.
1270 2677 1323 2719 cr
1346 2698 1362 2729 ,
1389 2662 1506 2735 25).
1534 2663 1627 2720 Sic
1650 2667 1794 2720 enim
1821 2663 1943 2721 dies
1968 2665 2185 2721 Domini

581 2766 811 2824 magnus
839 2765 896 2810 et
924 2756 1156 2811 illustris
1183 2763 1303 2824 est,
1337 2758 1528 2829 utique
1558 2773 1667 2813 non
1697 2758 2009 2829 prolixitate
2041 2768 2180 2814 tem-

578 2850 765 2920 poris,
804 2850 900 2906 sed
934 2850 1162 2921 iustitia:
1203 2850 1289 2907 vel
1329 2852 1518 2924 gratia:
1556 2854 1827 2909 claritate.
1870 2852 2017 2924 Ergo
2055 2861 2187 2908 sunt

574 2941 789 2997 dimidii
817 2943 965 3012 dies,
998 2946 1196 3016 quibus
1226 2945 1543 3001 breviantur
1570 2947 1688 3003 dies
1716 2946 2013 3017 impietatis
2042 2947 2183 3002 cali-

522 3050 523 3053 ‘
570 3038 733 3110 giue,
764 3048 823 3095 et
850 3042 1107 3112 squalore
1139 3041 1418 3113 perﬁdiae,
1451 3044 1647 3115 quibus
1676 3045 1863 3099 occidit
1901 3043 1983 3099 sol
2028 3060 2183 3115 super

573 3135 851 3206 prophetae
883 3135 1072 3209 (Mida.
1102 3153 1192 3205 ιιι,
1221 3137 1304 3210 6),
1336 3140 1477 3194 sicut
1507 3140 1769 3211 scriptum
1799 3150 1908 3196 est.
1937 3139 2183 3211 Namque

2294 1917 2555 1988 pendium
2608 1917 2886 1974 videretur
2913 1917 3157 1974 allerre?
3186 1916 3345 1973 Unde
3374 1915 3680 1986 colligitur
3714 1921 3765 1968 et
3790 1912 3874 1966 illud

2291 2011 2439 2082 quod
2466 2013 2542 2066 ait
2566 2030 2579 2066 :
2614 2011 2829 2068 Honora
2855 2023 3052 2083 patrem
3077 2022 3125 2066 et
3146 2021 3371 2066 manem
3395 2051 3411 2076 ,
3441 2019 3507 2064 ut
3538 2010 3792 2079 longaevus
3827 2006 3871 2058 ιὶε

2288 2121 2443 2175 super
2470 2116 2657 2162 terram
2698 2105 2917 2179 (Brod.
2948 2123 3057 2173 xx,
3089 2105 3156 2161 12
3177 2104 3235 2174 ),
3269 2103 3572 2176 quomodo
3614 2102 3869 2171 intelligere

2289 2200 2610 2258 debeamus.
2639 2202 2788 2258 Multi
2816 2203 2964 2259 enim
2994 2202 3087 2273 qui
3126 2201 3447 2265 honorant,
3489 2197 3617 2254 cito
3654 2210 3789 2267 saepe
3818 2208 3874 2249 n-
3948 2202 3949 2277 ξ

2290 2302 2537 2371 piuntur,
2567 2308 2626 2353 ut
2658 2297 2950 2354 immatura
2987 2306 3151 2352 aetate
3176 2295 3348 2367 σεο
3376 2294 3704 2349 moriantur
3727 2308 3740 2345 :
3764 2290 3871 2344 main
3948 2286 3949 2289 “

2288 2394 2456 2450 etiam
2486 2394 2581 2464 qui
2608 2392 2793 2449 minus
2821 2391 3078 2449 deferunt
3102 2390 3435 2463 parentibus
3459 2389 3626 2453 suis,
3671 2388 3872 2457 longas:

2287 2488 2542 2544 fruuntur
2558 2486 2847 2557 stipendiis
2874 2484 3193 2551 sarculatis;
3212 2494 3267 2541 et
3289 2484 3398 2539 nisi
3421 2481 3817 2553 longaevitaten
3835 2478 3873 2530 il-

2289 2582 2398 2638 lam
2451 2583 2579 2636 vita:
2618 2579 2956 2651 accipiamus
2994 2588 3257 2645 eterna,
3305 2576 3605 2633 invenitur
3644 2572 3870 2641 Scriptum

2287 2675 2509 2733 destitui
2549 2674 2797 2729 subsidio
2827 2672 3092 2729 veritatis.
3142 2670 3295 2728 Unde
3314 2670 3562 2727 Gracus
3603 2665 3869 2737 expressis:

2286 2770 2459 2825 dixit:
2496 2768 2564 2824 Ut
2591 2769 2665 2823 sis
2688 2767 2973 2823 multorum:
2998 2766 3197 2822 dierum
3224 2781 3243 2832 ;
3272 2766 3380 2820 hoc
3404 2773 3503 2820 est
3526 2806 3544 2831 ,
3575 2763 3868 2835 «obiurga.

2286 2868 2624 2937 Quicumquc
2662 2868 2809 2923 enim
2839 2865 3021 2921 cultus
3045 2864 3166 2935 pios
3186 2862 3384 2919 sedulo
3424 2871 3622 2917 servat
3641 2858 3829 2919 efﬁcio,
3850 2870 3869 2906 ι

2285 2963 2527 3019 tenebris
2554 2963 2733 3018 noctis
2759 2961 3005 3028 alienus,
3032 2960 3089 3015 in
3114 2958 3333 3014 dierum
3364 2958 3497 3013 luce
3530 2964 3793 3013 versatur.
3821 2950 3867 3005 Et

2285 3057 2409 3112 ideo
2437 3056 2529 3127 qui
2562 3056 2691 3127 legit
2717 3053 3195 3111 Deuteronomium
3224 3070 3235 3105 :
3271 3051 3464 3123 Luget,
3512 3050 3735 3121 inquit,
3773 3046 3868 3100 illas

2284 3150 2520 3205 omnibus
2544 3149 2721 3207 diebus
2748 3149 2867 3203 vim
2890 3162 2999 3204 sua
3022 3146 3201 3221 (Deut.
3230 3150 3345 3202 'xvn
3364 3187 3381 3212 ,
3416 3144 3552 3215 i9);
3586 3158 3697 3200 non
3724 3142 3867 3210 utique

573 3238 631 3284 ut
659 3231 821 3299 justis
847 3232 1023 3288 oritur
1049 3232 1133 3289 sol
1156 3232 1426 3303 iustitiae;
1459 3234 1540 3289 sic
1569 3233 1770 3290 occidit
1799 3232 2136 3290 inﬁdelibus.
2203 3219 2252 3284 ο
2287 3245 2575 3307 “genus,
2611 3244 2708 3300 seu
2738 3243 2975 3310 diebus;
3006 3219 3132 3314 quia
3162 3240 3283 3297 dies
3310 3238 3483 3310 fulget
3526 3238 3733 3310 legenti
3762 3250 3867 3304 ωςεο

646 3326 700 3379 ’1.
742 3325 850 3383 Sed
880 3330 1122 3383 occurrit
1149 3328 1283 3385 illud
1309 3332 1435 3402 quia
1463 3332 1597 3388 dicit
1621 3332 1919 3388 Dominus:
1953 3330 2181 3403 Propter

568 3417 753 3473 eiectos
780 3419 1141 3475 bmiabuntur
1167 3422 1275 3478 dies
1304 3423 1521 3495 (Matth.
1543 3440 1693 3492 xxtv,
1715 3424 1834 3496 22).
1866 3425 1933 3480 Ει
1960 3425 2180 3481 videtur

573 3513 908 3570 contrarium
931 3554 947 3583 ,
990 3516 1094 3571 nisi
1135 3516 1430 3589 diligenter
1467 3520 1760 3586 advertas,
1801 3531 1856 3577 et
1892 3521 2179 3591 superiora

573 3615 831 3675 repetas;
861 3608 993 3663 dicit
1021 3611 1170 3666 enim
1196 3611 1460 3668 Dominus
1487 3631 1498 3665 :
1536 3612 1682 3668 Tunc
1711 3615 1753 3669 si
1782 3616 1898 3684 quis
1926 3616 2071 3669 vobis
2097 3616 2180 3670 di-

567 3702 700 3754 xerit
733 3716 752 3755 :
791 3700 924 3757 Ecce
961 3704 1046 3759 hic
1081 3704 1318 3761 Christus
1340 3748 1355 3773 ,
1395 3716 1487 3761 aut
1523 3723 1638 3763 ecce
1673 3707 1785 3763 illic
1810 3748 1825 3773 ,
1867 3707 2029 3762 notile
2064 3725 2179 3763 cre-

566 3790 711 3847 dere.
747 3793 972 3867 Surgunt
998 3797 1139 3851 enim
1159 3800 1542 3871 pseudochristi
1561 3842 1575 3867 ,
1608 3810 1656 3855 et
1682 3801 2173 3873 pseudOprophetw,

566 3892 616 3939 et
642 3886 837 3943 dabunt
860 3890 1011 3963 signa
1038 3908 1229 3965 magna
1248 3903 1298 3950 et
1326 3896 1569 3969 prodigia
1592 3911 1614 3961 ;
1653 3896 1728 3951 ita
1766 3905 1822 3951 nt
1857 3897 1911 3950 in
1950 3910 2175 3952 errorem

562 3982 898 4056 inducantur,
914 3990 958 4042 si
980 3990 1093 4059 fieri
1115 4000 1302 4062 potest,
1322 3993 1481 4046 etiam
1509 3994 1658 4047 electi
1682 3990 1876 4064 (Mitt,
1893 3993 1965 4047 ‘25
1986 4003 2033 4047 et
2050 3992 2171 4063 24).

563 4075 637 4132 Et
684 4078 805 4135 ideo
854 4096 925 4136 ne
974 4081 1317 4154 decipiantur
1361 4084 1519 4141 electi
1546 4125 1561 4153 ,
1605 4086 1867 4141 admonet
1913 4086 2175 4143 Dominus

564 4170 697 4241 quid
726 4176 1065 4256 sequendum
1096 4177 1206 4243 sit;
1239 4187 1300 4233 ut
1328 4192 1436 4234 non
1477 4177 1741 4235 falsorum
1782 4180 2171 4250 prophetarum

564 4274 821 4323 sermone
846 4271 1150 4341 capiamur,
1182 4288 1361 4344 neque
1392 4284 1491 4329 nes
1531 4288 1721 4329 eorum
1762 4273 1944 4345 aliqua
1989 4273 2176 4343 prodi-

564 4358 715 4429 giosa
744 4362 881 4417 laeta
908 4363 1223 4439 decipiant:
1266 4365 1361 4423 sed
1390 4378 1521 4424 tunc
1554 4368 1847 4425 credmnus
1889 4367 2169 4424 Christum

566 4458 689 4512 esse
737 4468 1062 4529 venturum,
1111 4476 1233 4518 cum
1279 4460 1398 4520 dies
1438 4466 1585 4536 pleni
1630 4464 1855 4537 iustitiae
1902 4464 2174 4536 coeperint

562 4548 856 4625 refulgere.
891 4555 1137 4612 Christus
1182 4557 1328 4613 enim
1369 4560 1537 4629 pleno
1573 4560 1877 4631 maiestatis
1921 4574 2034 4616 sua:
2084 4560 2170 4615 lu-

2284 3342 2421 3396 teria
2453 3338 2704 3395 veritatis
2725 3381 2739 3407 ,
2771 3348 2828 3395 et
2854 3337 3056 3394 divina:
3087 3335 3306 3408 pietatis
3344 3333 3605 3389 oracula.
3650 3327 3869 3389 Conside-

2284 3446 2471 3489 remus
2498 3433 2805 3505 sequentia.

2354 3528 2411 3585 9.
2455 3528 2641 3601 (Vers.
2668 3529 2751 3599 ὅ.)
2775 3527 2966 3583 Mam
2985 3534 3077 3582 tua
3106 3536 3281 3599 gentes
3298 3526 3653 3595 disperdidit,
3674 3533 3721 3576 et
3748 3522 3862 3592 plar-

2283 3624 2402 3679 fasti
2444 3640 2530 3679 eos
2554 3640 2572 3677 :
2597 3624 2841 3694 afﬂixisti
2870 3624 3120 3696 populos,
3161 3631 3213 3677 et
3257 3621 3508 3692 expulisti
3548 3636 3665 3675 eos.
3693 3619 3865 3675 Scimus

2281 3717 2501 3787 quidem
2543 3718 2683 3787 quod
2716 3717 2915 3772 multas
2944 3726 3138 3786 gentes
3160 3713 3534 3771 eradicavcrit
3560 3713 3810 3770 Dorninns
3828 3720 3865 3763 st

2280 3808 2577 3876 everterit;
2619 3819 2680 3865 ut
2716 3809 3126 3881 possessionem
3167 3806 3272 3862 sibi
3304 3806 3633 3862 Iuda:on
3674 3802 3863 3876 popilius

2281 3903 2593 3970 inveniret,
2645 3918 2873 3975 quarum
2916 3903 3165 3975 gentium
3212 3910 3391 3957 terras
3422 3901 3668 3955 Abrahae
3708 3896 3864 3955 seruili

2280 3997 2534 4052 daturum
2579 4010 2640 4053 se
2684 3995 2951 4052 Dominus
2978 3994 3320 4052 declaravit:
3359 3992 3462 4049 sed
3496 4008 3635 4049 (arm
3668 3990 3865 4063 psalmus

2280 4090 2386 4147 iste
2434 4084 2793 4163 Evangelium
2839 4092 3091 4160 Domini,
3122 4100 3181 4147 et
3209 4100 3459 4161 tempora
3486 4090 3759 4146 adventus
3781 4087 3864 4157 ejus

2280 4186 2597 4251 annuntiet,
2629 4200 2736 4240 non
2764 4185 2899 4240 mihi
2925 4184 3146 4241 videtur
3185 4199 3307 4255 qua!
3342 4183 3612 4253 superius
3642 4198 3674 4238 a
3702 4179 3864 4238 Judris

2276 4286 2434 4347 gesta
2456 4286 2607 4346 sunt,
2624 4292 2931 4343 recensere;
2948 4277 3048 4333 sed
3067 4292 3189 4348 qua
3212 4276 3665 4347 futura,'signare
3684 4293 3695 4329 :
3718 4289 3863 4346 quem

2277 4370 2574 4426 admodum
2622 4371 2932 4428 crediturus
2955 4380 3105 4427 esset
3129 4369 3366 4441 pupulas
3414 4370 3735 4425 nationum.
3756 4367 3862 4423 Cou-

2281 4464 2466 4519 iirmat
2490 4465 2659 4535 igitur
2684 4463 2849 4519 ﬁdem
2872 4463 3139 4520 Ecclesiae
3158 4504 3175 4528 ,
3208 4470 3509 4532 antequam
3556 4464 3792 4526 nuntiet,
3826 4468 3862 4513 et

2276 4558 2538 4615 victorias
2561 4558 2777 4628 pietatis
2802 4557 2925 4629 ejus
2940 4564 3230 4614 enumerat
3253 4573 3268 4612 :
3300 4572 3423 4627 qtue
3441 4571 3557 4611 non
3578 4556 3638 4611 in
3655 4554 3861 4615 brachio,

562 4649 715 4707 mine
742 4650 1115 4721 revelabitur;
1148 4661 1207 4709 et
1234 4628 1383 4710 sicut
1405 4654 1584 4726 fulgur
1614 4628 1726 4711 exit
1754 4656 1823 4711 ab
1851 4657 2089 4723 oriente,
2119 4664 2175 4711 et
2194 4628 2253 4691 ἰ)
2279 4667 2463 4723 neque
2487 4653 2540 4706 in
2564 4651 2753 4723 gladio
2778 4628 2879 4707 suo
2900 4651 3052 4707 feras
3075 4650 3287 4721 expulit
3307 4661 3533 4721 gentes,
3563 4661 3624 4707 et
3652 4666 3755 4706 non
3775 4663 3862 4703 ca-

564 4750 679 4798 toto
712 4744 891 4799 lumen
923 4757 1083 4800 suum
1115 4759 1288 4816 usque
1314 4745 1369 4801 in
1397 4742 1754 4804 Occidentem
1796 4749 1931 4805 orbe
1970 4747 2174 4803 diﬁ‘un-

560 4833 680 4889 dit:
712 4835 793 4890 sic
822 4846 878 4891 et
907 4835 1077 4893 Filius
1108 4837 1345 4895 hominis
1373 4852 1497 4894 cum
1536 4841 1653 4896 suis
1690 4842 1904 4913 angelis
1946 4844 2171 4900 veniens

558 4924 891 4983 illuminabit
918 4928 1067 4985 hunc
1095 4929 1397 4997 mundum;
1428 4940 1488 4986 ut
1512 4932 1709 4988 credat
1745 4935 1923 4990 cumis
1962 4933 2129 4990 homo
2147 4975 2167 5002 ,

559 5027 618 5074 et
644 5018 797 5075 salva
818 5020 916 5076 ﬁat
942 5021 1125 5079 omnis
1146 5037 1301 5079 caro.
1344 5021 1465 5079 Non
1500 5037 1640 5095 ergo
1676 5024 1967 5082 «edamus
2009 5028 2169 5083 Anti-

554 5109 804 5180 christo,
860 5113 1081 5187 de;an
1129 5116 1316 5173 dicent
1366 5116 1489 5173 falsi
1542 5118 1869 5189 prophetae:
1926 5120 2031 5177 Hic
2081 5130 2170 5179 est

557 5202 854 5275 Christus;
910 5208 1033 5267 dies
1081 5211 1229 5267 enim
1274 5212 1565 5282 perﬁdiae,
1618 5222 1789 5269 erunt
1840 5216 2167 5273 Antichristi

556 5298 700 5357 dies.
732 5301 849 5359 Non
874 5303 1173 5362 credamus
1202 5305 1269 5361 iis
1297 5306 1390 5377 qui
1420 5306 1645 5363 dicent:
1674 5306 1929 5385 Christus
1968 5310 2028 5365 in
2066 5310 2167 5369 de-

559 5402 742 5463 serto,
786 5395 1038 5454 Christus
1080 5400 1136 5454 in
1178 5401 1597 5471 penetralibus;
1640 5398 1754 5472 jam
1798 5402 1944 5459 enim
1978 5407 2161 5461 omnia

559 5487 721 5557 plena
778 5502 906 5548 sunt
961 5493 1211 5563 Christi,
1269 5494 1364 5551 ubi
1420 5496 1861 5569 apprOpinquare
1930 5502 2164 5571 cceperit

555 5579 827 5639 Christus.
878 5586 989 5648 Sed
1034 5574 1162 5645 c'um
1213 5587 1508 5647 viderimus
1555 5588 1694 5648 facta
1742 5606 1865 5664 qua:
1909 5592 2164 5650 Christus

556 5671 611 5730 in
670 5676 969 5751 Evangelio
1023 5695 1126 5739 suo
1173 5691 1301 5738 ante
1334 5682 1641 5755 praedixit,
1688 5686 1832 5741 'tunc
1874 5683 2164 5744 credamus

2275 4746 2482 4801 taurino
2505 4746 2703 4800 bellico
2734 4754 2944 4800 turmas
2976 4744 3182 4815 fugavit
3209 4744 3484 4809 hostiles;
3508 4742 3620 4798 sed
3648 4756 3864 4798 mansne

2273 4839 2465 4894 tudine
2502 4853 2568 4894 ac
2592 4838 2706 4895 ﬁde
2740 4847 2925 4894 terras
2968 4838 3315 4893 inimicorum
3360 4837 3490 4893 sine
3532 4836 3654 4892 ullo
3700 4848 3863 4892 cruore

2270 4933 2550 5006 possedit;
2600 4933 2739 4991 ﬁdes
2775 4935 2923 4990 enim
2962 4933 3080 4989 sola
3106 4930 3394 5004 pugnavit.
3436 4931 3510 4987 Et
3538 4930 3678 4987 ideo
3704 4932 3863 4985 trium-

2272 5032 2417 5102 phos
2440 5028 2663 5097 meruit,
2686 5043 2831 5101 quos
2848 5043 2968 5085 non
2990 5037 3276 5085 revocaret
3289 5026 3531 5099 perﬁdia
3546 5067 3566 5093 ,
3588 5026 3692 5083 sed
3731 5038 3864 5096 auge-

2268 5132 2392 5189 ret;
2426 5122 3069 5194 quiajlpcrsecutionibus
3092 5121 3209 5177 suis
3235 5134 3345 5177 non
3364 5120 3615 5176 vincitur
3645 5118 3861 5176 Ecclesia

2273 5214 2517 5285 Domini,
2549 5214 2644 5271 sed
2675 5216 2962 5287 probatur.
3007 5215 3141 5285 Qua:
3165 5223 3297 5271 sunt
3340 5214 3506 5286 igitur
3524 5214 3658 5271 -ὴιω
3696 5222 3863 5283 gentes

2266 5328 2408 5383 quas
2464 5314 2653 5371 vicerit
2696 5313 2991 5381 Ecclesia,
3040 5328 3459 5386 cognoscamus.
3515 5312 3717 5369 Vetera
3762 5312 3861 5367 dics

2267 5407 2560 5474 vocabula,
2588 5407 2687 5464 sed
2713 5408 2973 5479 mysteria
3000 5422 3166 5463 nova.
3194 5406 3493 5463 .Cbananci
3528 5414 3694 5473 sunt,
3728 5404 3862 5461 Cbet~

2260 5504 2383 5569 sani,
2414 5512 2473 5558 et
2518 5501 2824 5558 Amorrhmi
2846 5544 2862 5569 ,
2897 5502 3205 5571 Pherezazi,
3232 5511 3258 5539 ει
3287 5500 3373 5558 vel
3402 5499 3712 5570 Ceretbaei,
3751 5513 3861 5571 quo-

2266 5610 2393 5653 rum
2438 5596 2577 5654 infra
2602 5597 2875 5654 vocabula
2906 5597 3252 5670 digeremus.
3272 5595 3415 5652 Haec
3439 5604 3630 5652 autem
3659 5594 3859 5667 populo-

2244 5675 2253 5685 ’
2274 5704 2395 5749 rum
2426 5701 2553 5750 sunt
2577 5694 2826 5760 nomina;
2856 5692 2958 5751 sed
2973 5703 3040 5752 ὀι
3067 5692 3380 5767 passionum
3405 5690 3791 5761 inﬁrmitates,
3814 5698 3858 5744 et

635 5870 659 5898 α
697 5858 859 5918 Rom.
891 5861 1025 5920 edit.
1074 5878 1144 5921 ex
1185 5862 1308 5921 Vat.
1350 5861 1513 5930 cod.,
1548 5871 1599 5919 et
1638 5866 1830 5922 certari.
1860 5865 2000 5925 Alia:
2038 5881 2163 5926 cum
2205 5872 2462 5932 omnibus
2515 5888 2651 5930 mss.
2694 5883 2741 5930 et
2796 5874 3069 5933 Cerctlwei.
3100 5858 3306 5936 Eorum
3362 5876 3556 5936 crebra
3592 5879 3653 5934 lit
3682 5876 3855 5934 mentio
