4008 6352
109 317 274 388 sees
490 317 498 318 ί
1251 334 1319 393 1N
1356 335 1684 395 ΡδΑωιυιί
1723 322 1742 394 i

1849 338 1886 395 li
1923 337 2351 400 ΒΝΛΚΒΑΤΙΟ.
3307 343 3446 402 1091

97 440 497 502 humanorum
515 445 784 506 incentiva
805 448 1174 520 etopprobria
1196 451 1730 520 peccatoru.Quod
1761 469 1809 525 Α
1843 453 2017 528 (Ρεοι.
2040 473 2155 525 cvi,
2192 457 2340 528 20);
2388 463 2448 514 et
2485 457 2722 515 advertit
2758 457 2828 516 de
2875 457 2995 532 ipso
3032 457 3275 516 dictum:
3313 459 3448 515 Ecce

95 536 366 606 primum
392 549 478 596 est
523 540 711 612 igitur,
743 541 907 599 homo
934 543 989 599 in
1020 543 1240 599 Christo
1268 545 1386 614 ipse
1411 559 1471 600 se
1498 545 1733 614 domuit,
1838 547 1960 602 dedi
1999 549 2149 604 verba
2178 567 2292 606 mea
2319 552 2372 606 in
2396 567 2452 605 os
2482 561 2625 606 tuum
2644 591 2659 619 ,
2694 561 2744 606 et
2773 553 3016 607 constitui
3043 561 3091 608 te
3114 553 3267 606 hodie
3292 568 3450 623 super

99 638 175 684 et
202 629 332 699 ipse
360 645 422 687 se
450 631 613 699 vicit;
642 643 701 690 ut
723 635 831 692 sibi
859 637 1087 694 viveret.
1123 637 1240 692 Sibi
1271 637 1416 693 enim
1449 638 1612 707 vivit,
1639 640 1734 710 qui
1838 651 2012 713 gentes
2041 653 2091 698 et
2118 661 2279 717 regna
2300 683 2313 707 ,
2344 645 2630 713 σαώσατε,
2661 654 2707 700 et
2735 645 3016 713 destruere,
3050 656 3097 700 et
3127 647 3364 715 perdere,
3395 652 3447 701 et

101 720 241 778 Deo
271 723 433 792 vivit;
466 735 525 781 ut
549 727 714 784 vitam
740 728 941 786 Christi
968 731 1110 786 vivat
1147 738 1429 786 mternam.
1457 731 1574 787 Non
1604 746 1736 803 ergo

103 819 392 889 pugnavit
430 821 759 878 militaribus
785 823 988 890 armis,
1019 835 1073 879 et
1106 824 1299 880 terreis
1339 824 1463 882 telis
1506 827 1737 898 populus

105 909 421 978 Ecclesiae;
453 915 597 972 sicut
630 916 886 987 pugnavit
912 917 1143 988 populus
1169 916 1506 975 Judatorum.
1542 918 1637 974 Ille
1680 919 1734 974 in

99 1004 300 1076 ﬁgura
346 1009 640 1080 pugnavit,
676 1026 776 1066 nos
825 1026 1127 1083 pugnamus
1159 1011 1212 1068 in
1245 1013 1479 1083 spiritu:
1510 1013 1602 1070 ille
1641 1013 1738 1069 ad-

100 1114 346 1158 versum
373 1103 708 1176 alienigenas
740 1106 1028 1177 pugnavit,
1061 1121 1161 1163 nos
1204 1106 1309 1179 ipsi
1334 1107 1537 1164 bellum
1571 1107 1738 1164 habe-

105 1209 247 1252 mus
280 1198 332 1251 in
372 1198 561 1264 nobis;
613 1210 667 1255 et
712 1199 836 1255 ideo
878 1201 1028 1270 prius
1079 1201 1236 1258 nobis
1282 1201 1563 1258 vincenda:
1609 1209 1740 1258 sunt

107 1289 340 1362 proprii
369 1292 617 1361 corporis
646 1292 952 1363 passiones.

191 1383 288 1440 10.
330 1385 468 1442 Atilii
504 1394 829 1458 pugnantem
860 1387 1165 1458 apostolum
1209 1387 1436 1444 Paulum
1474 1387 1740 1444 adversus

104 1489 344 1549 gentem
374 1479 1068 1549 Chananmorumﬂideo,
1105 1483 1310 1554 inquit,
1355 1483 1522 1553 legem
1568 1482 1740 1536 carnis

107 1592 252 1632 ntere
279 1588 654 1649 repugnantem
689 1579 791 1650 legi
830 1579 1013 1634 mentis
1033 1593 1159 1634 mete
1177 1618 1193 1644 ,
1217 1588 1267 1633 et
1293 1580 1639 1650 captivantem
1662 1593 1742 1632 me

109 1673 173 1727 in
220 1673 337 1745 lege
379 1673 622 1744 peccali(
643 1672 800 1729 Rom.
825 1689 932 1741 vn,
961 1672 1093 1746 23).
1121 1673 1278 1731 Nunc
1320 1689 1379 1730 se
1403 1674 1566 1745 erigit
1609 1688 1741 1729 caro

111 1775 350 1834 nostra,
382 1783 526 1822 nunc
560 1767 770 1838 dejicit.
801 1768 972 1839 Erigit
1001 1769 1190 1837 menti,
1222 1768 1410 1838 dejicit
1439 1767 1694 1838 potestati
1720 1783 1734 1822 :

1835 734 2121 806 redi/icere,
2149 748 2197 792 et
2233 737 2472 807 planiore
2507 737 2744 812 (lerem.
2770 756 2808 805 I,
2840 739 2873 795 9
2899 748 2948 794 et
2982 738 3109 810 i0).
3158 739 3292 794 Nam
3323 739 3453 795 licet

1838 825 2157 898 frequenter
2203 830 2350 887 Deus
2395 832 2611 889 locutus
2655 833 2726 889 sit
2772 836 2826 890 in
2877 835 3197 907 prophetis;
3246 833 3299 889 in
3340 850 3452 907 quo

1840 934 2020 980 tamen
2046 927 2383 994 expressius,
2409 943 2570 999 quant
2602 928 2656 982 in
2690 943 2790 985 suo
2818 928 3034 986 locutus
3058 938 3144 986 est
3173 930 3333 1000 Filio,
3359 931 3450 1001 qui

1839 1018 2096 1075 virtutem
2119 1032 2337 1074 omnem
2366 1024 2680 1092 exprimens
2706 1023 2885 1078 Patris
2912 1023 2987 1078 ait
3017 1039 3030 1079 :
3062 1023 3182 1079 Men
3210 1025 3452 1080 doctrina

1841 1129 1944 1168 non
1972 1123 2046 1168 est
2071 1129 2204 1178 mea,
2229 1114 2320 1168 sed
2347 1115 2556 1186 ejusqui
2583 1132 2663 1172 me
2689 1118 2828 1171 misit
2853 1116 3303 1191 (Joatht,16)‘i
3332 1118 3452 1175 Non

1837 1219 1976 1277 ergo
2019 1205 2356 1276 Hieremias,
2401 1209 2492 1279 qui
2543 1217 2788 1282 tempore
2836 1212 3170 1284 captivitatis
3214 1211 3458 1284 suscepit

1840 1301 2128 1367 exsilium;
2161 1302 2258 1357 sed
2291 1303 2552 1358 Dominus
2581 1303 2742 1360 Jesus
2781 1305 2894 1362 suis
2937 1305 3115 1363 verbis
3155 1307 3457 1364 eradicavit

1841 1409 1908 1450 ex
1949 1395 2154 1452 intimis
2183 1397 2498 1467 pectoribus
2527 1398 2653 1452 vitia
2691 1401 3009 1470 gentilium,
3047 1401 3328 1471 perﬁdiam
3359 1417 3456 1457 na-

1845 1490 2079 1557 tionum,
2101 1500 2156 1546 et
2177 1498 2519 1547 versutarum
2543 1493 2932 1563 cogitationum
2959 1501 3126 1565 prava
3144 1504 3454 1552 commenta

1843 1584 2145 1654 deatruxit,
2185 1595 2351 1658 atque
2379 1587 2564 1642 omnia
2596 1586 2819 1659 vestigia
2851 1589 3152 1660 iniquitatis
3188 1589 3454 1647 abolevit.

1843 1677 2053 1736 Deinde
2080 1679 2274 1736 inludit
2306 1690 2494 1751 postea
2527 1680 2713 1747 ﬁdem,
2747 1691 2801 1736 et
2831 1685 3190 1739 continentiae
3207 1682 3455 1752 discipli-

1846 1786 2002 1836 nam;
2036 1786 2104 1826 nc
2134 1781 2411 1843 tamquam
2438 1774 2489 1827 in
2518 1785 2650 1828 vase
2677 1785 2936 1845 corrupto
2957 1774 3278 1831 confusione
3299 1775 3460 1830 vitio-

111 1870 175 1926 et
206 1861 391 1918 nbi'se
432 1861 611 1933 urgeri
651 1862 878 1929 viderit,
908 1863 1272 1918 constantiam
1315 1863 1547 1929 deserit,
1575 1873 1632 1918 et
1669 1861 1738 1917 ad
1770 1875 1818 1936 Β
1845 1880 1964 1920 rum
1995 1875 2384 1922 coacescerent
2410 1876 2749 1924 sacramenta
2779 1869 3064 1924 virtutum.

111 1954 521 2024 subiectionem
575 1958 761 2026 parata
807 1957 1023 2012 ducitur
1061 1958 1114 2011 in
1164 1956 1338 2025 legem
1389 1955 1636 2026 peccati;
1683 1965 1743 2011 ut

111 2047 288 2104 ﬁdem
335 2049 588 2115 deserat,
637 2036 878 2120 perﬁdiae
926 2050 1275 2116 succumbat;
1321 2060 1347 2088 ιι
1379 2057 1438 2106 et
1481 2049 1741 2106 Chettaeze

110 2143 457 2200 inﬁrmitatis
504 2144 558 2198 in
605 2143 814 2200 ditione
863 2144 1123 2200 destituta
1167 2145 1337 2217 890
1381 2159 1550 2210 vero,
1583 2146 1744 2203 cedat

112 2237 446 2299 mendacio.
497 2238 700 2294 serviat
749 2237 1003 2305 crimini,
1051 2237 1366 2308 acquiescat
1421 2239 1632 2302 errori;
1682 2247 1742 2296 et

113 2340 405 2400 tamquam
457 2330 813 2386 Amorrhazus
867 2331 1124 2400 loquatur
1176 2345 1362 2384 amara
1414 2344 1511 2400 pro
1563 2330 1740 2386 dulci-

113 2425 247 2482 bus.
303 2424 468 2481 Fides
508 2425 656 2480 enim
685 2425 900 2492 dulcis,
947 2439 1134 2480 amara
1164 2423 1394 2496 perﬁdia
1433 2433 1542 2480 est.
1588 2423 1742 2480 Unde

116 2520 394 2592 prteciare
453 2521 648 2576 Petrus
709 2519 839 2590 quid
903 2519 1038 2574 ﬁdes
1096 2527 1276 2583 esset,
1337 2516 1610 2588 expressit
1658 2516 1742 2573 di-

117 2630 260 2674 cens
287 2633 302 2672 :
336 2615 590 2682 Domine,
619 2615 690 2670 ad
717 2631 866 2685 quem
895 2615 1120 2669 ibimus?
1177 2613 1342 2669 Verba
1381 2615 1501 2670 sitat
1536 2623 1743 2669 (sternte

121 2711 303 2775 habes,
331 2719 380 2764 et
401 2727 492 2766 nos
519 2709 778 2764 credimus
805 2707 989 2781 (Joan.
1015 2724 1089 2774 vr,
1123 2708 1194 2766 69
1225 2717 1272 2762 et
1311 2707 1441 2779 70);
1468 2708 1745 2779 quomodo

123 2806 296 2876 igitur
323 2805 482 2876 iubes
525 2815 584 2861 ut
613 2803 960 2860 discedamus
987 2819 1015 2858 a
1045 2804 1130 2860 te?
1158 2805 1363 2875 Captus
1399 2803 1546 2859 enim
1577 2805 1744 2860 cele-

127 2901 303 2956 stium
332 2901 600 2956 suavitate
622 2898 938 2966 verborum,
968 2897 1253 2954 discedere
1278 2897 1502 2954 nolebat
1531 2913 1562 2952 a
1585 2896 1745 2953 Chri-

127 3002 236 3048 sto.
265 2991 367 3061 Qui
395 3001 574 3048 autem
608 2999 778 3061 negat
796 2990 1102 3054 Christum.
1127 2990 1244 3058 ipse
1269 3003 1329 3044 se
1355 2995 1577 3059 separat
1603 2987 1631 3027 b
1659 2988 1742 3044 vel

128 3097 414 3154 separatur
443 3101 473 3140 a
514 3085 754 3141 Christo.
789 3083 899 3141 Sed
932 3097 1109 3153 neque
1138 3091 1352 3138 versuta
1393 3081 1746 3138 Amorrhaeo-

128 3197 256 3237 rum
283 3180 599 3250 disputatio,
631 3195 753 3250 quae
800 3193 897 3249 per
924 3175 1326 3246 philosophiam
1372 3175 1660 3230 nonnullos
1705 3191 1739 3230 a

1917 1960 2007 2014 Η.
2051 1959 2208 2017 Unde
2235 1961 2458 2031 pulchre
2488 1960 2582 2017 tibi
2614 1963 2911 2030 Apostolus
2933 1961 3104 2018 dicit:
3136 1962 3245 2018 Sed
3266 1979 3459 2034 regna-

1843 2054 1913 2107 uit
1943 2060 2082 2108 mers
2113 2053 2176 2108 ab
2200 2054 2366 2108 Adam
2394 2063 2556 2126 usque
2582 2055 2650 2110 ad
2675 2053 2893 2127 Moysen
2921 2054 3102 2130 (Rom.
3126 2066 3183 2125 v,
3210 2057 3309 2127 i).‘
3318 2057 3459 2124 Quid

1841 2156 1928 2202 est
1972 2133 2220 2220 Moyes,
2267 2149 2366 2204 nisi
2406 2148 2551 2214 Lex;
2595 2150 2851 2220 quoniam
2898 2151 3014 2221 ipse
3062 2151 3330 2223 interpres
3369 2164 3452 2208 est

1844 2238 2044 2311 Legis:
2093 2240 2218 2295 ﬁnis
2246 2251 2425 2296 autem
2457 2241 2616 2311 Legis
2657 2240 2909 2299 Christus
2945 2243 3146 2300 Jesusi
3192 2245 3456 2318 Regnavit

1844 2347 1976 2402 ergo
2020 2344 2302 2403 peccatum
2343 2335 2396 2388 in
2427 2336 2532 2390 hoc
2558 2334 2800 2403 mundo,
2849 2345 2903 2392 et
2947 2336 3001 2393 in
3034 2346 3260 2409 peccato
3309 2352 3460 2396 mors

1845 2441 2035 2490 θωνα,
2083 2435 2248 2498 atque
2299 2428 2659 2484 intolerabilis
2709 2430 2958 2500 quaedam
3009 2443 3168 2502 pana
3227 2432 3458 2504 peccati.

1846 2518 2042 2574 DoCttit
2067 2519 2288 2589 quidem
2322 2535 2423 2575 nos
2451 2520 2669 2593 Moyses
2701 2521 2886 2579 levare
2914 2523 2982 2577 ad
3026 2525 3314 2580 Dominum
3345 2533 3464 2580 tne-

1847 2625 1982 2679 nus,
2015 2612 2092 2682 pii
2121 2613 2299 2668 cultus
2325 2613 2617 2669 instituens
2647 2613 3016 2685 disciplinam.
3043 2616 3234 2672 Docuit
3266 2626 3461 2687 (tuem-

1846 2705 2140 2762 admodum
2174 2718 2195 2746 ε
2229 2706 2488 2764 Amalech
2540 2709 2946 2780 versutiloquas
2998 2709 3346 2778 vinceretur;
3403 2719 3466 2770 ut

1846 2814 2032 2856 mores
2053 2807 2269 2856 nostros
2292 2810 2347 2856 et
2367 2815 2530 2871 Opera
2549 2801 2713 2874 θοι
2738 2801 3040 2858 levaremus
3063 2803 3129 2858 ad
3153 2803 3456 2871 Christum,

1847 2893 1930 2948 sic
1954 2891 2160 2947 destrui
2207 2905 2369 2962 posse
2420 2893 2741 2963 perﬁdiam:
2789 2895 2872 2949 sin
2919 2909 3050 2952 vero
3094 2896 3462 2966 dejiceremus

1847 2985 2118 3052 animam,
2170 2985 2550 3042 inelinsremus
2581 2985 2869 3055 allectum,
2919 2995 2978 3044 et
3023 3003 3054 3043 a
3102 2991 3462 3047 continentiae

1848 3077 2033 3134 studio
2063 3087 2438 3135 averteremus
2460 3080 2765 3151 ingenium,
2799 3091 2859 3137 ut
2889 3083 3174 3151 persuasio
3197 3099 3297 3140 nos
3319 3093 3461 3142 vana

1848 3182 2165 3244 superaret;
2218 3174 2427 3230 nullum
2471 3173 2777 3230 remedium
2826 3173 3104 3244 futnrum,
3151 3175 3256 3233 nisi
3304 3177 3466 3234 Jesus

129 3274 362 3329 veritate
408 3273 711 3328 transducit
741 3290 754 3325 :
801 3285 978 3341 neque
1016 3269 1390 3324 Jebusaeorum
1422 3268 1594 3336 turpis
1638 3271 1741 3324 ab—
1768 3277 1815 3341 (ζ
1850 3269 2110 3340 depressa
2133 3269 2248 3341 jam
2281 3269 2500 3326 brachia
2539 3269 2742 3341 Moysi,
2786 3279 3057 3341 tamquam
3087 3271 3462 3330 inﬁrmitatem

125 3366 319 3438 jectio,
353 3382 476 3437 quae
503 3381 562 3422 se
604 3364 824 3436 subiicit
852 3372 1016 3434 atque
1045 3361 1342 3418 substernit
1367 3376 1589 3418 cursum
1617 3377 1744 3418 cur-

130 3461 378 3517 rentibus
405 3459 728 3516 stecularem
746 3501 763 3519 .
791 3460 884 3530 qui
913 3462 1020 3512 non
1053 3466 1230 3527 potest
1259 3471 1384 3513 esse
1411 3466 1740 3529 perpetuus;

131 3554 232 3611 sed
279 3555 332 3609 in
381 3553 560 3624 portis
595 3552 781 3609 deﬁcit
825 3551 1058 3615 mortis,
1097 3550 1170 3606 de
1196 3550 1400 3621 quibus
1439 3550 1740 3607 exaltatum

136 3647 301 3704 David
333 3647 599 3719 propheta
630 3662 691 3703 se
713 3645 915 3718 gaudet
941 3643 1117 3714 (Pent.
1151 3659 1232 3710 ις,
1259 3641 1360 3715 15)
1391 3660 1406 3697 :
1438 3659 1616 3715 neque
1651 3642 1744 3700 Ci-

135 3759 309 3806 ntcus,
341 3741 434 3812 qui
477 3757 574 3811 per
600 3756 758 3796 suam
786 3739 1072 3811 pecuniam
1106 3736 1450 3808 possidetur;
1493 3739 1634 3794 sicut
1658 3739 1748 3794 inv

134 3835 370 3892 satiabil't
397 3849 593 3889 avarus
623 3832 866 3890 affectu:
901 3846 1076 3902 neque
1104 3828 1407 3895 Cenezcus,
1450 3830 1544 3901 qui
1585 3839 1746 3899 putat

136 3932 187 3986 in
218 3928 418 3983 divitiis
450 3927 860 3998 possessionem
901 3938 1024 3981 esse
1065 3933 1385 3994 perpetuam
1407 3965 1423 3990 ,
1455 3932 1510 3978 et
1547 3938 1742 3978 vanam

135 4039 286 4095 spem
313 4021 603 4080 constituit
638 4021 692 4075 in
723 4019 979 4084 caducis,
1018 4026 1182 4088 atque
1213 4017 1360 4072 inani
1391 4017 1655 4086 opinione
1685 4032 1746 4074 se

133 4119 342 4190 jactat:
389 4131 568 4189 neque
596 4114 885 4185 Raphaim,
915 4112 1010 4184 qui
1039 4109 1326 4182 proﬁtetur
1362 4109 1484 4165 aliis
1518 4125 1579 4166 se
1601 4111 1746 4167 ferre

137 4212 461 4270 medicinam
481 4225 648 4276 ,.cum
689 4207 919 4263 vulnera
956 4220 1057 4262 sua
1081 4219 1280 4260 curare
1315 4218 1420 4260 non
1456 4203 1662 4274 possit;
1689 4212 1747 4260 ct

137 4308 258 4365 ideo
286 4307 331 4363 si
369 4305 492 4376 quis
531 4303 606 4358 ad
626 4299 941 4374 huiusmodi
971 4299 1240 4356 medicmn
1269 4297 1612 4371 confugerit,
1649 4314 1747 4356 ne-

140 4417 293 4462 cesse
321 4411 410 4458 est
437 4400 596 4472 prius
632 4397 1021 4472 patrimonium
1053 4411 1218 4453 suum
1243 4411 1416 4452 omne
1434 4406 1742 4464 consumat,

141 4514 296 4571 quam
337 4496 642 4568 protectum
672 4493 926 4551 sanitatis
950 4491 1212 4562 accipiat;
1254 4491 1396 4546 sicut
1425 4491 1518 4547 illa
1549 4493 1748 4549 mulier

143 4595 194 4651 in
226 4591 516 4664 Evangelia
547 4589 702 4664 (Luc.
736 4604 850 4656 viti,
883 4589 961 4645 45
979 4597 1027 4644 et
1054 4587 1148 4658 44)
1179 4603 1300 4659 quae
1327 4603 1425 4659 per
1453 4587 1744 4644 duodecim

1849 3364 2012 3436 Legis
2041 3365 2353 3430 attolleret,
2388 3372 2455 3432 et
2480 3378 2575 3419 sua
2605 3364 2977 3420 misericordia
3005 3366 3321 3424 sustineret.
3352 3367 3466 3424 Sed

1848 3459 2126 3515 inﬁrmum
2170 3457 2348 3514 adhuc
2394 3457 2587 3514 fuisset
2635 3458 2792 3528 Legis
2839 3458 3130 3526 auxilium;
3193 3459 3301 3516 nisi
3348 3461 3468 3532 ipse

1849 3553 2011 3610 Jesus
2043 3552 2286 3609 venisset
2313 3552 2368 3607 in
2399 3562 2592 3618 terras,
2618 3553 2708 3623 qui
2740 3553 2793 3607 in
2823 3569 2882 3609 se
2910 3565 3126 3609 nostras
3155 3555 3464 3626 susciperet

1849 3647 2220 3713 inﬁrmitates,
2245 3661 2406 3718 quem
2428 3645 2604 3702 solum
2635 3655 2816 3701 nostra
2848 3655 3066 3715 peccata
3089 3663 3322 3718 gravare
3351 3661 3462 3706 non

1849 3750 2100 3812 possent,
2130 3755 2230 3796 nec
2259 3740 2525 3796 inclinare
2551 3755 2744 3795 manus
2772 3740 2893 3810 ejus
2917 3757 2929 3793 :
2970 3742 3061 3811 qui
3094 3756 3156 3798 se
3183 3741 3469 3798 inclinavit

1850 3849 2027 3904 usque
2052 3833 2120 3889 ad
2150 3843 2405 3902 mortem,
2437 3841 2671 3889 inertem
2702 3842 2882 3888 autem
2907 3832 3105 3899 crucis,
3142 3834 3198 3890 in
3223 3848 3332 3904 qua
3369 3850 3469 3890 ex-

1853 3927 2098 3997 pandens
2128 3942 2322 3982 manus
2349 3941 2509 3997 suas,
2552 3935 2723 3982 totum
2758 3926 2949 3984 orbem
2988 3929 3078 3999 qui
3110 3937 3230 3984 erat
3259 3929 3468 4000 peritu-

1851 4035 1986 4087 rus,
2028 4022 2203 4076 erexit
2229 4037 2242 4072 :
2272 4021 2472 4076 levavit
2496 4021 2782 4090 iacentes,
2825 4029 2992 4093 atque
3016 4021 3084 4078 ad
3131 4037 3195 4079 se
3221 4025 3470 4081 (minium

1850 4113 2094 4186 gentium
2122 4112 2288 4169 ﬁdem
2321 4113 2524 4182 traxit,
2554 4114 2744 4172 dicens
2772 4114 3019 4171 homini:
3060 4115 3230 4173 Hodie
3266 4134 3468 4174 mecum

1853 4209 1955 4264 erit
1975 4207 2027 4262 in
2057 4206 2304 4276 paradiso
2334 4205 2494 4279 (Luc.
2521 4225 2680 4276 χχιιι,
2699 4207 2818 4282 45).
2848 4209 2966 4266 Hoc
2991 4219 3078 4267 est
3103 4223 3233 4285 ergo
3260 4212 3475 4284 disper-

1853 4298 1986 4355 dere
2015 4307 2181 4370 atque
2219 4299 2496 4370 plantare;
2527 4309 2590 4356 ut
2613 4301 2811 4359 vitiosa
2841 4303 3212 4373 eradicentur,
3241 4306 3469 4364 meliora

1850 4393 2170 4465 plantentur
2195 4393 2249 4449 in
2274 4393 2588 4465 pectoribus
2606 4395 3050 4467 singulorum.De
3073 4415 3182 4467 quo
3207 4400 3472 4471 prteclarc

1851 4487 2071 4562 Moyses
2095 4488 2151 4544 in
2178 4487 2350 4562 Expdi
2367 4489 2581 4545 cantico
2604 4489 2718 4546 ait:
2753 4489 3016 4546 Inducens
3047 4493 3286 4562 plantato
3299 4510 3386 4550 eos
3414 4495 3471 4551 in

1852 4593 2078 4639 montem
2111 4581 2429 4639 hwreditatis
2460 4577 2591 4653 tute,
2624 4584 2680 4638 in
2720 4594 3074 4657 prwparatum
3110 4586 3468 4644 Itobitacuittm

144 4702 311 4743 annos
340 4685 599 4741 liuentem
645 4683 966 4755 sanguinem
996 4682 1374 4753 corporalium
1406 4682 1747 4752 voluptatum
1773 4685 1829 4748 Β
1857 4688 2005 4734 tuum
2035 4676 2236 4750 (Exod.
2267 4693 2360 4744 xv,
2396 4678 2534 4747 i7);
2568 4689 2759 4749 petens
2784 4689 2843 4734 ut
2884 4680 3168 4737 induceret
3210 4683 3474 4740 Dominus

143 4790 378 4838 statuere
425 4779 779 4848 nontpotuit,
823 4777 930 4833 nisi
978 4787 1330 4847 posteaquam
1374 4777 1622 4849 confugit
1673 4777 1744 4834 ad

145 4873 436 4931 Christum.
468 4869 747 4927 intellexit
769 4868 914 4925 enim
944 4869 1086 4939 quod
1124 4883 1293 4925 nemo
1316 4869 1600 4939 perlectus
1624 4886 1742 4925 me-

145 4967 320 5035 dicus;
364 4966 468 5023 nisi
496 4964 598 5036 qui.
619 4961 996 5020 descendisset
1019 4976 1052 5018 e
1088 4961 1230 5018 caelo
1247 5003 1272 5029 ι
1299 4959 1368 5017 de
1395 4975 1514 5031 quo
1535 4975 1746 5033 cogno-

147 5069 296 5119 verat
337 5059 587 5116 diutumz:
632 5055 779 5112 Misit
821 5054 1039 5112 uerbum.
1077 5071 1229 5110 suum
1249 5095 1266 5123 ,
1314 5064 1366 5111 et
1411 5055 1624 5110 sanauit.
1658 5071 1748 5113 eos

149 5247 199 5302 in
241 5246 328 5302 tib.
362 5243 494 5316 Reg.
522 5255 672 5316 quos
699 5239 921 5316 eosdem
944 5253 1070 5296 esse
1095 5251 1160 5294 ac
1181 5234 1526 5292 Philisthteos
1571 5234 1746 5292 tradit.

150 5318 340 5391 Lyran.
372 5313 462 5372 tib.
494 5313 927 5391 digerendarum.

219 5389 480 5464 §Omnes
527 5375 766 5464 editae
813 5379 1057 5464 nepoti!“
1118 5392 1274 5445 mssz,
1318 5375 1740 5464 {industriumet

155 5462 361 5531 Elmete)
389 5459 704 5534 inﬁrmitatis
722 5457 950 5534 indicio.
977 5456 1112 5534 Beg.
1137 5469 1272 5534 cum:
1290 5451 1737 5534 aliquotiallisvu

151 5535 203 5588 in
237 5522 455 5590 ditione:
485 5532 640 5600 Quod
684 5529 898 5586 videtur
934 5527 1014 5584 ad
1059 5522 1364 5582 institutam
1385 5522 1394 5523 “
1418 5522 1737 5596 allegoriam

154 5605 624 5680 accommodatius.
756 5674 772 5680 _
898 5679 901 5680 ν
1302 5679 1307 5680 ί

220 5677 246 5718 ι)
283 5677 376 5734 Vel
403 5685 692 5739 separatur,
724 5674 912 5730 aberat
951 5683 1021 5728 ex
1050 5665 1312 5727 omnibus
1337 5663 1470 5725 edlt‘.
1505 5679 1570 5723 ac
1609 5666 1747 5721 duo-

156 5751 247 5807 bus
270 5766 398 5806 mss.
428 5740 756 5806 Seti'inlaliis
776 5745 1018 5819 quinque
1041 5743 1338 5819 reperitur».
1362 5740 1536 5819 Quod
1560 5751 1744 5819 autem

157 5833 269 5895 post
288 5837 506 5896 vocem,
520 5813 844 5896 disputatio,
875 5813 1134 5896 in'cunct.
1162 5815 1296 5870 edit.
1330 5813 1748 5896 additurmejus:

159 5884 316 5960 modi;
347 5910 468 5951 cum
495 5884 613 5946 hmo
633 5891 794 5946 nullis
822 5890 873 5944 in
916 5904 1061 5944 mss.
1085 5889 1317 5958 legatur,
1342 5884 1642 5960 verisimile
1664 5891 1755 5938 est

161 5957 406 6038 adiectam
442 5966 628 6034 fuisse,
677 5972 734 6020 ut
771 5977 965 6020 sensus
1012 5957 1308 6029 utcumque
1354 5957 1745 6029 complerettn'.

1857 4773 2119 4844 populum
2165 4787 2322 4826 suum
2342 4770 2398 4827 in
2425 4771 2512 4827 illa
2535 4773 2814 4844 praecelsa:
2839 4773 3058 4830 virtutis
3081 4775 3473 4848 sapiemiaeque

1854 4865 2126 4938 plantaria
2147 4906 2163 4931 ,
2195 4865 2380 4942 ibique
2417 4865 2756 4937 plantarctur
2781 4867 2836 4923 in
2868 4883 3034 4939 opera
3063 4884 3161 4924 sua
3181 4907 3195 4935 ,
3231 4879 3290 4926 et
3312 4871 3470 4929 insti-

1853 4968 2103 5016 tueretur
2145 4969 2540 5031 prteceptorum
2585 4962 2888 5019 cm'lestium
2928 4961 3262 5034 disciplinis,
3303 4974 3469 5040 atque

1854 5054 1912 5109 in
1942 5068 2009 5112 eo
2050 5064 2384 5126 praepararet
2420 5057 2524 5114 sibi
2549 5072 2679 5118 sua.-
2707 5056 3160 5116 ssnctiﬁcationis
3187 5060 3468 5122 habitacu-

1850 5233 2259 5312 Verumtamem
2281 5237 2382 5294 etsi
2397 5253 2516 5295 eam
2528 5237 2870 5312 retinendam
2893 5248 3072 5309 putes,
3088 5258 3190 5300 nec
3211 5244 3291 5302 sic
3312 5244 3464 5308 locus

1850 5307 2126 5387 videbitur
2164 5307 2625 5387 adhuc_sanatus.
2667 5307 3014 5387 Arbitrantur
3041 5307 3257 5387 itaque
3312 5307 3466 5379 illinc

1851 5380 2123 5460 excidisse
2153 5383 2323 5460 verba
2359 5381 2482 5460 ista,
2512 5382 2926 5460 apostolot,_au't
2974 5378 3467 5460 ﬁdeles-separaui

1854 5452 2084 5538 Christo,
2116 5455 2224 5538 Vel
2250 5452 2584 5538 hiemai'tinia',
2629 5471 2753 5527 quae
2787 5452 3053 5528 deinceps
3094 5460 3160 5514 ni
3206 5452 3466 5521 uictuma

1851 5526 2083 5598 singulis
2109 5524 2583 5596 subintelligenda.
2646 5524 2660 5527 ⁷
2899 5593 2902 5596 ,
2987 5524 3001 5528 ’

1931 5608 1954 5637 ο
1985 5599 2187 5679 omines
2214 5593 2347 5679 edit.
2375 5596 2431 5679 in
2451 5612 2706 5670 corpore,
2738 5589 2988 5679 Amalech
3031 5603 3260 5679 versutiq
3303 5607 3472 5679 vince-

1855 5677 2017 5727 retur.
2041 5665 2182 5744 VMss.
2207 5668 2443 5744 aliquot,
2479 5665 2700 5744 ac'vet.
2731 5665 2863 5727 ed‘i‘t.
2891 5672 2945 5744 in
2981 5679 3180 5744 ωλι-ειη
3219 5671 3468 5734 Amalech

1856 5743 2224 5814 uersutitoens
2247 5740 2565 5814 vinceretur,
2587 5743 2730 5814 lege,
2761 5739 3178 5813 ουρσιιέιοᾳαιῑεέ
3196 5751 3301 5802 etc.
3335 5747 3468 5806 Rm

1859 5818 2005 5884 quod
2034 5813 2176 5868 Vict.
2207 5820 2263 5868 et
2292 5811 2446 5868 Colb.
2481 5811 2685 5871 habent
2706 5855 2721 5881 ,
2750 5811 3180 5886 versutiloquiis,
3213 5820 3468 5878 mendum

1861 5896 1948 5944 est
1977 5886 2280 5952 scribarum
2307 5885 2626 5955 ignorantiae
2653 5885 3050 5957 imputandum.
