4008 6352
600 327 744 386 1095

1935 320 2186 382 SANCTI
2221 319 2550 384 AMBROSII

3790 317 3894 375 ιορε

596 445 711 501 lum
737 462 752 499 :
785 441 927 515 quod
950 440 1136 512 utique
1160 452 1270 497 non
1300 438 1649 497 haereditario
1676 440 1818 511 jure,
1846 455 1948 497 nec
1978 449 2194 497 nostro.
2225 446 2275 506 Α
2302 442 2417 498 suis
2449 442 2553 497 hoc
2596 438 2808 497 meritis
2844 436 3229 495 vindicabant.
3278 434 3417 493 Ideo
3450 446 3555 491 nec
3586 432 3799 507 Moyses
3832 456 3891 497 es.

596 555 718 596 rum
748 536 1209 607 contemplatione
1250 535 1572 590 meritorum
1599 551 1613 599 ;
1649 534 1744 590 sed
1777 550 1875 606 pro
1906 549 2001 589 sua
2030 533 2202 606 gratia

598 631 863 689 Dominus
914 629 1166 685 conferre
1212 627 1489 700 dignatur.
1541 626 1826 697 Quomodo
1876 627 2060 694 enim,
2114 625 2204 681 ubi

599 738 885 781 remanere
913 738 1022 779 non
1069 721 1375 794 potuimus,
1414 737 1481 778 eo
1516 723 1695 778 redire
1740 735 2053 793 possemus;
2103 720 2204 776 nisi

595 818 878 891 privilegio
907 818 1023 873 fulti
1052 816 1444 888 redemptionis
1472 817 1740 873 teternze?

672 913 762 968 12.
803 912 1001 985 (Vers.
1034 910 1131 982 4.)
1168 910 1236 966 Et
1285 910 1410 966 ideo
1456 910 1685 981 pulchre
1713 908 1852 965 dixit
1896 908 2203 979 Pr0pheta:

602 1009 864 1078 Quoniam
906 1025 1010 1063 non
1048 1008 1103 1062 in
1145 1008 1321 1079 gladio
1370 1024 1465 1063 suo
1506 1008 1841 1080 possederunt
1890 1015 2110 1071 terram,
2162 1012 2208 1059 et

595 1104 863 1159 brachium
890 1118 1043 1159 suum
1073 1119 1173 1158 non
1202 1102 1435 1158 liberavit
1477 1119 1565 1158 eos
1587 1120 1606 1157 :
1637 1101 1727 1156 sed
1765 1101 1975 1156 dextera
2005 1110 2092 1154 tua
2112 1140 2128 1165 ,
2159 1108 2209 1155 et

597 1197 865 1255 brachium
914 1208 1095 1261 tuum,
1126 1210 1176 1254 et
1226 1198 1545 1253 illuminatio
1588 1197 1757 1251 vultus
1805 1197 1918 1260 tui;
1963 1194 2209 1267 quoniam

597 1291 910 1362 complacuit
939 1292 1030 1347 tibi
1056 1292 1110 1346 in
1130 1290 1261 1346 illis.
1286 1292 1418 1357 Qum
1444 1292 1606 1361 igitur
1638 1300 1781 1345 terra
1809 1297 1915 1356 est,
1946 1304 2068 1359 quis
2100 1303 2208 1343 non

599 1384 824 1442 brachio
864 1386 1115 1456 capiatur
1135 1426 1150 1450 ,
1185 1400 1291 1439 non
1321 1384 1502 1456 gladio
1530 1384 1903 1455 possideatur;
1936 1382 2039 1437 nisi
2064 1394 2207 1437 terra

597 1476 1064 1548 repromissionis,
1083 1476 1151 1532 de
1168 1491 1273 1548 qua
1301 1478 1387 1531 hic
1411 1476 1526 1547 ipse
1547 1476 1685 1532 dixit
1708 1476 1973 1545 Propheta
2001 1491 2014 1529 :
2044 1473 2210 1530 Credo

554 1582 561 1588 '
594 1568 767 1624 uidere
791 1569 924 1624 bona
950 1566 1161 1624 Domini
1184 1570 1245 1649 in.
1260 1579 1399 1624 terra
1420 1569 1692 1624 viventium
1715 1567 1888 1641 (Psal.
1910 1582 2063 1629 xxvr,
2084 1565 2209 1637 15)?

598 1660 717 1717 Non
750 1661 1022 1717 immerito
1050 1661 1215 1731 igitur
1245 1661 1364 1731 ejus
1386 1672 1492 1716 tam
1523 1660 1778 1730 praeclara
1802 1659 2076 1731 possessio
2100 1665 2204 1723 est,

597 1757 654 1814 in
680 1773 784 1830 qua
817 1773 923 1812 non
957 1758 1141 1813 saeculi
1172 1757 1400 1813 adversa
1437 1756 1822 1823 dominantur,
1858 1752 1955 1809 sed
1996 1750 2212 1807 Domini

598 1852 740 1908 bona
767 1864 970 1908 aeterna
1002 1852 1349 1907 fructiﬁcant.
1387 1850 1623 1922 ideoque
1665 1865 1773 1905 non
1815 1848 1995 1920 gladio
2023 1845 2208 1917 acqui-

598 1946 766 2015 ritur,
799 1945 895 2003 se'd
942 1946 1355 2011 mansuetudine
1395 1945 1740 2017 possidetur,
1769 1944 1909 1999 sicut
1943 1941 2207 1997 Dominus

597 2041 757 2100 Jesus
788 2043 1109 2101 testificatus
1152 2053 1236 2099 est
1269 2042 1500 2098 dicens:
1532 2040 1682 2097 Beati
1711 2039 1893 2103 mites;
1932 2038 2034 2110 ipsi
2071 2036 2207 2090 enim

598 2135 930 2206 possidebunt
952 2134 1396 2208 terram‘(MattIt.
1420 2152 1478 2202 ν,
1502 2134 1589 2207 4).
1622 2134 1793 2190 Nemo
1821 2146 1953 2203 ergo
1984 2130 2207 2201 impaci-

598 2229 765 2298 ﬁcus,
800 2246 961 2288 nemo
995 2247 1257 2305 arrogans
1296 2239 1394 2287 aut
1422 2231 1723 2303 superbus;
1758 2229 1854 2286 sed
1884 2236 2206 2284 mansuetus

596 2332 652 2379 et
679 2322 901 2381 humilis
925 2326 1130 2382 corde:
1173 2326 1265 2397 qui
1294 2325 1430 2380 nihil
1468 2324 1577 2381 sibi
1619 2332 1872 2395 arroget;
1906 2321 2004 2378 sed
2034 2329 2204 2375 totum

592 2416 663 2475 ad
688 2422 918 2490 gratiam
945 2421 1185 2476 referat:
1220 2435 1332 2475 non
1355 2418 1408 2474 in
1435 2434 1532 2475 sua
1557 2416 1879 2473 fortitudine
1908 2414 2202 2488 glorietur,

596 2513 692 2569 sed
723 2512 951 2570 dextera
982 2514 1081 2571 Dei
1128 2513 1321 2569 credat
1359 2527 1419 2567 se
1457 2526 1581 2568 esse
1623 2518 1931 2582 prouectum
1976 2507 2202 2563 dicens:

594 2604 821 2662 Dextera
844 2606 1057 2661 Domini
1086 2607 1207 2679 fecit
1237 2608 1495 2668 virtutem,
1529 2604 1740 2659 dextera
1765 2600 1978 2656 Domini
2004 2600 2207 2656 exalta-

594 2699 673 2755 oit
700 2716 781 2755 me
805 2699 980 2773 (Psal.
1006 2716 1175 2768 cxvn,
1206 2699 1319 2771 l6).
1352 2698 1548 2757 Gladio
1576 2714 1792 2771 quoque
1824 2698 1916 2753 Dei
1940 2704 2208 2753 memoret

596 2806 659 2849 se
699 2807 822 2849 esse
871 2802 1145 2869 servatum
1172 2835 1189 2862 ,
1241 2792 1601 2849 illuminatum
1645 2806 1863 2863 quoque
1910 2789 2007 2845 Dei
2051 2790 2207 2844 vultu

594 2886 988 2957 omnipotentis
1037 2887 1090 2943 in
1147 2887 1345 2959 quibus
1393 2885 1645 2942 omnibus
1709 2882 1962 2940 Christus
2035 2892 2119 2939 est
2176 2890 2204 2919 α

596 2988 897 3052 protector,
946 2981 1203 3050 dextera,
1241 2981 1531 3047 defensor,
1579 2990 1637 3039 et
1680 2979 1915 3052 gladius.
1965 2977 2121 3035 Unde
2149 2986 2205 3034 et

595 3072 817 3132 Simcon
866 3076 1002 3131 dixit
1042 3076 1110 3131 ad
1155 3076 1380 3132 Mariam
1414 3094 1430 3132 :
1464 3075 1533 3131 Et
1578 3087 1719 3131 tuam
1770 3075 1934 3147 ipsius
1976 3073 2204 3128 animam

595 3170 928 3239 pertransibit
959 3170 1170 3244 gladius
1217 3170 1388 3243 (Luc.
1414 3186 1476 3239 ιι,
1506 3170 1579 3227 55
1600 3170 1642 3244 ).
1668 3169 1893 3227 Gladius
1922 3169 2067 3225 enim
2107 3168 2204 3224 Dei

2305 520 2539 598 induxit.
2583 550 2652 591 ne
2682 533 2841 606 Legis
2872 532 2978 590 hoc
3019 531 3382 590 existimetur
3410 544 3561 595 esse,
3595 528 3693 585 sed
3722 535 3893 601 gratia;

2307 628 2419 687 Lex
2462 630 2608 686 enim
2656 630 2848 685 merita
2892 627 3211 692 examinat,
3261 626 3445 699 gratia
3495 623 3661 682 ﬁdem
3711 640 3893 697 spectat

2308 724 2465 782 Unde
2497 724 2759 793 praeclare
2789 724 3085 793 Apostolus
3118 722 3290 779 ﬁdem
3325 730 3555 793 patrum
3590 729 3801 777 secutus
3820 726 3893 778 sit;

2309 820 2417 877 Sed
2444 836 2603 889 neque
2628 820 2715 890 qui
2741 819 2981 892 plantat,
3011 827 3087 873 est
3106 818 3430 889 quicquam,
3463 830 3639 885 neque
3666 816 3755 887 qui

2308 914 2400 971 sed
2428 914 2515 985 qui
2554 914 2928 969 incrementum
2974 912 3063 967 dat
3104 910 3253 967 Deus
3302 909 3537 982 (lCor.
3567 926 3660 974 ιιι.
3688 912 3773 980 7).
3818 911 3893 965 ﬁsa

2311 1006 2457 1066 enim
2488 1006 2648 1063 Jcsns
2688 1006 2834 1072 Nave
2860 1004 2955 1077 qui
3006 1004 3254 1070 induxit,
3305 1018 3499 1076 neque
3548 1002 3646 1074 qui
3690 1004 3896 1073 plantavit

2310 1116 2437 1168 eos;
2471 1100 2565 1157 sed
2596 1100 2742 1156 Deus
2772 1100 2864 1171 qui
2894 1100 3296 1157 incrementum
3330 1096 3555 1171 pepulo
3581 1095 3753 1163 dedit,
3784 1098 3891 1153 huic

2309 1194 2500 1269 gloria:
2532 1195 2920 1265 principatum.

2386 1291 2475 1346 15.
2513 1289 2625 1347 Nec
2655 1300 2707 1347 te
2734 1301 2949 1349 moveat
2979 1292 3105 1363 quia
3137 1291 3395 1361 superius
3417 1290 3568 1346 dixit
3598 1308 3614 1344 :
3652 1290 3891 1345 Manum

2312 1393 2485 1456 gentes
2527 1385 2872 1455 disperdidit,
2921 1397 2969 1441 et
3022 1387 3274 1456 plantain
3304 1402 3396 1441 eos
3429 1385 3450 1458 (
3478 1384 3641 1438 Psal.
3670 1400 3811 1450 ant,
3832 1388 3886 1453 3f,

2313 1475 2453 1533 Hinc
2482 1478 2627 1532 enim
2667 1478 2880 1550 colligis
2910 1481 3032 1549 quia
3065 1496 3175 1535 non
3215 1480 3405 1535 omnis
3438 1478 3540 1551 qui
3576 1479 3803 1547 plantat.
3836 1492 3889 1533 is

2311 1571 2403 1643 qui
2441 1572 2607 1642 rigat,
2641 1572 3037 1629 incrementum
3064 1574 3159 1630 dat
3193 1592 3206 1628 :
3256 1573 3357 1631 sed
3387 1575 3489 1645 qui
3538 1573 3887 1630 incrementa

2313 1674 2491 1736 potest
2515 1665 2671 1733 dare,
2702 1676 2882 1738 potest
2912 1668 3027 1738 Ipse
3071 1669 3348 1739 plantare;
3383 1668 3544 1723 sicut
3571 1678 3763 1741 gentes
3785 1670 3890 1737 plas-

2315 1768 2460 1816 tasse
2482 1760 2681 1816 dicitur
2710 1762 2991 1818 Dominus.
3021 1762 3139 1833 Ipse
3160 1764 3307 1820 enim
3343 1763 3656 1835 plantavit,
3688 1766 3771 1835 qui
3791 1765 3891 1833 pias

2235 1858 2283 1921 B
2312 1854 2504 1909 tationi
2543 1855 2767 1911 donavit
2796 1857 3080 1923 ell'ectutn;
3112 1860 3165 1912 in
3199 1858 3265 1913 iis
3298 1865 3495 1913 tamen
3532 1858 3634 1928 qui
3669 1874 3759 1926 per
3780 1856 3885 1913 ﬁdes

2309 1947 2515 2005 Christi
2560 1951 2791 2007 Domino
2820 1950 3038 2022 placere
3067 1960 3428 2020 meruerunt,
3459 1951 3562 2006 cui
3593 1949 3701 2005 soli
3728 1966 3757 2004 a
3782 1951 3889 2007 Pstis

2310 2041 2511 2097 dicitur
2550 2043 2666 2100 Deo
2704 2060 2718 2098 :
2765 2042 2938 2099 Filius
2988 2061 3131 2100 meus
3167 2056 3223 2099 tu
3276 2062 3330 2100 es
3366 2062 3388 2099 :
3440 2046 3504 2099 in
3562 2054 3614 2099 te
3661 2048 3887 2113 completa

2312 2136 2511 2202 (Marc.
2532 2154 2573 2206 ι,
2592 2138 2704 2210 ll).
2738 2138 2841 2206 Qui
2865 2154 2996 2211 ergo
3023 2139 3320 2210 participes
3349 2138 3578 2194 Christi
3610 2148 3756 2207 sunt,
3781 2143 3831 2192 ab
3850 2156 3889 2194 es

2312 2231 2561 2303 placendi
2593 2234 2826 2302 gratiam
2848 2240 3285 2303 consequuntur.
3308 2232 3379 2286 Et
3410 2231 3661 2304 pulchre
3675 2230 3891 2286 sitCa-

2308 2325 2509 2395 placuit
2538 2325 2630 2381 tibi
2654 2327 2709 2381 in
2735 2327 2879 2393 illis;
2906 2335 2962 2381 ut
2983 2326 3239 2381 distantia
3262 2325 3533 2381 videatur
3556 2326 3690 2396 jure
3712 2340 3883 2381 sema

2312 2420 2481 2478 Recte
2508 2422 2655 2478 enim
2686 2422 2833 2478 Deus
2876 2422 2931 2477 in
2962 2420 3101 2476 Filio
3139 2420 3500 2491 cumplacet;
3554 2421 3687 2491 quia
3726 2421 3890 2489 aquan

2310 2525 2393 2571 est
2421 2514 2606 2582 Patri,
2648 2531 2748 2571 nec
2778 2515 2834 2571 in
2868 2515 2980 2569 ullo
3009 2514 3240 2571 decolor
3272 2512 3577 2569 invenitur
3597 2556 3615 2579 ,
3650 2515 3769 2585 quia
3790 2528 3889 2567 com-

2309 2608 2489 2680 placet
2515 2608 2713 2664 divina:
2734 2608 2858 2679 jure
2885 2618 3093 2663 naturae
3113 2648 3129 2675 ,
3158 2617 3211 2663 et
3240 2608 3460 2664 unitate
3496 2607 3826 2663 substantia.
3850 2607 3889 2661 Et

2310 2711 2459 2760 recte
2485 2704 2792 2774 complacet
2820 2703 2872 2757 in
2902 2702 3042 2759 Filio
3074 2701 3266 2768 Pater;
3312 2701 3445 2773 quia
3481 2701 3659 2757 Pater
3684 2701 3889 2756 honoriﬁ-

2310 2807 2465 2856 catur
2496 2798 2549 2854 in
2578 2798 2755 2864 Filio,
2783 2799 2928 2854 sicut
2956 2798 3010 2853 in
3044 2796 3203 2854 Patre
3238 2794 3440 2852 Filius.
3474 2796 3542 2852 In
3574 2796 3735 2852 nobis
3756 2806 3885 2851 sum

2309 2892 2425 2949 Deo
2454 2893 2819 2964 complacuit;
2850 2892 2975 2964 quia
3006 2891 3163 2947 nobis
3202 2891 3323 2961 ipse
3361 2890 3629 2959 donavit,
3658 2901 3719 2946 nt
3738 2890 3784 2945 ei
3808 2890 3886 2959 pla-

2310 3000 2437 3043 cere
2477 2985 2773 3057 possimus.
2816 2984 2911 3041 Pie
2936 2993 3116 3041 autem
3146 2994 3202 3040 et
3238 2983 3344 3040 hoc
3372 2984 3598 3040 homini
3629 2986 3885 3055 specialiter

2310 3079 2602 3145 donatum,
2634 3094 2741 3134 non
2770 3078 3117 3149 arrogantius
3141 3088 3472 3147 usurpatum
3505 3077 3787 3147 Scriptura
3818 3091 3884 3131 nos

2311 3173 2517 3230 docuit.
2563 3172 2731 3229 Decet
2772 3170 2919 3227 enim
2960 3183 3021 3227 ut
3061 3174 3114 3227 in
3143 3168 3208 3227 iis
3236 3170 3599 3242 complaceat
3625 3170 3763 3237 Deo,
3789 3184 3883 3240 quos

593 3265 819 3322 verbum
848 3276 954 3331 est,
979 3265 1123 3338 quod
1156 3268 1369 3322 acutius
1397 3266 1546 3323 omni
1574 3265 1756 3337 gladio
1784 3279 1955 3337 usque
1981 3263 2049 3319 ad
2071 3262 2207 3318 divi-
2231 3279 2277 3343 ρ
2309 3270 2378 3326 ad
2404 3269 2819 3326 similitudinem
2850 3283 3005 3323 suam
3036 3268 3197 3336 fecit,
3227 3277 3281 3322 et
3310 3281 3457 3337 quos
3488 3282 3599 3336 per
3644 3266 3881 3337 imagines

589 3357 776 3415 siones
821 3359 1017 3415 animae
1064 3361 1531 3433 cogitationesque
1580 3359 1907 3431 pertransit;
1955 3365 2011 3413 ut
2055 3356 2202 3412 nulla

590 3453 957 3525 cognitionem
988 3454 1106 3525 ejus
1132 3456 1347 3511 occulta
1384 3464 1734 3526 praetereant.
1765 3453 1960 3509 Vultus
1989 3467 2203 3525 quoque

592 3547 804 3617 paterni
831 3546 1092 3616 splendor
1118 3558 1202 3603 est
1226 3546 1513 3615 Christus;
1544 3557 1598 3603 et
1634 3547 1758 3602 ideo
1788 3545 1918 3601 dicit
1949 3563 1964 3600 :
1997 3545 2101 3611 Qui
2123 3561 2203 3600 me

591 3639 749 3707 uidet,
777 3641 913 3696 uidet
940 3650 987 3696 et
1009 3640 1219 3696 Patrem
1248 3641 1442 3710 (Joan.
1477 3657 1593 3708 xlv,
1620 3641 1677 3713 9)
1702 3657 1716 3705 ;
1744 3640 1901 3711 quasi
1943 3639 2201 3710 splendor

592 3733 782 3805 gloria:
812 3734 965 3805 ejus,
1017 3744 1072 3792 et
1121 3736 1302 3803 imago
1338 3736 1677 3792 substantim.
1725 3734 1809 3790 Ad
1846 3735 2021 3806 ipsum
2070 3748 2200 3805 ergo

590 3827 774 3883 omnia
798 3826 923 3896 jure
944 3827 1233 3886 referenda
1264 3838 1415 3885 sunt.
1444 3828 1551 3903 Ipsi
1585 3828 1822 3900 Moyses,
1857 3828 1960 3899 ipsi
1992 3829 2198 3894 Aaron,

592 3923 695 3996 ipsi
721 3925 887 4000 892
913 3926 1080 3983 etiam
1112 3925 1301 3983 Patres
1327 3925 1617 3981 sacrabant
1647 3925 1898 3980 universa
1926 3940 2048 3996 qua:
2076 3938 2201 3995 ges-

591 4029 808 4085 serant;
842 4029 898 4075 ut
924 4020 994 4075 de
1024 4019 1271 4077 hostibus
1300 4021 1720 4092 triumpharent.
1753 4018 1943 4091 Neque
1968 4004 2115 4076 enim
2143 4019 2199 4075 in

589 4126 689 4168 sua
737 4113 1067 4170 confidentia
1104 4115 1242 4171 dixit
1294 4114 1453 4173 Jesus
1500 4116 1689 4171 Nave:
1732 4115 1847 4172 Stet
1891 4116 1971 4171 sol
2017 4125 2198 4171 contra

589 4202 807 4261 Gabaon
831 4205 1027 4281 (Iosue
1047 4225 1103 4277 x,
1137 4208 1262 4283 ‘12);
1291 4210 1390 4267 sed
1415 4210 1539 4281 quia
1566 4210 1934 4282 praesumebat
1958 4210 2011 4265 in
2040 4210 2198 4267 Chri-

588 4306 696 4367 sto,
728 4316 889 4373 quem
917 4302 1111 4359 ducem
1139 4304 1351 4360 militiae
1373 4305 1614 4363 caelestis
1638 4305 1877 4377 agnovit,
1908 4314 1965 4361 et
1992 4305 2197 4377 suppli-

586 4393 729 4451 citer
758 4394 1044 4453 adoravit:
1084 4410 1141 4455 et
1170 4398 1295 4456 ideo
1336 4410 1528 4473 gentes
1573 4400 1716 4456 feras
1760 4400 2039 4456 eradicare
2071 4416 2197 4471 pro-

590 4487 812 4555 meruit,
831 4498 884 4544 et
913 4490 1174 4561 populum
1196 4491 1416 4548 Patrum
1447 4493 1500 4548 in
1525 4501 1728 4563 terram
1751 4492 2194 4561 repromissionis

587 4581 876 4650 inducere;
910 4584 1037 4656 quia
1056 4585 1322 4659 nihilsuis
1343 4586 1599 4658 operibus
1626 4585 1940 4657 deputabat,
1964 4585 2192 4643 credens

2308 3377 2464 3420 suam
2509 3363 2679 3419 voluit
2730 3361 3145 3434 praerogativam
3175 3360 3366 3433 gratias
3413 3360 3633 3418 habere
3671 3359 3879 3417 celestis.

2306 3455 2365 3512 In
2395 3456 2631 3527 imagine
2656 3470 2789 3526 ergo
2820 3469 2919 3510 sua
2962 3455 3106 3509 Deus
3142 3452 3496 3523 cumplacet:
3551 3454 3610 3508 in
3655 3453 3720 3509 iis
3744 3462 3877 3507 autem

2305 3551 2395 3621 qui
2424 3548 2723 3605 secundum
2753 3546 3046 3619 imaginem
3072 3546 3243 3619 ipsius
3268 3555 3423 3612 sunt,
3449 3546 3761 3617 complacet
3784 3546 3875 3600 Deo.

2305 3643 2365 3700 In
2405 3642 2493 3699 his
2531 3652 2714 3699 autem
2742 3658 2903 3705 suum
2932 3658 3149 3710 munus,
3197 3649 3253 3697 et
3294 3657 3460 3697 suum
3488 3642 3738 3708 donum;
3774 3640 3875 3712 quod

2304 3746 2433 3794 tunc
2476 3736 2842 3805 revelabitur,
2878 3750 3003 3791 cum
3054 3735 3357 3806 perfectum
3405 3734 3554 3790 illud
3607 3734 3872 3791 advenerit:

2303 3831 2430 3902 quia
2471 3847 2591 3886 cum
2630 3831 2935 3903 apparuerit
2975 3828 3101 3900 quid
3150 3829 3346 3895 simus,
3393 3828 3608 3884 similes
3655 3830 3701 3884 ei
3733 3830 3872 3883 etiam

2303 3932 2362 3979 ut
2386 3924 2647 3994 scriptum
2676 3932 2761 3980 est
2786 3922 2831 3995 (l
2856 3922 3016 3977 Joan.
3043 3937 3125 3988 ιιι,
3154 3922 3235 3994 2).

2376 4021 2463 4077 14.
2481 4020 2665 4095 (Vers.
2686 4018 2768 4092 5.)
2796 4020 2941 4092 Ergo
2960 4019 3052 4091 qui
3083 4033 3187 4074 non
3220 4016 3274 4073 in
3297 4017 3538 4075 brachio
3552 4034 3677 4086 suo,
3700 4019 3869 4079 hocesl.

2300 4115 2355 4172 in
2383 4132 2481 4172 sua
2509 4115 2833 4187 operatione
2865 4114 3175 4186 praesumit,
3211 4112 3308 4169 sed
3341 4113 3395 4169 in
3423 4112 3527 4170 Dei
3560 4115 3760 4186 gratia;
3787 4127 3870 4167 cre-

2300 4210 2436 4266 dens
2472 4209 2618 4281 quod
2661 4224 2769 4264 non
2814 4208 2952 4265 facta
2981 4223 3078 4265 sua
3119 4222 3574 4278 unumquemque
3598 4207 3867 4279 iustiﬁcam.

2297 4302 2397 4359 sed
2444 4302 2579 4360 ﬁdes
2617 4311 2894 4375 prompta,
2943 4302 3074 4357 dicit
3119 4300 3393 4357 Domino:
3430 4286 3519 4355 Tu,
3561 4319 3619 4357 es
3659 4303 3759 4373 ipse
3792 4301 3868 4354 Re:

2298 4413 2466 4464 meus,
2493 4405 2541 4452 et
2570 4395 2711 4451 Deus
2736 4412 2902 4462 meus,
2932 4396 3021 4465 qui
3058 4386 3277 4449 mandas
3299 4392 3501 4448 salutes
3530 4392 3725 4449 Iacob.
3743 4391 3865 4464 893

2296 4490 2414 4546 Non
2435 4489 2837 4561 perfunctorius
2864 4504 3048 4545 sermo
3073 4498 3178 4554 est,
3196 4499 3253 4543 ut
3272 4487 3427 4543 dicas
3449 4486 3569 4542 :Tu
3598 4504 3650 4543 es
3670 4488 3769 4558 ipse
3786 4486 3865 4538 Ret

2297 4599 2461 4638 meus.
2512 4579 2633 4638 Non
2664 4582 2993 4654 quicumque
3037 4580 3141 4637 hoc
3187 4580 3354 4647 dicit,
3398 4579 3498 4635 sed
3549 4581 3606 4636 in
3652 4596 3755 4652 quo
3796 4576 3863 4632 Dei

584 4676 803 4749 indigna
831 4692 955 4733 esse
1000 4694 1167 4749 opera
1214 4679 1494 4736 hominum
1524 4689 1674 4735 tanta
1706 4678 1896 4751 gloria:
1937 4694 2192 4737 remune—
2216 4692 2272 4754 ι)
2297 4691 2521 4748 regnum
2550 4684 2636 4732 est
2665 4692 2679 4729 :
2714 4676 2768 4731 in
2799 4690 2908 4747 quo
2936 4683 3118 4731 autem
3162 4681 3358 4744 regnat
3398 4673 3547 4730 Deus
3568 4714 3585 4739 ,
3627 4674 3796 4745 utique
3825 4670 3862 4725 is

584 4773 797 4829 ratione
825 4771 1106 4830 caelestis:
1135 4789 1296 4846 quam
1329 4773 1591 4831 Dominus
1635 4790 1703 4831 ex
1740 4789 1838 4829 sua
1875 4773 2049 4844 magis
2080 4774 2185 4828 mi-

582 4867 921 4934 sericordia,
977 4884 1140 4941 quam
1201 4884 1301 4939 pro
1358 4876 1666 4925 nostrorum
1726 4866 2186 4939 contemplatione

579 4958 849 5017 factorum
865 4962 1055 5019 statuit
1074 4962 1129 5017 in
1150 4975 1211 5018 se
1234 4961 1580 5018 credentibus
1602 4961 2013 5019 conferendam.
2034 4959 2185 5017 Unde

583 5062 641 5111 et
686 5055 965 5113 Abraham
1014 5056 1246 5127 impigre
1296 5057 1407 5113 Deo
1452 5056 1713 5123 credidit;
1765 5067 1823 5113 ut
1870 5056 2014 5129 apud
2058 5072 2184 5113 eum

575 5147 984 5219 jusﬁficationis
1009 5150 1241 5221 gratiam
1267 5150 1556 5223 reperiret,
1579 5166 1740 5223 quam
1764 5152 2072 5208 mercedem
2099 5151 2182 5206 sui

579 5243 763 5314 aperis
790 5244 1121 5311 collocaret;
1156 5244 1407 5302 uberiora
1439 5247 1583 5302 enim
1616 5245 1759 5300 dona
1790 5256 1916 5301 sunt
1946 5247 2183 5317 largien-

470 5380 475 5383 -
578 5337 677 5403 tis,
724 5354 887 5411 quam
936 5354 1148 5396 merces
1190 5342 1489 5413 operantis.
1523 5341 1819 5414 Propterea
1870 5350 1925 5397 et
1970 5341 2051 5396 illi
2093 5338 2185 5412 qui

579 5434 943 5505 aequalitatem
967 5436 1240 5493 mercedis
1267 5437 1554 5505 invideret,
1580 5436 1867 5509 respondit
1885 5437 2183 5492 Dominus:

580 5526 646 5584 Si
674 5545 766 5600 ego
795 5529 995 5599 bonus;
1033 5531 1214 5588 oculus
1254 5542 1373 5587 tuus
1402 5550 1564 5604 quare
1587 5549 1805 5605 nequam
1837 5530 2065 5601 (Matth.
2090 5548 2183 5600 xx,

580 5620 714 5695 ιδῃ
745 5624 932 5681 Patres
953 5641 1084 5697 ergo
1108 5624 1301 5693 nostri,
1334 5635 1393 5681 ut
1422 5635 1547 5697 pote
1584 5624 1825 5698 proximi
1852 5632 1911 5681 et
1940 5625 2185 5681 haeredes

582 5720 1033 5790 patriarcharum,
1065 5721 1294 5795 plantati
1321 5722 1376 5779 in
1406 5730 1549 5780 terra
1575 5721 2046 5794 repromissionis,
2073 5738 2181 5778 non

2292 4786 2358 4827 eo
2389 4779 2614 4842 peccata
2652 4784 2760 4826 non
2788 4778 3051 4840 regnant;
3099 4783 3208 4825 non
3234 4768 3381 4824 enim
3420 4769 3535 4823 Deo
3567 4783 3779 4839 regnum
3802 4775 3865 4821 est

2290 4878 2583 4920 commune
2602 4877 2727 4918 cum
2744 4861 2993 4919 crimine.
3016 4861 3151 4930 Quis
3176 4868 3357 4917 autem
3372 4860 3513 4916 dicit
3528 4861 3701 4917 Deum
3718 4873 3861 4922 suum,

2290 4960 2396 5016 nisi
2444 4960 2537 5030 qui
2582 4958 2686 5030 ipsi
2716 4957 2945 5014 exhibet
2975 4956 3194 5028 plenum
3227 4956 3553 5013 reverentia:
3596 4963 3655 5011 et
3690 4953 3862 5026 pietatis

2290 5054 2586 5111 allectum?
2626 5052 2783 5110 Justo
2822 5050 2969 5108 enim
3000 5051 3241 5108 dicitur:
3285 5048 3406 5123 Ego
3444 5064 3563 5105 sum
3592 5047 3729 5104 Deus
3752 5057 3859 5101 tuas.

2292 5149 2536 5221 Denique
2574 5160 2629 5205 et
2656 5147 2895 5205 Thomas
2923 5147 3014 5202 ubi
3060 5146 3239 5217 tetigit
3283 5160 3447 5200 manu
3493 5144 3713 5216 propria
3753 5143 3860 5197 latus

2291 5242 2515 5310 Christi,
2540 5244 2594 5299 et
2619 5241 2897 5299 evidentia
2922 5239 3123 5295 indicia
3144 5237 3459 5295 indubitatae
3476 5235 3860 5293 resurrectionis

2291 5340 2524 5407 invenit,
2540 5338 2848 5410 respondit:
2871 5335 3127 5391 Dominus
3146 5350 3312 5401 meus,
3327 5343 3374 5388 et
3390 5331 3538 5388 Deus
3550 5349 3692 5388 meus
3710 5330 3857 5406 (leas.

2292 5435 2513 5508 xx,28).
2533 5436 2815 5499 Dominus.
2833 5434 2957 5505 quia
2981 5431 3212 5489 redemit
3240 5430 3495 5487 servulos
3520 5445 3653 5485 suos
3680 5427 3854 5486 :Deus.

2287 5531 2412 5600 quia
2451 5544 2559 5586 non
2586 5529 2764 5585 solum
2795 5527 3135 5591 resurrexit,
3164 5524 3259 5581 sed
3287 5523 3452 5580 etiam
3484 5522 3604 5593 ipse
3633 5537 3692 5579 se
3716 5520 3856 5578 susci-

2288 5625 2444 5680 tavit.
2476 5623 2749 5680 Mandavit
2770 5632 2952 5679 autem
2974 5622 3179 5677 salutes
3197 5617 3397 5683 Jacob;
3423 5616 3556 5691 quia
3585 5617 3641 5673 in
3666 5615 3856 5688 singulis

2286 5721 2523 5779 oraculis
2548 5722 2695 5778 salus
2715 5728 2803 5777 est
2832 5738 2845 5775 :
2874 5720 2929 5777 in
2957 5716 3187 5789 singulis
3209 5729 3430 5805 quoque
3453 5714 3608 5771 salus
3629 5721 3713 5770 est
3736 5727 3856 5769 matt-

581 5903 588 5909 '
654 5907 680 5935 ι
720 5896 864 5953 Vict.
889 5895 1045 5953 Colb.
1077 5909 1141 5951 ac
1170 5901 1279 5949 vet.
1307 5891 1441 5949 edit.
1474 5889 1527 5947 in
1556 5904 1727 5960 marg.
1747 5930 1763 5959 ,
1790 5895 2067 5959 protector,
2097 5894 2155 5942 ut
2173 5885 2387 5943 dextera
2407 5899 2427 5939 :
2452 5884 2715 5956 defensor,
2746 5892 2803 5938 ut
2829 5882 3056 5955 gladius.
