4008 6352
13 375 177 433 1097
1233 370 1303 429 1Ν
1341 365 1677 428 PSALMUM
1715 364 1879 426 XLIII
1921 362 2344 424 ENARRATIO.
3260 366 3402 426 {098

13 491 320 548 siouibus
366 508 386 548 :
440 490 588 548 salus
633 488 688 546 in
734 487 1055 545 ministeriis
1097 487 1445 560 angelorum,
1491 486 1584 558 qui
1631 485 1700 541 ad
1729 490 1779 551 Α
1805 485 2084 542 nationum
2115 484 2478 553 cognitionem
2510 481 2810 539 divinitatis
2845 481 3183 539 infundere?
3236 482 3408 550 Quem

13 583 498 652 protectionem
557 583 838 638 hominum
903 581 1244 652 deputantur.
1313 581 1394 635 Ex
1447 578 1703 634 mandato
1805 580 1859 634 in
1881 581 2089 636 visione
2110 580 2245 634 vidit
2271 579 2494 649 loseplt,
2527 578 2671 649 quod
2703 578 3037 650 manipulum
3069 578 3188 646 ejus
3211 577 3408 632 adora-

13 687 175 745 ergo
208 677 333 732 Dei
371 676 532 732 salus
562 675 808 741 homini,
852 689 960 730 non
989 689 1054 730 ex
1083 689 1178 730 sua
1219 673 1543 743 operatione
1569 686 1704 728 con-
1807 682 1930 728 rent
1955 673 2182 728 fratrum
2211 673 2503 744 manipuli,
2563 672 2822 728 adoraret
2869 687 2994 728 eum
3042 670 3127 726 sol
3181 679 3235 726 et
3284 670 3411 724 luna

19 771 266 826 fertur.
306 771 476 827 Deus
503 770 648 826 enim
676 768 864 824 maluit
887 776 948 823 ut
967 769 1113 823 salus
1136 766 1341 822 homini
1369 765 1476 822 title
1505 765 1707 836 potius,
1808 780 1933 822 cum
1961 766 2153 821 stellis.
2181 765 2486 836 Manipulus
2512 765 2605 822 ille
2633 765 2686 821 in
2713 765 2882 836 figura
2905 764 3086 821 carnis
3106 758 3372 834 accipitur
3398 779 3414 829 ;

19 878 226 934 quam
269 863 564 936 operibus
606 871 975 935 quaereretur;
1026 876 1096 916 ne
1136 861 1256 932 quis
1286 860 1612 932 gloriaretur
1655 859 1713 913 in
1812 861 1992 918 omnis
2023 865 2169 917 enim
2209 877 2338 917 caro
2385 861 2594 918 fenum.
2637 845 2844 918 Fenum
2870 861 2974 917 hoc
3027 871 3274 916 nostrum
3323 874 3416 915 su-

25 959 168 1013 suis
200 957 439 1026 factis,
470 967 526 1014 et
556 967 837 1028 peccatum
867 956 1196 1011 incurreret.
1239 953 1344 1022 Qui
1383 964 1564 1010 autem
1593 952 1712 1024 glo—
1815 954 2018 1026 scepit;
2050 964 2110 1010 ut
2135 969 2292 1010 suum
2324 956 2560 1013 triticum
2594 956 2948 1026 germinaret,
2981 964 3037 1011 et
3067 954 3301 1010 fructum
3335 967 3420 1011 re-

25 1051 240 1107 riatur
296 1053 362 1109 in
412 1052 682 1119 Domino,
725 1050 960 1107 fructum
992 1048 1210 1121 pietatis
1253 1048 1520 1120 acquirit,
1552 1055 1609 1105 et
1633 1047 1717 1119 ja—
1815 1047 2176 1105 surrectionis
2203 1047 2442 1104 alferret.
2494 1048 2705 1117 Quaeris
2737 1047 3104 1105 testimonium
3132 1048 3156 1102 τ
3183 1046 3322 1102 Audi
3353 1045 3425 1104 de

31 1144 300 1201 ctantia:
329 1145 558 1202 crimen
586 1141 788 1200 evadit.
1820 1156 1881 1198 se
1909 1140 2218 1198 dicentem:
2272 1139 2392 1196 Nisi
2435 1158 2652 1214 granum
2697 1142 2854 1196 tritici
2907 1143 3095 1196 cadens
3122 1141 3178 1195 in
3233 1149 3425 1195 terram

126 1239 234 1295 15.
293 1239 506 1310 (Vers.
537 1237 619 1310 6.)
672 1237 771 1293 Hic
821 1237 985 1309 igitur
1015 1245 1102 1294 est
1129 1237 1218 1308 qui
1263 1243 1442 1308 potest
1490 1235 1716 1292 dicere:
1825 1237 2098 1301 moriatur,
2147 1237 2316 1307 ipsunt
2371 1235 2537 1289 solum
2587 1245 2800 1291 manet:
2855 1238 2901 1290 si
2949 1244 3120 1290 autent
3167 1244 3428 1288 mortuum

47 1331 125 1387 In
195 1343 252 1388 te
289 1332 553 1386 inimicos
584 1341 787 1386 nostros
825 1329 1189 1386 uentilabimus
1231 1346 1417 1384 cornu.
1449 1327 1588 1398 Quid
1641 1334 1726 1383 est
1827 1332 2005 1404 fuerit,
2035 1331 2252 1385 multum
2277 1334 2500 1400 fructum
2540 1329 2721 1397 afferet
2765 1330 2948 1404 (Joan.
2980 1347 3075 1395 xtt,
3113 1329 3232 1401 2t).
3267 1329 3430 1385 Deni-

45 1425 372 1481 ventilare
425 1426 644 1482 cornu?
691 1423 850 1480 Dedit
905 1424 1166 1479 Dominus
1213 1438 1419 1478 cornua
1477 1420 1727 1492 pluribus
1827 1440 1932 1496 que
1959 1435 2019 1481 ut
2043 1425 2184 1480 scias
2237 1424 2366 1496 quia
2392 1425 2460 1479 de
2502 1423 2597 1478 Dei
2645 1424 2783 1479 Filio
2837 1425 2968 1480 dicit
3021 1423 3256 1496 Moyses,
3308 1423 3430 1477 ait:

55 1520 513 1586 animantibus,
546 1527 605 1574 ut
646 1518 858 1590 possint
883 1533 942 1574 se
969 1533 999 1573 a
1027 1517 1258 1574 ferarum
1298 1516 1612 1573 incursione
1636 1515 1732 1572 de-
1832 1519 2168 1591 Gloriﬁcatus
2214 1521 2350 1574 inter
2393 1523 2581 1591 fratres
2634 1533 2756 1572 suos
2830 1518 3200 1590 primogenitus
3249 1515 3431 1587 (Deut.

56 1613 348 1670 tendere.
399 1612 641 1684 Ideoque
678 1620 736 1669 et
781 1612 880 1668 bos
917 1611 1065 1668 leoni
1127 1611 1443 1682 frequenter
1496 1609 1728 1677 resistit,
1835 1631 2024 1679 χχχιιι.
2063 1615 2175 1686 17).
2228 1613 2426 1684 Utique
2475 1627 2582 1667 non
2640 1610 2843 1682 Ioseph
2877 1623 3004 1667 'erat
3048 1609 3441 1683 primogenitus

63 1722 283 1763 ursum
319 1706 605 1777 proterit;
637 1720 834 1762 cervus
855 1719 1092 1776 quoque,
1117 1703 1364 1776 quamvis
1389 1703 1461 1758 sit
1483 1700 1732 1773 pavidus,
1836 1707 1981 1764 inter
2011 1707 2151 1762 ﬁlios
2177 1705 2368 1772 Jacob,
2398 1705 2492 1762 sed
2520 1705 2713 1760 Ruben
2741 1721 2755 1769 ;
2786 1720 2910 1760 nam
2941 1703 3142 1775 Ioseph
3173 1712 3296 1774 post
3325 1704 3445 1774 plu-

65 1808 280 1856 tamen
316 1807 383 1856 et
415 1799 536 1870 ipse
561 1799 822 1854 cornibus
852 1812 911 1853 se
933 1807 1116 1854 tuetur
1140 1815 1155 1852 :
1183 1797 1328 1852 aries
1350 1810 1564 1867 quoque
1593 1795 1736 1852 arie-
1838 1803 2010 1858 rimos
2036 1809 2172 1856 erat.
2215 1799 2324 1856 Sed
2353 1799 2746 1870 primogenitns
2775 1797 3006 1865 dicitur,
3058 1796 3151 1870 qui
3175 1806 3440 1854 venturus

69 1901 162 1948 tat
197 1893 442 1964 lupum.
477 1892 621 1964 Ergo
671 1907 732 1948 ea
791 1906 912 1963 quae
961 1903 1164 1946 cornua
1212 1888 1414 1945 habent
1458 1887 1736 1955 animalia,
1769 1885 1817 1945 Β
1844 1901 1981 1961 erat,
2015 1903 2076 1949 ut
2113 1893 2392 1948 nationum
2427 1892 2656 1961 populos
2685 1900 3061 1962 congregaret.

69 1987 378 2042 ventilare
441 1985 714 2042 dicuntur.
766 1985 872 2041 Sed
931 1983 1094 2040 homo
1145 1997 1350 2040 cornua
1402 1997 1508 2037 non
1556 1981 1738 2038 habet.
1919 1988 2004 2041 17.
2049 1985 2206 2043 Unde
2237 1985 2463 2056 pulchre
2483 1985 2559 2040 ait
2584 1984 2905 2053 Scriptura:
2962 1983 3124 2039 Tauri
3153 1985 3309 2040 decus
3337 1987 3450 2060 ejus

85 2080 418 2150 Quomodo
450 2095 582 2152 ergo
605 2079 878 2134 ventilat?
911 2077 1112 2135 Unde?
1141 2077 1277 2133 Vide
1307 2076 1588 2147 Scriptura
1615 2073 1744 2146 quid
1847 2077 2232 2151 (Ibid.).Sicut
2251 2079 2394 2135 enim
2419 2086 2607 2134 taurus
2636 2077 2785 2134 ducit
2809 2087 3150 2144 armentum;
3181 2078 3251 2133 ita
3289 2075 3448 2134 Chri-

77 2173 292 2229 dicat:
343 2171 424 2228 In
456 2181 526 2239 te,
583 2171 778 2242 inquit,
833 2171 1073 2225 inimicos
1127 2178 1330 2224 nostros
1381 2167 1747 2224 ventilabimus
1847 2181 1964 2228 stus
1985 2173 2198 2244 plebem
2229 2171 2472 2243 gentium
2495 2169 2651 2225 duxit
2677 2169 2741 2224 ad
2771 2169 3097 2234 Ecclesiam,
3135 2169 3349 2224 induxit
3376 2168 3447 2224 ad

82 2283 296 2322 cornu.
333 2267 530 2322 Cornu
555 2274 804 2322 nostrum
837 2280 897 2322 es
927 2275 1003 2333 tu,
1034 2264 1264 2320 Domine
1311 2264 1482 2330 Jesu;
1515 2275 1570 2320 et
1621 2263 1745 2321 ideo
1851 2281 2048 2338 pascua
2077 2283 2092 2332 ;
2121 2277 2179 2322 ut
2205 2275 2391 2338 posset
2416 2265 2640 2320 dicere:
2675 2262 2744 2318 In
2771 2265 2882 2319 loco
2904 2279 3114 2336 pascua:
3138 2263 3208 2317 ibi
3238 2279 3316 2318 me
3341 2262 3450 2318 col-

88 2361 253 2416 sicut
288 2373 414 2415 non
451 2359 505 2413 in
530 2357 755 2415 brachio
787 2366 976 2413 nostro
1013 2357 1412 2428 praesumimus,
1445 2357 1517 2412 ita
1549 2371 1651 2414 uec
1693 2357 1748 2412 in
1851 2359 2034 2415 locavit
2065 2376 2083 2414 :
2114 2376 2268 2432 super
2289 2375 2479 2428 aquam
2515 2357 2808 2428 refectionis
2845 2356 3108 2412 constituit
3155 2372 3234 2411 me
3278 2353 3456 2427 (Psal.

90 2452 384 2508 cornibus
441 2451 646 2506 nostris
675 2448 974 2506 ventilandi
1002 2448 1269 2505 habemus
1294 2447 1629 2519 praesidium,
1652 2449 1750 2505 sed
1854 2467 1990 2517 xxu,
2021 2452 2056 2506 2
2082 2461 2128 2506 et
2152 2450 2232 2524 3).
2266 2463 2288 2491 ο
2317 2450 2486 2522 llujus
2511 2451 2650 2504 tauri
2673 2449 2925 2507 decorem
2949 2464 3050 2520 pro
3074 2459 3234 2518 captu
3253 2456 3456 2503 nostrae

98 2547 157 2601 in
187 2545 460 2601 Christo.
488 2543 661 2601 Habet
691 2544 836 2600 enim
885 2542 1019 2598 ﬁdes
1065 2557 1271 2599 cornua
1293 2556 1416 2609 sua,
1464 2557 1585 2614 qua:
1629 2558 1749 2598 mu-
1851 2543 2160 2616 fragilitatis
2195 2555 2442 2600 armenta
2485 2551 2672 2600 secuta
2727 2553 2854 2598 sunt
2898 2541 3342 2612 praecedentem;
3399 2549 3460 2596 ut

99 2651 304 2698 luatur
335 2655 368 2694 a
402 2639 652 2696 Christo.
698 2637 977 2709 Siquidem
1023 2652 1133 2693 non
1179 2637 1382 2709 otiose)
1407 2637 1461 2691 in
1492 2636 1753 2694 benedic-
1853 2639 2017 2694 vitam
2040 2638 2474 2709 adipiscerentur
2502 2648 2782 2692 aeternam.
2807 2635 3030 2706 Mugivit
3054 2635 3142 2690 hic
3169 2643 3379 2699 taurus,
3403 2640 3460 2688 et

1855 2749 2004 2789 mors
2031 2733 2249 2804 refugit.
2283 2733 2396 2790 Leo
2416 2735 2580 2805 rugit,
2641 2743 2696 2789 et
2739 2735 2859 2805 quis
2915 2748 3022 2789 non
3073 2733 3272 2790 timet?
3318 2733 3462 2790 Vere

1855 2828 2091 2884 maxima
2114 2838 2298 2884 taurus
2327 2829 2547 2883 victima
2579 2843 2595 2894 ;
2630 2837 2689 2882 ut
2734 2829 2804 2883 ab
2839 2827 3171 2883 adversariis
3212 2843 3467 2884 assuma—

1857 2935 1979 2974 mus
2006 2919 2319 2975 te5timonia
2337 2918 2516 2992 (Virg.
2539 2919 2628 2973 lib.
2651 2935 2689 2973 ιι
2710 2918 2950 2990 Georg).
2970 2917 3102 2986 Qure
3127 2918 3302 2989 major
3319 2919 3465 2974 enim

1857 3013 2098 3078 victima,
2113 3027 2276 3084 quam
2307 3027 2430 3082 qua:
2451 3010 2638 3066 mundi
2655 3013 2820 3066 tutius
2840 3021 3121 3082 peccatum
3140 3025 3240 3065 suo
3267 3026 3468 3068 cruore

109 2734 375 2790 tionibus
412 2731 594 2804 Moysi
624 2730 896 2803 legimus:
935 2729 1036 2797 Qui
1063 2730 1200 2785 visus
1219 2738 1292 2784 est
1321 2730 1374 2785 in
1396 2729 1543 2795 rubo,
1583 2730 1756 2784 veniat

108 2843 277 2898 super
307 2833 479 2898 caput
510 2822 732 2894 Ioseph,
766 2832 814 2878 et
839 2838 996 2902 super
1025 2822 1267 2878 verticem
1310 2823 1446 2892 ejus,
1490 2820 1756 2893 gloriﬁca-

114 2930 206 2974 tus
240 2921 388 2976 inter
421 2922 616 2990 fratres
660 2933 780 2972 suos
809 2915 1184 2987 primogenitus
1213 2931 1231 2971 :
1263 2914 1399 2969 tauri
1435 2913 1593 2971 decus
1641 2929 1758 2984 spe-

117 3013 229 3068 cies
258 3012 466 3083 ipsius,
500 3027 696 3065 cornua
722 3009 998 3065 unicornui
1033 3025 1227 3064 cornua
1278 3008 1443 3080 ipsius
1468 3023 1488 3062 :
1543 3009 1598 3062 in
1629 3007 1758 3080 ipsis

118 3115 307 3175 gentes
338 3103 613 3160 ventilabit
633 3103 790 3158 simul
819 3119 978 3175 usque
1004 3103 1072 3156 ad
1096 3112 1384 3158 extremum
1406 3109 1576 3158 teme.
1618 3099 1750 3156 Haec

123 3200 314 3254 decem
339 3199 517 3254 millia
544 3196 813 3270 Ephrazm,
837 3205 888 3252 et
910 3197 1020 3253 lucc
1053 3196 1224 3252 millia
1273 3194 1519 3251 Manasse
1567 3195 1755 3267 (Deut.

1859 3107 2183 3164 mundavit?
2208 3105 2346 3161 Audi
2375 3107 2501 3177 quia
2525 3107 2700 3177 ipsum
2735 3115 2948 3161 taurum
2975 3105 3110 3162 dicit
3138 3107 3303 3162 etiam
3337 3121 3470 3161 san-

1863 3216 1983 3261 ctus
2015 3203 2277 3276 propheta
2299 3203 2468 3261 Jacob
2493 3220 2508 3269 ;
2541 3220 2662 3260 cum
2692 3205 2963 3260 revelaret
2993 3205 3206 3260 Domini
3258 3205 3468 3275 passio-

126 3307 301 3348 xxxm
330 3333 346 3358 ,
386 3289 460 3346 16
490 3299 539 3345 ει
573 3268 687 3362 177).
733 3289 867 3359 QUiS
895 3298 981 3345 est
1008 3289 1063 3345 in
1094 3289 1234 3346 rubo
1259 3291 1407 3346 Visus
1434 3288 1630 3362 MOYSi.
1658 3289 1762 3346 ιιἱεὶ
1791 3268 1837 3333 C
1869 3268 2031 3365 nem;
2065 3268 2223 3370 quem
2247 3297 2421 3354 Juda'i
2453 3308 2636 3367 postea
2664 3300 2930 3368 perm-cuti
2960 3309 3107 3354 sunt.
3164 3297 3231 3353 In
3259 3268 3473 3371 Ifurore,

127 3385 545 3457 primogenitus
571 3383 668 3438 Dei
697 3383 893 3451 Filius,
923 3385 1015 3456 qui
1041 3385 1120 3440 ait
1149 3404 1164 3442 :
1196 3384 1311 3458 Ego
1338 3401 1451 3440 sum
1480 3383 1623 3440 Deus
1669 3403 1767 3458 pa-

131 3490 276 3534 trum
307 3488 548 3546 tuorum,
578 3475 721 3533 Deus
751 3479 1012 3534 Abraham
1032 3521 1048 3548 ,
1092 3479 1234 3535 Deus
1260 3477 1437 3547 Isaac,
1479 3478 1619 3536 Deus
1661 3480 1764 3536 Ja-

131 3572 225 3628 cob
261 3571 476 3645 (Exod.
506 3588 588 3638 ιιι,
636 3569 718 3644 6).
773 3571 898 3629 Ideo
953 3587 1016 3629 se
1069 3573 1461 3630 demonstravit
1511 3575 1768 3633 humanis

135 3666 463 3738 aspectibus
495 3682 510 3731 ;
541 3665 667 3737 quia
696 3675 956 3723 venturus
985 3675 1103 3724 erat
1133 3675 1191 3723 ut
1219 3667 1290 3723 ab
1323 3667 1581 3725 omnibus
1610 3668 1762 3726 vide-

135 3767 314 3814 retur.
349 3757 486 3814 Ideo
508 3757 677 3814 rubus
707 3759 988 3826 urebatur,
1023 3769 1077 3816 et
1103 3775 1212 3817 non
1237 3762 1603 3830 exurebatur;
1635 3766 1764 3836 quia

147 3863 354 3909 terram
387 3852 551 3908 istam
586 3867 709 3924 quae
735 3853 894 3910 nobis
918 3855 1104 3924 Spinas
1124 3856 1464 3926 germinabat
1483 3866 1540 3913 et
1557 3868 1763 3925 sentes,

41 3964 46 3968 ·
147 3946 491 4020 disponebat
544 3961 706 4003 urere
762 3962 858 4018 per
907 3947 1262 4005 continentiae
1307 3949 1678 4022 disciplinam,
1737 3963 1764 3992 ει

146 4060 312 4116 quam
337 4059 668 4101 consumere
697 4059 794 4116 per
832 4045 1026 4101 mortis
1067 4061 1385 4102 utrumnam.
1431 4046 1588 4104 Unde
1633 4045 1768 4102 dicit

145 4136 430 4211 Propheta
461 4157 475 4193 :
510 4137 617 4194 Ure
644 4155 791 4194 renes
813 4155 974 4205 meos,
1002 4148 1050 4195 et
1079 4155 1172 4195 cor
1196 4157 1364 4196 meum
1395 4139 1570 4213 (Psal.
1626 4155 1762 4209 xxv,

147 4230 227 4302 2).
243 4229 540 4286 Revelavit
563 4245 695 4302 ergo
723 4229 965 4286 futurum
1006 4230 1276 4302 quoddam
1305 4233 1556 4303 corporei
1580 4233 1766 4302 splen-

149 4321 305 4379 doris
335 4321 621 4390 indicium,
671 4337 779 4394 quo
818 4337 918 4394 per
972 4324 1435 4382 resurrectionem
1483 4340 1613 4382 caro
1663 4325 1764 4382 ista

154 4406 410 4486 lulger'et.
445 4413 589 4482 Quid
619 4414 764 4470 enim
797 4415 1136 4489 significabat
1167 4419 1308 4490 ignis
1334 4418 1609 4488 innoxius,
1657 4419 1764 4476 nisi

156 4507 365 4562 lumina
398 4508 796 4578 resurgentium
825 4511 848 4563 ἲ
893 4508 1044 4567 Unde
1071 4512 1422 4584 praesumpsit
1471 4511 1764 4583 Apostolus

156 4599 363 4665 dicere,
389 4599 513 4670 quia
540 4601 674 4655 sicut
705 4601 856 4658 stella
881 4619 915 4656 a
941 4603 1096 4659 stella
1123 4603 1301 4672 diﬂ'ert
1325 4606 1380 4662 in
1405 4607 1662 4676 claritate,
1689 4608 1766 4662 ita

1868 3394 2064 3464 inquit,
2098 3409 2193 3448 suo
2222 3393 2654 3448 subnerraverunt
2685 3403 2894 3448 taurum
2928 3392 3084 3466 (Gen.
3119 3410 3271 3460 thx,
3302 3394 3381 3464 6).
3409 3393 3478 3450 Et

1868 3499 1928 3543 ut
1947 3487 2188 3556 aperiret
2207 3487 2332 3556 quia
2359 3485 2428 3542 de
2454 3486 2658 3541 .ludu-is
2684 3487 2916 3553 dicebat,
2949 3486 3156 3542 addidit
3181 3506 3194 3543 :
3226 3485 3474 3542 Dividam

1866 3596 1951 3634 eos
1981 3580 2036 3634 in
2079 3578 2268 3645 Jacob,
2297 3589 2346 3634 et
2373 3580 2666 3652 dispergam
2689 3581 2808 3635 illos
2837 3581 2890 3634 in
2942 3579 3112 3636 Israel
3161 3579 3358 3650 (Ibid.,
3389 3582 3471 3654 7).

1869 3670 1967 3727 llic
1996 3681 2080 3727 est
2109 3672 2273 3727 homo
2303 3671 2392 3740 qui
2427 3673 2661 3727 luctatus
2689 3684 2772 3728 est
2800 3688 2924 3728 cum
2967 3672 3159 3737 .lncob,
3210 3686 3265 3729 et
3296 3674 3477 3730 fcmttl‘

1867 3769 1986 3836 ejus
2015 3766 2210 3837 tetigit,
2239 3782 2348 3832 quo
2372 3775 2515 3821 tactu
2548 3766 2882 3822 Patrinrcha:
2911 3781 3112 3822 nervus
3146 3768 3424 3835 obstupuit
3461 3785 3474 3821 :

1867 3857 2180 3927 signiﬁcans
2205 3872 2273 3913 ex
2303 3857 2422 3927 ejus
2453 3857 2804 3913 successione
2834 3859 3132 3913 secundum
3165 3873 3382 3915 carnem
3415 3875 3480 3916 se

1868 3966 1990 4007 esse
2038 3963 2350 4014 venturum,
2406 3950 2497 4021 qni
2547 3952 2958 4006 subnervandus
3013 3961 3158 4008 esset
3206 3968 3235 4006 a
3273 3955 3478 4023 populo

1867 4043 2181 4100 Iudaeorum
2203 4042 2258 4097 in
2276 4043 2360 4097 sui
2389 4042 2638 4114 corporis
2665 4044 3109 4113 passione.Quod
3133 4062 3240 4100 non
3271 4045 3478 4102 intelli-

1865 4145 2054 4208 gentes
2077 4135 2418 4207 mysterium,
2447 4144 2761 4191 statuerunt
2798 4153 2867 4193 ne
2907 4152 3132 4194 nervum
3180 4139 3473 4196 manduca-

1868 4241 1990 4287 rent
2012 4231 2106 4285 lilii
2137 4229 2324 4286 Israel.
2353 4230 2420 4286 Et
2462 4230 2584 4285 ideo
2628 4231 2768 4287 sacri
2820 4232 3101 4302 sanguinis
3148 4250 3210 4290 se
3258 4233 3477 4290 redem-

1867 4325 2052 4396 ptione
2106 4322 2458 4390 fraudnrunt,
2498 4323 2794 4380 salutifera:
2825 4341 3042 4396 quoque
3085 4326 3354 4397 passionis
3416 4345 3477 4386 se

1866 4417 2146 4475 beneﬁciis
2171 4417 2514 4483 abdicarunt,
2540 4433 2609 4474 ne
2637 4420 2807 4473 vitam
2839 4429 3153 4477 mereantur
3177 4430 3438 4478 aeternam
3461 4441 3476 4491 ;

1863 4518 1988 4586 quia
2027 4514 2289 4584 scriptum
2317 4523 2442 4570 est:
2477 4512 2602 4569 Nisi
2630 4515 3060 4571 manducaveritis
3115 4532 3324 4572 carnem
3373 4518 3475 4586 ﬁlii

1871 4608 2136 4676 Hominis,
2179 4619 2225 4664 et
2265 4609 2494 4664 biberitis
2516 4609 2630 4680 ejus
2656 4612 2981 4681 sanguinem,
3013 4627 3114 4666 non
3145 4612 3393 4666 [rubebitis
3423 4613 3480 4665 in

159 4701 205 4746 et
233 4692 536 4747 resurrectio
567 4700 890 4748 mortuorum
921 4693 966 4764 (I
995 4693 1118 4750 Cor.
1139 4696 1309 4763 xv,“
1335 4708 1382 4752 et
1410 4697 1525 4770 42).
1552 4697 1652 4756 Hic
1682 4714 1768 4755 er-
1791 4662 1845 4723 Β
1873 4704 2014 4758 vobis
2037 4703 2162 4776 ipsis
2189 4703 2365 4757 vitam.
2399 4702 2503 4768 Qui
2522 4712 2694 4758 autem
2725 4704 3004 4758 manducet
3037 4720 3204 4758 meam
3243 4720 3473 4770 carnem,

161 4801 251 4856 go,
268 4785 462 4856 inquit,
487 4787 666 4841 veniat
693 4802 856 4857 super
883 4796 1045 4858 caput
1062 4789 1230 4861 894
1254 4790 1426 4847 tribus
1447 4790 1648 4863 Joseph
1669 4809 1684 4860 ;
1708 4801 1770 4849 ut

165 4880 539 4949 exaltetcaput
560 4879 745 4950 populi
767 4879 850 4935 sui
871 4897 883 4932 :
906 4881 1088 4936 veniat
1104 4882 1266 4938 etiam
1284 4898 1448 4954 super
1467 4886 1724 4942 verticem
1747 4902 1763 4953 ;

166 4981 224 5026 ut
243 4971 500 5027 verticem
520 4971 701 5042 capilli
717 4971 1080 5042 perambulet,
1099 4983 1475 5044 amputaturus
1490 4977 1763 5048 superﬂua

169 5063 509 5130 delictorum,
531 5065 968 5121 sanctilicaturus
993 5075 1314 5122 ornamenta
1336 5067 1617 5125 virtutum.

242 5158 327 5215 16.
359 5157 454 5214 llic
484 5167 568 5213 est
595 5158 930 5228 gloriﬁcatus
977 5158 1120 5215 inter
1163 5157 1360 5215 fratres
1399 5175 1578 5228 suos;
1623 5162 1766 5219 sicut

176 5253 286 5323 ipse
311 5252 474 5308 dicit:
503 5251 747 5306 Narrabo
778 5270 962 5308 nomen
987 5263 1134 5308 tuum
1164 5254 1410 5326 fratribus
1432 5255 1555 5311 meis
1582 5254 1757 5327 (Psal.

175 5362 285 5414 xm,
313 5345 426 5417 25).
456 5345 588 5413 Quae
619 5345 790 5417 major
816 5355 899 5402 est
923 5347 1116 5418 gloria,
1169 5345 1196 5385 ι)
1243 5362 1404 5419 quam
1449 5347 1764 5418 pectoribus

251 5532 274 5560 ει
302 5521 439 5576 Edit.
473 5520 656 5584 Rom.,
714 5537 814 5575 non
854 5535 1170 5576 consumere.
1210 5519 1316 5576 Sed
1356 5519 1409 5574 in
1440 5519 1669 5574 aliarum
1695 5533 1760 5576 ac

185 5607 311 5648 mss.
338 5592 565 5648 lectione
595 5591 728 5646 nihil
757 5592 1094 5646 mutandum.
1129 5591 1224 5646 Est
1245 5592 1387 5646 enim
1414 5590 1500 5646 hic
1555 5591 1760 5659 ellipsis

186 5664 412 5737 adverbii
437 5663 622 5737 magis,
652 5663 738 5737 vel
769 5663 979 5730 potius:
1023 5677 1144 5732 quae
1165 5661 1333 5732 ﬁgura
1359 5662 1584 5718 minime
1615 5661 1760 5716 inso-

187 5735 298 5790 lens
325 5734 456 5804 apud
485 5733 860 5790 Ambrosium.

254 5826 280 5865 1)
301 5827 828 5903 Cod._Vict.et‘Colb.
854 5842 919 5884 ac
943 5825 1076 5884 edit.
1108 5842 1322 5898 omnes,
1349 5845 1502 5903 quam
1526 5836 1762 5901 peccato-

191 5898 317 5954 ribus
345 5901 620 5954 nationum.
647 5897 753 5955 Alii
781 5915 913 5955 mss.
941 5908 1001 5957 ut
1029 5903 1084 5958 in
1124 5908 1294 5958 textu.

450 5992 728 6054 I’nnon.
761 5992 938 6055 XIV.

1874 4806 1924 4852 et
1943 4796 2068 4850 bibit
2085 4812 2256 4852 meum
2286 4797 2826 4869 sanguinem,habebit
2849 4799 3003 4852 vitam
3018 4806 3260 4852 wtemam
3289 4796 3472 4870 (loan.

1873 4904 1948 4956 vt,
1975 4888 2046 4946 54
2073 4901 2120 4943 et
2169 4888 2287 4962 55).
2319 4889 2521 4961 Accipe
2565 4892 2733 4947 aliud.
2766 4891 2907 4959 Quid
2960 4901 3042 4947 est
3089 4908 3310 4960 nervus,
3373 4893 3481 4951 nisi

1874 4997 1982 5053 quo
2007 4995 2203 5052 corpus
2232 4997 2392 5038 omne
2432 4985 2869 5055 constringitur?
2895 4985 3103 5054 Corpus
3141 4983 3345 5042 Christi
3372 4986 3478 5042 Ec-

1873 5075 2041 5132 clesia
2072 5087 2177 5141 est,
2205 5092 2326 5147 quae
2368 5079 2590 5134 vinculo
2644 5079 2927 5148 stringitur
2979 5079 3283 5136 charitatis.
3334 5081 3477 5150 Quid

1872 5169 2019 5226 aliud
2047 5170 2098 5226 in
2116 5169 2334 5226 Christo
2349 5172 2544 5239 Judmi,
2569 5174 2670 5228 nisi
2700 5173 2983 5231 cltaritatis
3012 5175 3288 5230 vinculum
3311 5191 3475 5234 omne

1873 5262 2196 5318 solverunt?
2221 5263 2417 5320 Merito
2448 5265 2641 5321 Petrus
2669 5264 2925 5320 sacerdos
2947 5265 3203 5338 eligitur;
3246 5267 3339 5338 qui
3363 5268 3476 5340 spi-

1868 5352 1980 5410 ritu
2008 5356 2290 5412 cbaritatis
2319 5357 2515 5414 divinae
2548 5355 2744 5427 triplici
2770 5373 2831 5414 se
2857 5341 3065 5429 ligavit.

1937 5536 1958 5563 c
1987 5525 2341 5602 Edit,vet.ac
2371 5525 2528 5580 Rom.
2562 5539 2684 5580 cum
2715 5541 2844 5581 mss.
2867 5525 3091 5602 Yict._et
3111 5523 3291 5602 C_olb.,
3311 5529 3470 5602 hujus

1863 5599 2200 5672 lauridecore
2226 5608 2470 5669 perpetuo
2497 5605 2648 5672 capta
2672 5609 2864 5672 nostra:
2885 5598 3187 5672 fragilitatis
3210 5598 3467 5668 armenta,

1864 5676 1966 5741 etc.
1997 5668 2453 5741 Paris.qua:dnm,
2487 5668 2642 5740 hujus
2665 5670 2800 5722 tauri
2832 5668 3022 5739 decore.
3037 5687 3131 5741 pro
3162 5681 3334 5740 captu,
3357 5683 3467 5730 etc.

1864 5738 1959 5797 llis
1988 5743 2108 5797 cod.
2132 5738 2266 5812 Reg.
2291 5749 2344 5796 et
2367 5739 2457 5794 alii
2483 5738 2715 5811 quatuor
2747 5741 2992 5812 proxime
3016 5738 3338 5799 accedentes
3368 5761 3469 5800 no-

1862 5812 2070 5872 biscum
2093 5813 2315 5869 faciunt.

2869 5991 2949 6053 35
