4008 6352
615 349 640 406 1
651 349 759 406 099

1929 335 2174 398 SANC'I'I
2211 335 2534 400 AMBROSII

688 467 778 522 Π.
823 463 1022 532 Accipe
1049 461 1227 517 adhuc
1249 461 1370 531 quia
1399 459 1574 530 ipsum
1603 459 1928 531 signiﬁcavit
1971 459 2206 530 Moyses.
2237 461 2286 522 Α
2316 459 2492 531 (Ptol.
2523 475 2681 530 cxvii,
2713 461 2785 518 26
2815 473 2864 517 et
2893 463 3011 534 27);
3051 457 3344 517 Dominus
3371 455 3526 514 enim
3561 455 3714 512 Deus
3751 459 3856 530 ipse
3877 483 3920 518 is

613 559 780 633 895
810 557 1022 626 Adiecit
1049 573 1063 609 :
1097 554 1302 612 Cornua
1333 555 1634 622 uniwrnui,
1665 571 1862 608 cornua
1907 555 2070 626 ipsius
2095 571 2114 608 :
2161 555 2214 609 iu

612 655 740 724 ipsis
767 661 937 725 gentes
965 649 1234 706 uentilauit
1273 649 1452 722 (Deut.
1487 665 1684 716 xum,
1717 651 1831 720 Π).
1875 649 1982 706 Sed
2010 651 2118 706 noli
2151 651 2218 706 tl-

615 761 768 802 n:ore
795 745 920 816 quia
947 744 1176 800 ventilat
1207 761 1222 808 ;
1253 743 1388 799 dixit
1411 745 1552 800 enim
1579 761 1592 798 τ
1629 744 1929 800 Part-utinm
1952 753 1998 799 et
2025 745 2214 800 sonabo

609 840 792 912 (Deut.
825 855 996 906 xxxn,
1029 839 1142 908 59).
1175 837 1322 893 Bona
1353 853 1578 907 cornua,
1625 839 1818 907 quibus
1865 838 2082 894 inclusit
2127 853 2216 892 or-

607 935 734 992 bem
761 944 1072 990 terrarum:
1119 933 1260 990 bona
1289 949 1513 1001 cornua,
1565 933 1762 1003 quibus
1813 933 2026 988 leonem
2061 933 2214 989 illum

607 1035 858 1084 nostrum
893 1027 1264 1083 adversarium
1295 1027 1580 1084 ventilavit
1613 1027 1794 1082 :bon‘a
1825 1041 2047 1092 cornua,
2093 1026 2214 1097 qui-

603 1122 708 1178 bus
732 1122 862 1178 fecit
890 1131 948 1178 ut
993 1139 1196 1179 cornua
1242 1121 1540 1178 adversarii
1590 1121 1784 1177 timere
1832 1134 2206 1192 nequeamus;

601 1215 726 1286 quia
759 1225 814 1270 et
841 1225 1059 1270 satanas
1091 1215 1256 1272 habet
1295 1230 1498 1270 cornua
1527 1229 1644 1282 sua,
1697 1213 1841 1270 sicut
1891 1213 2212 1270 testiﬁcatus

577 1321 684 1368 est
715 1309 900 1368 Daniel
925 1309 1114 1366 dicens
1139 1329 1152 1366 :
1197 1310 1452 1366 Videbam
1474 1320 1520 1364 et
1549 1323 1710 1363 cornu
1741 1307 1897 1374 illud,
1947 1307 2085 1380 quod
2129 1311 2210 1378 fil-

599 1405 760 1460 ciebat
789 1421 1015 1477 pugnam
1045 1421 1160 1460 cum
1183 1405 1374 1459 sanctis
1407 1419 1426 1458 .'
1475 1413 1522 1457 et
1551 1403 1894 1458 invalescebat
1919 1403 2012 1470 eis,
2049 1403 2210 1456 donec

597 1499 738 1554 ueuit
765 1499 1022 1566 Antiquus
1049 1497 1252 1552 dierum
1277 1495 1442 1566 (Dan.
1475 1507 1568 1562 vn,
1597 1495 1662 1552 21
1715 1507 1764 1550 et
1807 1497 1926 1566 9.2).
1986 1495 2082 1551 llic
2127 1504 2212 1552 est

599 1589 874 1662 Antiquos
905 1591 1138 1646 dierum.
1171 1591 1306 1658 Quis
1334 1599 1514 1646 autem
1547 1591 1902 1656 unicornuus,
1949 1590 2054 1644 nisi
2085 1590 2206 1645 uni-

567 1687 814 1758 qenitus
840 1687 934 1744 Dei
993 1685 1186 1751 Filius,
1239 1693 1294 1740 et
1321 1685 1536 1740 unicum
1589 1685 1684 1740 Dei
1745 1684 2012 1752 Verbum,
2065 1683 2209 1754 quod

595 1789 716 1836 enat
750 1778 804 1834 in
837 1777 1110 1846 principio
1137 1776 1282 1846 apud
1315 1777 1574 1832 Patrem?
1611 1775 1768 1842 Quod
1811 1775 2052 1832 Verbum
2095 1775 2208 1830 suis

2321 555 2434 608 lica
2461 569 2672 626 regum,
2730 565 2786 612 et
2835 557 3110 612 Dominus
3163 551 3600 610 dominantium
3645 549 3700 606 in
3737 553 3818 608 his

2320 645 2590 702 habentur
2619 649 2672 704 in
2699 649 2874 706 oculis.
2911 651 3152 722 PrOptcr
3183 649 3314 704 haec
3337 661 3562 703 cornua
3595 645 3912 704 Dominiiee

2318 747 2374 798 et
2391 741 2556 798 David
2586 743 2636 798 in
2657 757 2788 798 voce
2809 745 2954 800 tubae
2977 759 3208 800 corneae
3225 757 3454 798 canens
3477 737 3664 812 (ρεαι.
3697 757 3852 807 πνεῖ.

2317 835 2534 890 auditus
2557 851 2588 890 a
2609 835 2827 892 Christo
2851 843 2966 892 est:
3000 845 3058 893 et
3085 835 3323 908 Moyses
3347 833 3552 890 docuit
3587 831 3778 904 (Nam.
3803 851 3848 900 ι,
3865 839 3908 892 ii

2317 929 2706 986 sacriﬁciorum
2739 929 2878 987 ritus
2927 929 3074 986 tubas
3107 929 3304 986 sonitu
3369 941 3512 986 esse
3565 927 3894 990 celebrande.

2315 1021 2454 1080 sicut
2485 1033 2540 1082 et
2567 1025 2828 1096 scriptum
2875 1033 2958 1081 est
2995 1043 3010 1080 :
3065 1023 3258 1080 Canite
3303 1026 3364 1080 in
3393 1021 3564 1080 initio
3615 1024 3802 1080 araneis
3841 1037 3916 1079 rm

2316 1115 2489 1192 (Ptol.
2521 1135 2680 1186 Lux,
2712 1117 2792 1190 4).
2825 1118 2923 1174 Cui
2959 1117 3086 1185 hoc,
3129 1117 3243 1174 nisi
3291 1115 3472 1178 nobis
3527 1115 3798 1186 scriptum
3833 1123 3914 1172 δε·

2313 1210 2528 1266 Menses
2557 1210 2702 1266 enim
2721 1211 2790 1266 ab
2815 1209 2971 1266 initio
3001 1211 3148 1266 luna:
3183 1215 3420 1266 veteres
3483 1208 3792 1264 observare
3827 1225 3910 1264 crs-

2313 1315 2622 1360 sueverant.
2651 1303 2800 1359 Luna
2825 1313 3006 1360 autem
3029 1303 3290 1360 Ecclesia
3309 1315 3430 1366 est.
3464 1319 3606 1373 quae
3629 1301 3910 1373 spirant-ﬂ

2314 1403 2366 1450 et
2395 1395 2738 1468 Evangelicis
2767 1395 3255 1466 praedicationibus
3307 1397 3504 1471 επ
3551 1395 3614 1450 in
3637 1395 3908 1451 abundauit

2315 1491 2484 1560 pacis,
2519 1497 2578 1546 ut
2605 1489 2874 1560 Propheta
2905 1491 3042 1547 dixit
3069 1491 3250 1568 (Ptol.
3281 1509 3448 1558 uxr,
3495 1490 3586 1564 7),
3653 1493 3900 1548 extollitur.

2312 1583 2370 1638 In
2393 1581 2611 1640 Christo
2637 1597 2768 1655 ergo
2787 1601 2955 1640 cornu
2983 1585 3386 1642 ventilabimus
3419 1583 3706 1640 inimicos
3725 1595 3902 1642 nostra.

2387 1677 2475 1732 19.
2511 1675 2580 1730 Et
2599 1677 2654 1732 in
2677 1675 2884 1732 nomine
2907 1679 3020 1751 ejus
3043 1693 3354 1748 spernemus
3375 1677 3736 1748 insurgentes
3761 1679 3806 1729 in
3829 1697 3890 1732 re

2307 1771 2446 1842 Quid
2487 1779 2572 1828 est
2615 1787 2814 1828 nomen
2863 1769 2968 1828 nisi
2993 1785 3102 1841 quo
3147 1771 3378 1843 proprie
3429 1771 3820 1844 unusquiaae
3853 1775 3900 1825 si.

595 1869 854 1924 eornibus
884 1869 1126 1938 gentium
1155 1869 1383 1938 pupulas
1431 1869 1801 1934 mortiﬁcavit,
1859 1877 1915 1922 et
1965 1867 2206 1922 viviﬁcac
2233 1871 2284 1934 Β
2309 1867 2619 1940 gniﬁcatur,
2651 1865 2796 1937 quod
2821 1865 2872 1922 ei
2919 1879 3028 1922 non
3059 1867 3134 1921 sit
3169 1881 3488 1922 Commune
3520 1881 3661 1922 cum
3707 1869 3898 1922 exteris!

592 1963 711 2030 vlt;
747 1972 804 2020 ut
837 1963 1030 2020 ﬁerent
1063 1963 1120 2017 in
1173 1963 1360 2018 decem
1393 1963 1562 2017 millia
1609 1961 1864 2032 Epiri-tem
1913 1973 2084 2032 usque
2133 1961 2200 2016 ad

591 2057 860 2114 terminos
888 2063 1068 2118 terrai,
1099 2064 1156 2109 et
1205 2069 1376 2126 usque
1421 2056 1474 2108 in
1529 2053 1696 2108 millia
1751 2053 2034 2108 Manassen
2079 2069 2094 2106 :
2133 2068 2200 2108 eo

591 2147 741 2218 quod
771 2147 1076 2202 crediturus
1103 2155 1248 2202 esset
1277 2147 1328 2200 in
1360 2161 1482 2202 eum
1515 2147 1748 2216 populus
1771 2147 2050 2202 nationum
2069 2187 2082 2212 ,
2109 2146 2199 2216 qui

595 2249 776 2300 totum
823 2241 1062 2308 repleret
1109 2239 1296 2294 orbem
1353 2249 1640 2302 terrarum,
1693 2237 2006 2293 crediturus
2053 2245 2202 2293 esset

587 2341 780 2404 postea
807 2333 974 2388 etiam
1005 2335 1238 2403 populus
1259 2331 1596 2398 inda-orum,
1649 2347 1715 2388 ex
1759 2332 2034 2388 oblivione
2061 2347 2198 2388 con-

587 2440 782 2482 versus
803 2425 870 2482 ad
895 2425 1147 2495 gratiam.
1183 2423 1398 2480 Oblitus
1423 2434 1502 2480 est
1533 2423 1678 2480 enim
1731 2423 1960 2480 salutem
2021 2437 2196 2486 suam,

591 2519 690 2590 qui
721 2527 832 2574 tam
863 2533 988 2574 sero
1013 2525 1426 2572 converteretur
1457 2515 1526 2570 ad
1557 2515 1866 2583 ,Cltristum.
1901 2513 2030 2570 Ideo
2067 2515 2200 2572 Batti

587 2615 645 2669 in
679 2613 942 2676 millibus,
979 2613 1148 2668 David
1179 2613 1233 2666 lu
1267 2612 1458 2667 decem
1487 2611 1762 2676 millibus;
1795 2611 1921 2682 quia
1947 2611 2119 2667 durus
2143 2613 2198 2666 in

589 2707 804 2777 paucis,
837 2714 1151 2761 mansuetus
1183 2705 1236 2760 in
1269 2704 1536 2772 pluribus.

667 2800 754 2856 18.
787 2798 976 2868 Neque
1008 2807 1188 2854 tamen
1219 2797 1422 2864 abnuo,
1449 2797 1498 2852 si
1539 2797 1662 2867 quis
1685 2797 1842 2866 quasi
1879 2797 1948 2852 ad
1993 2796 2198 2868 Ioseph

587 2890 794 2948 dictum
825 2900 1013 2960 putat:
1051 2890 1433 2962 Primogenitus
1461 2891 1594 2945 tauri
1635 2891 1796 2948 decue
1843 2895 1956 2964 ejus
2013 2889 2193 2962 (Deut.

585 3001 788 3053 χχχιιι,
835 2985 925 3056 i7)
957 3001 972 3051 ;
1005 2994 1060 3040 et
1087 2985 1170 3040 sic
1194 2985 1636 3054 distinguendum
1663 2993 1836 3053 putat,
1885 2985 2010 3054 quia
2050 2983 2200 3039 dedit

582 3089 638 3134 et
661 3080 863 3136 sanctis
883 3079 996 3154 suis
1021 3093 1228 3134 cornua
1248 3094 1262 3132 :
1281 3075 1548 3132 Excitavit
1567 3077 1712 3132 enim
1725 3091 1884 3130 cornu
1909 3075 2094 3148 populi
2115 3076 2198 3129 sui

579 3173 758 3244 (Psal.
793 3190 1016 3240 curnt,
1045 3172 1157 3242 Η).
1191 3173 1258 3228 Ει
1282 3171 1440 3228 Anna
1471 3181 1646 3228 mater
1667 3173 1948 3242 prophetat
1975 3171 2197 3226 Samuel

2305 1957 2478 2014 Homo
2505 1959 2650 2014 enim
2679 1973 2966 2014 commune
2987 1959 3320 2015 vocabulum
3349 1967 3444 2014 est
3469 1975 3486 2024 ;
3521 1959 3638 2014 nisi
3671 1957 3823 2014 addas
3843 1961 3898 2024 ari

2303 2063 2549 2120 vocetur,
2583 2069 2688 2110 non
2719 2063 2898 2125 poteSt
2925 2053 3216 2110 declarari.
3247 2049 3478 2109 Nomen
3525 2069 3671 2124 ergo
3713 2057 3894 2124 prop-ri:-

2305 2157 2390 2202 tas
2421 2145 2850 2218 uniuscujusque
2881 2155 2986 2218 est,
3011 2161 3120 2218 quo
3145 2147 3322 2219 possit
3357 2147 3642 2218 intelligi.
3691 2145 3822 2205 Unde
3841 2164 3894 2202 n-

2305 2241 2480 2294 bltror
2509 2241 2652 2314 quod
2675 2250 2726 2296 et
2765 2241 2976 2314 Moyses
3005 2241 3198 2297 volens
3225 2241 3536 2314 proprium
3563 2239 3692 2308 Dei,
3743 2251 3792 2298 et
3833 2243 3892 2294 sii-

2301 2331 2432 2404 quid
2455 2334 2524 2388 de
2545 2349 2611 2390 eo
2633 2335 2870 2404 speciale
2893 2347 3248 2405 cognoscere,
3281 2334 3439 2406 quod
3467 2349 3592 2391 non
3619 2345 3764 2391 esset
3787 2351 3888 2389 cne-

2301 2441 2468 2482 mnne
2513 2441 2636 2482 cum
2695 2427 3013 2486 caelestibus
3057 2429 3474 2500 potestatibus,
3541 2431 3886 2504 interrogavit:

2307 2519 2462 2588 Quod
2487 2525 2562 2576 est
2589 2537 2770 2577 nomen
2805 2531 2948 2577 tuum
2978 2519 3177 2594 (Exod.
3213 2539 3296 2591 nt,
3341 2523 3439 2596 15)
3465 2523 3496 2578 2
3549 2523 3792 2598 Denique
3827 2540 3886 2579 e3-

2301 2629 2572 2686 gnoscens
2611 2625 2848 2674 mentem
2873 2617 2990 2688 ejus
3019 2617 3182 2682 Deus,
3217 2633 3326 2674 non
3375 2620 3690 2694 respondit
3719 2637 3882 2682 nentes.

2301 2707 2398 2762 sed
2431 2709 2706 2780 negotium
2743 2751 2756 2776 ,
2799 2709 2903 2765 hoc
2939 2715 3044 2778 est,
3071 2725 3188 2766 rem
3217 2713 3536 2780 expressit,
3565 2729 3680 2768 non
3707 2711 3882 2786 appulit-

2297 2801 2526 2868 tlonem,
2560 2803 2748 2858 dicens
2775 2819 2789 2858 :
2825 2801 2936 2878 Ego
2987 2821 3100 2859 sum
3131 2805 3218 2874 qui
3244 2821 3366 2858 sum
3399 2801 3620 2880 (Ibat,
3657 2803 3742 2876 η)
3765 2822 3778 2868 ;
3801 2805 3880 2876 qui:

2301 2895 2440 2954 nihil
2465 2907 2573 2954 tam
2607 2899 2888 2970 proprium
2939 2897 3059 2966 Dei,
3100 2913 3262 2970 quam
3309 2915 3554 2980 semper
3597 2915 3742 2956 esse.
3793 2899 3878 2968 Qtiii

2302 3005 2432 3064 ergo
2459 2997 2658 3062 negant
2680 2989 2958 3046 Christum
2981 2999 3316 3046 cetcternum
3343 2989 3532 3058 Patri,
3569 2991 3880 3062 videaatqa

2301 3081 2474 3137 Deum
2507 3089 2730 3153 negant,
2761 3085 2917 3152 cujus
2939 3089 3024 3138 est
3052 3097 3272 3152 semper
3297 3097 3450 3152 esse,
3483 3099 3598 3146 nec
3641 3079 3879 3160 aliquantis

2301 3191 2410 3232 non
2439 3176 2628 3232 fuisse.
2663 3177 2776 3232 Hac
2801 3191 2930 3250 ergo
2958 3179 3268 3248 cognitione
3323 3179 3700 3248 proprietatis
3739 3175 3878 3232 divina

574 3265 739 3324 dicit:
765 3265 1058 3328 Exsultavit
1083 3281 1354 3320 conuentu
1378 3265 1434 3318 in
1459 3261 1688 3320 Domino
1709 3273 1790 3320 :et
1817 3265 2098 3318 exaltatum
2121 3273 2194 3316 est
2225 3271 2270 3338 ρ
2304 3269 2518 3342 Moyses
2545 3271 2894 3340 insurgentes
2925 3271 2976 3326 in
2999 3283 3058 3326 se
3097 3269 3318 3332 volebat
3345 3287 3630 3348 sper-nene
3661 3291 3674 3324 :
3715 3269 3807 3328 vel,
3843 3281 3877 3322 ut

579 3374 745 3414 cornu
775 3375 946 3418 meum
974 3359 1030 3412 in
1055 3357 1170 3412 Deo
1194 3374 1304 3412 utea
1333 3357 1379 3430 (Ι
1411 3358 1540 3430 Reg.
1572 3374 1628 3418 ιι,
1661 3357 1734 3428 i).
1765 3357 1964 3413 Habuit
2009 3359 2195 3427 utique

585 3451 862 3522 etJoseph
893 3453 948 3506 in
972 3451 1202 3508 Domino
1222 3465 1428 3512 cornua
1449 3451 1736 3520 spiritalia.
1753 3449 2066 3522 Aecipiatur
2095 3451 2196 3506 ita-

581 3561 690 3614 que
718 3544 950 3615 Joseplt,
975 3543 1278 3598 dummodo
1301 3545 1354 3600 in
1385 3543 1504 3612 ipso
1549 3545 1718 3612 fusura
1749 3545 1820 3598 sit
1843 3543 2070 3608 Christi,
2107 3545 2194 3600 cui

579 3638 783 3702 dicitur
816 3656 830 3692 :
862 3637 1064 3710 Ioseph
1087 3639 1226 3706 ﬁlius
1257 3655 1400 3696 meus
1441 3639 1811 3708 ampliﬁcatur,
1866 3639 2009 3708 ﬁlius
2053 3655 2196 3694 incus

575 3734 784 3803 iunior,
817 3733 887 3788 ad
911 3750 994 3790 me
1019 3743 1274 3792 reuertere
1299 3731 1452 3802 (Gen.
1489 3745 1638 3798 suis,
1681 3731 1796 3804 92).
1830 3731 2018 3803 Neque
2047 3733 2194 3788 enim

579 3823 790 3894 Ioseph,
811 3823 882 3882 ad
901 3821 1070 3888 Jaeob
1109 3821 1438 3888 revertitur;
1469 3822 1566 3880 sed
1589 3820 1842 3878 Christus
1881 3837 1914 3877 a
1967 3825 2198 3880 mortuis

581 3915 946 3976 resuscitatus,
965 3914 1036 3970 ad
1061 3915 1278 3970 Patrem
1303 3915 1472 3974 Deum
1507 3916 1836 3980 revertitur;
1860 3919 2196 3988 utscriptum

581 4017 703 4064 est:
737 4007 782 4072 Α
823 4023 1028 4064 summa.
1081 4006 1210 4068 creto
1265 4009 1486 4076 egressio
1505 4012 1638 4081 ejus,
1679 4019 1726 4064 et
1783 4026 2028 4065 occursus
2083 4013 2196 4083 ejus

581 4117 743 4172 usque
771 4101 839 4156 ad
866 4118 1126 4158 sumntum
1151 4103 1264 4171 ejus
1293 4101 1472 4172 (Paul.
1505 4117 1668 4168 nvnt,
1694 4103 1772 4174 7).
1803 4105 1938 4160 Exte
1991 4115 2190 4174 tamen,

577 4207 642 4254 ut
681 4197 754 4254 de
793 4197 996 4266 Joscph
1025 4195 1322 4266 accipiatur
1375 4197 1654 4252 Reuertere
1671 4199 1738 4252 ad
1765 4215 1848 4253 nte
1875 4217 1893 4265 ;
1945 4201 2066 4269 quia
2099 4215 2198 4270 po-

583 4292 746 4362 pulus
775 4294 1066 4348 revertitur
1093 4291 1150 4345 in
1182 4299 1386 4348 terram
1409 4290 1873 4358 Gitananzcoruni,
1915 4292 1968 4346 in
1999 4293 2196 4362 quibus

587 4392 716 4440 ante
749 4383 1130 4442 habitaverunt
1160 4384 1504 4454 patriarchas.
1555 4384 1712 4442 Unde
1755 4383 1886 4439 dicit
1937 4385 2088 4441 lsaac
2127 4385 2196 4442 ad

583 4477 754 4536 Jacob
782 4496 796 4532 :
831 4476 954 4542 Non
985 4478 1202 4547 accipies
1233 4495 1445 4536 mortem
1473 4488 1502 4522 ιλ
1551 4493 1584 4536 tt
1615 4478 1822 4547 ﬁtiabus
1869 4477 2194 4534 Chartam-

583 4585 700 4626 rum
727 4568 880 4640 (Gen.
909 4585 1118 4636 xxvut,
1147 4569 1254 4641 i);
1293 4581 1348 4628 et
1395 4571 1563 4628 mittit
1611 4585 1742 4628 eum
1785 4573 1840 4626 in
1895 4571 2198 4643 Mesopota.

2300 3359 2522 3433 Aquila,
2543 3371 2634 3418 aut
2657 3363 3024 3436 Symmachus
3045 3363 3324 3431 dixerunt,
3355 3365 3592 3422 calcare
3621 3365 3874 3421 resistunt;

2297 3455 2400 3510 sibi
2423 3463 2694 3528 tamquam
2725 3463 3010 3528 serpentes
3037 3465 3090 3512 et
3129 3458 3466 3526 scorpiones
3508 3477 3525 3514 :
3585 3475 3724 3532 quos
3761 3455 3874 3516 etiam

2301 3547 2568 3604 Dominus
2597 3549 2731 3606 dicit
2759 3551 2810 3605 in
2841 3549 3139 3622 Evangelia
3161 3547 3318 3618 (Luc.
3351 3565 3410 3616 π,
3439 3549 3540 3624 i9)
3559 3567 3688 3607 esse
3713 3549 3872 3632 Spiriu-

2299 3641 2441 3696 libus
2477 3643 2718 3714 vestigiis
2749 3643 3106 3713 protereudos
3131 3659 3146 3708 ;
3173 3653 3234 3698 ut
3261 3641 3406 3698 viam
3443 3653 3700 3700 nostram
3751 3643 3870 3710 impe-

2297 3733 2418 3790 dire
2441 3751 2547 3790 non
2577 3736 2808 3807 possint,
2839 3751 2962 3808 qua:
2993 3737 3142 3791 ducit
3166 3735 3234 3792 ad
3263 3747 3486 3793 secreta
3519 3737 3776 3812 paradisi.
3801 3735 3871 3790 iia-

2301 3825 2496 3882 betnus
2525 3843 2658 3900 ergo
2703 3829 2756 3884 in
2779 3829 2938 3884 nobis
2991 3829 3227 3884 studium
3280 3827 3494 3885 divinat
3547 3829 3868 3902 cognitionis

2301 3919 2563 3976 habemus
2595 3921 2690 3977 Dei
2723 3922 2986 3990 Verbum,
3019 3923 3162 3995 quod
3195 3933 3276 3978 est
3310 3937 3520 3980 nomen
3561 3925 3754 3981 Patris.
3781 3923 3868 3979 iis:

2299 4027 2432 4070 vere
2459 4017 2766 4086 proprietas
2789 4016 2906 4085 Dei,
2963 4015 3086 4086 quia
3117 4015 3279 4072 Pater
3307 4013 3524 4072 Christi
3555 4025 3643 4074 est
3673 4035 3688 4073 :
3713 4027 3761 4073 et
3783 4015 3866 4074 ideo

2299 4107 2358 4166 in
2387 4111 2608 4166 nomine
2637 4109 2813 4166 Patris
2843 4110 3014 4175 venit,
3043 4109 3138 4181 qui
3169 4109 3318 4166 venit
3355 4117 3420 4164 ut
3481 4107 3664 4166 Patris
3711 4109 3864 4170 iaceret

2299 4202 2656 4258 voluntatem.
2693 4203 2762 4258 Et
2789 4191 2914 4258 ideo
2949 4203 3024 4258 ait
3069 4221 3081 4256 :
3139 4201 3206 4257 In
3237 4203 3448 4257 nomine
3477 4199 3664 4260 Patris
3703 4203 3858 4270 mi,ei

2299 4308 2404 4347 non
2422 4309 2504 4348 me
2527 4296 2824 4364 suscepistis
2845 4311 2864 4350 :
2895 4295 2942 4348 si
2967 4295 3105 4350 alius
3133 4295 3330 4349 venerit
3353 4295 3406 4348 in
3441 4295 3656 4350 nomine
3699 4313 3798 4360 suo,
3817 4297 3860 4348 ii-

2301 4384 2410 4438 iunt
2440 4387 2726 4455 suscipiatis
2771 4387 2966 4458 (Joan.
2995 4403 3052 4453 ν,
3085 4384 3156 4458 1)
3184 4401 3199 4452 ;
3241 4383 3568 4456 signiﬁcans
3609 4385 3858 4443 Judaosia

2301 4477 2696 4536 Antichristum
2719 4483 3054 4544 credituros,
3109 4480 3198 4550 qui
3257 4480 3309 4534 in
3349 4477 3642 4536 Christum
3685 4479 3856 4537 credere

2301 4572 2616 4629 noluerunt.
2653 4575 2796 4645 Ergo
2819 4573 2914 4644 qui
2945 4575 2997 4629 in
3023 4571 3300 4629 Christum
3327 4571 3530 4637 credit,
3565 4587 3676 4628 non
3705 4574 3750 4628 in
3770 4585 3856 4626 arca

583 4663 774 4730 iniam,
806 4672 864 4718 ut
883 4662 958 4720 ibi
989 4663 1090 4718 sibi
1139 4662 1430 4732 ctmjttgeut
1477 4664 1765 4730 reperiret.
1821 4663 2095 4735 Numquid
2143 4665 2194 4722 ei
2221 4659 2275 4727 Ι)
2301 4679 2424 4732 suo,
2451 4681 2552 4721 nec
2579 4667 2632 4720 in
2662 4667 2842 4736 gladio
2867 4681 2967 4722 suo
2995 4675 3178 4736 sperat
3209 4681 3224 4730 ;
3271 4663 3368 4721 sed
3423 4665 3484 4720 in
3517 4665 3738 4722 nomine
3773 4663 3854 4732 ejus

579 4754 816 4812 insidiati
849 4765 974 4812 sunt
1017 4753 1045 4806 it
1073 4755 1280 4816 demitti
1327 4756 1694 4825 sagittarum?
1747 4755 2022 4827 Numquid
2075 4759 2194 4830 ipse

587 4857 810 4918 propter
839 4848 1272 4914 benedictionem
1313 4849 1452 4910 uteri
1505 4850 1744 4912 materni
1789 4851 1843 4912 in
1893 4859 2010 4906 toto
2057 4853 2192 4909 orbe

592 4939 918 5002 benedictus
947 4951 1048 5004 est.
1074 4951 1128 5004 et
1161 4957 1266 4996 non
1307 4940 1568 4996 Dtmtinus
1609 4941 1789 5008 .lesus,
1844 4959 2008 5013 quem
2027 4943 2194 5015 Virgo

585 5032 908 5104 generavit?
940 5032 1008 5088 Et
1041 5032 1162 5088 ideo
1195 5047 1304 5087 non
1347 5031 1526 5088 solum
1555 5045 1714 5100 supra
1767 5032 2040 5100 homines,
2091 5037 2196 5092 sed

585 5123 748 5178 etiam
782 5138 946 5193 supra
973 5124 1194 5192 angelos
1217 5133 1271 5180 et
1297 5122 1674 5191 archangelos,
1703 5135 1762 5180 et
1789 5141 1956 5196 supra
1971 5143 2190 5190 onlnem

581 5215 974 5272 sublimitatem
1009 5217 1322 5278 caelestium
1358 5215 1674 5272 benedictus
1704 5227 1790 5272 est
1815 5229 2190 5288 potestatum;

579 5309 722 5363 sicut
744 5307 1026 5378 Scriptura
1061 5315 1291 5364 testatur
1320 5307 1546 5370 dicens:
1595 5305 1904 5366 Benedictus
1943 5315 2032 5382 qui
2055 5314 2200 5370 venit

572 5399 632 5452 in
657 5399 862 5454 nomine
891 5395 1100 5453 Domini
1133 5414 1151 5452 :
1183 5398 1321 5452 Deus
1380 5398 1668 5466 Dominus,
1719 5409 1768 5453 et
1823 5401 1998 5458 illuxit
2047 5405 2192 5459 nobis

654 5584 680 5612 ει
707 5573 936 5639 Quidam
961 5585 1120 5638 mss.,
1141 5591 1174 5628 a
1202 5573 1392 5642 ﬁnibus
1427 5571 1864 5628 Chananreomnu

653 5644 678 5682 "
712 5645 785 5720 Ut
808 5645 1120 5720 ostendatur
1146 5643 1454 5720 benedictio
1475 5645 1640 5720 tribui
1689 5644 1892 5720 Joseph
1912 5661 1960 5720 _a
1994 5647 2182 5720 Moyse

575 5717 868 5785 itnpcrtita,
899 5717 968 5772 de
995 5715 1216 5770 Christo.
1235 5715 1576 5787 potissimum
1591 5717 1817 5787 intelligi
1839 5717 2061 5785 debere,
2084 5715 2178 5775 hic

574 5784 872 5842 afferuntur
902 5787 1145 5852 qumdam
1175 5803 1242 5840 ex
1287 5784 1464 5839 verbis
1497 5787 1560 5840 iis
1613 5784 1806 5855 quibus
1855 5789 2028 5847 Jacob
2051 5784 2172 5845 me-

568 5859 714 5914 riens
741 5857 944 5927 Ioseph
975 5857 1083 5912 tilio
1125 5858 1264 5912 bene
1311 5865 1562 5924 precatus
1619 5867 1746 5912 est:
1803 5876 1924 5930 qua:
1985 5873 2166 5919 tamen

2301 4771 2454 4830 spent
2485 4758 2726 4813 victoriae
2753 4759 2918 4814 locat.

2371 4850 2462 4906 20.
2493 4851 2678 4922 (νει-β.
2709 4852 2790 4917 τ.)
2817 4851 2883 4906 Et
2911 4849 3035 4906 ideo
3059 4851 3136 4906 ait
3167 4869 3182 4904 :
3231 4847 3354 4905 Non
3383 4849 3522 4906 enim
3563 4851 3620 4906 in
3643 4867 3754 4907 arca
3775 4865 3854 4905 an

2299 4943 2518 5013 sperabo
2539 4960 2562 4995 ει
2585 4953 2630 4997 et
2649 4943 2862 5013 gladius
2883 4961 3028 4999 meus
3053 4959 3156 4998 non
3203 4943 3422 4998 enicabit
3463 4959 3568 4998 nte.
3599 4945 3703 5001 Sed
3741 4945 3780 5000 si
3815 4944 3852 4998 in

2299 5049 2428 5091 arcu
2455 5036 2782 5107 sperandum
2799 5045 2902 5102 est,
2939 5037 2992 5090 in
3014 5035 3110 5091 Dei
3123 5043 3274 5092 certe
3301 5050 3434 5092 arcu
3459 5035 3850 5106 sperandumest

2299 5145 2458 5200 quem
2493 5132 2671 5201 posuit
2697 5132 2750 5184 in
2775 5131 2920 5186 nube
2947 5147 2964 5196 ;
3017 5137 3076 5185 ut
3103 5145 3134 5184 a
3165 5127 3370 5185 diluvio
3391 5143 3568 5201 genus
3607 5130 3846 5184 humanum

2298 5227 2492 5280 timere
2535 5223 2833 5280 desineret.
2885 5223 2996 5280 Isto
3018 5238 3149 5279 arcu
3175 5237 3278 5278 nos
3306 5223 3566 5295 protegit,
3609 5237 3710 5295 quo
3751 5235 3846 5278 arcu

2300 5326 2356 5371 et
2376 5316 2647 5385 iaculatur
2683 5319 2932 5388 sagittas,
2989 5317 3185 5388 quibus
3215 5315 3490 5387 percutiat
3535 5315 3772 5372 inimicos
3809 5325 3846 5370 et

2303 5407 2650 5464 adversarios
2681 5419 2920 5464 nostros.

2294 5589 2509 5634 constat
2540 5581 2757 5649 proprie
2787 5579 3006 5650 Christo
3027 5579 3338 5650 convenire.
3371 5577 3459 5634 Fit
3499 5577 3660 5650 igitur
3691 5577 3842 5650 allusit

2287 5651 2356 5705 ad
2391 5652 2522 5705 illud
2542 5647 2686 5724 Gen.
2723 5667 2867 5712 XLIX.
2889 5649 2962 5705 ⁸23
2989 5669 3000 5703 :
3028 5653 3112 5711 Εἰς
3143 5647 3195 5706 ὃν
3232 5647 3670 5724 διαϐουλενξμεναε
3691 5649 3840 5708 ἐλοιδό-

2281 5743 2442 5799 pow,
2457 5727 2546 5799 nni
2566 5722 2766 5799 éueixou
2788 5727 2930 5799 aere
2951 5725 3116 5799 κύριοι
3134 5723 3479 5799 τοξευμᾴτων.
3505 5717 3570 5776 ΕΙ,
3589 5717 3716 5780 infra
3731 5735 3833 5799 Stlti-

2281 5789 2388 5860 ἱιυε
2503 5789 2738 5868 εβῖνείςξν
2756 5789 2986 5868 tinniat:
3247 5789 3334 5868 κᾲί
3357 5799 3580 5868 μήτρας,
3611 5801 3702 5850 etc.
3731 5789 3834 5858 Vide

2276 5879 2397 5936 cap.
2425 5866 2486 5923 ii
2523 5866 2618 5921 lib.
2652 5865 2716 5920 de
2741 5865 3008 5922 Beneﬁci.
3035 5865 3482 5920 Patriarcitarunt'.
