4008 6352
133 310 281 376 1101

1262 311 1327 375 IN
1366 319 1694 378 I’SALIUM
1734 309 1897 378 XLIII
1937 322 2357 385 ENARRATIO.

3309 332 3453 392 “02

204 435 307 493 21.
353 434 535 506 (Vers.
557 434 615 504 8,
637 434 718 508 9.)
743 433 899 502 Unde
929 446 986 495 et
1021 436 1135 493 ait:
1189 435 1445 493 Liberaui
1470 438 1607 492 enim
1647 452 1741 492 nos
1767 443 1823 503 Α
1848 453 2107 507 mmre,
2149 441 2356 498 nullius
2395 439 2601 498 doloris
2642 442 2939 502 acerbitate
2969 443 3296 518 impediatur
3334 447 3452 516 ejus

123 544 199 584 ea:
223 531 571 602 aﬂligentibus
594 548 686 586 nos
714 545 734 587 :
763 543 812 588 et
837 548 922 588 eos
946 531 1036 603 qui
1060 532 1275 587 oderunt
1295 547 1410 598 nos;
1441 530 1742 603 confudisti.

126 619 206 678 In
240 621 356 678 Deo
387 624 718 680 laudabimur
741 634 848 680 tota
872 625 956 680 die
987 641 1006 680 :
1030 635 1080 680 et
1104 625 1158 679 in
1182 625 1389 680 nomine
1413 634 1502 679 tuo
1529 624 1742 694 conﬁtc-

127 716 318 772 bimur
336 718 392 773 in
417 719 627 775 swcula.
678 719 820 777 Audi
872 718 1144 786 uttomodo
1191 733 1292 774 nos
1342 719 1576 784 liberet;
1618 719 1746 790 quia

126 811 359 884 sagittis
386 828 521 884 quas
539 813 812 885 jacuiatur
840 829 872 870 e
893 813 1055 879 cutio,
1083 823 1242 870 terrae
1263 822 1465 868 nostra:
1486 811 1746 867 interiora

131 911 549 975 penetrantur;
607 913 666 960 ut
713 913 894 962 motus
919 905 1098 961 omnis
1125 911 1375 961 terrenus
1416 904 1648 959 intereat
1694 911 1750 959 et

131 998 414 1069 quiescat,
447 998 586 1054 sicut
612 999 668 1053 in
688 998 1084 1071 posterioribus
1108 999 1184 1054 ait
1213 1015 1228 1054 :
1277 998 1356 1053 De
1383 998 1511 1054 calo
1530 997 1740 1068 iacula-

135 1100 226 1145 tus
282 1107 335 1146 es
382 1091 674 1164 judicium:
705 1101 844 1145 terra
858 1092 1084 1159 trmit,
1114 1092 1369 1163 stquierit
1394 1089 1748 1164 (Psal.t.uv,

134 1180 236 1253 9).
277 1183 372 1240 Sic
394 1182 561 1255 igitur
585 1182 906 1254 liberamur,
934 1184 1065 1242 dum
1093 1183 1751 1242 coniundunturinimica:

132 1285 195 1333 et
224 1277 557 1333 adversariae
587 1288 893 1349 potestates
923 1296 940 1346 ;
981 1280 1069 1338 vel
1099 1278 1364 1350 sapientia
1385 1279 1570 1336 carnis
1594 1280 1750 1337 istius

132 1378 330 1426 retusa
357 1370 673 1432 ccelestibus
703 1371 1006 1444 imperatis,
1038 1372 1092 1428 in
1117 1373 1235 1431 suis
1281 1372 1602 1428 criminibus
1628 1386 1754 1427 eru-

133 1462 342 1532 bescit,
376 1474 432 1520 et
481 1463 807 1538 ﬂagitiorum
836 1480 1060 1524 suorum
1103 1465 1314 1536 pudore
1361 1465 1747 1522 confunditur:

135 1555 366 1612 adulter
395 1556 448 1611 in
474 1556 718 1616 libidinis
756 1572 870 1617 sua:
896 1557 1153 1625 ﬂammis,
1209 1569 1268 1614 et
1316 1560 1502 1616 vesani
1548 1558 1751 1614 amoris

135 1646 406 1705 incendio
437 1668 449 1704 :
480 1664 679 1710 avarus
710 1651 765 1708 in
811 1650 1120 1710 immodicae
1164 1651 1479 1722 cupiditatis
1523 1649 1752 1719 ardore,

1843 530 2108 601 ofﬁcium,
2135 544 2492 605 eanperetur
2510 535 2629 608 ejus
2651 533 2878 594 aﬂ‘ectus
2902 556 2917 594 :
2941 538 3036 596 sed
3059 539 3320 616 hymnum
3337 541 3454 598 Deo

1845 620 2102 692 dicendo,
2144 626 2449 683 immobilis
2478 638 2642 702 atque
2687 629 3063 690 irrevocabilis
3093 645 3448 704 perseveret;

1845 714 1990 771 sicut
2029 715 2148 788 ipse
2193 718 2360 776 David
2405 721 2499 792 qui
2545 723 2621 778 ait
2665 739 2680 777 :
2724 722 3034 780 Benedicam
3077 726 3360 781 Dominum
3396 727 3450 782 in

1848 810 1990 864 omni
2008 818 2251 882 tempore,
2270 830 2467 888 semper
2482 816 2595 872 laus
2616 817 2727 888 ejus
2748 817 2906 874 inore
2927 835 3036 874 meo
3061 817 3233 892 (Psal.
3260 836 3452 889 χχχιιι,

1848 901 1940 973 2);
1973 904 2112 960 sicut
2139 904 2262 972 Job,
2292 911 2383 979 qui
2411 908 2627 965 amissis
2652 909 2798 980 ﬂiiis,
2833 912 3174 985 interemptis
3200 914 3455 972 omnibus

1851 996 1962 1050 suis
1984 1037 1998 1062 ,
2031 996 2263 1068 direptis
2293 997 2671 1070 facultatibus,
2700 1005 2775 1059 ait
2809 1022 2822 1059 :
2857 1006 3107 1060 Dominus
3137 1006 3311 1074 dedit,
3344 1005 3458 1064 Do—

1852 1089 2022 1145 minus
2050 1091 2352 1148 abstulit...
2387 1097 2454 1150 sit
2484 1111 2665 1152 nomen
2692 1097 2904 1154 Domini
2932 1099 3256 1157 benedictum
3303 1099 3452 1175 (Job.

1854 1197 1906 1251 ι,
1949 1182 2081 1255 21).

1924 1275 2018 1331 24.
2062 1276 2244 1350 (Vera.
2276 1277 2392 1351 10.)
2429 1278 2587 1335 Nunc
2615 1291 2786 1338 autem
2830 1286 3070 1356 repulisti
3099 1296 3148 1342 et
3179 1287 3464 1362 confudisti

1854 1385 1967 1424 nos.
2017 1367 2088 1424 Et
2132 1387 2234 1426 non
2269 1372 2614 1445 progredieris
2656 1373 2798 1432 Deus
2837 1377 2891 1431 in
2934 1377 3202 1433 virtutibus
3245 1379 3458 1435 nostris.

1853 1460 1991 1518 Cum
2019 1463 2136 1534 ipse
2165 1475 2387 1521 sanctus
2413 1465 2582 1522 David
2613 1467 2723 1524 alio
2755 1470 2878 1526 loco
2905 1471 3146 1528 dixerit:
3181 1474 3318 1542 Quia
3359 1489 3463 1528 non

1854 1556 2068 1626 repellet
2096 1555 2351 1613 Dominus
2375 1559 2570 1631 plebem
2593 1577 2742 1616 suam
2767 1561 2940 1636 (Psal.
2971 1579 3103 1620 xcm
3125 1607 3139 1631 ,
3173 1564 3300 1638 14):;
3328 1580 3464 1637 quo-

1857 1648 2026 1705 modo
2047 1648 2152 1706 hoc
2193 1651 2315 1707 loco
2339 1653 2416 1708 ait
2458 1669 2472 1707 :
2515 1651 2776 1725 Repulisti
2815 1673 2946 1724 nos;
2988 1657 3294 1727 praesertim
3340 1674 3465 1714 cum

136 1744 238 1816 qui
272 1746 454 1804 aliena
479 1746 760 1819 rapiendo,
791 1761 902 1818 quo
921 1746 1076 1818 plura
1100 1747 1393 1815 invaserit,
1450 1763 1522 1804 eo
1542 1748 1754 1820 majora
1859 1741 1978 1800 lucc
2009 1744 2077 1801 de
2103 1746 2262 1817 plebe
2293 1746 2458 1814 dicat,
2489 1748 2577 1805 cui
2602 1765 2711 1806 non
2742 1751 3039 1808 mediocria
3077 1752 3309 1826 insignia
3339 1767 3472 1828 pro-

138 1840 464 1900 desidemt;
495 1841 747 1898 ebriosus
797 1841 850 1900 in
905 1841 1255 1908 iamuicmia,
1312 1841 1654 1898 facinorosum
1703 1842 1756 1897 in
1785 1843 1835 1906 Β
1863 1834 2000 1906 prim
2026 1837 2247 1894 virtutis
2289 1841 2623 1897 enumeret?
2662 1839 2849 1918 Neque
2885 1844 3030 1900 enim
3075 1845 3354 1900 mediocre
3390 1853 3478 1901 cst

140 1933 384 2002 scelere,
416 1935 509 2008 qui
551 1945 606 1991 et
640 1934 728 1992 hic
752 1932 1160 1990 confunduntur
1202 1935 1366 2006 897
1389 1935 1743 2005 gravissime:
1846 1928 2041 1985 dicere
2067 1929 2214 2001 quod
2243 1939 2604 2002 tempestates
2646 1944 2701 1990 et
2728 1936 2894 1992 varia:
2937 1938 3268 1997 tentationes
3307 1953 3474 2009 super

142 2027 246 2090 sed
277 2027 450 2084 multo
476 2028 714 2103 amplius
737 2027 1139 2085 confundentur
1167 2043 1184 2093 ;
1217 2043 1342 2083 cum
1368 2029 1606 2086 viderint
1623 2043 1750 2085 san-
1848 2039 1917 2082 se
1936 2027 2210 2095 venerint,
2235 2037 2290 2083 et
2315 2028 2477 2084 obliti
2504 2043 2614 2086 non
2643 2031 2754 2086 sint
2779 2030 3068 2090 Dominum
3092 2033 3260 2090 Deum
3287 2049 3471 2100 suum,

143 2129 268 2177 ctos
313 2121 526 2178 Domini
568 2130 915 2189 resurgentes
958 2129 1016 2176 et
1057 2120 1442 2191 Evangelicum
1487 2121 1622 2178 illud
1650 2123 1753 2177 im-
1850 2128 1908 2177 et
1952 2122 2139 2193 inique
2179 2137 2288 2179 non
2333 2123 2545 2196 egerint
2571 2123 2626 2180 in
2671 2123 3086 2182 Testamentum
3129 2127 3250 2198 ejus
3292 2126 3476 2200 (Infra

143 2215 316 2287 pleri,
349 2213 492 2286 quod
514 2214 587 2270 ait
625 2215 924 2270 Dominus:
950 2213 1110 2271 Multi
1134 2215 1501 2271 dormientium
1523 2218 1580 2270 in
1605 2225 1756 2272 terra:

146 2311 497 2366 monumentis
547 2320 812 2380 resurgent
842 2326 861 2364 :
893 2309 980 2364 isti
999 2310 1057 2364 in
1087 2310 1244 2364 vitam
1288 2311 1554 2379 (sternant,
1605 2320 1655 2365 et
1704 2311 1757 2364 lii

149 2401 207 2458 in
238 2401 575 2474 approbrium
596 2411 642 2458 et
664 2411 963 2474 perpetuam
995 2402 1349 2474 confusionem
1377 2402 1561 2472 (Joan.
1596 2417 1664 2470 ν,
1687 2401 1759 2458 28

154 2504 202 2550 et
229 2494 352 2566 29).

227 2588 322 2644 22.
364 2587 498 2647 Cum
529 2585 798 2658 ceperint
825 2602 956 2658 ergo
985 2586 1078 2656 ,illi
1122 2588 1438 2645 resuscitari
1469 2589 1524 2643 in
1567 2585 1759 2643 contu-

155 2683 376 2740 sionem
423 2694 769 2752 perpetuam,
809 2691 1032 2740 sanctus
1075 2682 1290 2738 Domini
1319 2682 1452 2736 dicit
1490 2699 1504 2736 :
1556 2680 1621 2735 In
1654 2681 1762 2736 Deo

1854 2233 1986 2272 vers.
2037 2216 2164 2290 19),
2210 2227 2265 2273 et
2313 2228 2514 2276 caetera
2561 2234 2684 2292 quae
2725 2231 3048 2292 sequuntur.
3084 2221 3239 2278 Unde
3267 2222 3471 2284 etiam,

1856 2309 2153 2379 Apostolus
2199 2319 2418 2367 sanctus
2457 2311 2850 2384 interpretatur
2891 2313 3070 2385 (Rom.
3102 2313 3204 2384 x),
3238 2321 3294 2369 et
3335 2312 3472 2369 dicit

1856 2401 2005 2472 quod
2033 2417 2100 2457 eo
2126 2417 2302 2473 usque
2329 2418 2437 2458 non
2465 2405 2734 2474 repulerit
2759 2405 2974 2476 plebem
2999 2421 3150 2460 suam
3180 2405 3468 2474 Dominus,

1861 2504 1920 2550 ut
1947 2495 2189 2564 posuerit
2221 2497 2535 2565 loquentem
2561 2511 2686 2552 eum
2725 2512 2739 2550 :
2769 2494 2905 2550 Tota
2933 2497 3016 2551 die
3036 2495 3266 2566 expandi
3294 2509 3480 2549 manus

1860 2603 2001 2642 meas
2048 2590 2118 2641 ad
2172 2587 2368 2657 plebem
2414 2605 2518 2643 non
2566 2588 2887 2654 credentem,
2941 2597 2992 2642 et
3042 2586 3480 2642 contradicentem

1859 2681 2036 2754 (Esai.
2067 2699 2202 2749 va,
2233 2681 2314 2755 2).
2347 2683 2516 2754 Cujus
2545 2685 2815 2740 sermonis
2856 2683 3185 2738 auctoritate
3216 2679 3482 2737 subnixus

159 2777 494 2836 laudabimur
521 2786 628 2832 tota
651 2777 734 2834 die
763 2791 782 2831 :
812 2784 860 2834 et
897 2776 953 2832 in
979 2776 1186 2832 nomine
1213 2785 1301 2830 tuo
1327 2775 1686 2844 confitebimur
1711 2775 1765 2828 in
1865 2776 1943 2830 ait
1969 2792 1983 2828 :
2017 2775 2147 2830 Dico
2177 2777 2337 2848 igitur
2369 2793 2386 2830 :
2417 2778 2587 2850 898
2617 2775 2890 2848 Numquid
2919 2777 3108 2848 repulit
3135 2774 3277 2830 Deus
3313 2773 3482 2830 luere-

160 2871 372 2927 sazcula.
400 2872 701 2942 Opulentus
728 2870 783 2926 in
810 2870 1013 2926 divitiis
1058 2871 1331 2937 laudatur,
1373 2870 1690 2926 luxuriosus
1711 2869 1768 2924 in
1869 2867 2080 2920 ditatem
2104 2869 2297 2921 suam?
2322 2867 2485 2922 Absit.
2520 2867 2661 2923 Nam
2691 2878 2736 2924 et
2758 2885 2850 2942 ego
2877 2866 3124 2923 Israelita
3153 2883 3290 2932 sum,
3315 2883 3379 2922 ex
3400 2882 3482 2921 se-

161 2964 455 3033 conviviis,
483 2973 756 3022 scortator
782 2964 837 3019 in
869 2972 1051 3029 nocte,
1083 2973 1278 3034 potens
1301 2965 1358 3018 in
1380 2963 1481 3020 hac
1510 2963 1618 3019 vita
1649 2978 1769 3034 qum
1869 2961 2005 3013 mine
2030 2959 2311 3027 Abraham,
2343 2959 2406 3016 de
2436 2960 2573 3015 tribu
2596 2959 2874 3034 Benjamin
2905 2960 3093 3033 (Rom.
3122 2975 3206 3025 xi,
3241 2958 3332 3030 l).
3365 2958 3483 3014 Non

167 3057 336 3118 habet
358 3065 583 3114 noctes:
619 3064 844 3116 sanctus
871 3065 1052 3113 autem
1082 3072 1191 3115 non
1223 3057 1276 3113 iu
1301 3058 1401 3113 hac
1430 3058 1558 3124 vita,
1588 3056 1686 3113 sed
1715 3057 1768 3112 in

168 3150 284 3212 Deo
309 3150 648 3218 laudabitur;
670 3151 763 3221 qui
785 3151 1015 3210 Domino
1037 3167 1134 3220 per
1159 3153 1342 3208 omnis
1373 3152 1589 3222 placere
1605 3153 1774 3219 gesti-

1873 3055 2077 3125 repulit
2104 3055 2246 3110 Deus
2277 3054 2488 3124 plebem
2517 3070 2693 3123 suam,
2725 3070 2886 3125 quam
2921 3053 3218 3126 praescivit.
3247 3051 3356 3109 Sed
3386 3067 3485 3122 po-

1877 3159 1982 3206 test
2008 3148 2112 3206 boc
2141 3150 2265 3206 loco
2295 3149 2404 3206 dici
2432 3150 2686 3222 quoniam
2715 3149 2840 3206 ideo
2871 3163 2978 3206 non
3008 3148 3207 3220 repulit
3239 3147 3453 3218 plebem
3472 3189 3490 3216 ,

171 3243 268 3308 vit,
300 3242 394 3312 qui
421 3252 598 3312 potest
619 3243 846 3300 dicere:
878 3241 1158 3298 Fortitudo
1184 3252 1231 3298 et
1259 3244 1492 3299 laudatio
1521 3259 1635 3298 mea
1660 3241 1774 3297 Do-
1798 3234 1842 3297 C
1875 3244 2002 3312 quia
2051 3243 2296 3313 reliquiae
2346 3243 2645 3300 secundum
2699 3242 3028 3300 electionem
3085 3240 3279 3315 gratia:
3325 3239 3490 3296 salvae

174 3336 342 3394 minus
377 3333 549 3406 (Psal.
601 3336 900 3405 cum”).
940 3333 1273 3392 Laudabitur
1323 3343 1431 3390 tota
1475 3333 1599 3398 die;
1649 3333 1774 3404 quia

173 3429 404 3484 honeste
433 3429 568 3500 egit,
599 3438 653 3484 et
682 3442 844 3498 Opera
868 3442 965 3482 sua
991 3442 1095 3484 non
1125 3427 1414 3484 abscondit
1435 3438 1491 3484 et
1517 3427 1770 3492 crimina.

175 3521 271 3577 sed
313 3520 424 3592 regi
467 3519 727 3590 patefecit
756 3530 984 3587 interno,
1019 3518 1073 3577 in
1104 3518 1196 3576 die
1226 3519 1534 3586 ambulans,
1571 3533 1678 3575 non
1720 3519 1773 3576 in

177 3615 417 3672 tenebris
446 3623 502 3670 et
527 3614 775 3672 occultis.
801 3614 957 3672 Unde
978 3623 1033 3672 et
1053 3613 1355 3685 Apostolus
1387 3633 1400 3672 :
1433 3614 1584 3671 Sicut
1609 3616 1664 3670 in
1693 3615 1778 3672 die

177 3707 383 3763 honeste
410 3706 726 3764 ambulemus
755 3707 935 3779 (Rom.
966 3722 1094 3774 χω,
1129 3706 1251 3777 15);
1284 3706 1388 3764 hoc
1413 3716 1522 3773 est,
1570 3721 1680 3763 non
1721 3707 1776 3762 in

174 3801 359 3874 ganeis
388 3807 552 3872 atque
579 3799 902 3872 gurgustiis,
931 3815 1040 3857 non
1073 3799 1128 3854 in
1155 3799 1426 3856 cubilibus
1456 3809 1513 3855 et
1542 3800 1778 3868 impudi-

176 3893 315 3950 citiis
338 3934 352 3962 ,
385 3894 440 3951 in
479 3892 672 3963 quibus
703 3891 1006 3961 ﬂagitiosus
1043 3906 1104 3946 se
1131 3900 1288 3961 putat
1327 3890 1625 3960 parietibus
1654 3906 1777 3950 esse

177 3995 411 4056 tectum,
453 3995 513 4046 ut
539 3987 709 4060 possit
737 3985 836 4042 Dei
861 3985 1145 4044 scientiam
1179 3987 1500 4055 praeterire;
1542 4001 1666 4041 cum
1696 3987 1779 4041 in-

178 4081 352 4137 velata
381 4079 524 4152 apud
561 4081 728 4138 Deum
757 4079 1138 4138 universorum
1182 4077 1383 4148 ﬂagitia
1415 4079 1545 4144 sint,
1587 4087 1646 4136 et
1679 4091 1775 4134 oe-

179 4175 321 4233 culta
365 4174 562 4233 divina:
593 4173 888 4246 cognitioni
927 4181 1151 4244 peccata
1182 4172 1462 4230 hominum
1506 4187 1636 4230 esse
1667 4187 1776 4227 non

181 4266 410 4340 possint.
445 4266 588 4338 Ergo
615 4276 842 4322 sanctus.
870 4266 1180 4326 laudabitur
1233 4267 1285 4322 in
1331 4265 1606 4331 futurum;
1650 4266 1776 4335 quis

183 4375 290 4420 non
321 4360 568 4432 quaesivit
597 4360 946 4432 praesentium
983 4359 1223 4426 laudem,
1251 4359 1352 4420 sed
1378 4359 1610 4431 gratiam
1638 4358 1780 4416 lutu-

186 4469 393 4514 rorum.

253 4548 342 4604 25.
387 4546 518 4604 Vide
565 4557 743 4606 tamen
771 4545 1110 4606 distantiam.
1143 4547 1247 4610 Hie
1274 4549 1403 4606 dum
1431 4555 1516 4608 est
1536 4589 1551 4614 ,
1585 4547 1646 4606 ia
1677 4547 1780 4605 De-

1879 3335 2038 3391 iacta:
2065 3343 2214 3391 sunt.
2248 3335 2316 3391 Et
2346 3335 2565 3392 videtur
2601 3335 2657 3392 in
2688 3337 2874 3408 paucis
2904 3351 3014 3393 non
3054 3335 3326 3406 repulisse
3368 3335 3492 3406 qui-

1877 3427 2003 3483 dem
2034 3429 2326 3506 populum;
2361 3430 2579 3485 tametsi
2611 3445 2717 3485 non
2749 3438 2921 3485 totum
2949 3430 3208 3502 populum
3235 3470 3250 3497 ,
3291 3428 3388 3486 sed
3421 3444 3489 3484 ex

1877 3537 1943 3578 eo
1965 3522 2230 3592 plurimos
2255 3522 2544 3594 repulisse.
2568 3521 2728 3582 Unde
2749 3523 2952 3581 addidit
2973 3524 3228 3596 ponendo
3251 3539 3487 3594 respon-

1877 3630 1996 3671 sum
2045 3615 2162 3681 Dei,
2209 3613 2239 3654 λ
2285 3615 2432 3686 quod
2480 3633 2589 3672 non
2636 3617 2810 3672 solum
2858 3618 2912 3674 in
2959 3618 3145 3687 paucis
3187 3619 3494 3674 servaverit

1878 3707 2094 3776 plebem
2115 3748 2131 3775 ,
2160 3705 2259 3762 sed
2297 3707 2462 3764 etiam
2489 3718 2702 3779 septem
2732 3709 2903 3764 millia
2930 3710 3171 3764 virorum
3217 3709 3322 3764 sibi
3353 3710 3490 3765 reli-

1875 3803 2074 3870 querit,
2093 3801 2184 3871 qui
2202 3817 2310 3857 non
2327 3814 2690 3858 curvaverunt
2707 3817 2883 3872 genua
2902 3813 3027 3858 ante
3049 3803 3178 3858 Baal
3197 3801 3389 3874 (Ibid.,
3407 3802 3489 3874 4).

1881 3893 2086 3948 Verum
2127 3893 2290 3948 fuerit
2347 3893 2451 3950 hoc
2500 3895 2704 3950 dictum
2757 3895 2824 3950 ab
2875 3895 3142 3967 Apostolo
3185 3895 3487 3953 secundum

1880 3983 1986 4038 Eva
1997 3983 2230 4053 ngeIium
2248 4000 2264 4049 ;
2287 3985 2545 4055 quoniam
2563 3985 2828 4040 Dominus
2849 3985 3142 4040 transierat
3166 3983 3234 4039 ad
3256 3997 3451 4058 gentes
3473 4004 3487 4040 :

1880 4077 2130 4146 responsi
2163 4087 2342 4130 autem
2369 4077 2539 4132 divini
2571 4086 2783 4148 tempus
2815 4077 3083 4133 referatur
3103 4076 3170 4133 ad
3196 4078 3372 4132 zelum
3395 4077 3494 4134 ad-

1881 4170 1988 4225 huc
2049 4170 2173 4225 tidei
2229 4169 2566 4237 ferventem;
2617 4170 2834 4239 quando
2880 4169 3048 4225 etiam
3095 4169 3488 4242 preplietarum

1879 4261 2055 4333 gratia
2103 4261 2445 4319 redundabat
2475 4261 2680 4335 populo
2704 4260 3039 4318 Judreorum.
3073 4263 3229 4320 Unde
3272 4265 3316 4318 si
3351 4263 3490 4319 Elite

1883 4364 2134 4428 tempore
2174 4356 2390 4428 negavit
2433 4357 2693 4413 Dominus
2733 4371 2762 4411 a
2806 4371 2869 4413 se
2913 4357 3128 4427 plebem
3175 4359 3492 4430 repulsam;

1885 4451 2059 4506 multo
2087 4450 2260 4522 magis
2292 4459 2538 4520 tempore
2571 4449 2759 4518 David,
2794 4449 2878 4506 vel
2911 4448 3146 4506 filiorum
3176 4451 3342 4518 Core,
3378 4468 3487 4524 quo

1884 4545 2063 4601 adhuc
2095 4544 2231 4600 lides
2257 4543 2418 4600 electi
2455 4543 2640 4614 populi
2674 4543 3020 4615 prtenitebat.

188 4643 330 4700 mino
357 4641 618 4714 gloriatur
650 4658 664 4696 :
695 4641 806 4698 illic
842 4641 897 4696 in
932 4641 1160 4696 Domino
1208 4641 1514 4698 laudabitur
1534 4683 1550 4708 ,
1581 4649 1641 4700 et
1683 4656 1780 4710 pro
1805 4631 1860 4693 D
1955 4638 2049 4694 25.
2092 4637 2296 4692 Tamen
2326 4644 2386 4690 ut
2414 4644 2468 4691 et
2496 4636 2672 4705 ipsum
2701 4643 2947 4692 sanctum
2973 4634 3143 4690 David
3186 4634 3489 4705 interroge-

189 4734 337 4796 brevi
365 4742 608 4802 tempore
633 4731 938 4788 mercedem
962 4733 1286 4790 mternitatis
1308 4733 1558 4802 accipiet.
1586 4733 1780 4803 Aquila

192 4836 364 4886 tamen
395 4826 576 4898 posuit
604 4843 616 4879 :
648 4823 715 4880 In
746 4824 972 4880 Domino
988 4825 1326 4897 gloriabith
1351 4836 1458 4882 tota
1490 4827 1595 4886 die.
1624 4826 1783 4898 Sym-

193 4922 412 4980 machus
439 4921 514 4978 ait
545 4938 560 4978 :
591 4919 700 4980 Dea
727 4918 979 4992 hymnum
1002 4920 1230 4976 dicemus
1261 4938 1350 4991 per
1378 4937 1580 4976 omnem
1623 4921 1780 4977 diem.

195 5011 492 5070 Concordat
521 5013 766 5072 omnium
790 5027 1008 5081 sensus,
1036 5023 1096 5070 ut
1141 5027 1253 5073 non
1293 5012 1606 5070 desinamus
1640 5013 1784 5069 circa

195 5104 290 5162 Dei
321 5105 526 5171 laudes,
575 5105 693 5162 sive
719 5114 749 5144 α
783 5105 1045 5178 hymnum
1082 5103 1341 5172 dicendo,
1388 5105 1505 5161 sive
1545 5104 1783 5160 divinam

199 5212 288 5268 per
317 5195 497 5250 omnia
529 5205 799 5251 momenta
831 5196 1060 5266 gloriam
1101 5196 1462 5252 concinendo.
1496 5195 1600 5262 Qui
1638 5195 1784 5252 enim

200 5289 454 5368 hymnum
497 5288 650 5356 dicit,
693 5305 828 5359 puro
876 5290 1044 5350 corde
1083 5298 1138 5351 et
1177 5290 1497 5362 spiritaliter
1530 5290 1684 5357 dicit,
1733 5299 1787 5346 et

202 5397 355 5442 omne
400 5399 576 5456 genus
618 5383 891 5456 passionis
934 5384 1178 5446 excludit
1220 5386 1502 5454 humanae;
1549 5397 1609 5444 ut
1639 5386 1788 5444 nullo

272 5574 296 5602 ιι
328 5563 574 5636 Hymnus
597 5579 664 5620 ex
691 5564 855 5634 Greg.
885 5563 1052 5635 Nyss.
1078 5573 1238 5622 tract.
1267 5566 1302 5624 2
1331 5567 1387 5621 in
1419 5564 1591 5631 Psal.,
1619 5577 1741 5633 cap.
1760 5564 1795 5622 5

207 5646 284 5693 est
313 5639 342 5694 ri
366 5637 449 5714 ξπί
475 5645 581 5714 τρῖς
604 5638 941 5714 έπᾲρχουσ-ιν
964 5637 1088 5714 ᾐμῖν
1123 5637 1332 5714 ᾲξχοξθοίξς
1374 5637 1704 5709 ἁνατιθεμένη
1725 5643 1798 5708 τῷ

209 5714 315 5782 Θεῷ
342 5705 843 5782 εὐφημίαηῇἄιιὸξ
871 5708 939 5782 de
963 5705 1066 5760 hoc
1101 5705 1228 5782 alibi
1258 5709 1435 5782 plura.

273 5777 300 5817 Β
341 5777 472 5834 MSS.
519 5777 756 5846 quinque
795 5777 968 5844 GalL,
1010 5778 1145 5845 quod
1187 5794 1285 5832 non
1328 5779 1494 5832 solum
1530 5780 1585 5831 in
1616 5778 1797 5846 paucis

213 5851 503 5915 servaverit,
532 5849 617 5919 qui
648 5865 750 5904 non
779 5857 1115 5904 curvaverant
1145 5866 1312 5919 genua
1338 5860 1453 5906 ante
1489 5849 1624 5904 Baal
1655 5868 1672 5902 :
1714 5864 1797 5903 ve—

1888 4743 2008 4785 ntus
2024 4771 2038 4796 ,
2059 4727 2335 4796 quomodo
2358 4727 2619 4784 Dominus
2637 4727 2854 4801 plebem
2876 4742 3030 4782 suam
3052 4743 3160 4781 non
3188 4728 3456 4797 repulerit
3474 4770 3488 4796 ,

1885 4824 2229 4893 colligamus.
2280 4819 2414 4877 Nam
2448 4837 2568 4878 cum
2615 4823 2686 4878 sit
2715 4822 2858 4878 Deus
2885 4819 3348 4892 appropinquans,
3380 4836 3488 4876 non

1885 4917 2317 4987 elonginquans,
2367 4915 2512 4971 sicut
2553 4916 2716 4970 habet
2756 4914 3024 4982 scriptura
3061 4914 3262 4968 veteris
3294 4913 3489 4970 Testa-

1888 5007 2060 5066 menti
2097 5005 2314 5079 (εισι-ειη.
2361 5022 2537 5074 xxnt,
2565 5007 2693 5079 25);
2737 5016 2758 5044 ο
2799 5005 2988 5075 utique
3032 5005 3125 5074 qui
3165 5006 3449 5076 appmpiat
3476 5049 3492 5073 ,

1889 5123 1998 5164 non
2028 5107 2265 5177 repellit.
2294 5106 2393 5162 Est
2418 5108 2564 5162 enim
2587 5101 2977 5159 misericordiae
3007 5103 3224 5173 divinae,
3261 5112 3323 5159 ut
3357 5105 3494 5160 nulli

1889 5213 2058 5256 causa
2085 5201 2157 5254 sit
2197 5199 2390 5254 mortis
2409 5239 2424 5266 ,
2454 5205 2511 5253 et
2552 5211 2742 5251 omnes
2770 5203 2924 5265 putet
2965 5210 3090 5252 esse
3120 5197 3492 5254 redimendos.

1890 5295 1999 5352 Sed
2030 5294 2156 5350 vide
2184 5308 2255 5350 ne
2278 5293 2369 5348 ille
2395 5289 2712 5362 repellatur,
2743 5291 2915 5360 quise
2940 5289 3154 5361 elongat
3184 5307 3212 5344 a
3238 5291 3494 5360 Domino,

1893 5386 2035 5444 sicut
2059 5386 2194 5443 dicit
2226 5385 2393 5442 David
2424 5402 2436 5437 :
2465 5382 2725 5452 Quoniam
2751 5398 2865 5438 ecce
2890 5382 2978 5452 qui
3012 5399 3064 5439 se
3093 5385 3339 5456 elongant
3367 5401 3398 5440 α
3439 5395 3489 5442 te

1897 5581 2017 5620 rum
2061 5565 2216 5634 [item
2261 5563 2389 5630 hoc,
2429 5569 2538 5618 etc.
2586 5561 2803 5620 Statuat
2845 5563 3088 5633 prudens
3130 5563 3331 5633 lector,
3372 5582 3502 5626 num

1899 5637 2042 5696 forte
2069 5638 2184 5691 haec
2215 5636 2381 5692 lectio
2407 5634 2506 5692 alii
2533 5635 2869 5704 prtelervnda
2900 5636 2990 5690 sit.

1976 5719 1997 5746 ο
2039 5705 2248 5762 Codex.
2276 5706 2422 5778 Reg.
2441 5747 2457 5778 ,ν
2479 5709 2654 5778 utique
2675 5707 2762 5775 qui
2783 5709 3061 5778 apprOpiat
3081 5749 3098 5776 ,
3120 5721 3176 5766 ut
3197 5711 3332 5767 nulli
3351 5727 3508 5767 causa

1900 5780 1966 5834 sit
1996 5778 2175 5856 nter-tis
2195 5817 2224 5856 ,_
2249 5784 2356 5831 etc.
2399 5777 2505 5856 Alii
2551 5787 2728 5834 autem
2771 5777 3007 5856 quatuor
3029 5821 3044 5847 ,
3074 5783 3262 5855 utique.
3294 5785 3384 5856 qui
3413 5799 3509 5854 ap-

1905 5849 2144 5919 τπορίαε,
2178 5849 2262 5903 δίο
2281 5847 2586 5919 appropiat,
2611 5856 2675 5901 nt
2700 5847 2870 5917 nulli,
2900 5855 3006 5910 etc.
