4008 6352
610 343 748 402 1105

1937 345 2184 407 SANCTI
2223 347 2548 412 AMBROSII
3783 370 3873 430 ttu

607 455 845 525 peribunt
898 469 917 511 :
971 455 1240 526 perdidisti
1285 471 1458 512 outnes
1509 458 1599 529 qui
1639 460 1967 530 fornicamur
2015 464 2108 518 abs
2157 472 2205 520 te
2232 465 2515 534 Anaculi;
2550 476 2604 524 et
2625 478 2775 527 stans
2803 475 2946 529 totus
2974 473 3216 545 populus
3240 475 3874 555 adoraveruntâ€˜unusquis.

608 550 781 622 (Psal.
815 567 959 606 Lxxn
982 594 996 618 ,
1025 552 1139 622 27).
1165 552 1304 620 Quid
1331 562 1434 622 est,
1470 555 1566 611 abs
1602 567 1650 611 te
1681 558 2053 615 fornicantur?
2074 560 2209 629 Quia

609 643 957 713 turpitudinis
986 660 1097 700 sua:
1129 645 1374 702 ludibriis
1408 656 1459 702 te
1505 649 1840 722 relinquunt,
1884 662 1937 708 et
1974 669 2003 708 a
2039 663 2090 710 te
2121 671 2208 711 re-

602 734 822 801 cedunt,
857 744 911 790 et
941 751 968 789 a
1001 738 1287 809 praeceptis
1317 741 1420 795 tuis
1447 739 1590 796 devii
1619 751 1763 799 sunt.
1805 745 2050 816 Denique
2081 747 2208 802 alibi

603 827 772 882 babes
819 827 1082 898 scriptum
1116 847 1128 882 :
1158 830 1434 886 Adulteros
1461 847 1640 890 autem
1679 836 1886 904 judicat
1927 837 2063 893 Deus
2094 837 2208 894 dis-

602 921 837 992 perdens
883 938 979 977 eos
1024 938 1052 977 a
1095 937 1154 980 sc
1200 925 1390 997 (Hebr.
1425 943 1552 996 xm,
1604 929 1684 999 Ii).
1746 930 2010 1001 Repulisti
2055 947 2205 1001 ergo,

600 1011 706 1067 hoc
734 1021 837 1080 est,
870 1013 1161 1070 alienando
1191 1016 1287 1070 abs
1321 1026 1373 1072 te
1402 1017 1689 1088 perdidisti
1717 1036 1836 1075 eos.
1865 1019 2008 1092 Ergo
2032 1020 2122 1091 qui
2151 1035 2211 1077 se

598 1123 628 1163 a
664 1107 896 1164 Domino
922 1118 1161 1180 separat,
1197 1111 1312 1181 ipse
1339 1127 1371 1166 a
1398 1113 1629 1169 Domino
1662 1123 1949 1185 separatur
1989 1133 2003 1169 :
2035 1123 2091 1171 et
2117 1116 2208 1185 qui

601 1219 709 1259 non
729 1204 1010 1275 cognoscit
1035 1205 1344 1272 Dominum,
1371 1223 1400 1262 a
1430 1207 1659 1264 Domino
1684 1223 1791 1263 non
1814 1209 2204 1278 cognoscitur:

600 1305 652 1352 et
677 1297 769 1368 qui
801 1300 1032 1368 ignorat,
1068 1298 1382 1369 ignoratur;
1416 1299 1558 1356 sicut
1587 1302 1702 1370 ipse
1734 1303 1998 1358 Dominus
2029 1303 2203 1359 dixit:

604 1389 863 1444 Discedite
897 1408 930 1444 a
956 1408 1052 1457 me,
1091 1409 1268 1448 omnes
1312 1395 1541 1461 aperarii
1571 1395 1857 1461 iniquitdtis
1881 1437 1894 1462 ,
1925 1397 2094 1451 nescio
2121 1412 2207 1451 vos

597 1480 813 1552 (Matth.
847 1499 953 1550 vn,
986 1483 1102 1553 25).
1136 1484 1254 1539 Non
1304 1486 1450 1540 enim
1479 1485 1622 1542 scire
1648 1487 1902 1558 dignatur
1927 1487 2206 1558 injustitie

599 1574 878 1633 ministros
905 1587 958 1631 et
988 1577 1289 1648 iniquitatis
1318 1589 1591 1635 auctores.
1637 1582 1897 1638 Peccator
1929 1597 2061 1654 ergo
2096 1598 2205 1639 non

599 1669 922 1739 repellitur;
959 1671 1084 1742 quia
1119 1673 1234 1742 ipse
1279 1688 1338 1728 se
1372 1674 1606 1744 repellit.
1643 1675 1756 1730 lloc
1803 1676 1964 1747 igitur
2003 1691 2205 1748 genere

599 1759 733 1816 dicit
762 1779 774 1814 :
807 1761 962 1815 Nunc
983 1775 1154 1817 autent
1175 1766 1409 1835 repuliin
1433 1777 1478 1820 et
1507 1769 1788 1840 confudisti
1818 1786 1932 1824 nos.

2315 574 2420 629 que
2451 560 2518 615 ad
2539 563 2734 618 usuum
2760 565 3097 623 tabernaculi
3123 569 3211 623 sui
3245 588 3258 622 :
3296 571 3352 625 in
3380 572 3528 628 nube
3551 583 3725 630 autem
3747 578 3870 636 Deni-

2315 667 2450 720 nus;
2497 657 2676 726 posuit
2715 659 2860 714 enim
2912 661 3173 719 tenebras
3215 664 3510 721 latibulum
3541 683 3694 724 suum
3720 672 3871 740 (Etsi.

2315 762 2508 814 xxxiu,
2540 749 2574 803 9
2597 761 2644 805 et
2675 752 2782 824 l0).
2818 752 2888 810 Ut
2914 756 3058 812 scias
3087 769 3278 815 autem
3319 760 3450 829 quia
3481 760 3556 817 de
3595 762 3797 821 Domino
3822 771 3872 825 dt-

2312 839 2386 896 cit
2428 858 2443 896 :
2509 841 2573 896 Et
2621 845 2818 900 locutus
2866 857 2966 915 est,
3017 851 3233 922 inquit,
3287 851 3557 910 Dominus
3601 859 3671 910 ad
3715 859 3872 932 Hegea

2314 932 2519 1004 (Exod.
2551 954 2749 1006 xxxnt,
2786 941 2862 1012 1).
2894 943 3048 1012 Quod
3076 955 3266 1003 autem
3294 959 3454 1006 extra
3480 963 3663 1007 castra
3686 956 3873 1015 taberna-

2312 1028 2491 1082 culum
2523 1031 2691 1104 Moysi
2717 1035 2950 1103 positum
2973 1053 3098 1096 esse
3120 1055 3626 1115 commemoratur,
3651 1059 3705 1103 ut
3731 1066 3871 1108 occar-

2313 1131 2460 1176 reret
2499 1121 2638 1191 Deo,
2671 1139 2778 1181 non
2821 1127 3036 1186 videtur
3077 1147 3205 1190 esse
3251 1139 3638 1206 contrarium;
3672 1144 3752 1212 qui
3777 1150 3871 1202 enim

2315 1211 2483 1268 Deum
2514 1216 2728 1285 quaerit,
2757 1223 2906 1290 quasi
2930 1223 2996 1277 ad
3021 1224 3192 1282 Deum
3217 1229 3416 1301 intrat,
3441 1242 3500 1289 et
3525 1243 3638 1291 tota
3667 1211 3818 1297 mente
3831 1247 3871 1298 si

2311 1309 2682 1379 cognitionem
2709 1313 2828 1384 ejus
2868 1316 3192 1387 ingreditur.

2381 1403 2471 1460 28.
2512 1404 2697 1462 Justus
2725 1423 2856 1481 ergo
2887 1411 3056 1468 intrat
3086 1415 3154 1471 ad
3186 1417 3524 1489 Dominum;
3553 1425 3701 1483 sicut
3723 1427 3872 1501 lloysa

2309 1494 2544 1553 intrabat
2577 1499 2629 1554 in
2660 1501 2859 1559 nubem
2893 1523 2906 1559 :
2939 1505 2992 1562 in
3017 1509 3162 1565 nube
3193 1523 3380 1569 autem
3427 1517 3604 1573 Deus.
3645 1520 3872 1594 Denique:

2316 1587 2446 1644 Ecce
2469 1590 2724 1649 Dominus
2755 1597 2888 1651 venit
2915 1600 2967 1653 in
2992 1601 3122 1656 nube
3143 1605 3242 1659 levi
3283 1606 3464 1678 (Esai.
3496 1627 3595 1667 xix
3615 1655 3633 1681 ,
3669 1615 3741 1685 1).
3769 1587 3821 1671 fit
3842 1621 3875 1675 in

2310 1683 2608 1756 Evangelio
2641 1689 2807 1746 habes
2837 1694 3098 1765 scriptum
3129 1717 3142 1751 :
3175 1699 3308 1756 Cum
3333 1714 3516 1761 autem
3540 1723 3687 1774 oras,
3706 1683 3876 1768 inruit

2308 1779 2595 1836 cubiculum
2623 1791 2798 1850 tuum,
2827 1796 2876 1840 et
2912 1788 3088 1845 clauso
3119 1795 3272 1862 ostio,
3318 1815 3416 1851 ora
3450 1798 3675 1856 Patrem
3703 1814 3820 1858 tum
3844 1811 3877 1860 in

664 1852 758 1906 26.
800 1855 1088 1921 Quomodo
1133 1865 1310 1912 tamen
1348 1860 1577 1929 repellat
1617 1860 1782 1928 Deus,
1817 1864 1906 1933 qui
1954 1864 2200 1934 sequitur
2230 1864 2278 1925 B
2304 1872 2602 1929 abscondito
2634 1892 2653 1930 :
2680 1887 2728 1932 et
2755 1878 2912 1935 Pater
2937 1891 3056 1938 tuus
3077 1888 3165 1955 qui
3193 1852 3331 1944 videt
3357 1892 3416 1946 in
3449 1894 3773 1965 abscondito,
3800 1905 3877 1953 re.

597 1946 903 2002 versiculus
952 1951 1197 2019 exponit.
1249 1950 1386 2019 Quia
1430 1969 1533 2006 non
1575 1955 1954 2025 progredieris,
1989 1957 2197 2028 inquit,

598 2037 740 2092 Deus
769 2041 824 2094 in
853 2040 1124 2096 virtutibus
1152 2044 1363 2096 nostris.
1395 2044 1536 2099 Deus
1565 2045 1782 2116 quando
1815 2063 1925 2102 non
1952 2046 2198 2117 adjuvat,

595 2131 867 2201 repellere
892 2132 1124 2190 videtur.
1158 2134 1538 2207 Unusquisque
1565 2140 1710 2193 enim
1751 2141 1841 2212 qui
1885 2141 2200 2211 adjumenta

596 2241 705 2281 non
753 2226 920 2282 sentit
947 2227 1248 2284 divinitatis
1277 2230 1379 2285 sibi
1411 2231 1772 2301 opitulatione
1800 2235 2064 2304 conferri,
2113 2252 2202 2294 re-

595 2322 805 2392 pulsum
857 2338 917 2378 se
961 2331 1112 2392 putat
1154 2335 1318 2396 atque
1358 2325 1654 2383 desertum.
1707 2330 1846 2398 Quid
1891 2343 1974 2387 est
2018 2343 2199 2389 autem

593 2415 737 2484 quod
769 2414 847 2470 ait
875 2433 887 2468 :
927 2414 1049 2470 Non
1081 2418 1425 2490 pr0gredieris
1445 2459 1460 2485 ,
1492 2419 1672 2476 Deus?
1698 2421 1765 2475 Et
1793 2423 1921 2492 quid
1945 2425 2047 2479 sibi
2082 2425 2202 2480 vult

593 2507 740 2578 quod
767 2509 912 2563 Deus
939 2509 1210 2564 interdum
1235 2519 1328 2565 aut
1357 2512 1606 2582 progredi
1627 2513 1846 2581 dicitur,
1873 2526 1966 2571 aut
1991 2519 2198 2588 egredi,

593 2611 688 2657 aut
717 2618 1034 2673 exsurgere,
1059 2613 1150 2659 aut
1171 2605 1546 2661 descendere?
1578 2607 1693 2663 Non
1720 2610 1868 2665 enim
1900 2613 2200 2682 corporali-

597 2703 681 2750 ter
715 2695 852 2749 Deus
880 2705 1154 2762 movetur,
1203 2706 1298 2751 aut
1337 2697 1405 2753 de
1448 2681 1632 2770 aliquo
1664 2702 1784 2756 loco
1828 2704 1960 2770 exit,
2001 2713 2094 2758 aut
2131 2705 2199 2760 ad

595 2785 824 2840 alterum
870 2788 1082 2855 transit,
1133 2788 1226 2858 qui
1255 2805 1421 2860 supra
1453 2792 1635 2846 omnia
1661 2801 1746 2848 est
1783 2811 1797 2848 :
1829 2803 1921 2849 aut
1949 2811 2075 2852 vere
2106 2813 2200 2852 ex-

595 2882 788 2952 surgit,
832 2882 987 2952 quasi
1032 2881 1087 2937 in
1115 2883 1298 2952 aliquo
1334 2884 1517 2954 jaceat
1559 2886 1754 2954 cubili,
1791 2888 1879 2943 vel
1923 2889 1979 2945 in
2021 2890 2199 2959 aliqua

593 2973 725 3030 sede
755 2975 1114 3045 corporaliter
1148 2977 1374 3043 sedeat;
1421 2978 1518 3034 sed
1557 2980 1672 3036 haec
1718 2981 1995 3050 dicuntur,
2042 2992 2102 3039 ut
2143 2992 2199 3040 tu

593 3069 864 3138 intelligas
887 3070 1102 3140 quando
1141 3080 1197 3127 et
1236 3073 1303 3127 ad
1331 3088 1494 3143 quem
1539 3076 1724 3146 egredi
1753 3076 1989 3146 dicatur,
2031 3089 2086 3136 et
2129 3079 2200 3136 ad

591 3178 753 3232 quem
783 3178 1097 3233 exsurgere.
1127 3164 1380 3234 Legimus
1408 3169 1554 3222 enim
1586 3169 1640 3224 in
1673 3169 1775 3225 hoc
1800 3171 1918 3242 ipso
1947 3173 2154 3243 psalmo
2181 3191 2195 3227 :

598 3248 856 3328 Exsurge,
875 3272 1033 3324 quare
1063 3256 1345 3325 obdormis,
1373 3257 1592 3315 Domine
1611 3259 1812 3331 (Infra,
1834 3279 1968 3318 vers.
1990 3265 2115 3336 25)?
2135 3266 2200 3322 Et
2228 3258 2274 3322 C

593 3347 1054 3404 considerandum
1083 3365 1151 3404 ne
1187 3351 1404 3420 quando
1429 3353 1596 3425 899
1633 3355 1836 3410 nostris
1863 3357 2199 3427 improbabi-

591 3444 735 3500 libus
763 3445 975 3500 actibus
1006 3444 1320 3501 obdormire
1351 3446 1630 3513 videatur;
1654 3457 1714 3504 ut
1737 3450 1789 3503 in
1806 3449 2101 3523 Evangelia
2125 3455 2201 3510 le-

595 3538 804 3606 gimus,
838 3552 961 3592 cum
1009 3536 1188 3593 adhuc
1217 3538 1517 3609 imperfecti
1546 3552 1730 3596 essent
1760 3545 1989 3613 apostoli
2012 3585 2026 3610 ,
2057 3547 2201 3619 quod

599 3625 685 3683 bis
719 3628 879 3684 Jesus
913 3628 1165 3685 Christus
1209 3629 1512 3685 dormiebat
1538 3632 1750 3703 (Matth.
1785 3651 1912 3704 \â€˜lll,
1937 3637 2056 3710 2d).
2093 3640 2198 3695 Ve-

597 3738 717 3778 rum
757 3723 845 3778 ubi
866 3732 1014 3778 metu
1035 3723 1300 3794 naufragii
1325 3734 1376 3779 et
1403 3725 1598 3781 timore
1618 3729 1853 3796 perculsi
1878 3732 2200 3799 sunt,Chri-

596 3825 738 3872 stum
763 3817 1136 3873 excitaverunt
1165 3817 1523 3874 dormientem
1566 3817 1766 3892 (Ibid.,
1811 3821 1926 3895 25).
1967 3823 2198 3881 Perï¬dis

593 3924 726 3980 ergo
770 3908 969 3964 dormit
1000 3909 1263 3964 Dominus
1287 3909 1466 3978 Jesus,
1499 3911 1747 3968 lidelibus
1776 3915 1979 3986 vigilat.

667 4000 758 4055 27.
799 4000 1044 4072 Denique
1068 4011 1123 4056 et
1150 4002 1241 4073 qui
1274 4002 1450 4059 fidelis
1471 4013 1576 4069 est,
1609 4005 1778 4061 intrat
1801 4007 1867 4062 ad
1891 4010 2064 4066 Deum
2098 4028 2113 4067 :
2144 4022 2200 4069 et

593 4107 624 4147 a
673 4091 982 4163 negligente
1029 4093 1172 4148 Deus
1216 4092 1428 4148 videtur
1467 4095 1650 4161 exire,
1692 4107 1853 4169 atque
1890 4099 2194 4160 discedere.

597 4185 761 4242 Certe
801 4185 1150 4256 imperfectos
1192 4195 1246 4242 et
1285 4187 1460 4242 adhuc
1489 4191 1736 4246 inlirmos
1764 4192 1992 4250 attrahit
2031 4198 2099 4250 ad
2137 4211 2198 4252 se

600 4279 890 4347 Dominus;
919 4283 1063 4336 sicut
1092 4282 1272 4353 legisti
1294 4283 1538 4340 dicentes
1558 4285 1885 4355 'juvenculas
1918 4306 1933 4344 :
1981 4290 2199 4347 Aura/te

598 4389 692 4427 1108
719 4413 735 4437 ,
803 4383 915 4441 ÏÎ¿ÎµÎ¹
969 4373 1182 4427 odorem
1231 4384 1605 4445 unguentorum
1660 4389 1862 4434 tuorum
1932 4399 2198 4439 curremus

599 4463 774 4534 (Cant.
809 4479 857 4530 Î¹,
886 4463 968 4535 3).
1000 4464 1072 4520 At
1103 4481 1236 4520 vero
1259 4466 1472 4537 Moyses
1510 4468 1602 4539 qui
1626 4468 1738 4539 jam
1771 4472 1963 4528 fortior
1983 4484 2119 4544 erat,
2143 4486 2198 4533 et

594 4556 800 4612 electus
821 4571 848 4609 a
878 4557 1131 4626 Domino,
1155 4565 1209 4613 et
1238 4559 1539 4616 ascendere
1568 4561 1785 4632 legitur,
1813 4575 1868 4622 et
1896 4567 2102 4626 intrare
2123 4572 2193 4628 ad

594 4650 883 4706 Dominum
929 4650 1097 4706 Deum
1145 4667 1335 4721 suum,
1385 4655 1529 4709 sicut
1565 4657 1826 4728 scriptum
1855 4670 1941 4718 est

589 4745 818 4799 ascendit
845 4743 1050 4815 Moyses
1079 4744 1134 4798 in
1154 4757 1408 4815 montem,
1443 4756 1467 4784 Î±
1495 4757 1544 4803 et
1565 4751 1903 4810 circumdedit
1937 4755 2029 4812 lux
2049 4775 2194 4814 mon-

588 4849 719 4907 tem,
750 4850 798 4895 et
821 4840 1080 4896 descendit
1108 4842 1354 4912 majestas
1383 4839 1595 4898 Domini
1623 4846 1675 4900 in
1704 4860 1925 4905 montem
1960 4851 2111 4920 Sina,
2145 4864 2194 4909 et

591 4932 854 5002 cooperuit
900 4948 1014 4985 eum
1053 4931 1211 4986 nubes
1255 4949 1347 4988 sea:
1372 4933 1551 4989 diebus
1580 4953 1599 4990 :
1643 4947 1690 4992 et
1716 4943 1911 4996 vocavit
1937 4941 2192 5000 Dominus

593 5025 812 5097 Moysen
841 5026 924 5081 die
959 5031 1207 5098 septimo,
1245 5029 1308 5083 de
1347 5030 1518 5085 media
1552 5035 1704 5088 nube.
1739 5037 1985 5107 Aspectus
2018 5052 2191 5099 autem

591 5121 872 5186 maiestatis
900 5119 1112 5176 Domini
1138 5131 1399 5192 tamquam
1422 5125 1558 5198 ignis
1577 5128 1765 5184 ardens
1779 5148 1931 5204 super
1951 5137 2187 5192 verticem

589 5221 777 5274 montis
808 5235 980 5273 coram
1011 5219 1138 5288 ï¬liis
1179 5219 1368 5278 Israel.
1406 5223 1475 5279 Et
1511 5227 1723 5282 intravit
1766 5231 1970 5303 Moyses
2005 5238 2059 5291 in
2085 5256 2188 5294 me-

585 5313 726 5365 diam
754 5311 938 5367 nubem
964 5311 1158 5382 (Exod.
1192 5329 1351 5380 xxrv,
1379 5315 1446 5371 15
1471 5325 1520 5371 et
1550 5319 1707 5390 seq.).
1743 5321 1896 5379 Sicut
1937 5343 2066 5398 ergo
2097 5329 2185 5386 hic

584 5400 795 5476 Moyses
827 5404 1064 5458 intrabat
1092 5405 1144 5458 in
1173 5407 1373 5461 nubem
1397 5449 1411 5472 ,
1449 5411 1539 5464 ubi
1569 5411 1802 5481 primum
1835 5416 1900 5470 ad
1942 5430 2181 5476 montem

580 5507 807 5552 vocatus
829 5511 860 5550 a
887 5495 1118 5549 Domino
1141 5506 1255 5561 est;
1283 5497 1352 5550 ita
1378 5499 1429 5552 in
1449 5504 1844 5568 posterioribus
1869 5509 2176 5581 perfectior,

579 5603 701 5643 cum
735 5588 849 5656 ipse
876 5587 1104 5642 intraret
1131 5588 1183 5642 in
1220 5588 1628 5649 tabernaculum
1660 5611 1841 5663 suum,
1875 5599 2179 5660 descende-

576 5675 666 5734 bat
692 5679 758 5734 ad
790 5695 912 5735 eum
942 5680 1194 5735 columna
1224 5679 1401 5747 nubis,
1434 5693 1488 5738 et
1529 5687 1708 5744 stabat
1737 5691 1787 5745 in
1813 5693 1956 5748 ostio
1999 5697 2177 5755 taber-

651 5876 674 5905 ÎµÎ¹
703 5867 851 5924 Edit.
880 5865 1040 5922 Rom.
1067 5905 1083 5929 ,
1119 5874 1166 5921 et
1197 5866 1536 5925 circumdedit
1564 5873 1721 5932 nubes
1751 5885 1992 5936 montem.

1990 4679 2001 4716 :
2058 4665 2195 4733 Quia
2219 4647 2276 4708 Î’

2305 1965 2388 2018 det
2413 1966 2502 2019 tibi
2529 1967 2746 2040 (Matth.
2779 1987 2834 2027 vt
2855 2014 2867 2038 ,
2900 1973 2980 2045 6).
3014 1976 3158 2047 Ergo
3193 1979 3341 2037 intus
3366 1985 3535 2052 quasi
3584 1989 3637 2042 in
3677 1991 3873 2047 cubicula

2307 2065 2398 2112 tuo
2424 2057 2564 2114 Deus
2592 2070 2696 2117 est.
2728 2063 2867 2119 Audi
2895 2067 3056 2122 etiam
3087 2071 3245 2139 alibi,
3283 2075 3416 2144 quia
3452 2078 3609 2135 intus
3636 2093 3719 2136 est
3753 2084 3870 2139 Deus.

2303 2148 2461 2218 Ecce,
2483 2152 2690 2224 inquit,
2721 2156 2977 2216 Dominus
3001 2167 3238 2234 procedet
3259 2169 3325 2222 de
3348 2171 3468 2226 loco
3490 2189 3618 2241 suo,
3642 2186 3692 2230 et
3714 2177 3873 2233 desesÂ»

2304 2241 2388 2297 det
2430 2254 2476 2299 et
2521 2249 2759 2304 ascendet
2809 2268 2964 2322 super
3007 2260 3208 2313 excelsa
3255 2270 3444 2328 terrm,
3499 2277 3558 2321 et
3601 2271 3876 2324 moretum

2305 2346 2501 2392 montes
2528 2340 2622 2394 sub
2651 2357 2730 2408 eo,
2761 2354 2808 2398 et
2835 2347 2994 2401 valles
3029 2351 3314 2420 liquescent
3355 2357 3377 2428 (
3399 2356 3457 2410 Îœ
3465 2358 3578 2413 ich.
3624 2377 3672 2425 Î¹,
3702 2363 3733 2416 5
3751 2374 3789 2418 et
3809 2364 3873 2432 1).

2302 2428 2578 2502 Scriptura
2621 2435 2724 2492 hoc
2760 2439 2892 2494 dicit
2938 2459 2952 2495 :
2983 2451 3038 2498 et
3064 2443 3175 2513 jam
3220 2455 3350 2504 tunc
3391 2451 3744 2521 signiï¬cabat
3777 2428 3875 2527 quad

2302 2525 2582 2584 desereret
2608 2532 2862 2602 populum
2880 2533 3214 2608 Iudaeorum,
3234 2551 3293 2598 et
3322 2546 3600 2603 transiret
3623 2549 3690 2604 ad
3714 2525 3876 2620 gentes.

2304 2620 2546 2693 Denique
2573 2635 2628 2679 et
2655 2626 2707 2680 in
2726 2629 2938 2696 psalmo
2961 2631 3065 2688 hoc
3087 2635 3400 2694 invenimus
3422 2657 3770 2712 expressum,
3793 2661 3876 2700 cum

2303 2711 2435 2767 dicit
2466 2715 2630 2772 David
2672 2737 2684 2772 :
2727 2719 2798 2773 Et
2837 2722 2948 2792 ipse
2973 2735 3235 2797 tamquam
3269 2711 3515 2800 sponsus
3549 2737 3813 2806 procedens
3837 2741 3877 2792 á¼Î¹

2304 2805 2530 2862 thalamo
2560 2829 2673 2866 suo.
2708 2814 3005 2872 Exsultavit
3035 2829 3297 2891 tamquam
3324 2827 3484 2899 gigas
3518 2832 3597 2884 ad
3625 2837 3876 2889 currendum

2302 2901 2437 2956 viam
2464 2903 2639 2973 (Psal.
2668 2925 2799 2965 xvtn
2816 2952 2830 2976 ,
2867 2910 2950 2984 6).

2373 2997 2464 3052 29.
2509 2999 2604 3054 His
2629 3002 2787 3071 igitur
2813 3008 3102 3074 generibus
3127 3014 3442 3082 reperimus
3474 3033 3758 3092 egressum
3786 3024 3873 3088 Dei,

2302 3099 2394 3144 aut
2419 3091 2536 3162 ejus
2559 3093 2892 3168 ingressum;
2918 3102 3058 3156 sicut
3078 3115 3131 3159 et
3155 3105 3427 3166 Dominus
3457 3113 3605 3169 dicit
3628 3115 3776 3174 Iesus
3793 3118 3876 3187 quia

2303 3182 2370 3237 ad
2401 3183 2576 3241 virum
2606 3188 2886 3247 timentem
2925 3195 3125 3252 veniat.
3158 3197 3327 3268 Ecce,
3366 3204 3592 3275 inquit,
3634 3220 3713 3264 sto
3745 3182 3878 3276 oti-ja-

2305 3293 2496 3344 nuant,
2539 3291 2584 3334 et
2616 3284 2809 3351 pulso:
2850 3298 2897 3340 et
2933 3291 2979 3342 si
3019 3291 3132 3359 quis
3160 3293 3386 3348 audierit
3425 3314 3617 3354 vocem
3662 3319 3822 3362 meum.
3850 3312 3879 3355 et

2304 3375 2564 3440 aperuerit
2587 3376 2834 3445 ianuam,
2863 3382 3064 3438 intrabo
3085 3387 3153 3439 ad
3179 3405 3294 3443 eum
3313 3433 3326 3457 ,
3359 3401 3410 3445 et
3433 3395 3661 3450 cantabo
3683 3413 3782 3450 cum
3799 3396 3879 3459 ille,

2304 3477 2353 3521 et
2396 3468 2502 3539 ipse
2547 3486 2739 3526 mecum
2777 3475 2968 3545 (Apoc.
2998 3495 3088 3544 tu,
3133 3482 3246 3554 20).
3289 3484 3424 3541 Haec
3474 3490 3652 3559 igitur
3697 3493 3879 3547 diximus

2304 3569 2591 3630 propterea
2631 3566 2772 3634 quod
2803 3568 2878 3623 ait
2920 3569 3187 3642 Propheta
3236 3591 3250 3628 :
3293 3576 3582 3649 Repulisti
3612 3601 3727 3653 nos,
3751 3595 3879 3640 elusa

2304 3657 2669 3725 progredieris,
2702 3657 2865 3729 Deus,
2897 3664 2949 3718 in
2978 3667 3248 3722 virtutibus
3275 3675 3501 3728 nostris.

2374 3748 2462 3802 50.
2507 3749 2839 3818 Simpliciter
2879 3767 3059 3814 autem
3100 3771 3154 3816 et
3197 3761 3328 3817 illud
3371 3768 3753 3838 accipiamus;
3794 3771 3880 3840 quia

2304 3839 2447 3895 Deus
2476 3855 2795 3913 progressus
2831 3858 2914 3904 est
2943 3850 2996 3906 in
3027 3852 3315 3912 virtutibus
3360 3858 3694 3920 Iudaeorum
3715 3908 3730 3930 ,
3761 3865 3882 3936 900
3956 3839 3957 3894 Î¾

2300 3934 2518 4002 quando
2542 3935 2701 3993 Jesus
2726 3939 2873 3995 Nave
2895 3942 3086 4000 ducem
3119 3947 3328 4004 militia:
3355 3955 3616 4012 caelestis
3643 3934 3878 4014 adoravit.-
3956 3987 3957 4002 Î´

2300 4035 2355 4081 et
2372 4028 2494 4083 ideo
2508 4029 2628 4087 sine
2646 4032 2793 4090 ferro
2811 4037 2963 4101 vicit,
2991 4049 3045 4094 et
3062 4041 3179 4097 sine
3198 4044 3303 4099 ulla
3327 4047 3638 4108 obsidione
3659 4053 3883 4108 destruxit

2300 4122 2489 4179 urbem
2538 4124 2816 4197 Hiericho,
2859 4147 2978 4201 qua:
3008 4131 3244 4192 habebat
3286 4139 3676 4200 validissimos
3716 4159 3879 4199 muros.
3956 4157 3957 4201 l

2297 4213 2527 4282 Quando
2548 4221 2692 4275 enim
2725 4238 3044 4296 progressus
3085 4239 3170 4283 est
3204 4229 3257 4284 in
3289 4231 3602 4291 virtutibus
3641 4251 3879 4292 servarint:

2299 4322 2520 4366 suorum
2541 4313 2704 4383 Deus,
2727 4318 2949 4373 victoria
2976 4330 3266 4378 consecuta
3293 4333 3398 4380 est.
3431 4325 3575 4383 Nam
3601 4342 3880 4400 progressis

2298 4411 2382 4458 est
2409 4405 2632 4476 angelus
2655 4409 2721 4463 ad
2747 4411 2996 4468 Ezecbia:
3035 4431 3246 4484 preces,
3276 4428 3332 4472 et
3362 4421 3571 4475 stravit
3604 4423 3880 4477 innumeras

2298 4499 2481 4568 c0pias
2505 4503 2874 4572 Assyriorum.
2895 4506 3004 4563 Sed
3025 4507 3296 4564 interdum
3320 4521 3375 4566 et
3403 4528 3550 4583 quos
3575 4517 3694 4572 vult
3718 4519 3770 4572 in
3791 4530 3880 4570 cer-

2302 4593 2503 4650 tamine
2529 4598 2782 4653 coronari
2809 4598 3101 4666 Dominus,
3127 4603 3294 4658 veluti
3319 4604 3668 4680 derelinquit
3695 4611 3759 4665 ad
3781 4619 3880 4664 tem-

2301 4702 2435 4758 pus;
2470 4698 2526 4744 ut
2552 4689 2658 4746 fide
2686 4693 2927 4761 vincant,
2956 4709 3059 4750 nec
3079 4695 3242 4752 rebus
3269 4699 3536 4756 secundis
3559 4711 3619 4759 et
3642 4703 3880 4774 prosperis

2297 4777 2517 4836 devotio
2561 4785 2888 4842 remittatur.
2920 4787 3163 4859 Denique
3199 4805 3348 4861 saepe
3389 4793 3484 4864 qui
3521 4809 3879 4867 prOSperorum

2295 4886 2481 4942 cursu,
2511 4884 2567 4932 et
2595 4879 2955 4936 secundorum
2982 4885 3337 4952 usurpatione
3359 4887 3710 4954 ceciderunt,
3740 4888 3880 4944 corri-

2293 4976 2492 5038 guntur
2521 4970 2785 5027 adversis.
2820 4973 2949 5029 Ideo
2977 4974 3294 5048 frequenter
3329 4978 3652 5039 invenimus
3691 4982 3879 5038 ludens

2294 5069 2418 5128 post
2473 5061 2752 5118 victoriam
2809 5065 3023 5136 lapsos,
3057 5069 3200 5139 Eâ€˜post
3249 5071 3538 5127 servitium
3587 5082 3877 5132 correctos;

2295 5154 2418 5222 quia
2451 5155 2701 5224 precibus
2728 5166 2781 5212 et
2813 5157 3282 5228 deplorationibus
3311 5162 3488 5219 Deum
3517 5165 3589 5220 ad
3630 5179 3694 5222 se
3728 5164 3882 5221 redire

2294 5246 2559 5302 fecerunt.

2361 5339 2451 5393 51.
2482 5339 2637 5396 Unde
2661 5351 2716 5396 et
2745 5341 2877 5398 illud
2893 5345 3036 5415 quod
3063 5346 3362 5402 secundum
3381 5346 3668 5405 hominem
3700 5350 3879 5406 dictum

2288 5441 2408 5498 est,
2461 5443 2515 5488 et
2556 5433 2792 5490 hominis
2830 5436 3106 5506 aï¬‚â€˜ectum,
3151 5440 3277 5495 huic
3323 5442 3621 5498 sententia:
3664 5459 3772 5498 non
3815 5458 3883 5497 re-

2287 5535 2518 5594 pugnat;
2549 5529 2675 5597 quia
2691 5529 3102 5586 dixitDominus
3127 5548 3141 5586 :
3167 5531 3343 5600 Deus,
3375 5534 3520 5591 Deus
3543 5554 3713 5604 meus,
3740 5537 3882 5604 respi-

2284 5632 2342 5671 ce
2367 5635 2484 5684 me;
2505 5637 2662 5691 quare
2681 5639 2759 5677 me
2781 5624 3098 5694 dereliquisti
3127 5624 3298 5696 (Psal.
3328 5644 3425 5684 Ï‡Î¹Î¹
3443 5672 3458 5697 ,
3485 5631 3586 5701 2)?
3617 5630 3733 5686 Non
3757 5629 3879 5701 quod

2283 5707 2582 5770 derelictus
2612 5716 2682 5772 sit
2711 5717 2994 5788 Dominus,
3021 5720 3110 5790 qui
3147 5719 3223 5775 ait
3245 5720 3380 5778 alibi
3413 5739 3428 5776 :
3465 5722 3732 5788 Quoniam
3759 5724 3881 5778 solas
