4008 6352
116 304 266 364 1103

1195 305 1262 364 ΙΝ
1302 304 1630 365 PSALMUM
1667 305 1830 364 XL!"
1870 307 2294 366 ENARRATIO.

3288 315 3428 374 “06

115 441 226 481 non
252 440 390 492 sum,
415 421 538 495 quia
565 423 725 479 Pater
751 441 946 480 mecum
971 433 1048 480 est
1077 423 1256 496 (Joan.
1294 439 1386 479 xvx
1408 465 1423 492 ,
1449 422 1578 497 52);
1620 423 1716 480 sed
1743 430 1800 490 Α
1823 423 1880 482 Si
1909 426 2054 481 enim
2082 426 2497 497 cognovissent,
2538 441 2831 500 numquam
2857 429 3148 484 Dominum
3179 429 3434 501 majesta-

115 517 252 590 quia
281 516 580 574 secundum
609 533 826 573 carnem
873 517 1109 574 hominis
1137 527 1192 573 et
1227 516 1503 584 allectum,
1544 521 1634 586 qui
1667 518 1720 573 in

114 612 424 669 certamine
450 613 601 683 gravi
633 623 718 668 est
742 615 1089 682 constitutus,
1121 614 1412 669 derelictus
1441 614 1653 668 videtur
1692 627 1722 667 a

117 709 376 765 Domino.
406 711 648 781 Denique
681 727 787 766 non
817 712 993 768 otiose
1031 711 1106 766 ait
1133 711 1411 781 Scriptura
1439 709 1592 782 (Luc.
1637 725 1721 778 tv,

117 804 215 875 15)
237 847 252 870 ,
286 806 412 877 quia
442 815 564 876 post
605 807 962 862 tentationem
995 807 1220 877 primam
1259 804 1509 861 discessit
1544 805 1613 859 ab
1659 819 1725 861 eo

117 896 374 953 diabolus
397 913 572 969 usque
592 899 660 953 ad
697 905 916 968 tempus
934 941 948 963 ,
976 899 1079 953 hoc
1107 908 1220 964 cst,
1252 913 1423 968 usque
1458 897 1524 952 ad
1551 905 1728 953 certa-

117 1009 246 1050 men
271 1010 286 1060 ;
315 993 408 1050 ubi
446 994 591 1050 enim
639 1009 891 1066 magnum
932 1003 1208 1049 certamen
1247 1008 1418 1048 sacrae
1463 991 1728 1061 passionis

120 1087 365 1154 advenit,
388 1089 586 1144 iterum
604 1086 951 1143 adversarius
973 1086 1039 1141 ad
1067 1094 1396 1142 tentameuta
1424 1084 1687 1140 successit
1711 1102 1724 1138 :

121 1178 291 1245 homo
331 1189 509 1236 autem
553 1180 770 1250 quando
813 1180 962 1235 velut
1009 1180 1062 1234 in
1110 1179 1364 1251 ambiguo
1403 1178 1730 1233 constitutus

122 1283 230 1338 est,
259 1280 414 1342 putat
437 1285 497 1327 sc
519 1287 549 1326 a
577 1270 688 1327 Deo
717 1287 817 1328 suo
839 1287 960 1328 esse
987 1273 1287 1328 desertum.
1329 1270 1437 1326 Sed
1467 1270 1728 1341 quemad-

120 1365 346 1422 modum
395 1367 498 1422 hoc
533 1365 832 1422 secundum
882 1365 1061 1422 carnis
1097 1365 1352 1421 aﬂ‘ectum
1397 1363 1728 1434 accipimus;

122 1459 254 1531 quia
279 1460 383 1516 sibi
422 1459 588 1516 homo
613 1459 762 1514 visus
795 1469 882 1516 est
918 1459 1235 1524 derelictus,
1269 1467 1295 1494 ιι
1321 1457 1474 1529 cujus
1521 1471 1735 1528 proces-

123 1566 245 1608 sum
270 1562 530 1623 operatus
557 1561 641 1610 est
664 1552 919 1608 Christus
946 1554 998 1608 in
1025 1567 1256 1623 corpore
1287 1566 1388 1607 suo
1417 1569 1431 1606 :
1467 1551 1540 1606 ita
1568 1551 1733 1606 etiam

123 1642 410 1700 divinitate
435 1643 647 1701 sciebat
686 1659 744 1699 se
785 1660 1082 1716 numquam
1124 1644 1424 1714 derelinqui
1461 1659 1492 1699 a
1535 1643 1732 1709 Patre;

123 1738 253 1806 quia
285 1738 402 1807 ipse
432 1737 604 1792 dixit:
636 1735 750 1808 Ego
777 1738 831 1790 in
855 1737 1045 1805 Patre,
1083 1747 1130 1791 et
1156 1736 1318 1792 Pater
1358 1737 1411 1790 in
1442 1752 1520 1790 me
1550 1734 1729 1805 (Joan.

123 1845 253 1898 xw,
285 1829 407 1902 10),
439 1840 496 1886 et
519 1830 693 1885 solum
724 1846 784 1886 se
806 1846 913 1885 non
944 1845 1069 1887 esse
1097 1831 1354 1903 signavit.

200 1922 292 1976 52.
317 1922 499 1995 (Vers.
527 1923 641 1994 ll.)
669 1921 960 1978 Substituit
997 1923 1156 1979 etiam
1186 1923 1512 1979 versiculum
1533 1924 1693 1978 istum
1718 1940 1730 1976 :

124 2015 366 2070 Avertisti
381 2031 473 2070 nos
483 2024 760 2070 retrorsum
775 2031 881 2084 pra:
893 2016 1114 2071 inimicis
1132 2015 1462 2071 nostris.Non
1477 2025 1558 2072 est
1572 2017 1733 2083 bene,

126 2109 222 2180 qui
257 2117 557 2165 retrorsum
581 2109 852 2165 avertitur
870 2151 885 2175 ,
911 2110 1035 2181 quia
1051 2127 1200 2165 nemo
1222 2110 1427 2164 mittens
1453 2126 1663 2164 manum
1683 2112 1736 2165 in

126 2213 388 2268 aratrum,
420 2203 700 2272 respiciens
727 2212 862 2257 retro
885 2244 899 2269 ,
933 2202 1122 2258 habilis
1155 2213 1228 2259 est
1267 2220 1425 2274 regno
1463 2202 1555 2257 Dei
1584 2202 1735 2272 (Luc.

130 2311 213 2363 Ix,
241 2297 360 2366 6'2).
397 2297 642 2366 Denique
673 2311 810 2351 uxor
845 2296 966 2358 Lot,
1013 2296 1140 2366 quia
1173 2308 1320 2352 retro
1351 2299 1629 2368 respexit,
1671 2299 1738 2354 ad

129 2386 397 2447 verticem
426 2390 651 2455 montis,
677 2389 780 2444 hoc
802 2397 904 2454 est,
929 2388 996 2442 ad
1019 2389 1300 2459 superiora
1327 2391 1608 2459 pervenire
1632 2406 1740 2446 non

132 2484 348 2556 potuit;
377 2482 471 2538 sed
506 2482 559 2537 in
589 2482 757 2537 salem
789 2497 1052 2536 conversa
1078 2490 1196 2546 est,
1240 2496 1360 2552 quae
1394 2483 1606 2552 species
1633 2484 1742 2538 cito

134 2575 392 2643 solvitur,
441 2589 543 2630 nec
593 2583 772 2645 potest
820 2589 977 2628 usum
1024 2573 1224 2629 habere
1267 2573 1605 2630 diuturnum.
1653 2575 1745 2631 Sic

138 2679 273 2725 sunt
314 2669 403 2739 qui
450 2667 765 2738 temporalia
813 2675 1142 2736 sequuntur,
1192 2675 1248 2721 et
1292 2682 1399 2720 non
1448 2675 1746 2737 sequuntur

142 2771 346 2818 aeterna
373 2778 386 2815 ε
417 2768 474 2816 et
503 2761 590 2815 hic
617 2755 954 2814 inlatuantnr
979 2774 1010 2812 a
1041 2758 1271 2813 stultitia
1301 2772 1422 2822 sua,
1453 2767 1509 2813 et
1537 2758 1746 2813 futuro-

145 2869 266 2911 rum
286 2855 518 2926 gratiam
541 2851 747 2908 habere
773 2865 883 2906 non
907 2859 1153 2922 possunt.
1179 2849 1318 2906 Sunt
1343 2860 1519 2905 tamen
1542 2851 1630 2920 qui
1657 2865 1748 2905 rc-

146 2958 234 3006 tro
272 2949 432 3020 positi
461 2947 856 3004 obliviscuntur
894 2946 1264 3016 superiorum,
1303 2954 1358 3000 et
1387 2945 1452 3000 ad
1483 2946 1661 3015 priora
1692 2961 1751 3001 se

149 3043 447 3100 extendunt
467 3085 482 3109 ,
507 3050 564 3097 ut
583 3043 650 3096 ad
674 3041 917 3096 bravium
941 3039 1158 3096 valeant
1183 3039 1483 3109 pervenire.
1504 3040 1569 3094 Et
1592 3039 1754 3094 Petro

151 3138 389 3195 dicitur:
431 3136 577 3192 Vade
599 3145 733 3191 retro
762 3152 872 3204 me,
907 3136 1108 3191 Satana
1140 3133 1332 3208 (Marc.
1365 3150 1487 3201 vttt,
1528 3135 1650 3206 55);
1697 3142 1756 3189 ut

1825 522 1894 578 tis
1935 521 2354 579 cruciﬁxissent.
2399 523 2543 595 Ergo
2588 531 2645 578 tu
2685 524 2787 581 etsi
2830 525 3158 582 novissimus
3195 541 3276 592 es,
3320 525 3434 582 noli

1825 616 2076 672 inimicos
2121 627 2242 672 tuos
2283 618 2467 689 sequi;
2515 617 2610 673 sed
2638 634 2865 689 sequere
2902 619 3190 674 Dominum
3219 620 3428 686 Jesum,

1825 718 1876 764 et
1916 723 2134 766 crucem
2175 711 2294 780 ejus
2322 725 2446 767 cum
2473 710 2682 779 laetitia,
2719 720 2773 767 et
2798 711 2984 766 insiste
3007 711 3249 782 vestigiis
3289 713 3431 782 ejus.

1826 802 1928 871 Qui
1958 803 2102 858 enim
2131 804 2406 860 Christum
2438 806 2700 874 sequitur,
2736 816 2856 875 post
2877 819 2935 860 se
2957 820 3066 861 non
3093 805 3352 877 respicit;
3379 805 3433 860 id

1828 907 1928 960 est,
1957 897 2022 952 ad
2048 896 2289 952 luxurias
2309 909 2471 969 atque
2496 897 2781 954 illecebras
2805 907 3148 968 peccatorum
3175 915 3190 965 ;
3222 906 3278 954 et
3313 897 3438 954 ideo

1829 999 2008 1061 potest
2039 990 2219 1045 dicere
2240 1005 2361 1045 cum
2395 991 2597 1046 sanctis
2623 1009 2635 1044 :
2668 988 2792 1044 Non
2817 992 3026 1045 recessit
3047 1001 3186 1045 retro
3221 1007 3311 1046 cor
3339 1007 3438 1043 no-

1829 1092 1996 1137 strum
2019 1079 2236 1155 (Infra,
2269 1098 2403 1136 vers.
2443 1081 2548 1150 l9).
2590 1081 2743 1138 Unde
2774 1082 3095 1153 intelligitur
3135 1081 3278 1151 quod
3310 1091 3365 1136 et
3396 1080 3443 1135 is

1829 1176 1921 1248 qui
1952 1185 2079 1230 ante
2124 1173 2374 1230 inimicos
2405 1189 2534 1230 suos
2560 1183 2675 1240 est,
2708 1175 2873 1230 corde
2913 1174 2974 1230 lit
3003 1175 3332 1231 novissimus
3361 1183 3445 1228 at-

1829 1284 1937 1340 que
1980 1276 2322 1339 postremus,
2369 1269 2414 1323 si
2459 1268 2524 1323 ad
2570 1269 2694 1323 illos
2721 1269 3002 1340 respiciat,
3051 1279 3103 1324 et
3130 1268 3444 1324 carnalibus

1832 1363 2011 1434 potius
2069 1377 2228 1433 quam
2299 1361 2632 1432 spiritalibus
2674 1361 2870 1418 affectu
2923 1361 3124 1417 mentis
3174 1359 3441 1415 intendat.

1834 1458 2022 1514 Potest
2049 1456 2212 1512 etiam
2243 1456 2335 1526 qui
2364 1455 2692 1510 noviSsimus
2721 1463 2827 1524 est,
2851 1454 3016 1509 corde
3038 1454 3187 1523 prior
3212 1466 3367 1518 esse;
3396 1451 3442 1504 si

1834 1567 1897 1607 ea
1926 1567 2045 1622 quze
2074 1551 2127 1605 in
2150 1549 2291 1605 coelo
2323 1558 2471 1617 sunt,
2501 1547 2838 1612 consideret,
2883 1556 2937 1602 et
2963 1561 3069 1601 non
3101 1559 3222 1616 qua:
3253 1546 3306 1599 in
3334 1551 3446 1598 ter-

1834 1647 1934 1702 ris.
1965 1645 2107 1702 Audi
2136 1645 2258 1715 quia
2288 1644 2614 1700 novissimus
2644 1643 2698 1697 in
2729 1641 2947 1706 smculo,
2984 1641 3129 1695 inter
3150 1638 3358 1710 primos
3380 1636 3453 1691 sit

1837 1740 1978 1812 apud
2005 1738 2300 1795 Christum.
2334 1736 2471 1792 Puto
2495 1737 2617 1806 quia
2648 1733 2791 1789 Deus
2821 1750 2918 1788 nos
2941 1733 3204 1804 apostolos
3233 1728 3453 1784 novissi-

1762 1823 1811 1883 B
1839 1851 1949 1890 mos
1976 1833 2235 1899 ostendit,
2267 1833 2399 1886 sicut
2430 1831 2585 1885 morti
2627 1831 2950 1894 destinatos;
2991 1837 3043 1880 ut
3094 1826 3450 1897 spectaculum

1838 1929 2000 1983 simus
2029 1927 2149 1979 huic
2173 1924 2396 1992 mundo,
2431 1937 2479 1979 et
2507 1924 2704 1994 angelis
2735 1932 2782 1976 et
2809 1920 3105 1976 hominibus
3137 1920 3155 1989 (
3179 1918 3192 1971 Ι
3223 1917 3346 1972 Cor.
3375 1932 3451 1984 tv,

1841 2022 1920 2094 9).
1953 2021 2317 2076 Novissimum
2347 2034 2406 2074 se
2431 2019 2589 2084 dixit,
2611 2027 2664 2074 et
2689 2017 2833 2071 idem
2863 2027 3044 2071 tamen
3071 2013 3215 2085 quod
3247 2013 3456 2083 primus

1841 2127 1988 2173 esset
2009 2115 2269 2182 ostendit,
2313 2130 2433 2170 cum
2480 2114 2612 2169 dicit
2645 2132 2657 2167 :
2690 2112 2888 2168 Nostra
2922 2122 3093 2166 autem
3131 2111 3455 2166 conuersatio

1841 2213 1896 2267 in
1929 2210 2068 2265 caelis
2098 2221 2173 2265 est
2197 2209 2423 2282 (Philip.
2453 2225 2537 2276 ιιι,
2569 2207 2688 2278 20).

1918 2306 2008 2361 54.
2041 2305 2222 2376 (Vers.
2249 2303 2364 2376 12.)
2399 2303 2693 2374 Sequitur:
2725 2301 2791 2356 Et
2816 2303 2903 2372 qui
2929 2302 3148 2357 oderant
3176 2317 3303 2367 nos,
3329 2300 3461 2353 diri-

1845 2397 2050 2467 piebant
2086 2396 2202 2450 sibi.
2227 2394 2428 2450 Dedisti
2457 2411 2550 2448 nos
2591 2405 2849 2460 tamquam
2878 2409 2993 2447 oves
3024 2409 3290 2458 escarum;
3323 2402 3370 2445 et
3399 2391 3454 2444 in

1846 2492 2083 2545 nationes
2109 2489 2395 2560 dispersisti
2427 2504 2539 2542 nos.
2567 2487 2780 2542 Miraris
2810 2485 3037 2540 forsitan
3070 2485 3212 2554 quod
3246 2500 3368 2540 cum
3400 2485 3452 2539 in

1847 2582 2272 2654 posterioribus,
2304 2589 2364 2636 ut
2406 2581 2684 2647 diximus,
2727 2594 2992 2634 summam
3039 2577 3279 2633 habeant
3333 2576 3460 2632 lidei

1849 2677 2208 2734 constantiam
2257 2675 2347 2746 qui
2391 2674 2687 2744 loquuntur
2716 2714 2728 2738 ,
2765 2673 2852 2727 hic
2899 2671 3084 2726 dicant
3121 2669 3265 2740 quod
3296 2669 3365 2724 ab
3396 2668 3465 2722 iis

1852 2769 1941 2839 qui
1973 2769 2201 2823 oderant
2231 2781 2362 2833 eos,
2393 2764 2791 2834 diripiebantur
2817 2782 2828 2817 :
2865 2763 2960 2818 sed
2990 2776 3095 2817 non
3121 2771 3175 2817 te
3207 2761 3307 2816 ista
3340 2775 3466 2832 per-

1852 2869 2113 2916 terreant.
2143 2857 2294 2912 Multi
2335 2858 2480 2912 enim
2512 2855 2600 2910 hic
2632 2855 2995 2925 diripiuntur;
3029 2865 3083 2908 et
3128 2863 3307 2906 tamen
3342 2866 3460 2906 me-

1855 2953 1958 3009 rita
2006 2966 2197 3006 corum
2236 2949 2512 3004 aChrislo
2559 2963 2667 3002 non
2716 2954 2923 3016 queunt
2973 2943 3240 3015 separari.
3271 2941 3468 3010 Rapie-

1855 3047 2054 3103 banlur
2101 3041 2372 3113 apostoli,
2423 3041 2777 3096 caulehanlur
2825 3039 3030 3108 virgis,
3082 3037 3134 3090 in
3187 3049 3465 3090 carcerem

1861 3138 2254 3202 trudebantur,
2312 3133 2710 3204 separabantur
2763 3145 2791 3183 a
2844 3145 2949 3195 se,
3003 3137 3058 3184 et
3105 3135 3285 3181 tamen
3342 3140 3466 3180 cum

152 3233 208 3287 iu
241 3231 437 3287 melius
460 3239 804 3302 provocetur.
835 3229 861 3268 δ
885 3231 950 3285 Et
978 3231 1030 3284 in
1057 3227 1295 3284 numeris
1323 3228 1474 3298 prior
1499 3239 1584 3283 est
1603 3270 1618 3296 ,
1663 3227 1753 3298 qui
1782 3215 1828 3278 C
1860 3233 2078 3291 Christo
2105 3228 2434 3284 manebant:
2463 3227 2629 3281 immo
2661 3224 2765 3278 hoc
2795 3222 2914 3293 ipso
2944 3221 3085 3292 quod
3114 3220 3471 3290 rapiebantur

155 3335 281 3398 post
306 3325 584 3381 Christum
617 3334 723 3381 est.
767 3323 895 3380 ldeo
926 3340 1055 3396 ergo
1097 3340 1206 3396 pra:
1237 3325 1481 3390 inimicis,
1518 3324 1640 3394 quia
1677 3323 1754 3379 illi

156 3436 258 3476 nos
284 3419 552 3491 allligunt,
586 3431 638 3476 et
665 3421 742 3475 illi
777 3421 1131 3475 insectantur.
1162 3419 1478 3475 ltetrorsnm
1511 3433 1610 3474 nos
1632 3433 1756 3474 esse

157 3513 375 3570 voluisti
400 3555 414 3582 ,
449 3522 505 3569 ut
530 3514 885 3570 extendamus
907 3529 1008 3570 nos
1029 3513 1095 3569 ad
1119 3514 1422 3584 superiora,
1455 3522 1514 3568 ut
1543 3528 1760 3585 semper

159 3617 289 3662 ante
319 3622 416 3662 nos
445 3607 811 3672 attendamus,
836 3617 1222 3678 persequentes
1247 3608 1494 3664 inimicos
1519 3616 1753 3678 nostros,

161 3709 216 3757 et
239 3717 427 3757 eorum
457 3703 634 3758 locum
665 3704 897 3760 transire
918 3703 1221 3774 cupientes.

233 3797 322 3852 55.
341 3797 584 3867 Denique
597 3798 675 3852 sic
687 3797 1024 3852 Theodotion
1041 3797 1227 3863 habet,
1243 3798 1515 3869 quomodo
1534 3781 1762 3869 Septua-

161 3890 310 3960 ginta
337 3889 474 3954 viri;
525 3888 629 3943 hoc
657 3898 762 3953 est,
791 3889 1064 3959 quomodo
1106 3891 1206 3943 iste
1253 3905 1444 3944 versus
1483 3891 1762 3959 expositus

165 3991 270 4038 est.
299 3983 490 4053 Aquila
520 3982 681 4038 habet
721 3998 734 4034 :
779 3982 1014 4036 Auertisti
1059 3998 1153 4035 nos
1197 3992 1334 4036 retro
1375 3983 1439 4035 ab
1477 3983 1760 4053 afﬂigente.

167 4073 527 4145 Symmachus
572 4091 586 4127 :
633 4073 899 4127 Urdinasti
943 4089 1037 4126 nos
1078 4073 1379 4126 novissimos
1413 4071 1476 4124 ab
1507 4073 1645 4126 omni
1673 4073 1766 4126 ad-

166 4167 414 4221 uersario.
443 4164 728 4222 Contraria
761 4166 919 4221 nobis
963 4181 1084 4235 quae
1121 4175 1283 4231 sunt,
1330 4166 1431 4219 nisi
1471 4165 1631 4236 901
1672 4180 1768 4220 vo-

168 4259 440 4331 luptuaria
488 4259 642 4314 istius
684 4259 900 4322 saeculi,
945 4266 999 4313 et
1042 4259 1199 4328 plena
1249 4258 1566 4312 deliciarum
1607 4265 1768 4327 atque

171 4354 432 4420 lascivias,
477 4363 530 4408 et
569 4368 689 4424 qua:
728 4363 854 4407 sunt
883 4352 1148 4406 incentiva
1179 4350 1442 4406 luxuriae?
1479 4349 1629 4405 Uxor
1668 4350 1771 4405 Lot

173 4446 400 4516 decepta
429 4455 544 4510 est;
578 4447 700 4516 quia
726 4454 847 4515 post
873 4460 933 4500 se
965 4444 1201 4499 habebat
1232 4443 1497 4498 luxuriam
1521 4443 1771 4499 Sodomi-

175 4547 450 4604 tanorum,
484 4545 539 4593 ct
577 4539 813 4608 regionis
852 4538 970 4608 ejus
999 4537 1301 4593 illecebras.
1351 4537 1504 4594 Unde
1543 4539 1770 4609 decepta

1859 3334 1890 3374 ιι
1940 3315 2192 3388 perﬁdis,
2226 3328 2418 3369 eorum
2468 3311 2662 3366 merita
2709 3308 3064 3373 crescebant,
3097 3315 3152 3361 et
3191 3304 3364 3374 gratia
3413 3303 3468 3358 in

1860 3410 2178 3468 caelestibus
2203 3406 2520 3477 augebatur.
2566 3403 2686 3459 Non
2726 3402 2872 3458 enim
2906 3400 3088 3456 statim
3127 3397 3220 3468 qui
3262 3396 3330 3450 ab
3362 3395 3454 3450 ho.

1861 3506 2101 3562 minibus
2137 3501 2389 3572 diripitur
2413 3540 2428 3568 ,
2462 3499 2628 3555 etiam
2674 3495 2928 3552 vincitur.
2968 3491 3105 3548 Vide
3153 3489 3457 3562 apostolum

1861 3599 2087 3656 Paulum
2132 3595 2458 3668 gratulatum
2499 3593 2553 3646 in
2584 3588 2844 3662 periculis
2885 3587 3034 3642 suis:
3069 3583 3193 3640 vide
3230 3583 3440 3654 gloriau

1865 3701 1972 3750 tem
1998 3737 2013 3762 ,
2064 3691 2207 3762 quod
2259 3705 2357 3760 per
2402 3688 2697 3743 fenestram
2738 3685 2791 3739 in
2833 3690 3018 3754 sporta
3062 3680 3335 3736 demissus
3375 3679 3469 3734 sit.

1865 3791 2002 3847 Vide
2060 3785 2515 3859 quemadmodum
2575 3791 2796 3838 sanctus
2847 3779 3192 3844 Hieremias,
3251 3784 3473 3831 sanctus

1867 3882 2154 3947 Ezechiel,
2184 3889 2404 3935 sanctus
2435 3877 2621 3932 Daniel
2651 3877 2702 3930 in
2731 3874 3099 3944 captivitatem
3132 3871 3382 3937 deducti,
3418 3879 3476 3925 et

1868 3979 1935 4034 ab
1961 3975 2202 4047 Assyriis
2229 3973 2427 4042 direpti
2455 4013 2469 4038 ,
2503 3971 2705 4025 nullam
2736 3977 2918 4022 tamen
2950 3966 3317 4036 captivitatem
3349 3979 3476 4034 pro-

1869 4071 2004 4141 priae
2033 4067 2156 4122 lidei
2183 4066 2564 4137 pertulerunt;
2597 4077 2698 4117 nec
2729 4062 2781 4116 in
2813 4059 3223 4114 Testamentum
3256 4055 3476 4110 Domini

1871 4161 2180 4231 deliquere,
2213 4157 2306 4228 qui
2331 4163 2684 4210 servaverunt
2722 4154 2776 4208 in
2803 4151 3116 4224 captivitate
3142 4149 3305 4204 etiam
3337 4149 3474 4218 legis

1872 4263 2142 4326 praecepta
2166 4251 2395 4316 divinae,
2425 4263 2524 4303 nec
2553 4247 2620 4303 de
2647 4245 2953 4301 interdictis
2982 4243 3118 4298 cibis
3148 4249 3477 4314 putaverunt

1873 4357 2061 4403 contra
2092 4344 2488 4400 institutionem
2535 4339 2802 4410 majorum
2841 4336 3042 4407 aliquid
3080 4334 3474 4406 usurpandum.

1947 4441 2036 4498 '55.
2079 4439 2235 4496 Unde
2265 4439 2405 4495 bene
2437 4435 2780 4492 Theodotion
2808 4433 2944 4488 dixit
2971 4450 2984 4485 :
3017 4429 3087 4485 Et
3133 4432 3221 4500 qui
3265 4430 3483 4485 oderant

1877 4553 2000 4603 nos,
2033 4533 2355 4590 exsultabant
2394 4547 2550 4601 super
2580 4543 2706 4592 nos;
2738 4525 3016 4582 insultatio
3046 4525 3192 4580 enim
3236 4523 3485 4579 inimico-

178 4632 296 4687 est?
324 4631 457 4698 Quia
490 4640 612 4696 post
634 4646 694 4685 se
720 4631 976 4698 respexit.
1005 4630 1074 4686 Et
1099 4640 1152 4686 tu
1183 4646 1314 4701 ergo
1338 4646 1406 4686 ne
1433 4631 1499 4686 ad
1527 4632 1774 4688 inimicos
1797 4611 1851 4673 Ῑ)
1877 4645 1994 4684 rum
2046 4643 2153 4682 non
2198 4625 2354 4681 achrt
2405 4622 2773 4694 pra’judiciunt
2825 4620 2982 4675 bonis
3033 4617 3303 4673 mentibus
3323 4661 3338 4684 ,
3381 4617 3481 4671 sed

180 4733 302 4779 tuos
324 4723 602 4792 respicias,
636 4723 817 4792 posuit
845 4733 895 4778 te
921 4724 1065 4779 Deus
1088 4724 1442 4781 novissimum
1467 4725 1520 4780 in
1551 4725 1771 4780 sa~culo.

179 4815 280 4873 Vel
309 4836 321 4872 :
355 4815 455 4884 Qui
486 4815 788 4870 humilitate
816 4831 876 4870 se
903 4816 1150 4871 ultimum
1179 4817 1326 4884 facit,
1359 4834 1466 4874 non
1497 4820 1775 4874 converti-

183 4919 268 4964 tur
296 4919 475 4974 retro;
507 4908 600 4963 sed
631 4922 847 4978 semper
884 4918 1010 4963 ante
1038 4909 1277 4978 respicit.
1321 4910 1392 4966 Ut
1419 4911 1563 4966 scias
1594 4919 1774 4966 autem

182 5003 272 5072 qui
301 5003 409 5056 sint
433 5000 636 5056 inimici
665 5001 775 5066 tui,
801 4999 928 5056 audi
951 4999 1221 5057 dicentem
1255 5020 1266 5056 :
1305 5001 1479 5071 Audi,
1509 5003 1771 5060 1srael....

189 5094 326 5161 Quid
369 5095 604 5164 estquod
645 5096 702 5148 in
731 5103 865 5148 terra
897 5112 950 5150 es
987 5095 1408 5151 inimicorum...
1450 5099 1679 5168 pollutus
1722 5117 1776 5155 es

187 5206 302 5243 cum
327 5189 543 5244 mortuis
573 5186 788 5259 (Baruc.
837 5203 925 5253 ιιι,
958 5188 1023 5255 9,
1077 5178 1144 5245 10
1177 5197 1224 5242 et
1255 5186 1377 5260 il)?
1415 5188 1549 5256 Quis
1599 5201 1775 5247 tamen

188 5292 298 5339 tam
338 5284 586 5339 inimicus
623 5292 677 5338 et
722 5281 891 5338 hostis
937 5294 1089 5351 tuus,
1130 5298 1290 5354 quam
1332 5285 1584 5356 princeps
1627 5288 1780 5343 istius

190 5380 396 5446 mundi,
445 5389 498 5435 et
540 5378 657 5448 ejus
689 5379 844 5445 socii,
891 5379 981 5448 qui
1027 5381 1296 5449 persecuti
1340 5391 1466 5436 sunt
1505 5395 1674 5451 usque
1713 5383 1780 5436 ad

189 5485 408 5528 crucem
437 5471 722 5527 Dominum
752 5469 960 5538 Jesum,
986 5471 1103 5542 ejus
1127 5474 1422 5542 potentiam
1445 5471 1782 5529 nescientes?

270 5656 296 5684 ει
336 5645 451 5701 Hoc
480 5644 600 5699 loco
628 5643 682 5697 id
713 5641 981 5711 signiﬁcat
1008 5643 1327 5698 Ambrosius
1355 5642 1631 5698 Christum
1663 5655 1787 5709 gra-

198 5717 300 5774 dus
331 5731 519 5773 omnes
545 5729 609 5769 ac
636 5722 792 5768 notas
821 5713 1178 5771 humanorum
1206 5715 1515 5779 affectuum,
1541 5712 1794 5766 innoxio-

199 5805 322 5844 rum
354 5787 632 5913 lvidelicet,
661 5788 714 5839 in
747 5785 1078 5841 humanitate
1106 5801 1201 5841 sua
1229 5787 1562 5856 suscepisse,
1600 5793 1655 5839 et
1680 5798 1794 5852 prae

205 5873 265 5913 sc
293 5870 346 5913 tu
374 5873 502 5913 isse.

205 5873 265 5916 SC
293 5870 502 5914 tulisse.

1878 4739 1978 4780 nec
2005 4723 2241 4792 direptio
2270 4720 2639 4774 inimicorum.
2673 4716 2912 4786 Ideoque
2940 4722 3163 4767 sanctus
3195 4711 3359 4776 dicit,
3391 4710 3484 4780 qui

1879 4825 2062 4872 certus
2099 4824 2179 4869 est
2209 4811 2350 4882 quod
2390 4811 2627 4880 direptio
2657 4808 2762 4866 sibi
2806 4807 2998 4862 obesse
3027 4803 3192 4874 902
3219 4817 3324 4855 non
3360 4815 3487 4870 pos-

1880 4911 1951 4964 sit
1980 4925 1993 4961 :
2026 4907 2154 4975 Quis
2185 4921 2277 4960 nos
2304 4904 2555 4976 separabit
2578 4922 2607 4958 a
2638 4902 2886 4956 charitate
2909 4896 3144 4952 Christi?
3168 4894 3483 4962 Tribulatio,

1881 5019 1948 5056 an
1979 5001 2256 5072 angustia?
2285 5009 2341 5056 et
2367 5009 2602 5055 cattera:
2637 4997 2743 5052 Sed
2782 4997 2835 5048 in
2875 4993 2955 5046 his
2998 4991 3233 5044 omnibus
3277 5006 3490 5062 supera-

1883 5114 1998 5152 mus
2020 5106 2066 5151 et
2094 5095 2498 5165 supervincimus
2522 5109 2614 5165 per
2638 5106 2753 5146 eum
2779 5087 2866 5159 qui
2893 5084 3075 5139 dilexit
3103 5100 3197 5138 nos
3220 5098 3240 5137 :
3268 5083 3487 5137 scientes

1885 5193 2023 5263 quod
2058 5207 2220 5263 neque
2245 5206 2383 5245 mors
2403 5230 2418 5257 ,
2451 5203 2610 5258 neque
2639 5185 2743 5238 vita
2768 5224 2784 5250 ,
2827 5197 2988 5252 neque
3019 5177 3236 5249 angelus
3260 5219 3275 5244 ,
3330 5192 3491 5246 neque

1889 5282 2208 5351 Potestates‘,
2241 5299 2403 5354 neque
2429 5278 2703 5354 prasentia
2722 5317 2736 5342 ,
2768 5289 2928 5344 neque
2951 5274 3219 5343 futuram.
3247 5283 3490 5339 separare

1889 5397 1982 5435 nos
2012 5380 2208 5451 possint
2236 5395 2268 5431 a
2305 5378 2556 5433 charitate
2582 5373 2681 5428 Dei
2703 5415 2718 5440 ,
2758 5389 2870 5444 quas
2911 5381 2986 5426 est
3024 5372 3079 5425 in
3121 5367 3326 5423 Christo
3364 5367 3493 5421 Jesu

1891 5473 2117 5529 Domino
2144 5483 2318 5529 nostro
2361 5470 2538 5542 (Rom.
2564 5483 2656 5523 vttt
2679 5508 2694 5536 ,
2723 5465 2792 5523 55
2813 5475 2861 5521 et
2887 5465 3044 5537 seq.).
3078 5463 3221 5534 Ergo
3247 5460 3340 5532 qui
3369 5460 3493 5516 talis

1970 5641 1999 5680 ι’
2041 5640 2187 5696 Edit.
2218 5637 2376 5692 Rom.
2397 5677 2413 5704 ,
2451 5633 2514 5688 Et
2538 5636 2592 5688 in
2619 5646 2830 5704 numero
2851 5629 2993 5704 prior
3024 5634 3118 5704 est.
3149 5622 3308 5704 Alite,
3337 5629 3500 5704 atque

1901 5693 2238 5778 mssJE’t'in
2261 5693 2517 5775 numeris,
2545 5714 2652 5763 etc.
2680 5702 2820 5770 Quid
2850 5693 2896 5757 si
2924 5695 3256 5767 coniunctim
3285 5693 3498 5765 legere;

1902 5793 2012 5854 tur,
2041 5781 2362 5838 innumeris?
