4008 6352
514 218 649 276 “07

1824 211 2071 270 SQNG'I‘I
2109 212 2436 270 AMBROSII

3707 225 3822 282 lib".

510 344 630 403 est,
660 349 772 390 non
820 339 1100 405 separatur
1127 344 1155 384 a
1187 328 1426 385 Christo.
1458 327 1614 384 Unde
1658 326 1871 383 etiamsi
1918 341 2112 396 corpo-
2139 333 2192 392 Α
2220 328 2343 383 rimi
2394 337 2774 384 nasceremur.
2823 328 2892 386 Ut
2937 331 3088 387 enim
3135 329 3409 386 Dominus
3454 342 3644 389 noster
3689 335 3825 394 Iesus

511 427 702 484 raliter
726 427 1033 498 diripiatur,
1060 423 1377 495 spiritaliter
1403 431 1583 478 tamen
1611 420 1750 478 liber
1775 430 1899 477 est:
1926 429 1985 478 et
2007 437 2119 479 non
2223 419 2472 476 Christus
2499 421 2640 476 sicut
2663 435 2896 493 granum
2921 424 3126 479 cecidit
3154 424 3209 479 in
3241 433 3446 480 terram
3470 467 3487 492 ,
3517 433 3575 482 et
3593 439 3825 488 meum

513 524 690 579 solum
721 519 1014 592 direptioni
1043 517 1314 572 obnoxius
1343 531 1451 571 non
1481 527 1561 571 est
1581 557 1597 582 ,
1633 515 1726 571 sed
1770 516 1933 571 etiam
1975 514 2124 584 rapi-

517 634 642 675 nam
694 617 798 672 sibi
848 613 1173 670 laudabilem
1223 616 1455 684 quazrit;
1502 611 1644 666 sicut
1689 610 1768 666 illi
1813 609 1880 665 de
1921 609 2122 680 quibus

515 713 776 781 scriptum
819 719 902 766 est
928 727 942 762 :
967 707 1016 762 Α
1046 706 1225 761 diebus
1249 704 1469 760 Joannis
1499 703 1753 774 Baptistae
1775 718 1993 774 regnum
2023 718 2124 756 cat-

517 805 686 860 lorum
707 802 946 872 cogitur,
977 809 1023 854 et
1045 807 1282 870 cogentes
1309 796 1563 865 diripiunt
1607 794 1744 848 illud
1781 792 1997 865 (Matth.
2028 809 2081 848 χι
2103 833 2121 861 ,

515 871 636 966 12).
651 871 835 949 Victor
856 902 939 948 est
955 891 1139 962 itaque
1159 890 1248 961 qui
1267 889 1323 945 in
1347 889 1578 945 terrenis
1600 889 1807 959 positus
1825 897 1851 924 ⁸
1879 888 2125 958 captivus

514 987 756 1060 perﬁdiae
797 1000 918 1042 esse
948 1000 1053 1039 non
1101 982 1283 1047 novit;
1315 997 1415 1037 nec
1443 981 1618 1039 solum
1649 982 1700 1035 ei
1739 994 1846 1036 non
1874 978 2126 1049 diripitur

515 1081 658 1152 quod
689 1079 1010 1151 praeclarum
1055 1085 1178 1144 est,
1225 1073 1321 1131 sed
1368 1075 1539 1146 magis
1586 1075 1703 1144 ipse
1747 1073 1933 1143 diripit
1979 1069 2128 1144 quod

519 1183 783 1228 aeternum
815 1178 920 1226 est.

589 1265 680 1322 36.
722 1266 861 1319 Sunt
907 1262 1072 1317 etiam
1115 1260 1212 1332 qui
1261 1260 1396 1315 tiant
1439 1273 1572 1316 oves
1615 1272 1889 1314 escarum.
1946 1257 2130 1314 Bonus

521 1358 787 1413 Dominus
815 1366 1001 1411 noster
1037 1354 1197 1410 Jesus
1223 1352 1474 1409 Christus
1502 1353 1629 1424 quia
1670 1352 1843 1408 factus
1887 1360 1973 1408 est
2013 1351 2130 1406 ovis

520 1450 854 1523 epulationis
884 1461 1110 1504 nostrae.
1141 1447 1352 1516 Quteris
1382 1445 1659 1516 quomodo
1690 1446 1862 1500 factus
1893 1445 1999 1499 sit?
2021 1445 2131 1499 Au-

519 1545 573 1602 di
603 1545 876 1600 dicentem
905 1561 918 1598 :
952 1542 1161 1597 Pascha
1200 1552 1432 1596 nostrum
1459 1539 1755 1595 immolatus
1793 1547 1867 1594 est
1891 1537 2131 1593 Christus

520 1640 577 1714 (Ι
603 1641 722 1696 Cor.
758 1658 821 1706 v,
855 1641 944 1711 7).
987 1640 1059 1695 Et
1102 1639 1383 1694 considera
1434 1637 1893 1709 quemadmodum
1935 1652 2133 1707 paren-

2224 524 2338 581 est,
2371 525 2428 569 ut
2465 515 2693 570 multum
2724 515 2963 572 {cauum
2993 516 3260 574 atferret:
3297 518 3372 573 ita
3414 518 3580 574 etiam
3605 519 3823 590 dispersi

2226 615 2351 661 sunt
2389 605 2623 676 apostoli
2651 609 2864 674 sancti,
2894 618 2956 664 ut
2985 609 3188 664 bos-tim
3227 611 3372 666 inter
3413 623 3608 682 gentes
3661 629 3825 673 cereas

2227 698 2520 763 aii‘errent;
2550 713 2657 769 quo
2685 699 2751 754 ad
2777 715 2970 757 eorum
3000 701 3421 757 similitudinem
3443 705 3611 776 ωδ
3640 706 3826 765 fructu

2226 793 2464 864 gentium
2494 793 2803 862 pullularet.
2839 795 3080 866 Denique
3105 796 3395 866 Scriptura
3441 797 3553 853 hoc
3589 798 3724 854 dicit
3755 803 3826 856 ea.

2226 887 2373 941 xisse
2424 887 2755 942 Dominum:
2791 888 2930 956 Quia
2981 900 3256 958 propterea
3303 907 3397 946 vos
3441 893 3606 958 nisi,
3655 903 3711 945 ut
3752 911 3825 952 res

2232 981 2389 1045 eatis,
2423 990 2473 1034 et
2503 984 2730 1051 fructum
2762 983 3046 1051 plurimum
3075 981 3313 1048 «feratis
3331 1023 3348 1050 ,
3381 994 3436 1038 et
3459 987 3667 1056 frictus
3693 999 3828 1042 uesta

2231 1082 2432 1128 maneat
2459 1072 2642 1143 (Joan.
2671 1089 2774 1142 xv,
2808 1073 2921 1145 i6).
2949 1073 3145 1128 Factus
3171 1085 3255 1129 est
3298 1091 3438 1147 ergo
3467 1076 3736 1133 Dominus
3755 1080 3824 1135 ιε.

2233 1183 2324 1222 sus
2365 1167 2616 1224 Christus
2659 1169 2802 1224 sicut
2841 1185 3064 1234 semen,
3097 1171 3408 1225 secundum
3457 1172 3614 1242 quod
3651 1175 3825 1231 dictus

2233 1262 2407 1317 estad
2449 1261 2724 1318 Abraham
2757 1280 2771 1316 :
2803 1261 2832 1302 δ
2872 1261 2943 1318 Et
2987 1265 3174 1318 «nmini
3203 1275 3297 1319 tuo
3337 1264 3518 1335 (Gen.
3547 1281 3658 1322 xm
3685 1309 3702 1334 ,
3736 1269 3823 1335 8);

2233 1355 2377 1427 quod
2419 1366 2507 1411 est
2549 1354 2819 1412 Christus.
2864 1356 3064 1414 Semen
3104 1373 3239 1429 ergo
3277 1359 3537 1414 omnium
3585 1361 3822 1420 Christus.

2236 1449 2303 1505 Et
2329 1451 2453 1504 ideo
2479 1463 2539 1504 se
2563 1448 2763 1504 cadere
2791 1464 2982 1520 passus
3009 1460 3092 1505 est
3120 1459 3178 1506 et
3205 1453 3390 1522 spargi
3417 1492 3438 1519 ,
3479 1462 3547 1506 ut
3578 1454 3826 1511 contem

2235 1541 2450 1610 corpori
2481 1555 2580 1596 suo
2607 1541 3017 1612 transﬁguraret
3038 1557 3238 1614 corpus
3266 1543 3613 1600 humilitatis
3637 1557 3823 1603 nostra.

2239 1635 2349 1691 lloc
2369 1648 2501 1706 ergo
2524 1649 2711 1691 semen
2734 1636 2974 1692 salutare
2991 1638 3247 1692 omnibus
3274 1639 3604 1695 hominibus
3631 1642 3827 1708 palleb-

520 1744 603 1790 tes
653 1735 824 1789 nostri
871 1735 923 1788 in
955 1733 1127 1801 ﬁgura
1156 1732 1477 1802 diripientes
1506 1748 1704 1802 agnum
1734 1731 2136 1787 manducabant
2163 1736 2213 1796 B
2240 1729 2350 1794 vit,
2377 1736 2430 1783 et
2460 1743 2526 1783 ex
2576 1727 2666 1782 illo
2709 1728 2776 1782 ad
2807 1728 2928 1798 ejus
2963 1729 3255 1799 imaginem
3293 1729 3519 1801 ﬁgurati
3543 1772 3560 1796 ,
3592 1733 3740 1802 quasi
3762 1749 3823 1790 se-

519 1826 892 1898 signilicantes
925 1823 1150 1880 Domini
1197 1825 1327 1880 Jesu
1367 1825 1709 1896 passionem,
1755 1823 1912 1892 cujus
1959 1823 2140 1892 quoti-

521 1919 612 1976 die
663 1921 934 1975 vescimur
984 1928 1347 1974 sacramento.
1411 1918 1514 1972 Per
1559 1918 1731 1987 ipsam
1782 1917 1942 1988 igitur
1983 1931 2141 1972 ovetn

522 2014 650 2070 facti
699 2025 828 2070 sunt
873 2029 1053 2087 greges
1079 2028 1312 2068 escarum
1335 2052 1350 2077 ,
1395 2011 1537 2066 sicut
1572 2009 1770 2081 Aquila
1798 2009 1975 2064 dixit:
2010 2009 2093 2064 vel
2120 2049 2138 2076 ,

523 2123 703 2179 greges
746 2108 801 2160 in
838 2123 1010 2172 escas,
1056 2106 1198 2160 sicut
1241 2103 1584 2159 Theodotion
1612 2102 1824 2158 locutus
1865 2110 1984 2157 est:
2014 2100 2139 2171 vel,

516 2216 713 2270 pascua
741 2199 1032 2263 edentium,
1076 2199 1219 2253 sicut
1268 2195 1632 2268 Symmachus
1661 2194 1821 2250 dixit.
1847 2193 1955 2250 Sed
1995 2193 2136 2250 bona

526 2291 768 2362 epulatio
809 2305 914 2346 non
947 2290 1122 2345 solum
1165 2305 1272 2344 non
1305 2296 1389 2343 est
1429 2287 1718 2342 metuenda
1750 2287 1997 2354 sanctis,
2041 2285 2140 2341 sed

523 2386 689 2440 etiam
724 2383 1186 2454 concupiscenda.
1221 2382 1394 2438 Aliter
1417 2384 1565 2437 enim
1594 2381 1659 2436 ad
1704 2397 1928 2452 regnum
1967 2381 2140 2437 calo—

524 2492 645 2532 rum
676 2493 784 2532 non
818 2486 997 2547 potest
1027 2473 1333 2546 perveniri;
1363 2489 1484 2530 cum
1531 2474 1648 2543 ipse
1681 2473 1940 2528 Dominus
1985 2473 2139 2530 dixe-

522 2570 595 2623 rit
628 2586 641 2622 :
677 2567 800 2623 Nisi
841 2567 1278 2623 manducaveritis
1326 2582 1497 2621 meam
1545 2582 1782 2631 carnem,
1819 2577 1868 2620 et
1909 2567 2140 2622 biberitis

531 2683 703 2722 nicum
733 2666 1035 2738 sanguinem
1053 2701 1069 2731 ,
1102 2681 1206 2718 non
1234 2663 1487 2718 [rubebitis
1509 2664 1664 2717 uitam
1685 2675 1932 2718 teternam
1951 2662 2134 2736 (Joan.

532 2774 621 2825 vt,
647 2753 771 2828 5i).
807 2758 1100 2814 Probatum
1127 2766 1210 2812 est
1251 2757 1417 2829 igitur
1454 2756 1598 2826 quod
1645 2756 1910 2811 Dominus
1951 2767 2140 2813 noster

529 2852 602 2907 sit
631 2853 784 2908 cibus
805 2893 821 2921 ,
851 2853 922 2906 sit
949 2853 1214 2922 epulatio,
1247 2852 1332 2905 vel
1362 2851 1681 2906 alimentum
1709 2851 1989 2907 edentium
2017 2871 2030 2916 ;
2063 2853 2140 2908 si—

526 2955 617 2999 cut
645 2946 762 3014 ipse
803 2946 881 3000 ait
913 2963 927 2999 :
976 2945 1086 3017 Ego
1117 2961 1232 3000 sum
1261 2945 1413 3017 panis
1441 2947 1583 3001 rivus
1607 2987 1622 3013 ,
1661 2946 1751 3014 qui
1788 2947 1850 3000 de
1881 2946 2005 3001 caelo
2047 2948 2140 3004 de-

527 3039 702 3092 scendi
730 3038 893 3108 (Ibid.
914 3080 931 3106 ,
962 3038 1076 3109 5i).

2242 1818 2386 1875 mina
2431 1819 2664 1890 apostoli
2707 1820 2883 1889 sancti
2929 1822 3081 1875 missi
3123 1827 3252 1876 sunt
3293 1836 3395 1892 per
3432 1821 3659 1878 diversa
3701 1836 3823 1895 atque

2240 1915 2516 1986 dispersi,
2571 1926 2593 1954 ο
2648 1923 2706 1970 ut
2750 1914 2805 1969 in
2849 1929 3037 1984 agrum
3086 1914 3353 1970 Ecclesiae
3389 1925 3604 1987 gentes
3641 1931 3829 1989 onagro

2239 2017 2378 2078 gutta
2417 2005 2650 2062 diversis
2673 2005 2963 2076 (fructibus
2991 2005 3329 2078 refulgerent
3359 2015 3491 2062 toto
3516 2009 3660 2064 orbe
3689 2021 3823 2065 tem-

2243 2115 2384 2155 rum.
2408 2099 2531 2155 Istc
2557 2115 2688 2171 ergo
2719 2101 3093 2171 dispersiones
3121 2101 3411 2166 dicuntur,
3437 2104 3592 2158 sicut
3619 2105 3766 2160 etiam
3789 2107 3827 2162 is

2243 2193 2636 2264 posterioribus
2684 2192 2826 2250 idem
2863 2194 3034 2249 David
3078 2193 3211 2249 dicit
3250 2211 3266 2249 :
3307 2193 3635 2264 Eli/iens
3675 2195 3827 2250 Bias-

2239 2290 2400 2344 δαείη
2450 2287 2746 2354 Dominus,
2799 2296 2846 2342 et
2914 2289 3256 2359 dispersiones
3312 2287 3495 2343 Israel
3541 2305 3828 2361 congregat

2241 2381 2414 2451 (Psal.
2437 2396 2619 2447 cxtvt,
2650 2380 2685 2434 ς
2702 2380 2743 2450 ).
2779 2380 3017 2451 Dispersi
3047 2391 3173 2436 sunt
3194 2382 3343 2436 enim
3365 2391 3425 2436 nt
3452 2397 3635 2436 novos
3658 2382 3823 2438 fructus

2239 2474 2520 2542 facerent,
2559 2485 2614 2530 et
2654 2484 2841 2546 postea
2876 2474 3041 2530 veluti
3083 2475 3326 2530 tritico
3362 2491 3574 2532 novum
3607 2476 3825 2533 Ecclesia

2242 2570 2454 2626 horreis
2480 2570 2887 2624 inveherentur.

2310 2666 2405 2720 59.
2449 2664 2574 2719 Hac
2603 2674 2780 2720 autem
2807 2662 3076 2734 dispersio
3105 2678 3212 2718 non
3252 2664 3309 2718 in
3360 2662 3720 2721 inferioribus
3749 2665 3820 2732 st;

2243 2758 2345 2814 hoc
2385 2765 2502 2822 est,
2545 2772 2654 2812 non
2683 2758 2736 2811 in
2771 2765 2950 2823 terra,
2985 2756 3082 2812 sed
3124 2757 3178 2811 in
3218 2757 3386 2812 cmlo.
3424 2757 3676 2828 Denique
3699 2758 3824 2830 Legio

2243 2853 2344 2908 hoc
2371 2865 2640 2924 pra-cepta
2677 2852 3035 2918 conﬁrmant,
3063 2866 3161 2922 per
3185 2867 3347 2922 quam
3377 2849 3522 2908 dicit
3549 2851 3819 2908 Dominus:

2245 2945 2306 3002 Si
2347 2947 2501 3016 fuerit
2535 2945 2787 3017 dispersio
2817 2955 2905 2998 tua
2937 2961 2970 2998 α
3006 2959 3207 2998 summa
3232 2944 3363 2998 creto
3403 2959 3574 3013 usque
3617 2943 3687 2998 od
3709 2961 3822 2998 ul-

2245 3056 2386 3093 mum
2423 3039 2536 3094 ctuti
2558 3079 2573 3103 ,
2603 3037 2724 3091 inde
2749 3037 3068 3110 congregato
3106 3047 3184 3102 te,
3223 3037 3356 3090 dicit
3385 3035 3653 3092 Dominus
3677 3037 3820 3108 (Dat.

601 3131 691 3185 57.
734 3131 802 3186 Ει
844 3143 900 3186 ut
931 3133 1077 3188 scias
1105 3133 1231 3203 quia
1262 3133 1380 3189 haec
1407 3134 1588 3189 omnia
1621 3143 1846 3205 propter
1874 3150 1972 3190 nos
2001 3136 2141 3192 iacta
2168 3124 2214 3188 C
2247 3147 2350 3187 xu
2375 3173 2390 3197 ,
2421 3131 2502 3202 4).
2535 3131 2668 3198 Qua:
2694 3139 2780 3185 est
2807 3131 3076 3200 dispersio
3099 3145 3127 3182 a
3165 3145 3382 3186 summo
3407 3131 3562 3186 οωιο
3593 3145 3747 3202 usque
3767 3132 3818 3186 ad

529 3234 691 3289 sunt,
717 3240 787 3280 ex
812 3240 922 3294 quo
946 3225 1040 3280 ille
1063 3225 1383 3293 descendit,
1415 3241 1484 3281 ex
1513 3228 1607 3282 illo
1635 3237 1856 3284 sanctus
1883 3229 1958 3283 ait
1982 3248 1995 3284 :
2028 3227 2145 3285 Nos

531 3333 709 3372 omnes
739 3334 873 3372 unus
903 3321 1052 3390 panis
1082 3332 1259 3374 sumus
1283 3319 1338 3393 (l
1362 3318 1486 3375 Cor.
1512 3337 1577 3388 ι,
1616 3321 1732 3391 ii).
1773 3321 1892 3376 Non
1919 3335 2051 3393 ergo
2077 3322 2148 3378 ti.

541 3425 822 3478 meamus,
851 3414 974 3479 quia
999 3410 1121 3466 facti
1149 3426 1337 3467 sumus
1366 3428 1496 3469 oves
1525 3427 1794 3468 escarum.
1827 3413 1980 3470 Sicut
1999 3415 2146 3471 enim

539 3502 756 3556 Domini
808 3517 977 3568 caro,
1016 3512 1071 3558 et
1114 3505 1337 3572 sanguis
1384 3505 1552 3574 ipsius
1606 3521 1707 3561 nos
1757 3506 2021 3572 redemit;
2073 3507 2147 3563 ita

545 3593 710 3649 etiam
764 3593 960 3648 Petrus
1007 3609 1103 3663 pro
1152 3595 1391 3651 Ecclesia
1443 3597 1609 3652 multa
1663 3599 1932 3654 toleravit.
1982 3599 2147 3654 Multa

537 3689 704 3741 etiam
736 3696 967 3740 sanctus
1010 3689 1290 3756 apostolus
1323 3687 1560 3756 Paulus,
1593 3699 1648 3745 et
1683 3693 1870 3746 caueri
1913 3693 2147 3762 apostoli

547 3777 930 3848 pertulerunt;
963 3792 1086 3834 cum
1133 3781 1478 3836 caederentur
1517 3783 1719 3854 virgis,
1765 3799 1890 3840 cum
1941 3787 2148 3858 lapida-

540 3879 754 3939 rentur,
782 3887 906 3928 cum
943 3873 995 3928 in
1023 3887 1271 3929 carceres
1303 3875 1670 3932 truderentur.
1707 3877 1798 3932 Illa
1827 3879 1972 3934 enim
2003 3881 2145 3935 tole-

538 3965 716 4020 rantia
748 3963 1107 4035 injuriarum,
1139 3975 1197 4023 et
1226 3984 1327 4023 usu
1359 3970 1725 4040 periculorum
1763 3971 1976 4028 Domini
2023 3973 2148 4030 iun-

535 4057 694 4112 datus
721 4067 808 4114 est
835 4060 1099 4130 populus,
1130 4071 1187 4118 et
1215 4062 1458 4120 Ecclesia
1490 4065 1887 4124 incrementum
1908 4076 1997 4124 est
2015 4083 2142 4126 con-

536 4155 761 4214 secuta;
801 4163 923 4205 cum
970 4145 1156 4208 caeteri
1185 4153 1254 4208 ad
1301 4155 1620 4228 martyrium
1666 4157 2025 4228 festinarent,
2069 4161 2150 4218 vi-

537 4239 731 4296 dentes
777 4259 874 4313 per
904 4245 1027 4301 illas
1053 4249 1337 4318 passiones
1365 4250 1499 4306 nihil
1543 4253 1918 4322 apostolorum
1959 4255 2151 4312 deces-

544 4332 684 4389 sisse
712 4335 1036 4400 virtutibus;
1068 4339 1164 4394 sed
1203 4341 1371 4396 etiam
1401 4351 1624 4413 propter
1652 4343 1792 4400 hanc
1818 4345 2040 4403 brevem
2067 4348 2147 4403 vi-

549 4435 658 4481 tam
689 4427 1156 4486 immortalitatem
1182 4431 1288 4487 illis
1316 4447 1438 4490 esse
1462 4435 1770 4506 quaesitam.

2249 3239 2519 3278 summum
2550 3223 2787 3279 uelum?
2821 3223 2956 3290 Quis
2993 3223 3094 3278 iste
3125 3229 3343 3286 tantus,
3373 3225 3470 3294 qui
3519 3226 3602 3280 sic
3628 3227 3822 3296 punierit

2248 3317 2632 3374 disseminari?
2663 3317 2722 3372 Si
2752 3317 2946 3384 homo,
2979 3319 3034 3372 in
3066 3330 3213 3372 terra
3242 3327 3407 3372 natus
3443 3328 3537 3374 est
3565 3336 3579 3373 :
3611 3320 3678 3374 ab
3703 3321 3816 3384 iure,

2251 3429 2355 3467 non
2385 3429 2417 3467 a
2442 3427 2658 3468 summo
2694 3413 2880 3482 cmpit.
2915 3411 2970 3468 Si
3001 3413 3101 3467 ista
3139 3419 3195 3467 te
3238 3423 3507 3479 movent,
3533 3425 3694 3485 atque
3721 3429 3814 3484 per-

2251 3504 2508 3570 turbant,
2542 3505 2658 3559 redi
2695 3503 2763 3558 ad
2793 3504 3072 3572 superiora
3103 3505 3262 3559 istius
3298 3507 3482 3560 sancti
3535 3506 3816 3577 propheta,

2249 3604 2306 3650 et
2348 3596 2475 3650 audi
2506 3595 2627 3665 quis
2673 3596 2765 3649 ille
2796 3597 2867 3651 sit
2897 3605 3076 3650 tantus
3104 3597 3193 3666 qui
3227 3596 3551 3667 hujusmodi
3601 3600 3652 3653 in
3697 3600 3818 3655 terris

2249 3699 2462 3760 segetes
2491 3689 2843 3754 fecundavit,
2867 3698 2927 3744 ut
2957 3687 3164 3745 fructus
3187 3705 3375 3746 earum
3403 3693 3476 3748 ad
3501 3695 3736 3750 caelestia
3753 3709 3816 3747 re-

2248 3779 2530 3853 ceptacula
2583 3783 2913 3852 perveniret.
2963 3782 3062 3838 Est
3108 3792 3289 3839 autem
3338 3785 3435 3841 ille
3475 3802 3712 3857 sponsus
3745 3787 3814 3856 qui

2249 3877 2402 3946 quasi
2442 3876 2592 3946 gigas
2639 3876 2977 3946 percucurrit
3021 3876 3160 3932 hanc
3205 3878 3349 3934 viam
3389 3887 3570 3935 totum
3598 3923 3614 3946 ,
3655 3882 3814 3936 invisat

2249 3973 2392 4040 aliis,
2423 3972 2527 4028 sibi
2551 3972 2793 4043 perviam
2821 3991 2836 4027 :
2869 3983 2926 4030 et
2953 3989 3020 4029 ex
3050 3974 3147 4029 illo
3171 3975 3342 4045 cmpit
3371 3977 3561 4046 pervia
3588 3977 3692 4048 jam
3723 3989 3814 4033 esse

2251 4066 2608 4133 mortalibus;
2641 4066 2713 4120 ita
2759 4074 2941 4122 tamen
2967 4108 2985 4134 ,
3023 4077 3082 4122 ut
3129 4067 3216 4122 isti
3263 4070 3672 4127 ascenderem:
3699 4072 3812 4126 solm

2250 4166 2430 4214 tamen
2461 4157 2554 4214 ille
2591 4159 2710 4228 ipse
2745 4167 2876 4214 ante
2914 4157 3312 4226 descenderet,
3343 4169 3400 4214 ut
3449 4170 3642 4231 postea
3679 4161 3811 4217 sancti

2249 4252 2367 4322 ejus
2397 4260 2739 4308 mererentur
2765 4253 3082 4308 ascendere.
3115 4251 3255 4308 Audi
3283 4268 3420 4325 ergo
3450 4255 3718 4325 quomodo
3733 4256 3812 4310 ὡς·

2250 4344 2536 4401 seminatio
2567 4344 2728 4400 fuerit
2769 4344 2840 4400 de
2870 4345 2993 4402 cteli
3025 4359 3238 4400 summo
3267 4345 3338 4401 ad
3371 4347 3500 4403 creti
3552 4363 3807 4403 summum.

2250 4439 2296 4493 A
2320 4455 2552 4507 summa,
2579 4438 2789 4508 inquit,
2814 4439 2944 4493 calo
2969 4439 3190 4510 egressio
3219 4441 3332 4511 ejus
3352 4480 3370 4507 ,
3400 4448 3449 4493 et
3475 4456 3712 4495 meum
3726 4443 3812 4512 ejus

611 4520 704 4576 '58.
747 4520 901 4589 Quod
933 4523 1171 4578 ostendit
1208 4525 1374 4582 etiam
1399 4529 1491 4597 qui
1521 4529 1767 4599 sequitur
1805 4531 2141 4602 versiculus,
2174 4536 2224 4602 ι)
2250 4551 2411 4606 usque
2435 4534 2505 4588 ad
2534 4549 2791 4588 summum
2833 4537 2946 4606 ejus
2986 4533 3162 4604 (Psat.
3205 4547 3335 4587 xvm
3356 4573 3371 4598 ,
3402 4531 3481 4604 7).
3508 4531 3609 4588 Cui
3645 4534 3810 4590 homini

539 4612 668 4683 quia
698 4612 992 4668 dixerunt:
1025 4613 1097 4669 Et
1140 4615 1277 4671 inter
1303 4628 1476 4690 gentes
1517 4621 1805 4693 dispersiin
1843 4639 1956 4678 nos.
1980 4624 2145 4683 Simi-

543 4705 674 4761 liter
717 4704 1059 4763 Tlteodotion
1109 4707 1290 4764 dixit:
1331 4710 1523 4783 Aquila
1572 4723 1754 4770 autem
1801 4725 1857 4772 ct
1894 4716 2145 4788 Symma-

535 4798 668 4854 chus
702 4817 714 4853 :
757 4798 827 4854 In
866 4802 1140 4872 gentibus,
1180 4813 1274 4860 aut
1319 4806 1450 4861 inter
1491 4818 1668 4880 gentes
1713 4810 1974 4867 ventilasti
2024 4828 2140 4870 nos.

544 4889 696 4948 Missi
722 4902 849 4950 sunt
876 4897 1024 4952 enim
1045 4899 1217 4954 sancti
1241 4901 1472 4970 apostoli
1498 4902 1566 4956 ad
1593 4912 1814 4973 gentes,
1838 4912 1894 4960 et
1917 4904 2148 4975 dispersi

538 4997 666 5044 sunt
692 4989 832 5046 inter
857 5000 1078 5063 gentes,
1106 4995 1248 5051 sicut
1276 5004 1330 5052 et
1359 4995 1641 5066 prophetae
1683 5000 1894 5065 sancti,
1925 4999 1995 5056 de
2024 5001 2142 5072 qui-

538 5079 639 5136 bus
676 5095 839 5153 supra
867 5084 1136 5154 diximus;
1169 5096 1227 5143 ut
1256 5087 1345 5142 illa
1391 5087 1732 5160 dispersione
1771 5090 1981 5148 fructus
2019 5093 2140 5164 plu-

607 5241 634 5278 ⁸
663 5233 795 5317 Mss.
819 5243 1078 5317 (aliquot,
1113 5247 1343 5317 captivus
1374 5264 1465 5317 per
1494 5248 1649 5316 ﬁdem
1676 5264 1785 5303 esse
1827 5266 1929 5304 non
1970 5252 2133 5307 novit.

537 5311 693 5368 Haud
727 5316 869 5371 male
890 5355 906 5381 ,
930 5311 985 5370 ἐἰ
1017 5311 1208 5384 modo,
1237 5325 1327 5389 per
1357 5311 1549 5388 ﬁdem,
1581 5329 1829 5376 sumatur
1867 5336 1998 5392 pro,
2028 5321 2151 5392 fidei

539 5399 638 5440 one
665 5402 727 5440 ac
757 5388 1022 5440 praesidio.

539 5399 638 5453 ope
665 5402 727 5440 ac
757 5399 1022 5453 priuatam.

606 5455 633 5492 ι)
667 5457 779 5512 Huc
823 5457 955 5532 edit.
993 5459 1153 5514 Rom.
1185 5459 1491 5517 inseruerat
1533 5482 1545 5516 :
1583 5463 1945 5532 Muitipiicabo
1973 5483 2142 5521 semen

536 5533 720 5592 tuum;
749 5530 886 5607 quod
928 5531 1296 5607 interpretatus
1322 5532 1603 5606 Apostolus
1643 5530 1818 5602 dixit;
1849 5552 1970 5607 quae
2012 5553 2143 5593 nus-

537 5607 701 5671 quam
735 5601 867 5671 alibi
894 5603 1265 5671 reperiuntur.

612 5677 634 5705 ο
666 5665 750 5750 Ita
774 5670 905 5750 edit.
929 5665 994 5726 ac
1015 5672 1124 5750 duo
1155 5689 1284 5750 mss.
1311 5675 1380 5730 At
1400 5690 1531 5732 vero
1559 5678 1611 5750 in
1642 5677 1881 5750 quinque
1909 5675 2030 5734 aliis
2062 5678 2142 5736 le-

537 5750 632 5813 gas
659 5755 671 5792 :
695 5747 752 5792 ut
776 5743 831 5795 in
858 5759 1040 5816 agrum
1072 5742 1321 5801 Ecclesia:
1348 5763 1413 5802 ea:
1446 5742 1680 5820 gentibui
1709 5742 2034 5825 congregant
2060 5753 2140 5807 di-

2255 4627 2360 4683 hoc
2397 4627 2569 4696 possit
2595 4626 2864 4680 attribui?
2897 4625 3110 4697 Moyses
3152 4624 3240 4680 vix
3283 4625 3340 4679 in
3390 4625 3657 4682 verticem
3695 4626 3810 4681 Siue

2253 4719 2452 4774 montis
2481 4718 2759 4782 ascendit.
2787 4727 2843 4773 et
2873 4718 2977 4773 hoc
3005 4718 3131 4788 quia
3161 4723 3385 4772 vocatus
3411 4731 3444 4770 a
3477 4717 3702 4773 Domino
3721 4729 3806 4782 est,

2251 4821 2307 4869 et
2342 4814 2593 4868 hortatus
2639 4820 2726 4868 est
2766 4825 2900 4867 voce
2944 4811 3174 4867 caelesti.
3221 4811 3262 4865 Α
3295 4824 3516 4864 summo
3560 4811 3693 4866 caelo
3716 4808 3810 4880 quis

2248 4904 2614 4961 descenderet
2655 4904 2760 4960 nisi
2787 4903 3073 4971 Christus,
3103 4903 3194 4973 qui
3217 4912 3275 4957 et
3307 4916 3434 4957 cum
3462 4901 3734 4958 descendit
3765 4902 3806 4955 in

2249 5009 2457 5067 terras,
2502 5000 2758 5056 manebat
2803 4999 2858 5055 in
2901 4998 3080 5055 caelo?
3111 4997 3280 5052 Nemo
3325 4996 3472 5053 enim
3522 4997 3804 5052 ascenditis

2247 5094 2427 5148 auium
2445 5133 2462 5161 ,
2501 5093 2604 5148 nisi
2631 5093 2716 5164 qui
2747 5092 3006 5148 descendit
3032 5091 3096 5147 de
3120 5091 3276 5158 auio,
3312 5089 3486 5146 Filius
3515 5090 3720 5146 hominis
3739 5087 3806 5159 qui

2251 5253 2531 5324 uersis.....
2555 5253 2656 5307 Isti
2681 5269 2801 5324 ergo
2830 5253 3173 5323 dispersiones
3194 5293 3209 5317 ,
3237 5261 3342 5324 etc.
3379 5252 3529 5308 Bene
3555 5251 3598 5308 si
3626 5251 3685 5324 ad
3703 5265 3804 5320 apo-

2249 5325 2421 5380 stolos
2449 5323 2689 5388 referas;
2724 5321 2862 5379 sicut
2904 5321 2960 5379 et
2985 5325 3128 5394 quod
3161 5321 3434 5378 sexdecim
3467 5333 3590 5394 post
3628 5321 3800 5394 lineas,

2250 5397 2342 5450 ubi
2371 5397 2507 5450 edit.
2555 5405 2610 5450 et
2636 5397 2798 5466 aliqui
2826 5411 2960 5450 mss.
3003 5393 3204 5450 habent
3233 5413 3247 5449 :
3279 5393 3482 5466 segetes
3521 5393 3797 5464 fecundavit,

2247 5477 2304 5522 ut
2353 5471 2552 5538 fructus
2591 5483 2810 5533 earum;
2855 5467 3019 5522 iidem
3060 5467 3296 5537 quinque
3340 5468 3726 5536 praeferunt"...
3758 5475 3799 5517 ut

2248 5540 2446 5608 fructus
2475 5555 2671 5593 eorum.
2722 5539 2872 5593 Islaud
2902 5539 3076 5605 male,
3110 5546 3287 5607 potest
3329 5538 3476 5592 enim
3513 5547 3570 5592 et
3605 5538 3680 5593 hic
3711 5538 3797 5608 εχιτ

2250 5605 2569 5682 lepsisesse
2594 5613 2646 5664 in
2680 5625 2848 5677 voce,
2895 5605 3126 5682 segetes,
3160 5624 3265 5680 qua
3306 5609 3390 5664 vel
3437 5609 3693 5680 apostoli,
3733 5605 3796 5667 vel

2247 5680 2434 5754 populi
2462 5684 2530 5740 ab
2559 5681 2693 5754 ipsis
2719 5680 2976 5738 conversi
2999 5681 3372 5750 designentur.
