4008 6352
93 287 288 346 1109
1014 286 1016 288 ’
1228 282 1292 339 ΙΝ
1331 281 1660 342 PSALMUH
1698 283 1745 340 Χ

1855 283 1861 339 [
1903 284 2327 345 ENABRATIO.
2581 288 2593 296 “
3313 293 3452 349 1110

85 412 197 456 est
243 403 314 456 in
345 401 486 458 colis
527 399 714 473 (Ιοαιι.
755 414 842 468 ιιι,
876 399 988 470 t3).
1021 397 1188 454 Vides
1234 413 1365 469 ergo
1392 399 1519 469 quia
1543 408 1750 456 etcum
1773 405 1831 466 Α
1861 403 1932 457 tia
1959 403 2090 472 Dei,
2116 407 2214 462 sed
2266 420 2361 462 sua
2409 408 2600 478 culpa;
2629 407 2824 479 quibus
2852 417 3002 468 recte
3040 410 3278 468 dicitur:
3320 409 3458 465 Ecce

86 495 512 553 descenderet
535 505 590 552 et
613 495 974 563 ascenderet,
1012 494 1130 565 ipse
1161 500 1280 548 erat
1321 500 1376 548 et
1401 493 1650 549 manebat
1693 494 1749 551 in
1853 498 2078 567 peccatis
2130 500 2315 554 vestris
2360 501 2555 556 uenditi
2603 503 2761 569 estis,
2802 513 2850 558 et
2899 512 3108 574 promer
3160 503 3456 574 iniquitates

87 590 308 646 caelo.
338 589 462 658 Ipse
489 589 634 646 enim
661 589 844 647 dixit:
869 588 1066 645 Cretum
1086 597 1134 643 et
1156 600 1347 643 terram
1368 604 1460 660 ego
1483 589 1713 658 compleo
1731 627 1747 655 ,
1853 597 2046 643 vestras
2071 590 2245 644 dimisi
2272 601 2487 648 matrem
2516 606 2738 649 vestram
2778 591 2950 665 (Esai.
2988 611 3018 650 ι.
3042 635 3056 661 ,
3089 594 3166 667 1).
3194 595 3307 651 lloc
3355 595 3456 652 ita-

92 681 260 737 dicit
297 679 557 737 Dominus
600 681 815 754 (Jerem.
841 697 1006 748 nm,
1035 680 1151 752 24).
1179 678 1300 752 ipse
1323 688 1435 749 est,
1467 683 1557 752 qui
1584 691 1669 738 est
1696 682 1748 738 in

95 775 308 832 caelo.
336 769 466 831 ilzec
485 773 556 832 de
579 774 916 846 dispersione
939 774 1070 829 satis
1093 772 1236 828 dicta
1261 772 1389 828 sint.

192 865 308 922 40.
353 865 624 924 Caeterum
654 867 799 939 quod
826 868 904 922 ait
933 883 948 922 :
982 866 1241 921 ventilasti
1279 881 1408 933 nos;
1439 864 1542 920 etsi
1587 865 1750 922 verbo

103 957 350 1027 distat,
395 975 561 1017 sensu
605 961 872 1032 congruit.
905 960 1060 1015 Sicut
1101 959 1246 1014 enim
1280 959 1358 1015 illi
1396 959 1486 1030 qui
1516 956 1751 1029 dispersi

106 1064 266 1112 sunt
289 1095 308 1122 ,
342 1055 557 1126 probati
587 1065 715 1111 sunt
741 1073 754 1110 :
786 1055 858 1110 ita
886 1055 1052 1110 etiam
1091 1052 1185 1125 qui
1215 1052 1457 1108 ventilati
1497 1061 1656 1120 sunt,
1681 1051 1750 1108 ad

111 1147 528 1218 probationem
556 1147 840 1218 pervenire
881 1154 1221 1204 meruerunt.
1249 1145 1400 1202 Sicut
1441 1145 1584 1202 enim
1615 1145 1751 1201 triti-

111 1256 262 1300 cum
295 1243 344 1298 si
379 1242 698 1308 ventilatur,
728 1251 784 1297 et
824 1257 856 1297 a
899 1241 1069 1312 paleis
1117 1247 1440 1312 separatur,
1488 1239 1748 1296 mundum

117 1343 222 1392 est
246 1372 266 1403 ,
301 1335 352 1390 si
399 1345 580 1390 autem
613 1335 927 1391 ventilatum
961 1350 1068 1389 non
1103 1335 1300 1402 fuerit,
1331 1332 1591 1389 mundum
1625 1347 1748 1389 esse

117 1441 249 1482 non
289 1429 528 1498 poterit;
555 1428 649 1484 sed
677 1436 855 1484 exstat
883 1426 1053 1498 paleis
1082 1437 1395 1482 concretum
1427 1425 1586 1495 atque
1620 1441 1750 1496 per~

120 1519 426 1576 mixtum:
471 1520 544 1574 ita
591 1520 752 1574 etiam
783 1519 946 1574 homo
995 1519 1099 1574 nisi
1149 1519 1539 1575 tentationibus
1584 1517 1750 1574 fuerit

119 1613 472 1679 ventilatus,
517 1611 729 1684 fragilia
771 1629 1004 1684 quaeque
1047 1614 1214 1669 veluti
1262 1613 1444 1684 paleas
1469 1628 1498 1667 a
1541 1628 1599 1667 se
1641 1628 1750 1668 non

119 1713 326 1776 potest
354 1721 632 1776 separare.
658 1706 808 1762 Unde
827 1705 1175 1780 Metiam
1205 1706 1272 1762 ad
1298 1706 1518 1762 Petrum
1545 1707 1749 1764 dictum

1854 698 1957 753 que
1985 699 2185 753 genere
2212 686 2464 742 venditus
2490 689 2722 758 pupulas
2751 687 3062 744 Iudaeorum
3082 731 3096 756 ,
3125 699 3337 761 emptus
3363 697 3450 744 cst

1853 775 2087 845 populus
2113 776 2453 834 Christianus
2482 798 2497 835 :
2532 780 2622 836 ille
2653 789 2879 850 peccato
2903 781 3156 838 venditus
3178 823 3194 846 ,
3226 781 3314 836 hic
3341 797 3454 837 cm-

1853 879 1974 939 ptus
2010 869 2295 939 sanguine.
2331 871 2484 928 Unde
2510 871 2703 930 Petrus
2731 874 2811 930 ait
2848 891 2862 928 :
2897 872 3075 928 Pretio
3104 874 3261 945 empti
3300 875 3455 941 estis,

1852 976 1956 1015 non
2003 961 2423 1029 corruptibilibus
2470 973 2683 1034 argento
2728 965 2805 1020 vel
2848 982 2978 1020 auro
3037 966 3195 1038 empti
3241 967 3455 1023 estis....

1851 1053 1941 1110 sed
1971 1057 2196 1126 pretioso
2225 1058 2479 1128 sanguine
2519 1058 2577 1132 (Ι
2609 1059 2726 1116 Pet.
2763 1076 2812 1128 ι,
2854 1061 2920 1116 18
2961 1069 3010 1115 et
3055 1059 3165 1133 19).
3207 1060 3340 1128 Quis
3371 1071 3457 1115 est

1851 1149 2068 1218 sanguis
2102 1149 2412 1220 pretiosus,
2451 1153 2555 1206 nisi
2595 1152 2731 1221 Agni
2763 1153 2909 1209 illius
2955 1152 3314 1220 immaculati,
3353 1154 3458 1208 hoc

1851 1250 1970 1306 est,
2007 1240 2218 1296 Domini
2261 1242 2432 1298 nostri
2473 1242 2600 1298 Jesu
2643 1244 2883 1299 Christi?
2927 1243 3074 1316 Ergo
3120 1243 3238 1300 sine
3283 1245 3457 1314 pretio

1853 1333 2082 1404 populus
2107 1333 2417 1390 Judaeorum
2435 1376 2449 1401 ,
2490 1334 2757 1405 pretiosus
2784 1345 2965 1393 autem
3008 1337 3241 1408 populus
3267 1335 3459 1392 Chris-

1853 1427 2052 1484 tianus.
2089 1427 2183 1483 llle
2226 1430 2460 1498 pretium
2492 1444 2600 1484 non
2634 1430 2834 1495 habet,
2867 1430 2995 1501 quia
3043 1441 3332 1502 peccatum
3365 1432 3462 1485 ha:

1853 1521 1981 1577 bet:
2015 1523 2118 1578 iste
2147 1523 2200 1579 in
2228 1525 2400 1594 pretio
2430 1534 2544 1588 est,
2579 1523 2666 1580 cui
2700 1535 2978 1592 peccatum
3025 1528 3312 1584 remissum
3353 1537 3458 1583 εει.

1857 1617 2009 1674 Unde
2036 1633 2184 1674 recte
2209 1619 2469 1676 Ecclesite
2497 1620 2623 1676 ﬁliis
2647 1620 2846 1676 dicitur
2871 1639 2884 1676 :
2911 1620 3088 1677 Pretio
3117 1623 3272 1695 empti
3301 1623 3418 1676 estis
3438 1663 3456 1689 ,

1852 1711 2011 1767 nolite
2050 1713 2164 1780 ﬁeri
2203 1715 2332 1768 servi
2383 1714 2648 1769 hominum
2696 1715 2751 1786 (l
2782 1713 2904 1770 Cor.
2940 1730 3057 1782 vn,
3089 1717 3216 1788 23).
3266 1717 3323 1772 Si
3359 1716 3459 1772 tibi

123 1808 222 1855 est
271 1817 288 1854 :
334 1798 556 1867 Simon,
596 1816 713 1854 ecce
766 1812 976 1856 satanas
1023 1802 1407 1871 expostulavit,
1447 1810 1502 1855 ut
1546 1801 1748 1856 ventilet
1779 1812 1826 1872 Β
1854 1805 2078 1870 dicitur,
2104 1823 2172 1863 ne
2196 1822 2387 1863 servus
2413 1809 2509 1862 fias
2532 1809 2808 1864 hominum
2829 1849 2844 1876 ,
2877 1817 2935 1864 et
2961 1809 3154 1879 perdas
3183 1810 3455 1880 propriam

124 1907 227 1946 vos
272 1892 410 1946 sicut
437 1893 708 1950 triticum:
737 1910 830 1964 ego
858 1903 1027 1949 autem
1052 1895 1248 1966 “rogavi
1288 1893 1502 1948 Patrem
1539 1912 1707 1950 meum
1730 1933 1747 1963 ,

126 1994 189 2039 ut
235 2003 348 2042 non
391 1986 598 2057 deﬁciat
626 1987 757 2057 ﬁdes
797 1997 885 2042 tua
929 1986 1082 2060 (Luc.
1112 2002 1258 2054 xm,
1285 1987 1349 2040 51
1382 1996 1428 2041 et
1456 1985 1570 2058 52).
1617 1987 1752 2045 Vide

125 2079 270 2150 quid
297 2078 470 2150 dicit,
495 2090 554 2136 et
579 2079 866 2152 ,intcllige.
895 2079 1200 2136 Ventilatnr
1231 2080 1423 2135 Petrus
1447 2121 1464 2148 ,
1497 2089 1557 2135 ut
1586 2079 1750 2136 Chri-

126 2181 287 2228 stum
323 2187 525 2244 negare
571 2184 817 2244 cogatur.
861 2173 1054 2229 Incidit
1103 2172 1452 2242 tentationes,
1499 2173 1749 2244 qutedam

128 2270 362 2326 locutus
403 2276 490 2326 est
525 2271 681 2340 quasi
712 2269 871 2340 plena
920 2269 1238 2340 palearum:
1283 2269 1377 2324 sed
1414 2269 1627 2326 locutus
1665 2279 1750 2326 est

129 2363 333 2429 verbo,
369 2372 428 2418 ut
457 2363 726 2418 fundatior
751 2373 897 2420 esset
932 2361 1153 2419 affectu.
1187 2363 1432 2434 Denique
1460 2363 1608 2419 flevit
1632 2403 1648 2432 ,
1692 2372 1750 2421 et

134 2457 330 2528 paleas
363 2470 488 2510 suas
538 2456 712 2521 lavit,
745 2464 800 2512 et
845 2455 950 2510 illis
983 2456 1375 2512 tentationibus
1405 2457 1644 2524 meruit,
1687 2465 1748 2512 ut

136 2563 243 2619 pro
273 2563 338 2605 se
367 2547 617 2604 Christus
662 2549 1037 2605 interveniret.
1073 2550 1285 2618 Quanto
1317 2551 1490 2621 majus
1529 2560 1614 2606 est
1655 2567 1747 2621 pa-

140 2641 438 2698 trocinium
462 2682 476 2708 ,
508 2656 668 2712 quam
696 2643 1118 2712 perturbationis
1144 2644 1290 2700 illius
1313 2645 1744 2700 tentamentum?

139 2737 211 2792 Et
241 2736 366 2792 ideo
391 2735 513 2805 plus
539 2751 698 2807 quam
729 2750 922 2807 passus
951 2746 1036 2792 est
1060 2777 1076 2802 ,
1108 2737 1428 2805 acquisivit;
1459 2737 1747 2807 acquisivit

141 2829 291 2885 enim
326 2827 602 2885 Christum
649 2830 753 2885 sibi
799 2832 1251 2900 patrocinantem.
1293 2828 1517 2902 Cogitur
1562 2842 1743 2887 autent

142 2923 489 2979 adversarius
533 2932 755 2982 sanctos
783 2923 995 2978 Domini
1036 2923 1102 2978 ad
1151 2938 1247 2978 sua
1276 2924 1472 2978 damna
1508 2933 1741 2981 tentare.

145 3017 284 3072 Dum
313 3017 458 3072 enim
493 3024 662 3072 tentat
686 3058 701 3082 ,
729 3017 986 3072 meliores
1015 3016 1231 3083 reddit;
1263 3025 1319 3071 ut
1345 3017 1436 3085 qui
1470 3025 1740 3084 tentatur,

143 3114 317 3182 possit
345 3119 403 3166 et
430 3112 566 3166 alios
610 3111 921 3175 instituere,
952 3111 1042 3180 qui
1073 3111 1177 3166 sibi
1209 3112 1325 3181 ipse
1369 3110 1637 3165 invalidus
1665 3111 1742 3165 vi-

1855 1897 2161 1954 lihertatem
2188 1916 2202 1964 ;
2239 1900 2402 1972 905
2432 1901 2600 1956 multo
2638 1900 2810 1972 magis
2846 1901 3050 1957 dicitur
3077 1902 3208 1969 tibi,
3238 1917 3309 1956 ne
3339 1917 3455 1956 ser-

1854 2005 1952 2045 vus
1983 1991 2079 2045 tias
2107 1993 2333 2060 peccati.
2369 1991 2438 2048 Et
2469 1993 2665 2048 iterum
2684 2034 2700 2059 ,
2732 2009 2800 2048 ne
2835 2007 3027 2050 servus
3059 1994 3156 2049 tias
3182 1992 3457 2064 serpentis

1852 2081 2057 2136 inimici
2086 2091 2140 2137 et
2172 2082 2467 2138 adversarii
2497 2102 2509 2138 :
2537 2084 2633 2138 sed
2665 2085 2873 2140 servias
2902 2086 3004 2140 soli
3053 2085 3315 2153 Domino,
3360 2085 3455 2154 qui

1852 2177 2070 2246 propria
2105 2186 2156 2234 te
2193 2177 2426 2233 redemit
2457 2178 2759 2246 charitate;
2789 2180 2914 2250 quia
2955 2181 3072 2250 ipse
3105 2190 3189 2235 est
3229 2195 3452 2235 suorum

1851 2267 2153 2338 redemptio
2183 2271 2549 2327 servulorum.

1921 2368 2013 2422 45.
2054 2367 2169 2422 Non
2216 2368 2401 2424 vendit
2441 2384 2570 2440 ergo
2617 2370 2879 2425 Dominus
2927 2371 3030 2424 nisi
3070 2385 3292 2426 servum
3334 2386 3453 2424 mu-

1850 2458 1958 2512 lum
1995 2476 2008 2512 :
2043 2475 2149 2514 non
2189 2460 2374 2516 vendit
2419 2462 2605 2532 utique
2649 2462 2870 2517 bonum.
2923 2460 3055 2517 Nam
3106 2463 3208 2518 etsi
3248 2461 3452 2532 Joseph

1848 2551 2098 2608 venditus
2127 2562 2242 2619 est,
2275 2569 2382 2607 non
2417 2553 2554 2608 dixit
2583 2563 2762 2608 tamen
2795 2554 3104 2622 Propheta:
3139 2552 3185 2608 A
3218 2554 3456 2608 Domino

1848 2647 2098 2703 venditus
2125 2656 2208 2702 est
2231 2645 2464 2717 Joseph;
2498 2647 2595 2702 sed
2624 2664 2638 2700 ς
2669 2645 2734 2700 In
2756 2662 2957 2701 servum
2982 2646 3214 2701 venditus
3249 2655 3324 2701 est
3349 2644 3453 2699 Jo-

1846 2742 1972 2808 sep/t
2015 2739 2190 2811 (Psal.
2224 2755 2334 2806 crv,
2370 2741 2481 2810 17),
2528 2755 2686 2810 quem
2719 2741 2914 2795 fratres
2959 2739 3161 2809 proprii
3193 2738 3454 2794 vendide-

1847 2843 1974 2889 runt
2001 2850 2014 2888 :
2045 2849 2205 2904 quem
2238 2832 2500 2886 Dominus
2539 2843 2718 2888 tamen
2749 2832 2803 2886 in
2848 2833 3018 2902 ﬁgura
3059 2831 3293 2901 propria:
3321 2844 3452 2900 pas-

1847 2927 2016 2982 sionis
2062 2927 2294 2981 redemit
2335 2941 2362 2978 a
2410 2925 2703 2991 servitute,
2752 2926 3033 2980 renovavit
3079 2922 3146 2977 ad
3193 2921 3449 2994 gratiam.

1847 3019 2222 3074 Vendiderunt
2251 3020 2431 3089 itaque
2457 3034 2580 3073 eum
2610 3018 2828 3082 fratres,
2859 3026 2914 3071 et
2941 3025 3267 3085 acceperunt
3290 3030 3452 3084 pecu-

1848 3114 1988 3168 niam
2025 3131 2036 3167 :
2071 3115 2164 3168 sed
2201 3113 2460 3167 Dominus
2491 3127 2613 3166 eum
2647 3128 2754 3166 non
2785 3111 2960 3166 solum
2995 3110 3232 3165 libertati
3263 3109 3464 3164 reddi-~

91 3216 95 3220 ·
120 3224 123 3228 ν
147 3205 397 3262 debatur.
427 3206 674 3277 Denique
704 3206 899 3261 Petrus
923 3205 1182 3261 Ecclesiae
1211 3205 1568 3276 praeponitur,
1596 3216 1744 3276 post-
1770 3207 1815 3270 C
1849 3206 1959 3274 dit,
1988 3206 2081 3261 sed
2125 3207 2287 3261 etiam
2316 3205 2579 3275 dignitate
2615 3204 2929 3260 cumulavit.
2976 3204 3228 3273 Figuram
3270 3209 3456 3258 autem

147 3316 307 3371 quam
339 3308 581 3356 tentatus
611 3317 638 3353 ιι
671 3299 891 3357 diabolo
920 3309 1024 3355 est.
1057 3299 1291 3370 ideoque
1327 3309 1455 3354 ante
1481 3299 1747 3369 significat

151 3395 411 3452 Dominus
438 3395 566 3465 quid
607 3395 679 3451 sit
717 3395 846 3450 illud
867 3437 882 3462 ,
914 3395 1058 3465 quod
1088 3404 1270 3466 postea
1317 3411 1440 3450 eum
1475 3405 1745 3464 pastorem

150 3489 316 3562 elegit
358 3486 624 3546 Dominici
672 3489 872 3561 gregis.
910 3488 1041 3545 Nam
1077 3488 1201 3543 huic
1247 3488 1383 3543 dixit
1416 3503 1429 3540 :
1463 3486 1545 3542 Tu
1577 3496 1748 3542 autent

152 3597 422 3638 conuersus
456 3582 710 3651 conﬁrma
739 3585 926 3652 fratres
954 3591 1068 3635 tuos
1113 3577 1282 3651 (Ibid.
1305 3620 1319 3647 ,
1357 3578 1472 3649 52).
1504 3576 1746 3634 Conver-

151 3689 244 3731 sus
289 3682 374 3730 est
413 3691 547 3747 ergo
593 3683 813 3730 sanctus
864 3675 1143 3745 apostolus
1185 3673 1378 3730 Petrus
1427 3672 1496 3728 ad
1545 3673 1744 3728 bonam

153 3768 354 3839 frugem
379 3810 392 3834 ,
422 3776 480 3823 et
510 3767 802 3823 ventilatus
833 3775 915 3822 est
945 3767 1082 3822 sicut
1111 3764 1378 3830 triticum;
1411 3775 1470 3818 ut
1490 3775 1637 3820 esset
1666 3766 1745 3833 ip-

153 3875 212 3916 se
234 3874 353 3915 cum
384 3857 586 3914 sanctis
620 3858 830 3915 Domini
861 3873 1003 3912 unus
1045 3857 1231 3928 panis,
1264 3856 1356 3926 qui
1395 3857 1551 3912 nobis
1595 3865 1744 3911 esset

155 3953 483 4009 alimentum.
518 3951 654 4006 Dum
699 3950 843 4006 enim
885 3948 1030 4005 Petri
1079 3957 1234 4003 actus
1283 3946 1550 4016 legimus,
1597 3947 1742 4002 Petri

158 4052 417 4114 praecepta
446 4042 858 4113 cognoscimus,
888 4039 948 4096 fit
987 4040 1144 4096 nobis
1173 4040 1298 4096 vitae
1327 4048 1543 4095 aeternae
1572 4046 1630 4094 et
1652 4054 1743 4093 sa-

156 4138 279 4193 lutis
302 4137 632 4192 alimentum.

222 4233 310 4289 41.
351 4231 533 4304 (Vers.
559 4230 675 4300 13.)
707 4229 1000 4285 Vendidisti
1023 4265 1038 4296 ,
1073 4229 1288 4300 inquit,
1321 4228 1570 4300 pOpulum
1597 4238 1743 4284 tuum

161 4328 264 4382 sine
289 4325 470 4397 pretio.
500 4322 728 4381 Emeudi
759 4331 814 4378 et
839 4322 1110 4378 vendendi
1136 4321 1350 4377 videtur
1375 4323 1600 4392 aequalis
1624 4322 1744 4393 qni-

162 4420 276 4475 dam
304 4433 422 4474 esse
448 4426 799 4473 contractus:
831 4415 927 4471 sed
954 4423 1131 4471 tamen
1163 4416 1210 4471 si
1243 4416 1476 4472 ementis
1504 4424 1558 4471 et
1605 4431 1738 4471 ven-

164 4511 328 4570 dentis
366 4511 612 4568 all'ectum
657 4509 1004 4578 consideres,
1041 4508 1410 4579 unusquisque
1447 4508 1548 4563 sibi
1580 4508 1739 4564 vilio-

1853 3299 1905 3353 in
1937 3299 2198 3354 coluisse
2247 3297 2459 3354 Domini
2511 3295 2644 3353 Jesu
2686 3297 2925 3352 ostendit
2971 3296 3280 3365 Scriptura,
3330 3311 3454 3365 quae

1849 3390 1983 3446 dicit
2011 3409 2025 3446 :
2065 3389 2240 3445 Filius
2279 3407 2422 3446 meus
2463 3392 2574 3445 zelo
2606 3393 2957 3461 appetitus....
3005 3389 3073 3442 ad
3101 3404 3179 3442 me
3205 3396 3458 3442 revertere

1851 3483 2003 3556 (Gen.
2036 3499 2162 3539 XLIX
2183 3523 2198 3548 ,
2230 3483 2349 3556 22).
2383 3485 2447 3538 Et
2478 3483 2606 3538 alibi
2645 3500 2657 3536 :
2702 3481 3086 3553 Primogenitus
3126 3479 3262 3534 tauri
3293 3479 3451 3548 decus

1847 3582 1958 3651 ejus
1988 3578 2168 3650 (Deut.
2187 3594 2377 3642 nitur,
2399 3579 2518 3648 i7);
2548 3593 2613 3633 eo
2627 3577 2770 3648 quod
2786 3574 3110 3632 exaltaverit
3126 3573 3270 3629 Deus
3287 3573 3452 3628 Pater

1847 3687 2017 3728 cornu
2040 3671 2240 3727 Christi
2269 3671 2372 3726 sui.

1918 3767 2008 3822 44.
2053 3765 2154 3833 Qui
2197 3781 2328 3834 ergo
2364 3764 2640 3830 venditur,
2674 3761 2798 3817 vilis
2842 3771 2897 3816 et
2941 3761 3059 3818 sine
3105 3759 3282 3830 pretio
3327 3767 3451 3825 cst;

1846 3859 2002 3928 quasi
2047 3858 2140 3928 qui
2185 3858 2358 3926 magis
2406 3873 2511 3910 non
2560 3859 2660 3921 sit,
2701 3871 2861 3924 quam
2913 3854 3005 3922 qui
3054 3854 3144 3908 sit.
3192 3851 3343 3906 Unde
3388 3860 3450 3905 et.

1845 3951 2039 4021 Aquila
2071 3951 2204 4004 dixit
2237 3970 2250 4003 :
2283 3949 2569 4003 Tradidisti
2601 3949 2848 4019 papulum
2872 3958 3044 4010 tuum,
3075 3956 3128 4000 ut
3158 3962 3258 3999 non
3288 3954 3441 3998 esset.

1847 4046 1912 4100 Et
1938 4043 2297 4115 Symmachus
2327 4061 2339 4095 :
2374 4042 2660 4096 Tradidisti
2701 4042 2950 4112 populum
2990 4050 3134 4094 tuuui
3163 4041 3274 4093 sine
3316 4039 3438 4092 sub-

1845 4138 2056 4191 stantia.
2083 4135 2200 4190 Non
2240 4145 2366 4190 sunt
2406 4136 2580 4199 enim,
2612 4135 2704 4204 qui
2735 4133 3089 4201 repudiantur
3113 4149 3143 4186 a
3171 4132 3390 4188 Christo
3425 4149 3442 4187 :

1843 4238 1974 4286 sunt
1998 4238 2178 4285 autem
2211 4231 2300 4299 qui
2336 4228 2611 4299 eliguntur
2636 4243 2663 4280 a
2695 4227 2948 4292 Domino;
2973 4227 3225 4298 quoniam
3251 4226 3441 4282 Dnmi-

1845 4338 1947 4378 nus
1973 4321 2188 4377 vocavit
2224 4336 2348 4390 qua:
2394 4337 2502 4376 non
2534 4329 2692 4385 sunt,
2737 4328 3012 4389 tamquam
3044 4335 3164 4390 qua:
3189 4328 3354 4374 sunt:
3386 4329 3443 4375 et

1844 4416 2033 4471 electae
2071 4422 2201 4468 sunt
2221 4412 2464 4484 gentium
2507 4412 2784 4476 nationes;
2829 4419 2888 4466 ut
2920 4411 3295 4467 destrueretur
3321 4427 3446 4482 per-

1843 4507 1967 4562 lidia
1990 4504 2328 4561 Judaeorum.
2361 4505 2416 4560 In
2447 4503 2672 4558 nihilum
2705 4519 2836 4573 ergo
2863 4504 3091 4559 traditus
3117 4512 3200 4559 est
3220 4502 3313 4558 ille
3341 4518 3441 4572 po-

164 4621 268 4662 rem
297 4603 516 4672 vendit,
548 4613 602 4658 et
627 4603 1009 4674 complacitum
1057 4601 1207 4658 emit.
1243 4602 1309 4658 Ut
1347 4601 1494 4656 enim
1540 4611 1738 4672 praeter
1769 4596 1817 4656 D
1845 4599 2040 4669 pulus;
2073 4597 2199 4667 quia
2244 4604 2466 4666 peccato
2495 4611 2593 4650 suo
2625 4595 2878 4652 venditus
2908 4605 3026 4662 est;
3059 4595 3260 4651 nullam
3293 4593 3437 4652 enim

168 4698 214 4754 id
261 4711 431 4768 genus
480 4695 758 4752 hominum
807 4697 1130 4766 loquamur,
1179 4697 1268 4766 qui
1318 4696 1734 4766 negotiationem

169 4790 451 4849 vendendis
477 4790 762 4861 mancipiis
798 4798 1094 4855 exercent;
1128 4804 1234 4844 non
1267 4789 1425 4846 facile
1453 4790 1736 4860 quisquam

170 4886 335 4942 vendit
362 4884 466 4942 nisi
504 4899 663 4951 eum,
691 4883 783 4954 qui
812 4882 936 4952 sibi
977 4881 1299 4952 displiceat,
1328 4894 1383 4938 et
1426 4898 1586 4953 quem
1620 4883 1738 4937 usui

172 4993 258 5034 suo
283 4978 569 5035 inhabilem
607 4985 758 5047 putet
789 4994 806 5032 :
839 4984 895 5032 et
925 4976 1117 5030 iterum
1139 5015 1154 5040 ,
1186 4977 1560 5047 unusquisque
1587 4992 1738 5033 eme-

175 5087 226 5128 re
263 5071 528 5127 desiderat
552 5086 714 5136 eum,
747 5085 910 5142 quem
953 5068 1172 5125 utilitati
1199 5070 1283 5124 vel
1315 5069 1616 5126 ministerio
1653 5086 1745 5126 ac-

175 5163 496 5220 oommodum
519 5164 865 5234 iudicaverit.
893 5162 1001 5220 Sed
1030 5170 1081 5217 et
1111 5161 1210 5231 ipsi
1239 5163 1329 5231 qui
1355 5162 1410 5216 in
1444 5163 1742 5218 vendendis

177 5259 431 5331 mancipiis
456 5268 727 5329 sumptum
759 5265 1013 5312 exercent
1043 5271 1200 5310 suum
1226 5296 1242 5322 ,
1272 5265 1326 5309 et
1352 5264 1634 5310 sectantur
1665 5257 1741 5310 Ιιιο

177 5369 284 5421 cra;
314 5355 496 5424 utique
539 5355 609 5407 ita
641 5351 775 5407 viles
804 5350 1004 5406 habent
1031 5361 1160 5418 eos,
1194 5365 1329 5422 quos
1369 5347 1641 5416 vendunt,
1688 5357 1744 5408 nt

180 5447 248 5503 eis
272 5447 477 5502 viliores
523 5445 632 5500 sint
659 5459 821 5516 quam
851 5444 1114 5514 pecunia:
1145 5451 1202 5498 et
1244 5457 1392 5514 saepe
1433 5443 1596 5498 etiam
1642 5443 1746 5512 ipsi

181 5556 294 5613 quos
335 5537 678 5608 negotiationi
710 5552 823 5594 suae
867 5537 1039 5606 magis
1069 5535 1278 5592 habiles
1316 5533 1704 5590 :estimaverint
1730 5575 1744 5602 ,

184 5638 358 5692 malunt
382 5643 597 5699 tenere,
628 5647 790 5704 quam
822 5619 1079 5686 vendere.

245 5727 318 5786 42.
357 5726 432 5782 Ita
462 5741 590 5796 ergo
618 5734 674 5781 et
707 5724 852 5780 Deus
878 5722 1122 5779 viliorem
1162 5723 1445 5790 vendidit,
1479 5721 1752 5792 potiorem‘

191 5824 314 5884 emit.
341 5819 594 5880 Vendidit
624 5819 878 5894 pepulum
909 5815 1218 5874 Judatorum
1244 5859 1259 5886 ,
1302 5833 1409 5874 non
1455 5817 1748 5880 inclemen-

1845 4695 2006 4748 habet
2032 4692 2194 4760 culpa
2225 4689 2604 4745 substantiam.

1913 4789 2006 4844 45.
2054 4786 2206 4842 Unde
2247 4785 2446 4839 dictum
2486 4795 2658 4855 puto:
2694 4784 2763 4838 Et
2798 4800 2898 4838 non
2929 4785 3028 4854 fuit
3071 4782 3344 4837 multitudo
3382 4785 3441 4858 in

1843 4879 2332 4938 commutationibus
2361 4895 2575 4944 eorum;
2609 4880 2710 4932 hoc
2740 4885 2852 4943 est,
2891 4878 3057 4945 gratis
3094 4892 3192 4931 nos
3222 4875 3440 4946 disper-

1844 4975 1963 5029 sisti
2011 4989 2112 5044 per
2161 4972 2432 5026 nationes.
2481 4970 2667 5038 Neque
2713 4968 2857 5024 enim
2902 4978 2958 5022 tu
3005 4966 3294 5036 quidquam
3345 4984 3443 5036 per

1846 5069 2328 5125 commutationem
2355 5065 2581 5136 accipis,
2614 5075 2669 5116 ut
2699 5063 2932 5116 animam
2961 5062 3143 5115 tradas
3169 5063 3436 5130 hominis;

1848 5141 1982 5215 nihil
2013 5161 2158 5215 enim
2192 5158 2288 5214 tibi
2323 5158 2531 5228 gratius
2561 5161 2646 5208 est
2677 5154 2874 5206 anima:
2910 5153 3268 5209 conversione
3297 5171 3310 5207 :
3339 5155 3443 5209 sed

1848 5255 1894 5310 si
1922 5254 2162 5309 converti
2207 5252 2515 5313 detrectat,
2550 5249 2663 5316 ipsa
2697 5261 2755 5300 se
2797 5245 2960 5299 tradit
3003 5246 3054 5300 in
3087 5246 3348 5310 nihilum;
3383 5256 3445 5300 ut

1851 5354 2075 5420 peccato
2105 5355 2159 5403 et
2189 5346 2394 5416 ﬂagitio
2445 5341 2798 5409 rnancipetur.
2833 5337 2959 5393 Iden
3007 5347 3061 5393 tu
3107 5339 3224 5393 sine
3267 5339 3444 5408 pretio

1850 5453 1904 5500 et
1950 5443 2067 5498 sine
2107 5437 2530 5496 commutatione
2575 5433 2898 5503 degenerem
2949 5431 3202 5502 populum
3246 5429 3441 5487 vendi-

1851 5539 1999 5595 disti.
2029 5534 2186 5594 Unde
2229 5537 2280 5590 in
2325 5529 2724 5603 posterioribus
2752 5528 2828 5580 ait
2858 5545 2872 5580 :
2907 5524 3029 5580 Non
3067 5527 3204 5579 enim
3238 5534 3312 5580 est
3341 5525 3448 5580 illis

1851 5630 2180 5686 commutatio
2207 5625 2380 5698 (Psal.
2413 5637 2522 5689 Ltv,
2552 5621 2664 5692 20).
2698 5620 2877 5688 Quare
2906 5633 3014 5674 non
3045 5627 3126 5674 est
3155 5617 3267 5672 illis
3295 5633 3447 5673 com-

1853 5724 2116 5781 mutatio?
2145 5721 2274 5788 Quia
2293 5735 2397 5774 non
2425 5719 2724 5781 timuerunt,
2754 5713 2948 5784 inquit,
2977 5711 3145 5766 Deum
3167 5710 3380 5782 (Ibid).

1930 5815 2021 5876 46.
2067 5813 2273 5886 Duplex
2306 5823 2490 5877 autem
2531 5807 2840 5868 intellectus
2866 5821 3036 5880 quare
3062 5806 3450 5865 commutatio:
