4008 6352
557 281 746 374 tttt'

1897 293 2144 355 SANC'I'I
2184 293 2503 354 AMBROSII

3721 295 3826 354 illi

554 447 682 489 nem
711 445 820 487 non
861 427 1114 486 habuerit
1152 425 1384 498 populus
1413 421 1651 487 erroris;
1683 419 1805 490 quia
1834 430 1942 472 non
1975 420 2152 483 potest
2178 416 2231 474 Α
2256 411 2422 466 veniet
2467 415 2579 485 ejus
2626 410 2799 484 (Eccl.
2831 427 2944 479 vn,
2981 411 3058 469 24
3095 422 3145 467 et
3189 409 3328 483 25)?
3377 405 3538 466 Unde
3585 407 3825 468 difﬁdentia

555 526 726 581 homo
752 533 1000 593 argento,
1029 520 1115 576 vel
1136 533 1290 581 auro.
1315 518 1398 574 vel
1423 511 1858 588 possessionibus
1883 507 2154 564 redimere

557 619 794 675 animam
842 632 1017 671 suam.
1060 614 1234 680 Quam
1281 611 1426 667 enim
1474 609 1626 664 dabit
1671 602 2153 660 commutationem

557 713 755 766 anim-.e
799 725 941 773 sum;
990 723 1111 764 cum
1160 706 1250 760 illa
1298 702 1613 773 temporalia
1644 700 1728 754 vel
1759 696 1967 753 caduca
1997 694 2106 747 sint
2139 708 2153 745 :

557 805 735 860 anima
784 816 966 856 autem
1013 806 1332 872 permaneat
1370 796 1453 850 vel
1498 793 1564 848 ad
1598 791 1918 864 praemium,
1967 785 2052 839 vel
2091 783 2157 838 ad

558 895 812 968 ptenam?
852 894 967 950 Non
1001 893 1098 947 fuit
1144 901 1326 946 autem
1360 890 1448 943 illa
1493 883 1850 943 commutatio
1893 881 2054 936 etiam
2106 878 2159 932 in

560 989 776 1059 impiis,
807 1004 927 1053 qua:
957 999 1039 1042 est
1067 988 1118 1042 in
1162 983 1594 1044 resurrectione,
1626 979 1694 1033 de
1724 992 1825 1048 qua
1858 975 1986 1029 dicit
2015 972 2162 1039 Apo-

559 1086 733 1142 stolus
762 1102 774 1137 :
809 1083 998 1136 Omnes
1030 1096 1386 1151 resurgetnus.
1434 1093 1534 1130 non
1565 1089 1740 1127 omnes
1782 1067 2164 1123 immutabimur

561 1181 608 1255 (Ι
640 1179 760 1235 Cor.
797 1194 892 1244 xv,
926 1178 1041 1249 51).
1069 1177 1255 1231 POIest
1293 1188 1509 1247 quoque
1537 1181 1592 1225 et
1634 1170 1712 1223 sic
1741 1163 1994 1234 intelligi,
2038 1161 2162 1231 quia

561 1275 667 1332 etsi
697 1274 849 1345 pauci
894 1272 1157 1340 redempti
1206 1266 1482 1324 immutari
1525 1268 1872 1326 meruerunt,
1907 1267 1963 1312 ut
1998 1258 2166 1311 Abrao

564 1367 690 1422 ham
714 1410 729 1431 ,
763 1366 914 1422 Isaac
937 1406 952 1430 ,
980 1363 1177 1426 Jacub,
1215 1363 1430 1432 Moyses
1459 1375 1471 1410 :
1506 1373 1610 1410 non
1658 1366 1836 1408 tamen
1867 1351 1933 1406 ad
1973 1362 2166 1404 omnes

563 1459 919 1514 commutatio
961 1458 1075 1527 ipsa
1119 1453 1393 1525 pervenit.
1427 1450 1524 1505 Est
1554 1449 1715 1504 etiam
1758 1445 1920 1510 illud,
1967 1453 2024 1497 nt
2058 1457 2164 1496 non

563 1553 636 1608 sit
679 1551 969 1606 multitudo
1007 1549 1059 1602 in
1104 1541 1620 1603 eomtnttlalimtihns
1645 1539 1888 1610 gravium
1921 1545 2166 1606 peccato-

565 1661 720 1710 rttm;
753 1643 1051 1699 secundum
1083 1639 1227 1711 quod
1250 1640 1509 1708 scriptum
1543 1643 1646 1696 est,
1674 1632 1798 1703 quia
1823 1627 2168 1700 quorumdam

568 1742 836 1795 hominum
869 1746 1077 1800 peccata
1108 1733 1378 1803 manifesta
1418 1738 1537 1782 sunt
1568 1724 1912 1798 prwcedentia
1942 1723 1994 1796 in
2015 1721 2167 1792 judi-

2258 505 2509 562 ohoritur
2536 505 2668 562 mihi
2708 506 2939 562 scrutari
2985 506 3258 561 divinitus
3297 504 3560 576 spirantis
3587 503 3825 576 Scriptura

2259 601 2553 672 mysteria,
2598 610 2654 657 et
2681 601 2800 671 ejus
2844 600 3171 656 examinare
3217 613 3514 655 sermones
3546 616 3561 653 :
3601 599 3732 668 quod
3766 600 3827 656 ii'e

2261 695 2424 766 digne
2448 693 2640 764 potuit,
2670 695 2761 766 qui
2789 695 2932 750 inter
2959 694 3242 764 perfectos
3269 694 3603 764 sapientiam
3628 693 3828 764 loqueh.

2263 796 2370 842 tur.
2422 787 2537 857 Ego
2583 785 2856 858 perfectos
2900 787 3077 853 video,
3130 802 3236 844 nec
3285 786 3572 841 immerito

2264 880 2527 945 dixerim;
2556 895 2679 936 cum
2714 880 2924 936 videam
2951 897 3048 937 vos
3071 896 3272 937 sensus
3297 879 3636 937 exercitatos
3656 879 3827 946 habere,

2266 975 2333 1030 ad
2366 975 2752 1032 discretionem
2775 977 2903 1032 boni
2931 987 2987 1032 et
3013 978 3140 1032 mali
3170 994 3184 1031 :
3219 978 3316 1032 sed
3349 987 3405 1032 et
3437 976 3558 1046 ipse
3584 984 3747 1030 tamen
3769 981 3828 1046 qu;

2268 1069 2473 1124 sciebat
2521 1069 2810 1124 solidiores
2854 1084 3051 1140 capere
3091 1069 3278 1135 cibos,
3322 1067 3645 1139 adjumenta
3669 1084 3830 1137 qum-

2270 1163 2390 1227 bat;
2426 1171 2484 1218 ut
2509 1162 2562 1218 in
2589 1177 2656 1218 co
2683 1162 2909 1218 verbum
2957 1163 3171 1218 Domini
3197 1169 3458 1219 curreret
3486 1160 3558 1228 (II
3585 1159 3748 1216 τήρει.
3773 1179 3831 1228 nt,

2271 1257 2352 1326 l).
2385 1254 2494 1311 Nec
2521 1256 2624 1311 iste
2651 1271 2866 1328 quoque
2893 1256 3010 1312 sine
3037 1257 3362 1328 precatione
3395 1255 3504 1311 hoc
3530 1254 3703 1324 potuit
3725 1270 3834 1308 usur-

2274 1362 2440 1418 pare,
2492 1357 2548 1404 ut
2593 1347 2829 1403 laudatio
2877 1347 2996 1418 ejus
3037 1347 3278 1418 jucunda
3328 1345 3496 1401 ﬁeret
3549 1346 3659 1400 Deo
3702 1343 3833 1414 (Pal.

2273 1455 2452 1507 cxtvt,
2484 1441 2567 1511 l);
2599 1454 2707 1496 non
2735 1440 2880 1497 enim
2909 1441 3248 1512 usurpantis,
3281 1439 3380 1495 sed
3409 1437 3687 1510 precantis
3709 1453 3835 1493 asstr-

2276 1536 2350 1590 tio
2377 1545 2481 1592 est.

2345 1625 2436 1681 l9.
2479 1625 2684 1682 Tamen
2723 1641 2790 1683 ne
2821 1627 3036 1696 penitus
3067 1628 3336 1699 refugisse
3374 1627 3687 1688 videamur,
3713 1629 3840 1680 consi—

2274 1721 2532 1777 deremus
2561 1721 2652 1792 qui
2681 1720 2842 1777 vicini
2876 1721 3125 1777 tribubus
3153 1722 3365 1778 fuerint
3394 1721 3730 1776 Judteorum.
3753 1719 3844 1774 Nau-

568 1835 708 1888 cium
738 1850 756 1887 :
786 1830 1036 1902 quosdam
1063 1838 1231 1883 autem
1261 1835 1306 1879 et
1335 1824 1711 1894 subsequuntur
1742 1818 1783 1890 (l
1808 1817 1945 1871 Tim.
1972 1832 2028 1878 v,
2055 1813 2172 1886 24).

2291 1825 2336 1868 ut
2370 1824 2554 1870 vetera
2585 1829 2966 1871 recenseamus
2987 1858 3001 1880 ,
3031 1814 3364 1871 Philisthiim
3398 1815 3571 1871 tribui
3599 1814 3744 1870 Iuda
3765 1814 3847 1869 liui-

572 1926 706 1995 Qua:
731 1925 911 1996 gravia
940 1934 1060 1976 sunt
1091 1920 1257 1991 906
1286 1928 1443 1987 atque
1473 1912 1788 1974 manifesta,
1825 1909 2170 1980 prtecedunt,

574 2031 632 2076 et
659 2020 776 2074 sine
806 2019 911 2072 ulla
947 2017 1285 2071 dubitatione
1313 2017 1672 2080 merguntur:
1706 2021 1828 2078 qua:
1869 2012 2048 2060 autem
2093 2003 2172 2056 Ie-

575 2114 726 2167 viora
766 2121 923 2175 sunt,
966 2108 1123 2164 bonis
1153 2105 1410 2174 operibus
1454 2115 1601 2170 s:t-pe
1651 2099 1980 2154 relevantnr.
2025 2094 2176 2149 Beati

576 2206 724 2263 enim
767 2218 994 2275 quorum
1043 2200 1288 2256 remissa:
1320 2205 1446 2250 sunt
1485 2193 1825 2264 iniquitates,
1859 2199 1908 2245 et
1947 2203 2175 2260 quorum

579 2308 721 2354 tecta
759 2305 885 2352 sunt
915 2303 1156 2366 peccata.
1194 2292 1293 2348 Ubi
1327 2301 1507 2345 autem
1554 2286 1812 2356 iniquitas
1844 2280 2177 2353 propendet,

579 2391 728 2448 nulla
755 2393 1018 2445 bonorum
1050 2400 1274 2455 operum
1304 2381 1729 2439 commutatione
1757 2387 2066 2432 revocatur.

649 2484 741 2539 47.
787 2481 930 2552 Ergo
958 2492 1011 2536 et
1041 2480 1087 2535 si
1127 2478 1246 2547 quis
1287 2476 1599 2543 redemptus
1634 2481 1719 2526 est
1760 2470 1827 2525 de
1857 2468 2058 2538 populo
2083 2465 2181 2520 .Iu-

577 2578 857 2642 dmornm,
909 2588 1016 2628 non
1059 2569 1180 2625 ideo
1220 2567 1535 2636 redemptus
1576 2563 1700 2634 quia
1743 2561 1966 2615 multam
2002 2558 2186 2612 ltabnit

581 2669 999 2726 aestimationem
1042 2663 1157 2728 sui,
1193 2676 1292 2716 nec
1321 2660 1447 2730 quia
1492 2654 1889 2711 multitudinem
1918 2651 2104 2706 habuit
2130 2651 2184 2704 in

584 2759 1010 2819 commutatione
1039 2772 1133 2811 sua
1169 2773 1182 2808 :
1217 2754 1314 2809 sed
1347 2751 1663 2822 redemptus
1693 2759 1774 2801 est
1815 2747 2010 2816 gratis;
2043 2743 2186 2816 quod

582 2867 639 2915 te
679 2857 838 2912 ducet
867 2852 1161 2922 Apostolus
1201 2848 1391 2904 dicens
1435 2863 1447 2898 :
1483 2843 1735 2914 Reliquiae
1767 2839 2049 2895 secundum
2081 2838 2185 2892 eleo

585 2953 807 3008 ctionem
830 2949 1014 3021 gratiae
1040 2946 1198 3000 salva:
1225 2947 1380 3016 facta:
1398 2951 1517 2995 sunt
1543 2939 1722 3011 (llam.
1750 2953 1829 3002 xt,
1855 2933 1932 3008 5).
1969 2934 2067 2990 Ubi
2097 2948 2193 2988 au-

585 3055 696 3100 tem
725 3043 921 3113 gratia,
953 3054 1057 3094 non
1081 3038 1267 3108 utique
1297 3035 1494 3090 merito
1522 3045 1770 3102 Operum.
1802 3044 1901 3084 nec
1924 3027 2190 3096 justitica-

583 3137 736 3192 tione
775 3132 1033 3188 virtutum
1062 3149 1075 3184 :
1110 3131 1206 3185 sed
1251 3127 1574 3182 liberalitate
1606 3122 1893 3188 donantis,
1925 3120 2192 3176 electione

2277 1907 2391 1962 timi
2435 1906 2817 1962 habebantur:
2853 1919 2907 1963 et
2943 1908 3054 1963 alio
3079 1909 3251 1964 latere
3282 1907 3453 1964 iidem
3497 1909 3665 1963 tribui
3702 1907 3846 1964 Ruben

2277 2003 2804 2074 appr0pinquabaut.
2862 2003 3191 2059 Ammonita:
3253 2018 3484 2074 quoque
3558 2005 3613 2058 in
3688 2002 3852 2057 deserto

2279 2104 2437 2150 erant
2465 2113 2477 2149 :
2506 2104 2561 2152 et
2589 2095 2680 2166 qui
2707 2105 2864 2151 erant
2893 2097 2946 2151 in
2981 2096 3179 2152 finibus
3207 2097 3343 2169 Tyri
3375 2106 3432 2152 et
3473 2096 3723 2161 Sidonis,
3751 2095 3854 2150 Gaii-
3921 2095 3931 2168 ἢ

2280 2189 2394 2242 lane
2416 2187 2842 2257 copulabantur;
2877 2188 2979 2244 hoc
3009 2198 3118 2255 est,
3145 2189 3311 2244 tribui
3342 2189 3631 2252 Zabulon,
3662 2197 3712 2243 et
3737 2191 3854 2241 tribui

2280 2278 2665 2348 Nepltthalim,
2718 2296 2840 2351 qua:
2891 2289 3047 2336 erant
3093 2279 3147 2335 in
3196 2280 3466 2344 Galila‘a;
3533 2281 3678 2336 sicut
3720 2279 3858 2334 Esaias
3932 2293 3933 2296 ‘

2283 2372 2424 2428 dixit
2454 2392 2468 2426 :
2501 2371 2663 2426 Terra
2689 2372 2948 2439 Zabulon,
2980 2383 3027 2428 et
3053 2383 3192 2427 terra
3220 2372 3612 2441 Nephtltalim,
3647 2373 3724 2426 ria
3749 2374 3858 2424 m

2283 2475 2428 2520 trans
2457 2464 2746 2520 Jordanem
2781 2463 2953 2536 (Esai.
2990 2481 3073 2531 lx,
3109 2465 3184 2536 l).
3221 2463 3383 2520 Unde
3415 2472 3613 2536 potest
3654 2464 3767 2534 quis
3789 2464 3864 2516 cal-

2286 2559 2477 2629 ligere,
2510 2573 2632 2627 qua!
2668 2558 2971 2628 proprietas
2999 2558 3163 2630 907
3196 2558 3647 2629 uniuscujusque
3674 2558 3862 2627 singub-
3936 2551 3937 2556 “

2288 2668 2411 2709 rum
2461 2651 2625 2708 fuerit
2672 2652 2942 2718 tribuum,
2988 2664 3048 2708 ut
3099 2653 3268 2709 certis
3311 2653 3639 2724 quibusque
3677 2653 3863 2706 ﬁnitimis

2284 2747 2674 2816 jungerentur;
2708 2761 2816 2816 quo
2851 2745 3112 2816 paulatim
3157 2745 3321 2800 etiam
3352 2746 3626 2817 gentibus
3671 2745 3864 2800 inlauda-

2291 2849 2444 2896 retur
2470 2841 2712 2911 cognitio
2739 2842 3041 2898 caelestium
3072 2852 3586 2898 sacramentorum.
3628 2842 3774 2911 Quod
3798 2843 3867 2894 uti

2293 2948 2398 3004 que
2440 2943 2621 3004 potest
2668 2933 2893 3004 intelligi
2923 2933 2991 2989 de
3034 2934 3128 2989 illa
3159 2934 3394 2990 muliere
3420 2933 3762 3000 Chananea,
3786 2950 3867 3004 qua

2293 3023 2454 3080 exivit
2501 3025 2569 3080 de
2617 3025 2814 3081 linibus
2858 3027 3001 3093 suis;
3035 3037 3094 3081 ut
3123 3027 3357 3082 Domino
3406 3027 3546 3084 Jcsu
3597 3038 3864 3084 occurreret

2297 3119 2634 3186 transeunti,
2681 3128 2737 3175 et
2764 3120 3092 3190 posthabitis
3138 3121 3450 3177 simulacris
3480 3123 3638 3187 suis,
3666 3122 3868 3177 adornet

591 3227 941 3290 redimentis;
977 3223 1120 3295 quod
1154 3237 1306 3292 aeque
1336 3220 1614 3288 Scriptura
1646 3227 1698 3271 te
1728 3213 1940 3279 docuit,
1979 3213 2192 3267 dicente
2221 3213 2269 3277 C
2300 3228 2488 3268 verum
2519 3212 2712 3268 salutis
2737 3222 3017 3268 auctorem
3051 3233 3064 3269 :
3095 3214 3181 3268 cui
3215 3214 3605 3270 testimonium
3637 3215 3774 3270 dedit
3793 3215 3865 3269 In.

590 3321 842 3393 apostolo
863 3318 1062 3374 Paulo:
1091 3317 1154 3372 Si
1177 3325 1349 3369 autem
1370 3313 1562 3386 gratia,
1575 3313 1690 3383 jam
1712 3325 1814 3362 non
1835 3323 1898 3362 ea:
1920 3305 2159 3376 aperibus
2176 3321 2194 3358 :

588 3414 818 3482 alioquin
849 3411 1018 3482 gratia
1058 3410 1176 3480 jam
1223 3422 1324 3460 non
1369 3415 1444 3459 est
1489 3403 1658 3474 gratia
1709 3399 1899 3473 (lbid.,
1933 3397 2011 3471 6).
2053 3396 2192 3463 Quid

589 3521 722 3576 ergo
753 3502 896 3574 quod
927 3500 1203 3572 quaerebat
1234 3497 1424 3556 Israel.
1456 3495 1560 3550 hoc
1587 3510 1693 3549 non
1723 3503 1807 3548 est
1835 3490 2196 3547 consecutus?

593 3597 774 3665 Quare
807 3611 911 3648 non
949 3594 1021 3646 sit
1061 3597 1415 3651 consecutus,
1459 3599 1726 3657 agnosce,
1758 3585 1880 3654 quia
1911 3597 1971 3638 se
1997 3582 2196 3652 justili-

594 3704 722 3744 care
769 3687 1052 3758 cupiebat,
1095 3686 1219 3756 quia
1251 3697 1478 3754 Operum
1520 3695 1739 3736 suorum
1765 3679 2078 3750 jactautiam
2112 3694 2196 3733 re-

595 3780 880 3853 quirebat,
911 3779 1038 3848 quia
1066 3777 1223 3832 tidem
1266 3792 1372 3831 non
1405 3774 1628 3838 detulit,
1659 3789 1757 3829 nec
1785 3772 2015 3844 gratiam
2044 3786 2198 3828 reco-

593 3875 802 3944 gnovit.
838 3871 904 3928 Et
931 3872 1053 3926 ideo
1077 3870 1274 3926 electio
1302 3876 1592 3924 consecuta
1620 3876 1736 3936 est,
1762 3883 1882 3938 qua:
1913 3876 2194 3920 vocantem

595 3967 826 4030 audivit,
861 3977 885 4004 δ
913 3965 1290 4020 advenientem
1314 3963 1574 4031 suscepit.

671 4061 763 4115 48.
806 4059 988 4131 (Vcrs.
1020 4059 1132 4126 14.)
1178 4057 1369 4112 Merito
1395 4071 1525 4124 ergo
1568 4054 1620 4108 in
1657 4068 1885 4123 persona
1922 4051 2104 4122 pepuli
2135 4052 2200 4106 il-

597 4152 706 4207 lius
741 4152 940 4208 dicitur
973 4169 985 4204 :
1024 4150 1252 4206 Posuisti
1295 4167 1387 4204 nos
1431 4150 1485 4203 in
1525 4147 1858 4218 opprobrium
1886 4147 2066 4200 vicinis
2105 4161 2201 4200 no-

599 4248 722 4302 stris
754 4264 771 4300 :
801 4246 1093 4300 illusionem
1137 4255 1185 4298 et
1227 4245 1452 4299 derisum
1480 4244 1576 4311 iis,
1619 4244 1705 4310 qui
1745 4243 1943 4298 suntin
1983 4242 2200 4297 circuitu

604 4349 797 4395 nostra.
831 4340 936 4407 Qui
984 4349 1108 4392 sunt
1155 4337 1241 4391 isti
1276 4337 1526 4402 ﬁnitimi,
1566 4345 1619 4390 et
1647 4334 2102 4406 quemadmodum
2132 4335 2197 4390 ad

601 4431 857 4487 viciniam
897 4429 1156 4485 Israelita:
1186 4429 1370 4498 p0puli
1402 4427 1724 4498 pertinuisse
1751 4428 2058 4491 videantur,
2093 4442 2200 4482 non

603 4533 690 4580 est
717 4522 872 4576 facile
899 4521 1249 4585 discernere;
1287 4524 1329 4574 si
1358 4519 1620 4589 spiritalis
1644 4519 1838 4574 vicinia
1866 4519 2193 4589 requiratur,

2301 3307 2480 3360 minus
2507 3313 2692 3361 noster
2712 3305 2872 3361 Jesus
2898 3305 3170 3371 Christus,
3200 3307 3351 3377 quod
3379 3323 3584 3378 magna
3613 3319 3755 3364 esset
3774 3308 3866 3362 ﬁdes
3947 3305 3949 3346 ἓ

2297 3399 2437 3463 eius.
2474 3397 2879 3469 Resplendebat
2902 3399 3122 3471 quidem
3150 3400 3262 3471 jam
3292 3403 3474 3471 gratia
3510 3402 3811 3474 Evangelii,
3834 3415 3866 3456 et

2299 3497 2609 3568 praesentia:
2628 3495 2656 3535 ι)
2693 3497 2874 3554 lumen
2904 3507 3146 3569 augustae
3176 3517 3188 3551 :
3222 3499 3317 3554 sed
3350 3508 3544 3556 tamen
3572 3499 3701 3570 quia
3727 3511 3869 3570 Sponte

2299 3592 2490 3658 exivit,
2523 3602 2577 3649 et
2606 3592 3036 3648 misericordiam
3069 3593 3387 3663 postulavit,
3419 3602 3476 3648 et
3511 3593 3792 3649 Dominum
3813 3592 3870 3662 pit

2301 3699 2432 3738 voce
2460 3684 2710 3740 confessa
2757 3693 2873 3750 est,
2917 3693 2972 3740 et
2998 3685 3151 3755 quasi
3191 3683 3419 3739 fastidio
3450 3684 3642 3740 habita
3663 3727 3678 3750 ,
3711 3686 3759 3739 in
3795 3685 3869 3739 cla-

2300 3793 2454 3834 more
2499 3778 2780 3849 petitionis
2816 3779 3050 3848 propria:
3092 3778 3501 3848 perseveravit;
3558 3793 3671 3832 non
3717 3778 3872 3832 medio-

2299 3884 2446 3926 crem
2479 3870 2890 3941 praerogativam
2922 3870 3133 3941 accepit
3177 3870 3495 3925 istiusmodi
3545 3871 3764 3936 mulier,
3789 3886 3870 3940 qua

2302 3964 2474 4034 prima
2498 3965 2665 4019 exivit
2695 3964 2764 4020 de
2793 3964 3035 4035 gentium
3067 3963 3382 4018 nationibus
3403 4005 3420 4027 .
3453 3973 3508 4018 et
3543 3963 3872 4034 perseveranti

2301 4056 2681 4112 obsecratione
2707 4064 2918 4112 tantum
2944 4057 3155 4113 Domini
3185 4055 3571 4112 testimonium
3604 4060 3794 4113 meruit
3817 4070 3873 4110 re-

2303 4161 2543 4221 portare.

2375 4242 2464 4300 50.
2508 4243 2564 4298 In
2601 4256 2709 4312 quo
2751 4242 2966 4312 quidem
3008 4242 3132 4297 loco
3160 4241 3308 4298 velut
3334 4241 3630 4298 dubitasse
3656 4242 3874 4314 quosdam-

2302 4335 2530 4406 cognovi
2553 4377 2568 4402 ,
2599 4334 2727 4406 quid
2759 4335 2829 4390 sit
2862 4334 3005 4406 quod
3035 4335 3111 4390 ait
3140 4353 3153 4389 :
3189 4335 3310 4389 Non
3335 4352 3456 4389 sum
3497 4337 3697 4391 missus
3724 4337 3812 4390 nisi
3831 4337 3875 4387 ed

2306 4445 2422 4484 oves
2463 4445 2580 4501 qua:
2625 4429 2886 4502 perierunt
2930 4430 3115 4485 domus
3167 4429 3338 4485 Israel
3388 4429 3620 4503 (Matth.
3657 4447 3748 4498 xv,
3783 4428 3876 4498 Si);

2305 4522 2456 4592 quasi
2489 4523 2827 4578 nobilitatem
2859 4525 3074 4593 generis
3094 4523 3253 4580 electi
3283 4523 3350 4578 ad
3375 4524 3684 4580 salvandas
3714 4526 3879 4579 animas

602 4615 812 4672 habens
852 4613 1122 4686 quoddam
1166 4613 1346 4668 lumen
1392 4612 1719 4684 cognitionis
1757 4614 1824 4668 ad
1874 4613 2201 4684 investigan-
2227 4607 2280 4667 D
2309 4615 2569 4670 Dominus
2591 4616 2852 4686 qttmsisse
2879 4615 3146 4683 videatur,
3176 4617 3267 4688 qui
3291 4617 3446 4672 venit
3471 4627 3532 4672 ut
3556 4632 3753 4673 omnes
3775 4616 3882 4672 redi-

602 4712 734 4768 dutn
793 4711 1112 4783 mysterium
1160 4706 1411 4763 Christi:
1459 4707 1760 4778 praesertim
1808 4722 1930 4762 cum
1994 4709 2046 4762 in
2084 4709 2202 4776 ipso

602 4801 746 4861 libro
785 4803 1092 4858 Salomonis
1119 4801 1209 4872 qui
1240 4799 1496 4857 scribitur
1520 4800 1899 4867 Ecclesiastes,
1948 4799 2203 4856 didiceri-

603 4913 728 4954 mus
755 4898 880 4968 quia
911 4912 1018 4967 quo
1047 4895 1220 4966 magis
1249 4895 1510 4963 quaeritur
1539 4894 1806 4964 sapientia
1830 4937 1843 4959 ,
1889 4910 1954 4948 eo
1981 4894 2205 4963 profun-

601 4989 1037 5061 diorjudicetur.
1073 4989 1164 5044 Sic
1194 4989 1340 5044 enim
1369 4988 1631 5057 scriptum
1665 4996 1785 5042 est:
1821 4985 1967 5053 Dixi,
1997 4989 2204 5059 sapien-

601 5085 729 5138 tiam
774 5085 1070 5154 requirant,
1110 5091 1158 5138 et
1198 5083 1312 5152 ipsa
1356 5081 1506 5151 longe
1556 5082 1694 5150 facta
1731 5090 1808 5134 est
1837 5096 1868 5132 a
1913 5095 2022 5146 me,
2054 5079 2202 5149 longe

600 5178 767 5249 magis
796 5193 951 5246 quam
985 5184 1096 5229 erat
1121 5191 1139 5229 :
1167 5183 1214 5229 et
1241 5175 1296 5227 in
1324 5171 1586 5244 profundo
1624 5172 1950 5225 altitudinem
1979 5172 2092 5241 quis
2119 5173 2200 5227 in-

675 5327 699 5354 ἰ
742 5317 900 5371 Rom.
943 5315 1074 5371 edit.
1107 5315 1258 5379 sola,
1290 5313 1579 5367 audientem
1617 5311 1860 5382 suscepit.
1907 5311 2202 5381 Httic.qui-

602 5389 725 5444 dem
761 5391 880 5442 loco
928 5404 1032 5441 non
1082 5385 1219 5440 nihil
1262 5384 1493 5439 oll‘usum
1541 5392 1626 5436 est
1676 5383 2060 5450 obscuritatis,
2107 5385 2201 5440 sed

601 5475 761 5528 quam
792 5459 938 5513 nulla
971 5474 1037 5512 ex
1069 5464 1220 5526 parte
1252 5454 1610 5528 tnntatioggilla
1638 5455 1912 5528 discutiat.
1950 5454 2204 5528 Putamus

603 5524 783 5584 autem
810 5539 1023 5584 servata
1053 5524 1184 5584 mss.
1213 5536 1268 5582 et
1295 5535 1406 5581 ant.
1431 5525 1563 5580 edit.
1590 5527 1822 5584 lectione
1845 5540 1962 5580 eam
1990 5524 2205 5584 facilius

643 5616 766 5655 osse
788 5603 1009 5670 depelli.
1035 5601 1245 5670 Quippe
1267 5599 1622 5670 exoratiunis
1647 5597 1789 5670 serie
1816 5597 1873 5670 id
1898 5596 2204 5670 intelligere

643 5617 766 5655 osse
788 5617 1009 5670 Ut'pelll.
1035 5617 1245 5670 υυῳρθ
1267 5617 1332 5652 ex
1360 5617 1622 5651 orationis
1647 5617 1789 5651 sene
1816 5617 1865 5650 lu
1898 5617 2200 5666 llllelllgcl‘e

603 5617 748 5726 Iiaud
782 5686 923 5742 a'gre
954 5671 1082 5725 licet
1112 5687 1206 5725 eos
1233 5686 1298 5724 ex
1330 5667 1588 5742 Israelitis
1627 5671 1725 5742 qui
1745 5666 2029 5742 justilicati
2058 5669 2200 5742 sint,

604 5752 766 5812 atque
787 5737 882 5797 eos
903 5743 994 5810 qui
1018 5757 1122 5795 non
1149 5741 1494 5810 pervenerint.
1514 5739 1577 5812 ad
1595 5737 2037 5806 justiticationem
2061 5739 2204 5796 inter

603 5828 667 5870 se
693 5814 924 5884 opponi;
955 5813 1250 5885 docerique
1289 5811 1459 5876 alios,
1489 5811 1633 5880 quod
1663 5824 1783 5864 eam
1816 5825 2041 5880 operum
2073 5817 2198 5867 suo-

2309 4717 2615 4764 merentur.
2652 4709 2758 4765 Sed
2801 4709 3094 4766 ostendere
3121 4710 3376 4782 dignatus
3417 4719 3504 4766 est
3536 4711 3883 4782 propositum.

2307 4802 2453 4873 quod
2483 4817 2579 4858 eos
2610 4818 2748 4874 quos
2774 4805 2950 4874 primo
2990 4804 3262 4875 elegerat,
3296 4819 3651 4875 nequaquam
3681 4805 3888 4860 refutare

2307 4895 2594 4965 cupiebat;
2627 4905 2682 4951 et
2711 4911 2856 4966 saepe
2890 4895 3080 4952 devios
3109 4907 3164 4953 et
3187 4906 3439 4952 errantes
3471 4905 3660 4953 tamen
3694 4907 3889 4968 paterno

2305 4987 2540 5058 quodam
2570 5003 2829 5045 revocare
2851 4988 3366 5060 quaerebataﬂ'ectu.
3407 4989 3518 5045 Sed
3564 4990 3661 5044 ubi
3691 4989 3790 5059 ipsi
3817 5003 3891 5042 au-

2309 5090 2514 5135 ctorem
2546 5080 2826 5151 proprium
2851 5081 3218 5152 reliquerunt,
3253 5082 3437 5136 sciens
3466 5096 3528 5136 se
3561 5081 3740 5137 Deum
3765 5095 3894 5136 mea-

2303 5174 2440 5229 tium
2466 5189 2609 5242 esse,
2644 5190 2754 5231 non
2785 5175 3006 5231 vallium
3027 5217 3042 5241 ,
3077 5187 3098 5214 ε
3118 5184 3173 5231 et
3203 5191 3430 5246 regnum
3449 5175 3724 5233 caelorum
3752 5189 3850 5231 non
3871 5187 3893 5226 a

2313 5329 2432 5369 rum
2463 5314 2657 5370 ﬁducia
2709 5315 2853 5385 pleni
2900 5327 3237 5384 quIcrerent.
3286 5317 3608 5386 repndiatos
3651 5336 3664 5373 :
3709 5318 3895 5374 auditos

2314 5401 2444 5442 vero
2468 5396 2858 5460 _etsusceptos
2889 5389 3026 5441 alios
3049 5429 3063 5452 ,
3095 5387 3236 5458 quod
3283 5390 3613 5445 electionem
3661 5391 3895 5460 gratiam-

2307 5473 2414 5528 que
2451 5457 2690 5512 divinam
2741 5460 3091 5522 invocarent,
3116 5457 3299 5526 7atque
3329 5460 3397 5514 ad
3436 5475 3532 5516 eas
3558 5457 3894 5522 accederent.

2309 5529 2633 5584 humilitatis
2678 5531 2929 5598 scilicet,
2991 5531 3129 5601 grati
3184 5531 3394 5598 animi,
3458 5532 3705 5604 ﬁdeique
3756 5533 3896 5588 minio

2306 5605 2497 5655 sterio.
3197 5617 3200 5620 '

2377 5670 2405 5709 λ)
2447 5671 2578 5753 Reg.
2620 5672 2744 5729 cod.
2778 5689 2899 5729 cum

2306 5753 2549 5798 auctoris.

2380 5828 2401 5853 υ
2446 5815 2800 5887 Expunxerat
2843 5816 2976 5874 edit.
3011 5817 3197 5888 Rom.;
3245 5834 3348 5875 non
3389 5819 3649 5891 vallium;
3680 5821 3816 5893 quod
3855 5821 3895 5872 ist

2949 5673 3268 5745 quibusdam
3313 5675 3448 5730 edit.
3496 5675 3707 5746 Paris.,
3749 5678 3896 5732 lumen
