4008 6352
133 309 284 366 1115

1206 311 1274 368 ΙΝ
1313 310 1639 370 PSALMUM
1677 311 1841 370 XLIII
1883 311 2304 373 ENARRATIO.

3303 325 3446 381 ΗΜ»

136 420 550 476 fasddientibus
572 460 586 486 ,
628 431 651 458 θ’
693 421 788 477 sed
828 437 858 477 a
902 421 1223 494 cogentibus
1251 421 1447 493 diripi,
1480 423 1738 493 paulatim
1770 429 1821 487 Α
1851 428 2077 482 recessit
2113 436 2261 484 retro
2291 443 2387 485 cor
2431 443 2618 486 eorum
2659 445 2690 487 a
2727 431 2990 501 Domino;
3022 433 3143 490 vide
3181 450 3250 493 ne
3292 437 3358 492 iis
3387 453 3449 496 se

139 527 446 570 conversus
471 515 536 568 ad
563 524 750 584 gentes
777 525 889 582 est;
924 525 982 570 ut
1007 525 1062 572 et
1089 515 1368 571 nationum
1401 516 1522 586 plus
1554 517 1749 587 proba-

140 615 301 663 retur
327 607 548 664 affectus
565 649 578 673 ,
609 618 666 664 et
700 609 914 666 illorum
940 610 1136 667 merito
1163 610 1460 681 pertinacia
1483 611 1744 668 condem-

142 711 395 758 naretur.

217 797 313 853 5i.
355 796 494 866 Quid
532 797 730 854 deinde
755 798 857 854 sibi
890 797 1005 853 vult
1030 797 1174 870 quod
1206 798 1319 852 ait:
1353 797 1478 853 Non
1514 799 1631 853 licet
1661 815 1747 852 ac-

141 895 320 965 cipere
350 911 534 965 partem
570 896 833 964 ﬁliorum,
865 904 913 949 et
954 896 1153 951 mittere
1189 894 1377 949 catulis
1408 893 1624 963 (Matth.
1655 911 1744 963 xv,

140 984 282 1058 26)?
312 986 510 1057 Utique
534 987 674 1043 filios
704 987 840 1043 dixit
867 988 1175 1056 Israelitas,
1207 988 1309 1043 hoc
1339 997 1421 1043 est
1441 1029 1455 1056 ,
1486 988 1744 1059 populum

141 1078 462 1134 Judaeorum
491 1099 504 1135 :
536 1081 748 1136 catulos
775 1090 954 1136 autem
984 1081 1241 1152 populum
1271 1083 1570 1136 nationum.
1607 1081 1746 1149 Quid

141 1175 316 1245 ergo?
362 1175 597 1230 Divitum
644 1185 736 1231 aut
780 1176 1109 1231 nobiliorum
1155 1184 1240 1232 est
1272 1177 1522 1247 accipere
1565 1190 1749 1231 sacra-

142 1275 332 1322 menta
361 1267 638 1333 cmlestia,
668 1276 723 1324 et
763 1283 870 1324 non
901 1283 1092 1324 eorum
1137 1269 1228 1339 qui
1259 1269 1430 1340 magis
1459 1268 1526 1324 ad
1562 1269 1750 1339 cogni-

141 1360 352 1415 tionem
385 1361 632 1432 mysterii
661 1361 903 1418 caelestis
932 1364 1021 1434 pio
1051 1363 1250 1419 mentis
1287 1364 1498 1419 fervore
1523 1357 1752 1418 conten-

142 1451 317 1508 dant?
347 1453 413 1508 Et
439 1453 487 1508 si
529 1453 768 1509 Israelita
802 1452 963 1509 fuerit
987 1455 1185 1526 aliquis
1210 1455 1468 1510 remissus
1497 1466 1551 1510 et
1577 1456 1749 1526 negli-

141 1560 314 1616 gens,
345 1545 431 1600 vel
458 1555 752 1602 contumax
775 1589 790 1614 ,
822 1547 912 1618 qui
956 1547 1162 1618 rejiciat
1204 1556 1329 1619 post
1377 1564 1434 1603 se
1466 1563 1751 1604 sermones

144 1637 250 1693 Dei
281 1655 294 1694 :
326 1637 668 1696 Chananaeus
697 1649 876 1696 autem
919 1641 1012 1711 qui
1041 1642 1267 1712 impigre
1297 1641 1431 1697 velit
1463 1643 1751 1712 acquiren-

145 1731 236 1788 dis
280 1742 518 1788 mentem
563 1732 846 1789 intendere
887 1735 1279 1800 sacramentis;
1324 1735 1415 1790 ille
1452 1736 1631 1805 potius
1658 1736 1748 1805 qui

1849 519 1904 574 in
1935 520 2162 578 circuitu
2190 525 2383 594 positis
2410 525 2645 581 illusioni
2671 534 2726 580 et
2765 525 2969 582 derisui
3012 526 3183 584 fuisse
3209 543 3452 587 comme-

1851 621 2098 678 morent,
2141 615 2209 670 de
2251 617 2449 688 quibus
2478 616 2608 673 dicit
2656 611 2912 674 Dominus
2941 636 2954 672 :
2988 619 3452 677 Circumdederunt

1849 719 1927 757 me
1955 705 2102 759 vituli
2124 708 2272 762 multi
2298 708 2471 782 (Psal.
2501 725 2622 776 xxt,
2647 708 2759 781 I5).
2784 709 3274 769 Circumdederunt
3303 716 3448 771 enim

1849 811 1972 853 eum
2003 809 2385 868 persecutores
2408 845 2421 868 ,
2454 802 2672 875 quando
2703 804 3002 860 secundum
3033 807 3322 863 consilium
3355 823 3439 864 vo-

1849 889 2076 945 luntatis
2118 908 2232 947 sua:
2262 895 2429 950 subiit
2472 897 2801 966 passionem.
2856 897 3008 954 Unde
3053 909 3109 955 et
3155 900 3282 956 alibi
3326 901 3448 956 ait:

1849 980 2240 1039 Circumdantes
2286 987 2730 1042 circumdederunt
2760 1005 2871 1056 me,
2903 999 2952 1044 et
2997 991 3050 1044 in
3089 993 3294 1046 nomine
3337 991 3451 1046 Do-

1851 1076 1977 1130 mini
2001 1077 2143 1132 ultus
2184 1095 2297 1132 sum
2325 1080 2379 1133 in
2407 1097 2489 1136 eos
2523 1081 2694 1150 (Psal.
2732 1097 2906 1149 cxvtt,
2941 1080 3054 1152 II).
3098 1084 3226 1140 Ideo
3255 1086 3452 1141 melius

1850 1177 1938 1223 est
1975 1169 2118 1223 viam
2149 1180 2352 1225 rectam
2387 1183 2601 1240 tenere,
2633 1174 2690 1235 in
2714 1189 2818 1243 qua
2847 1172 3140 1231 facinerosi
3169 1177 3451 1234 ambulare

1851 1276 1960 1315 non
2005 1273 2256 1331 possunt.
2287 1261 2407 1318 Cito
2448 1265 2678 1332 cadunt,
2727 1267 2853 1336 quia
2901 1281 3010 1321 non
3056 1266 3109 1321 itt
3149 1267 3452 1326 directione

1851 1353 2150 1410 ambulant.
2183 1355 2338 1411 Unde
2383 1363 2438 1413 et
2468 1357 2544 1412 illi
2573 1359 2790 1429 quando
2823 1359 3112 1414 voluerunt
3139 1359 3319 1416 Iesum
3351 1363 3455 1417 Do-

1851 1449 2060 1504 minum
2110 1450 2609 1520 comprehendere,
2659 1453 2748 1507 ubi
2780 1457 3019 1525 respexit
3056 1471 3188 1525 eos,
3232 1455 3452 1511 cecide-

1851 1549 2000 1596 runt.
2046 1541 2277 1612 Propter
2321 1543 2421 1597 bos
2462 1542 2626 1613 igitur
2654 1543 2744 1614 qui
2787 1545 2840 1598 iu
2886 1547 3117 1603 circuitu
3167 1547 3450 1603 ambulare

1853 1645 2281 1703 consueverunt,
2336 1636 2585 1706 angelum
2639 1637 2900 1693 Dominus
2942 1642 3232 1710 apposuit,
3279 1642 3371 1712 qui
3421 1656 3453 1694 a

1855 1740 2006 1800 tergo
2035 1731 2354 1786 insidiantes
2400 1730 2628 1800 repellat
2658 1731 2927 1787 inimicos.
2953 1732 3248 1788 Praetendit
3291 1735 3458 1804 igitur

144 1827 498 1893 dissimulat,
527 1844 690 1900 quam
720 1829 820 1884 iste
847 1829 936 1899 qui
962 1829 1139 1884 defert
1167 1829 1424 1896 studium,
1457 1829 1750 1900 prmferen—
1778 1833 1826 1893 Β
1853 1821 2079 1891 angelus
2121 1822 2334 1877 Domini
2367 1824 2419 1878 in
2465 1825 2695 1878 circuitu
2737 1824 3044 1880 timentium
3085 1841 3242 1893 eum,
3275 1834 3330 1881 et
3360 1841 3458 1881 eos

143 1919 251 1975 dus
276 1921 397 1976 est?
427 1920 541 1976 Non
583 1923 788 1992 utique.
830 1922 893 1976 Et
924 1921 1046 1977 ideo
1075 1921 1366 1993 diligenter
1406 1931 1622 1993 oportet
1666 1924 1747 1978 in-

146 2013 300 2069 tendi
337 2013 465 2083 quid
497 2016 860 2084 expresserit,
889 2015 979 2086 qui
1007 2029 1130 2070 cum
1162 2015 1392 2070 dixisset
1422 2033 1434 2070 :
1478 2015 1601 2070 Non
1632 2015 1747 2070 licet

144 2108 385 2178 accipere
427 2124 610 2178 partem
659 2109 889 2178 filiorum
911 2151 925 2176 ,
955 2119 1003 2162 et
1045 2112 1243 2163 mittere
1273 2111 1492 2177 catulis,
1525 2125 1750 2179 respon-

144 2201 316 2258 dente
333 2201 638 2257 Cltananma
665 2220 678 2256 :
709 2203 844 2270 Quia
864 2211 910 2256 et
930 2203 1091 2257 catuli
1113 2219 1295 2256 canum
1317 2204 1474 2257 edunt
1497 2204 1559 2256 de
1579 2205 1746 2272 micis,

143 2310 262 2366 qua:
291 2298 481 2349 cadunt
510 2296 574 2349 de
601 2312 776 2350 mensa
806 2295 1132 2350 dominorum
1161 2312 1370 2350 suorum
1402 2295 1592 2366 (lbid.,
1619 2297 1747 2364 27);

147 2389 391 2444 studium
422 2387 540 2458 ejus
573 2389 1047 2460 humilitatemque
1076 2389 1334 2456 laudavit,
1364 2405 1483 2460 qua:
1516 2405 1625 2445 non
1647 2390 1751 2444 sibi

147 2481 480 2553 profundum
512 2482 794 2552 sapientiae
823 2497 852 2536 a
885 2481 1181 2552 primordio
1211 2481 1531 2548 vindicavit;
1561 2497 1752 2552 quam-

151 2573 236 2628 vis
259 2573 327 2628 de
356 2573 553 2628 finibus
575 2573 703 2644 Tyri
733 2582 789 2628 et
814 2573 1032 2629 Sidonis
1059 2574 1168 2642 jam
1199 2582 1343 2629 esset
1373 2589 1588 2644 egressa
1615 2591 1627 2627 :
1655 2573 1752 2630 sed

154 2667 327 2723 micas
355 2665 616 2738 quasdam
645 2666 798 2721 verbi
843 2665 1091 2721 salutaris
1118 2682 1238 2736 qua:
1262 2665 1330 2721 de
1361 2681 1548 2720 mensa
1575 2666 1752 2721 domi-

151 2775 346 2817 norum
377 2774 598 2816 suorum
644 2757 934 2824 caderent,
983 2758 1231 2812 crederet
1270 2757 1620 2828 colligendas.
1653 2757 1753 2824 Qui

151 2856 300 2911 enim
343 2853 632 2925 diligenter
660 2863 714 2908 et
753 2852 1026 2907 subtiliter
1067 2851 1364 2921 Scriptura:
1394 2851 1560 2906 verba
1587 2852 1755 2905 rima-

151 2956 265 3014 tur,
311 2947 356 3002 is
397 2945 464 3000 ad
507 2945 850 3000 altitudinem
880 2945 1267 3017 mysteriorum
1300 2945 1588 3014 pervenire
1618 2959 1753 2999 con-

149 3039 347 3096 suevit.
396 3036 551 3094 Unde
593 3046 650 3093 ct
691 3038 816 3092 huic
863 3038 1104 3092 dicitur:
1143 3035 1335 3109 Magna
1365 3048 1436 3091 est
1466 3037 1594 3106 ﬁdes
1627 3046 1757 3091 tua:

153 3132 246 3201 ﬁat
289 3130 378 3184 tibi
408 3131 539 3184 sicut
583 3131 656 3184 vis
699 3129 890 3202 (Ibid.,
919 3129 1045 3200 28);
1080 3129 1181 3186 hoc
1227 3139 1345 3196 est,
1396 3141 1453 3185 ut
1485 3131 1759 3202 aperiatur

1851 1925 2034 1971 tuetur
2067 1927 2231 1988 atque
2267 1918 2524 1973 custodit.
2557 1919 2623 1972 In
2669 1920 2884 1972 circuitu
2912 1921 3056 1974 enim
3094 1921 3240 1990 impii
3277 1919 3459 1974 ambu-

1852 2012 1994 2078 lant;
2027 2012 2166 2066 sicut
2212 2013 2474 2083 scriptum
2505 2021 2588 2068 est
2630 2011 2802 2084 (Psal.
2846 2031 2930 2082 xt,
2977 2013 3055 2086 9).
3093 2015 3226 2070 Vide
3276 2016 3458 2086 itaque

1853 2103 2190 2160 distantiam.
2225 2104 2378 2176 Impii
2417 2106 2469 2159 in
2501 2105 2731 2161 circuitu
2761 2106 3044 2162 ambulant
3071 2125 3084 2160 :
3115 2106 3339 2177 angelus
3363 2121 3459 2161 au-

1855 2208 1962 2254 tem
1996 2199 2284 2269 praetendit
2315 2201 2366 2254 in
2395 2199 2624 2255 circuitu
2653 2217 2843 2256 eorum
2869 2243 2883 2265 ,
2913 2202 3003 2273 qui
3036 2217 3143 2257 non
3174 2202 3462 2256 ambulant

1855 2293 1908 2349 in
1939 2294 2200 2358 circuitu;
2231 2303 2286 2348 et
2317 2293 2438 2349 ideo
2468 2294 2773 2364 przetendit,
2808 2302 2866 2349 ut
2895 2305 3050 2351 eruat
3071 2295 3247 2364 justos
3277 2294 3348 2349 ab
3375 2295 3459 2348 in-

1855 2390 2010 2444 sidiis
2059 2389 2521 2460 persequentium.
2565 2388 2702 2444 Justi
2743 2404 2874 2460 ergo
2900 2390 3172 2460 spiritales
3199 2389 3463 2444 lsraelitae

1857 2480 2110 2534 videntur
2131 2496 2253 2535 esse
2280 2481 2369 2550 qui
2396 2481 2512 2536 haec
2535 2481 2858 2552 loquuntur,
2886 2497 2953 2537 eo
2977 2482 3121 2552 quod
3148 2481 3466 2536 tcntationi-

1857 2573 1960 2628 bus
1988 2574 2171 2628 smculi
2203 2574 2600 2644 subjacuerinl,
2631 2583 2686 2628 ct
2716 2575 3068 2644 opprobrium
3099 2574 3299 2630 fuerint
3328 2574 3466 2629 vici-

1857 2681 2079 2731 norum;
2112 2667 2212 2721 hoc
2241 2676 2346 2734 est,
2376 2683 2564 2722 eorum
2597 2666 2685 2737 qui
2720 2667 3058 2723 Hierusalem
3087 2669 3318 2737 patriam
3352 2683 3461 2722 non

1858 2763 2189 2818 incolebant.
2222 2763 2463 2818 lllusioni
2514 2764 2674 2817 etiam
2724 2762 2938 2817 fuerunt
2982 2761 3319 2832 Spiritalihus
3369 2776 3466 2817 ne-

1859 2856 2045 2924 quitiis
2071 2866 2124 2910 et
2153 2856 2540 2926 potestatibus,
2586 2864 2775 2910 contra
2803 2871 2937 2925 quas
2964 2855 3130 2924 justis
3167 2854 3309 2908 lucta
3339 2868 3463 2909 esse

1861 2947 2162 3001 consuevit.
2195 2947 2438 3017 Denique
2471 2947 2694 3000 historia
2743 2955 2794 3000 te
2837 2947 3033 3001 doceat
3067 2945 3209 3016 quod
3244 2944 3466 3000 abducti

1860 3037 2035 3094 Judaei
2068 3039 2121 3094 in
2153 3039 2528 3110 Babyloniam,
2553 3038 2652 3093 etsi
2688 3046 2912 3108 propter
2940 3047 3157 3108 peccata
3188 3051 3286 3092 sua
3313 3037 3464 3090 vide-

1862 3134 2058 3190 bantur
2082 3149 2206 3189 esse
2233 3133 2498 3203 subjecti,
2531 3142 2711 3187 tamen
2740 3131 2910 3186 multo
2935 3132 3190 3186 meliores
3216 3129 3474 3200 gentibus

154 3226 251 3281 tibi
280 3226 479 3282 ostium
512 3225 662 3280 verbi
683 3266 698 3293 ,
730 3233 785 3281 et
816 3224 1080 3296 refulgent
1122 3225 1247 3280 vitae
1289 3231 1509 3280 aeternae
1541 3225 1756 3280 salubre
1784 3228 1828 3290 C
1863 3229 2224 3286 habebantur.
2257 3229 2479 3300 chores
2523 3227 2667 3283 enim
2697 3237 2853 3282 erant
2895 3227 2945 3279 in
2975 3226 3210 3280 circuitu
3238 3238 3428 3280 eorum
3451 3267 3466 3291 ,

153 3321 496 3394 mysterium.

229 3414 398 3486 908
439 3413 531 3469 52.
560 3413 702 3484 Ergo
727 3413 818 3484 qui
843 3413 1050 3468 vicinus
1071 3422 1176 3480 est,
1200 3422 1382 3480 exeat,
1411 3421 1466 3467 et
1485 3412 1759 3468 Christum

159 3508 350 3562 videre
393 3506 704 3574 desideret,
737 3516 790 3561 et
837 3507 889 3561 in
937 3506 1180 3561 oratione
1219 3507 1447 3571 clamet;
1489 3507 1629 3562 sicut
1660 3508 1760 3561 ista

157 3599 464 3656 Chananma
498 3600 664 3655 exivit
689 3599 755 3655 de
787 3599 984 3654 ﬁnibus
1023 3601 1168 3663 suis,
1213 3611 1268 3654 et
1295 3599 1572 3655 Christum
1599 3600 1760 3669 vidit,

156 3702 210 3748 et
235 3691 348 3764 jugi
376 3707 508 3746 voce
531 3693 813 3758 clamavit,
855 3702 914 3746 ut
940 3692 1057 3761 ejus
1087 3693 1514 3748 misericordiam
1558 3709 1748 3763 repor~

162 3793 323 3840 taret.
352 3780 714 3838 Credentibus
755 3783 936 3853 itaque
974 3781 1300 3838 Chananaeis
1325 3783 1549 3838 Juduaus
1579 3787 1632 3838 in
1668 3801 1766 3854 op-

161 3877 382 3949 probrio
410 3876 512 3940 sit,
563 3876 687 3945 quia
731 3876 852 3946 ipse
883 3891 988 3930 non
1035 3876 1314 3931 credidit:
1366 3890 1419 3931 et
1463 3877 1614 3932 illudi
1662 3878 1766 3932 sibi

163 3969 370 4035 doleat,
395 3977 446 4022 et
471 3964 707 4021 derideri
731 3982 789 4021 se
816 3967 970 4021 abiis
997 3967 1086 4037 qui
1112 3968 1162 4021 in
1186 3968 1418 4022 circuitu
1441 3977 1588 4034 sunt,
1616 3969 1768 4040 inge-

163 4061 379 4118 miscat.

234 4155 324 4209 53.
368 4153 434 4207 Et
468 4153 682 4208 videtur
728 4153 1010 4223 prophetia
1043 4153 1160 4208 litec
1203 4168 1328 4210 esse
1359 4155 1429 4210 de
1456 4153 1767 4211 nationibus

163 4247 483 4311 creditttris;
533 4246 767 4301 maxime
805 4261 926 4301 cum
960 4248 1242 4316 sequentia
1275 4248 1417 4302 istud
1443 4249 1765 4313 ostendant,

165 4341 286 4410 quia
313 4340 392 4393 ait
421 4356 436 4392 :
469 4338 701 4393 Posuisti
723 4356 816 4393 nos
842 4342 895 4393 in
925 4339 1316 4395 similitudinem
1343 4342 1595 4411 gentibus,
1621 4359 1766 4394 com-

167 4433 444 4487 motionem
475 4431 660 4499 capitis
700 4431 754 4484 in
797 4433 1039 4502 populis;
1065 4435 1191 4503 quia
1223 4433 1533 4488 Judteorum
1566 4434 1768 4488 delicto

166 4524 311 4578 salus
339 4524 591 4594 gentibus
619 4541 631 4577 :
665 4532 720 4578 et
742 4540 864 4595 qua:
891 4525 998 4580 illis
1039 4526 1093 4580 in
1127 4524 1294 4596 figura
1335 4538 1486 4596 gesta
1511 4535 1663 4594 sunt,
1699 4527 1764 4582 ad

1861 3327 1952 3394 qui
1997 3323 2333 3378 insultabant
2377 3323 2489 3387 eis,
2537 3336 2659 3376 cum
2706 3320 2804 3390 ipsi
2839 3327 3186 3392 peccatorum
3221 3316 3468 3388 gravium

1865 3426 2049 3472 essent
2080 3415 2225 3470 iuole
2255 3415 2486 3470 curvati.

1936 3509 2026 3565 54.
2071 3509 2286 3564 Primus
2327 3524 2458 3579 ergo
2499 3507 2809 3562 intellectus
2851 3505 2918 3560 de
2968 3505 3198 3576 captivis
3226 3503 3474 3576 patribus

1865 3601 2210 3673 usurpandus
2257 3611 2369 3667 est,
2418 3600 2614 3671 quibus
2647 3599 3046 3654 insultaverunt
3075 3597 3314 3668 Assyrii,
3345 3595 3472 3649 illu-

1865 3695 2056 3752 dentes
2083 3695 2162 3751 eis
2208 3695 2260 3749 in
2308 3694 2603 3765 Babylonia
2632 3711 2644 3745 :
2675 3693 2869 3762 quibus
2898 3691 3062 3747 etiam
3105 3706 3203 3746 rex
3249 3685 3342 3743 ille
3381 3703 3473 3743 nc-

1866 3791 2162 3861 quissimus
2205 3789 2588 3842 dominabatur
2631 3784 3150 3841 Nabuchodonosor.
3182 3780 3471 3838 Secundus

1867 3884 2182 3939 intellectus
2209 3881 2274 3934 ad
2307 3881 2502 3934 altiora
2545 3878 2862 3933 referendus
2909 3886 3023 3942 est,
3060 3875 3201 3946 quod
3235 3873 3472 3928 saevissi-

1869 3993 1988 4032 mus
2013 3993 2106 4031 rex
2137 3975 2384 4030 diabolus
2415 3983 2498 4028 est
2527 3991 2540 4025 :
2572 3973 2688 4041 ipse
2708 3981 2791 4025 est
2816 3971 3073 4041 Assyrius
3100 3969 3266 4042 909
3291 3965 3471 4021 Nabu-

1868 4071 2231 4134 chodonosor,
2265 4067 2356 4138 qui
2385 4067 2538 4122 bonis
2567 4065 2815 4120 insidiari
2845 4064 3012 4128 solet,
3051 4071 3109 4116 ut
3135 4076 3230 4115 eos
3259 4062 3311 4114 in
3341 4073 3471 4128 pec-

1869 4174 2046 4220 catum
2078 4161 2253 4216 trahat
2295 4177 2393 4232 per
2421 4160 2601 4216 carnis
2640 4157 2974 4212 illecebram.
3025 4153 3259 4209 Attende
3298 4153 3465 4222 igitur

1875 4258 2015 4312 hunc
2044 4270 2226 4325 regem
2255 4268 2323 4308 eo
2363 4254 2505 4317 loco,
2543 4250 2634 4304 ttbi
2671 4249 2807 4304 dicit
2842 4248 3133 4319 Apostolus
3166 4266 3178 4301 :
3220 4244 3382 4299 Video
3413 4246 3480 4298 le-

1871 4368 1982 4422 gem
2005 4349 2174 4402 carnis
2197 4364 2321 4400 mea:
2343 4354 2712 4418 repugnantem
2743 4344 2842 4414 legi
2863 4343 3043 4396 mentis
3067 4356 3214 4407 mem,
3239 4350 3286 4393 et
3308 4339 3474 4409 capti-

1871 4459 1986 4498 vum
2019 4459 2099 4496 me
2125 4441 2388 4494 ducentem
2418 4440 2470 4493 in
2493 4439 2600 4509 lege
2632 4437 2822 4507 peccati
2855 4435 3034 4508 (Rom.
3069 4449 3173 4498 vtt,
3206 4433 3338 4502 25);
3371 4431 3477 4487 hoc

1874 4544 1984 4602 est,
2019 4535 2071 4590 in
2117 4533 2206 4588 illa
2241 4535 2358 4604 lege
2386 4531 2624 4586 carnalis
2663 4529 2957 4584 illecebrae.
3003 4526 3360 4581 Adversarius
3391 4525 3480 4578 leo

170 4617 532 4687 cognitionem
581 4627 822 4674 nostram
856 4621 1154 4689 profecisse
1175 4661 1189 4684 ,
1239 4621 1503 4690 Apostolo
1544 4633 1768 4678 auctore
1794 4622 1845 4682 D
1871 4639 1975 4694 est,
2009 4629 2097 4698 qui
2127 4637 2282 4697 urget
2307 4625 2595 4691 obnoxios,
2617 4625 2796 4694 justos
2830 4622 3037 4693 fatigat.
3064 4620 3221 4676 Unde
3253 4617 3482 4688 pulchre

168 4707 212 4779 (Ι
239 4705 357 4762 Cor.
390 4724 445 4772 x,
477 4707 589 4779 ll),
635 4711 1012 4781 cognovimus.
1053 4714 1120 4767 Et
1158 4729 1286 4769 vere
1323 4714 1375 4768 in
1416 4716 1765 4785 opprobrium

172 4803 330 4873 positi
361 4812 484 4856 sunt
515 4805 796 4872 gentibus;
829 4806 953 4875 quia
982 4815 1170 4875 gentes
1196 4809 1547 4879 opprobrium
1588 4813 1768 4866 crucis

170 4897 463 4954 Dominicae
487 4899 740 4955 omnibus
770 4899 978 4954 divitiis
1003 4901 1355 4957 saecularibus
1387 4905 1764 4973 prmtulerunt.

177 4993 276 5061 Qui
297 5004 475 5048 autem
500 5008 715 5048 crucem
745 4995 890 5048 illam
915 4993 1121 5063 putavit
1141 4995 1514 5064 opprobrium,
1540 5007 1594 5052 ct
1616 4999 1768 5068 quasi

172 5087 530 5156 opprobrium
573 5085 803 5156 refugit,
837 5087 882 5140 is
907 5100 1035 5140 vere
1078 5086 1130 5140 in
1158 5085 1415 5142 diuturno
1447 5090 1646 5143 mansit
1677 5105 1774 5160 0p-

173 5181 413 5250 probrio.
449 5180 654 5235 Tamen
697 5182 822 5250 quia
868 5195 975 5236 non
1006 5181 1309 5236 secundum
1341 5195 1560 5236 carnem
1605 5182 1777 5238 Israe-

176 5275 282 5330 litae
310 5273 582 5340 videntur,
620 5275 708 5343 qui
734 5274 1233 5344 potueruntdicere
1263 5294 1274 5327 :
1309 5274 1440 5341 Quia
1467 5275 1646 5345 inique
1670 5292 1774 5331 non

176 5368 384 5439 egimus
416 5367 467 5420 in
489 5365 844 5422 Testamento
879 5367 1096 5422 Domini
1130 5367 1332 5441 (Infra,
1362 5385 1492 5423 vers.
1522 5367 1612 5440 I9)
1638 5387 1650 5419 :
1681 5384 1780 5425 nec

177 5531 298 5588 aliis
335 5540 499 5590 atoue
523 5532 778 5587 omnibus
809 5546 940 5587 mss.
977 5533 1227 5589 habetur.
1262 5534 1468 5590 Alludit
1503 5544 1683 5588 autem
1710 5534 1779 5589 ad

179 5604 354 5656 locum
381 5603 444 5656 III
476 5603 610 5669 Reg.
635 5619 768 5669 xxtt,
798 5605 890 5668 28,
917 5604 1061 5660 unde
1085 5616 1264 5660 tamen
1293 5606 1454 5660 verba
1486 5607 1575 5660 illa
1599 5614 1782 5660 sustu-

178 5674 240 5730 lit
268 5674 360 5728 lib.
390 5674 467 5727 De
495 5673 752 5737 Nabutlte,
783 5689 903 5744 cap.
921 5677 1137 5738 ultimo,
1167 5693 1316 5732 num.
1345 5679 1436 5742 72,
1467 5690 1627 5743 quem
1651 5693 1783 5730 con-

181 5745 314 5806 sule.
349 5746 500 5812 Quod
546 5761 684 5820 vero
706 5761 802 5815 pro
828 5748 1140 5814 colentibus,
1169 5758 1226 5802 ut
1253 5749 1458 5820 (legitur
1484 5749 1536 5802 in
1570 5751 1782 5820 etinctis

183 5827 309 5874 mss.
361 5829 423 5874 ac
451 5825 558 5874 vet.
603 5816 733 5876 edit.
771 5819 821 5876 in
861 5828 1044 5889 textu,
1090 5816 1336 5878 restituit
1367 5819 1696 5890 cogentibus,
1732 5821 1784 5876 id

1875 4723 2054 4792 posuit
2084 4721 2326 4790 Aquila:
2368 4719 2694 4788 Spretionmt
2743 4727 2789 4770 et
2831 4731 3071 4786 pompam
3114 4711 3332 4782 posuisti
3382 4725 3477 4763 nos

1874 4815 1938 4868 iis
1960 4855 1974 4878 ,
2006 4813 2090 4883 qui
2122 4812 2174 4866 in
2204 4811 2422 4866 circuitu
2458 4820 2630 4865 nostro
2660 4818 2797 4864 sunt.
2836 4809 2909 4861 Ita
2939 4806 3082 4859 enim
3115 4801 3482 4874 despicabiles

1876 4906 2306 4971 aestimabantur,
2345 4906 2435 4976 qni
2466 4906 2734 4960 theatrum
2781 4902 2904 4956 facti
2937 4909 3063 4954 sunt
3102 4898 3225 4953 huic
3249 4895 3479 4962 mundo,

1877 5009 1930 5055 et
1967 4999 2180 5070 angelis
2223 5008 2277 5054 et
2318 4999 2662 5060 hominibus;
2706 4996 2829 5066 quia
2877 4994 2978 5049 etsi
3028 4993 3080 5046 in
3122 4992 3481 5048 Testamento

1876 5107 1986 5147 non
2021 5101 2244 5160 peccent
2271 5091 2397 5155 Dei,
2425 5107 2523 5145 nec
2554 5087 2734 5143 carnis
2761 5085 3035 5141 illecebris
3062 5083 3419 5139 reﬂectantur
3449 5099 3482 5138 a

1879 5185 2142 5250 Domino;
2173 5194 2351 5240 tamen
2383 5183 2538 5254 quasi
2570 5183 2622 5236 in
2655 5193 2850 5250 pompa
2875 5176 3109 5246 quadam
3142 5175 3484 5231 circumferri

1879 5279 2136 5336 videntur
2175 5289 2233 5335 et
2276 5278 2521 5349 despici:
2555 5272 2989 5345 quandoquidem
3029 5279 3348 5340 peccatores
3387 5269 3488 5322 hu-

1882 5373 2098 5428 militati
2139 5374 2409 5445 iustorum
2443 5369 2707 5426 insultare
2747 5364 3160 5429 consueverint;
3195 5372 3254 5418 ut
3295 5376 3493 5432 oppro-

1883 5551 2007 5592 cnm
2031 5537 2234 5592 etedem
2259 5535 2390 5590 edit.
2422 5534 2475 5588 in
2504 5532 2748 5596 margine
2769 5531 3046 5593 exhibent,
3077 5539 3186 5583 tum
3211 5528 3268 5582 S.
3295 5527 3496 5581 Docto-

1884 5611 1959 5664 ris
1983 5609 2174 5663 astruit
2203 5606 2560 5662 consuetudo.
2609 5604 2657 5658 Is
2683 5604 2823 5657 enim
2857 5600 3141 5655 manifeste
3174 5601 3258 5654 hic
3298 5599 3494 5654 alludit

1885 5681 1952 5736 ad
2001 5680 2132 5734 illttd
2164 5679 2353 5733 Matth.
2391 5695 2440 5732 XI
2465 5719 2479 5743 ,
2512 5676 2602 5742 12,
2643 5685 2689 5729 et
2716 5673 2920 5729 uiolenti
2949 5675 3156 5740 rapiunt
3184 5671 3347 5735 illud;
3395 5670 3490 5727 ubi

1888 5767 2180 5828 numquam
2207 5767 2312 5828 non
2343 5749 2492 5821 legit,
2518 5756 2905 5828 cogentestpro
2933 5745 3161 5828 uiolenti.

1962 5834 1985 5862 τη
2027 5816 2155 5879 Hss.
2192 5816 2422 5891 aliquot,
2451 5821 2540 5876 sed
2567 5816 2598 5874 ἁ
2619 5816 2897 5874 colentibus
2925 5816 3104 5887 diripi.
