4008 6352
587 307 723 364 lilii

1920 306 2163 364 SANCTI
2203 306 2528 366 AMBROSII

3756 320 3862 376 illi;

580 423 754 479 brium
795 423 997 479 ditcant
1031 435 1246 478 crucem
1291 421 1502 478 Domini
1543 422 1854 489 Salvatoris,
1889 422 2166 478 humilita-
2191 426 2247 486 Α
2272 436 2382 477 meo
2410 421 2565 478 Isaac
2595 424 2613 495 (
2645 423 2777 481 Gen.
2809 439 2922 490 xu.
2954 427 3023 482 16
3053 429 3094 499 ).
3153 428 3219 483 Et
3267 429 3577 500 Apostolus
3619 432 3694 487 ait
3726 451 3739 486 :
3771 435 3856 489 Ila-

579 525 802 589 temque
825 518 1120 587 iustorum.
1163 515 1406 586 Denique
1433 516 1585 586 quasi
1627 516 1680 571 in
1711 516 1941 587 quadam
1975 529 2166 587 pompa

582 609 780 665 theatri
818 609 1162 664 constitutus
1177 608 1470 673 Apostolus
1509 607 1639 664 dicit
1670 627 1683 663 :
1729 607 1922 665 Placeo
1949 611 2075 664 mihi
2113 612 2170 666 in

580 703 818 775 injuriis,
857 704 910 756 in
944 700 1354 763 necessitatibus,
1399 702 1450 756 in
1477 701 1942 772 perseeutionlbus,
1983 703 2038 756 in
2075 719 2171 758 an-

567 795 758 864 .gustt'is
785 792 853 862 (ll
877 791 998 848 Cor.
1026 810 1124 859 xu,
1158 794 1269 863 10).
1297 791 1354 848 In
1379 793 1496 848 istis
1525 792 1702 863 placet
1720 793 1843 860 sibi,
1878 793 1966 864 qui
1987 793 2167 849 omnia

574 901 694 955 quas
741 885 924 941 mundi
966 894 1125 952 sunt,
1159 885 1541 942 detrimentum
1577 894 1760 957 putat;
1791 895 1851 942 ut
1887 886 2167 943 Christum

575 977 896 1046 lucrifaciat,
946 979 1123 1036 solum
1151 995 1249 1050 per
1289 980 1454 1034 vitam
1495 989 1549 1035 et
1576 990 1806 1036 mortem
1837 981 2165 1052 requirens:

572 1072 657 1125 cui
693 1072 873 1126 vivere
901 1071 1150 1130 Christus
1178 1080 1292 1141 est,
1321 1080 1379 1129 et
1399 1073 1536 1128 mori
1564 1073 1810 1142 lucrum,
1842 1084 1899 1129 ut
1927 1074 2168 1131 invenia-

571 1172 658 1219 tur
685 1164 739 1220 ln
768 1163 1006 1221 Christo.

640 1259 730 1314 55.
756 1260 775 1330 (
799 1258 950 1314 Vers.
984 1258 1112 1328 l5.)
1147 1258 1422 1329 Adjiciunt
1449 1259 1626 1315 adhuc
1653 1259 1744 1316 isti
1796 1259 2054 1316 lsraelita:
2084 1259 2168 1317 div

567 1359 757 1406 centes
788 1370 800 1407 ε
839 1351 1073 1407 Posuisti
1096 1369 1190 1408 nos
1215 1354 1270 1408 in
1292 1353 1593 1423 purabolam
1630 1353 1862 1424 gentibus
1886 1393 1902 1420 ,
1934 1369 2164 1409 commo-

565 1445 754 1499 tionem
785 1447 968 1516 rapitis
998 1450 1051 1501 in
1076 1447 1302 1518 populis.
1332 1456 1358 1483 ει
1387 1446 1592 1516 Quibus
1615 1448 1866 1520 gentibus
1893 1450 2162 1519 posuisti,

566 1539 667 1593 nisi
689 1539 1020 1596 creditoris?
1051 1541 1126 1596 Ea
1149 1542 1295 1596 enim
1317 1555 1438 1611 qua:
1479 1542 1790 1597 acciderunt
1837 1543 2038 1599 Judais
2067 1585 2083 1608 ,
2111 1545 2163 1599 in

562 1632 975 1690 similitudinem
1009 1636 1197 1705 ﬁgura:
1228 1634 1367 1690 facta
1383 1643 1616 1700 sunt;ut
1637 1635 1794 1692 ﬁeret
1821 1638 1976 1692 nobis
2006 1647 2163 1709 typus

561 1735 616 1780 et
648 1725 818 1795 ﬁgura
848 1727 1121 1782 excidium
1151 1726 1482 1792 Judaeortun,
1516 1739 1679 1798 atque
1695 1744 1760 1784 ex
1788 1729 1880 1784 illa
1911 1731 2166 1785 similitu-

2271 531 2386 585 que,
2421 519 2630 587 fratres,
2654 533 2758 573 non
2786 533 2962 576 sumus
3004 521 3212 576 ancilla
3238 522 3361 591 ﬁlii,
3385 524 3481 579 sed
3527 525 3704 580 liber!
3729 527 3748 598 (
3775 529 3856 584 Ga-

2272 609 2364 663 ιω.
2393 625 2466 675 Iv,
2495 610 2560 666 5i
2587 609 2628 683 ).
2660 610 2786 668 limo
2805 621 2890 669 est
2910 628 3042 684 ergo
3061 616 3302 680 solutio;
3325 619 3452 689 quia
3485 620 3635 690 quod
3674 622 3854 691 ignora-

2273 703 2364 759 bat
2388 703 2626 768 Iudaeus,
2653 707 2785 762 ﬁdes
2812 708 3052 778 gentium
3078 709 3273 777 soluit,
3298 711 3479 767 infusa
3509 729 3540 766 a
3566 713 3732 768 Paulo
3749 714 3854 771 do:-

2271 807 2390 856 tore
2442 802 2715 856 mentibus
2760 803 3059 858 nationum.
3103 802 3233 860 ideo
3290 820 3425 877 ergo
3481 807 3704 862 illorum
3727 820 3850 880 gesta

2271 894 2428 951 nobis
2454 895 2506 951 in
2537 897 2789 965 parabola
2824 907 2970 954 sunt.

2342 989 2432 1046 57.
2464 991 2571 1048 Sed
2595 1003 2650 1048 et
2668 993 2927 1051 Dominus
2946 994 3084 1050 dixit
3109 1012 3124 1051 :
3155 994 3351 1052 Factus
3371 1010 3491 1052 sum
3520 997 3630 1053 illis
3651 998 3702 1052 in
3721 1015 3848 1068 pars-

2269 1082 2438 1137 bolant
2463 1100 2481 1138 :
2505 1085 2775 1140 adversum
2822 1101 2903 1141 sne
2951 1088 3316 1143 uescebantur
3386 1090 3479 1158 qui
3529 1089 3761 1146 sedebant
3805 1094 3845 1147 ia

2269 1184 2420 1243 porto
2451 1174 2635 1248 (Psal.
2666 1193 2847 1244 vam,
2882 1178 2950 1232 12
2975 1189 3022 1234 et
3048 1179 3115 1236 13
3145 1178 3187 1250 ).
3215 1179 3275 1236 in
3325 1182 3645 1252 parabola
3696 1193 3844 1242 autem

2268 1264 2475 1333 factus;
2506 1267 2628 1339 quia
2659 1270 2859 1334 dicitis,
2892 1271 3066 1340 inquit
3110 1289 3124 1325 t
3169 1271 3406 1338 Medico,
3435 1289 3567 1330 cura
3617 1285 3666 1330 te
3707 1277 3844 1345 ipsa

2268 1358 2287 1427 (
2312 1357 2443 1413 Luc.
2477 1376 2548 1425 tv,
2579 1359 2711 1434 25).
2739 1361 2797 1418 in
2828 1362 3142 1432 parabolam
3166 1363 3340 1420 factus
3369 1374 3456 1420 est
3482 1382 3499 1431 ;
3534 1365 3662 1436 quia
3683 1367 3845 1424 sedea-

2269 1464 2350 1510 tes
2380 1455 2432 1509 in
2461 1467 2615 1526 porta
2640 1456 2986 1526 increpabat;
3021 1439 3074 1513 in
3116 1458 3264 1514 exitu
3315 1458 3465 1514 enim
3508 1474 3620 1513 non
3669 1460 3839 1526 otiosi,

2265 1548 2359 1604 sed
2391 1550 2618 1604 exerciti
2647 1565 2770 1606 esse
2807 1550 3093 1608 debemus.
3135 1551 3370 1623 Ideoque
3425 1553 3694 1622 scriptum
3736 1566 3840 1611 est:

2278 1643 2474 1708 Videte,
2508 1661 2571 1698 ne
2607 1645 2699 1714 ﬁat
2725 1645 2851 1716 fuga
2879 1655 3042 1701 vestro
3063 1647 3262 1718 ligonis,
3291 1649 3371 1703 cel
3396 1649 3653 1721 subbato(
3683 1650 3839 1706 lauit.

2268 1758 2413 1807 xxiv,
2442 1743 2515 1799 20
2537 1746 2586 1812 );
2615 1743 2718 1799 hoc
2742 1753 2850 1808 est,
2881 1760 2988 1800 non
3021 1746 3076 1800 in
3113 1748 3247 1813 otio,
3281 1748 3379 1804 sed
3415 1748 3469 1803 in
3501 1750 3739 1820 negotio.
3767 1751 3843 1806 Er-

559 1818 688 1873 dine
714 1833 813 1889 per
843 1821 1173 1889 parabola‘m,
1207 1820 1529 1876 olutiouem
1571 1821 1928 1892 praesentibus
1976 1826 2158 1894 requi-
2191 1825 2238 1886 B
2265 1850 2333 1904 go
2362 1835 2496 1905 pigri
2525 1837 2786 1892 sedebant
2830 1836 3004 1893 Judaei
3025 1855 3040 1904 ;
3063 1840 3186 1909 quia
3234 1850 3382 1896 stare
3411 1856 3524 1896 non
3571 1818 3804 1911 poterant
3825 1885 3838 1906 ,

559 1927 763 1979 ramus,
785 1929 892 1982 quo
912 1915 1164 1984 exempla
1186 1928 1374 1968 eorum
1404 1925 1599 1969 cavere
1631 1914 1920 1984 possimus.
1957 1915 2162 1974 Deinde

560 2003 687 2073 quia
717 2004 953 2061 Judaicae
984 2021 1072 2062 res
1122 2022 1309 2064 omnes
1353 2009 1507 2078 quasi
1555 2009 1824 2077 parabolas
1871 2018 2025 2075 sunt;
2056 2010 2161 2066 hoc

559 2105 662 2163 est,
694 2101 846 2169 quasi
881 2100 1064 2171 ﬁgurae
1089 2110 1312 2172 egentes
1332 2103 1622 2158 solutione.
1648 2101 2162 2172 Deniqueltominus

557 2188 836 2246 Judmisin
867 2193 1123 2263 parabole
1148 2193 1497 2264 loquebatur,
1529 2204 1586 2250 ut
1642 2195 1882 2266 imperiti
1924 2209 2031 2252 non
2077 2197 2162 2250 in-

559 2282 884 2354 telligerent,
915 2287 1285 2358 intelligerent
1339 2290 1645 2359 sapientes;
1680 2300 1736 2344 ut
1786 2291 2164 2360 intelligebant

556 2375 828 2448 Apostoli,
861 2389 918 2435 et
948 2381 1000 2435 in
1029 2397 1136 2450 quo
1157 2381 1186 2421 ιτ
1214 2383 1594 2451 movebantur,
1621 2383 2029 2454 interrogabant
2055 2385 2162 2440 Do-

557 2472 762 2527 minum
795 2473 1007 2529 :Judati
1038 2487 1220 2531 autem
1251 2491 1352 2530 nec
1407 2476 1801 2546 intelligebant,
1835 2493 1936 2534 nec
1960 2479 2159 2536 iterum

555 2565 768 2622 discere
796 2585 902 2622 non
943 2568 1214 2624 intellecta
1238 2571 1547 2639 cupiebant.

626 2659 714 2714 56.
748 2660 890 2728 Quid
911 2661 984 2715 sit
1011 2663 1289 2731 parabola,
1323 2667 1531 2733 accipe.
1559 2664 1817 2719 Abraham
1850 2666 2009 2736 igitur
2029 2669 2161 2723 duos

555 2751 693 2820 ﬁlios
723 2753 901 2806 habuit
919 2769 940 2808 :
963 2771 1120 2809 unum
1147 2756 1210 2810 de
1235 2758 1449 2825 ancilla,
1473 2769 1523 2812 et
1548 2776 1706 2815 unum
1731 2761 1796 2816 de
1830 2763 1992 2816 libera
2020 2762 2162 2837 (Ga-

555 2841 646 2896 lat.
674 2859 744 2909 IV,
776 2844 900 2916 22).
931 2845 1047 2902 Non
1077 2849 1409 2919 intelligebat
1431 2851 1535 2907 hoc
1555 2852 1777 2910 Judaeus
1811 2856 1915 2912 nisi
1964 2871 2161 2913 secun-

556 2932 683 2988 dum
716 2935 969 2992 litteram.
999 2938 1286 2997 Nesciebat
1310 2945 1431 3012 quis
1451 2944 1519 2998 de
1549 2946 1676 3002 ﬁliis
1703 2947 1917 3004 duobus
1944 2950 2160 3020 accipe-

555 3038 637 3082 ret
670 3027 1039 3088 baereditatem
1086 3038 1287 3105 patris;
1317 3037 1444 3108 quia
1471 3039 1537 3094 ad
1574 3042 1807 3097 carnalia
1854 3045 2159 3114 propende-

553 3121 664 3175 bat.
714 3122 920 3193 Egebat
952 3128 1208 3196 parabole
1240 3130 1530 3188 solutione.
1577 3133 1736 3189 Venit
1779 3137 2021 3206 gentium
2051 3139 2158 3193 Dos

2262 1928 2350 1998 qui
2375 1943 2516 1983 verte
2546 1929 2880 1986 Hierusalem
2903 1932 3038 1986 atria
3054 1933 3403 1999 nesciebant;
3435 1935 3482 1988 si
3508 1936 3658 1990 enim
3681 1937 3840 1990 scivis-

2263 2029 2384 2075 sent
2410 2021 2553 2076 illam
2588 2021 2946 2091 llierusalem,
2976 2023 3406 2094 requisivissent.
3438 2025 3536 2081 [sti
3564 2041 3696 2096 ergo
3737 2027 3838 2082 ratio

2261 2113 2370 2184 gati
2393 2115 2443 2168 in
2477 2124 2630 2184 porta
2672 2114 2956 2171 sedebant.
3006 2115 3117 2172 Nec
3161 2117 3336 2173 solum
3363 2117 3509 2174 dixit
3532 2159 3548 2183 ,
3579 2118 3836 2181 sedebant;

2261 2207 2356 2262 sed
2383 2209 2547 2263 etiam
2578 2208 2806 2264 oderant
2832 2209 3118 2266 Dominum
3142 2209 3193 2264 in
3220 2210 3390 2280 portis
3421 2210 3835 2282 redargueutem.

2263 2298 2319 2354 ln
2346 2310 2496 2368 porta
2519 2301 2664 2354 enim
2695 2309 2843 2368 erat,
2866 2301 2958 2370 qui
3007 2301 3284 2358 subiturus
3309 2313 3429 2358 erat
3475 2304 3566 2358 sui
3622 2304 3838 2370 certioris

2262 2395 2589 2465 passionem,
2626 2410 2721 2467 per
2747 2409 2908 2464 quam
2937 2395 3192 2466 migraret
3239 2411 3270 2450 e
3312 2397 3476 2452 terris
3505 2435 3524 2460 ,
3554 2395 3756 2451 rediret
3789 2396 3840 2450 ad

2263 2485 2480 2543 calum.
2515 2486 2571 2542 ln
2602 2496 2756 2557 porta
2785 2497 2900 2542 erat
2954 2501 3076 2542 cum
3123 2487 3331 2543 diceret
3363 2507 3378 2543 :
3415 2488 3696 2543 Ambulate
3743 2488 3840 2539 data

2261 2581 2424 2635 lucem
2441 2580 2636 2636 habetis
2667 2580 2685 2652 (
2707 2579 2866 2635 Joan.
2896 2595 2994 2647 xtl,
3019 2579 3088 2635 55
3114 2580 3156 2651 ).
3186 2579 3324 2648 Ouid
3351 2589 3440 2636 est
3466 2596 3605 2652 ergo
3635 2597 3653 2637 :
3680 2578 3840 2634 Fortes

2260 2689 2374 2726 sum
2399 2675 2504 2728 illis
2532 2675 2584 2728 in
2637 2674 2933 2743 parabolant
2965 2674 3150 2743 (Psal.
3184 2688 3382 2740 vaul,
3415 2672 3522 2743 η)
3549 2691 3564 2739 ;
3598 2674 3701 2728 nisi
3743 2673 3842 2742 quis

2263 2764 2385 2820 ﬁnis
2407 2765 2565 2837 Legis
2591 2775 2676 2822 est
2701 2767 2969 2831 Christus,
2997 2775 3053 2822 et
3084 2780 3230 2821 mors
3268 2767 3392 2835 ejus
3419 2765 3593 2820 solvit
3618 2770 3843 2834 enigma-

2263 2867 2315 2912 ta
2339 2857 2754 2928 propbetarum;
2784 2873 2956 2929 eaque
2976 2874 3098 2930 qua:
3126 2867 3252 2915 ante
3276 2858 3484 2914 Iudaeis
3539 2868 3699 2915 erant
3722 2860 3840 2913 ilico-

2260 2952 2428 3022 gnita,
2454 2967 2578 3007 cum
2619 2953 3072 3022 prophetarentur
3093 2988 3110 3020 ,
3137 2964 3321 3024 postea
3355 2953 3702 3009 manifestata
3742 2963 3841 3008 sunt

2265 3043 2560 3099 Dominice
2592 3045 2860 3114 passionis
2880 3043 3108 3100 eﬂ'ectu?
3132 3045 3329 3101 Factus
3355 3055 3442 3100 est
3469 3047 3581 3100 illis
3612 3046 3666 3100 in
3713 3059 3840 3114 para-

2260 3135 2472 3200 boiatn;
2503 3135 2626 3206 quia
2656 3139 2808 3206 quasi
2841 3137 3000 3192 vilem
3030 3150 3090 3194 se
3118 3137 3367 3207 prmbuit,
3394 3137 3657 3208 ingerens
3696 3152 3750 3192 se
3791 3137 3839 3190 il-

551 3222 691 3276 ctor.
715 3227 768 3270 et
799 3217 935 3273 ﬁdes
957 3221 1260 3288 nationum,
1293 3232 1349 3278 et
1387 3224 1656 3281 intellexit
1705 3229 1851 3298 quod
1896 3230 2019 3286 dum
2047 3231 2154 3289 illm
2181 3221 2226 3284 C
2262 3228 2360 3294 iis,
2393 3242 2493 3284 nec
2545 3226 2820 3298 refusiens
2861 3244 3050 3284 οοτωη
3103 3228 3423 3295 “dium”!
3456 3241 3514 3284 ⁸⁸
3561 3227 3838 3299 Ρθτδυεεηδ

555 3306 812 3364 mulieres
839 3309 947 3365 duo
976 3313 1084 3367 sint
1114 3313 1462 3381 Testamenta
1497 3336 1509 3371 :
1543 3331 1705 3374 unum
1727 3335 1756 3374 a
1785 3331 1972 3379 monte
1997 3323 2148 3392 Sina,

553 3399 696 3467 quod
751 3401 803 3456 in
833 3404 1146 3459 servitutem
1173 3411 1454 3478 generavit
1509 3413 1767 3482 p0puium
1797 3413 2107 3471 Judaaoruni
2134 3459 2150 3485 ,

552 3491 695 3561 quod
719 3502 803 3548 est
825 3492 970 3565 Agar
1002 3496 1201 3568 (lbid.,
1223 3499 1349 3572 at).
1380 3503 1448 3558 Et
1487 3503 1609 3560 ideo
1639 3507 1767 3562 Sina
1801 3545 1817 3575 ,
1863 3509 2007 3579 quod
2057 3526 2154 3580 per

553 3583 1058 3654 interpretationem
1089 3607 1399 3648 mensuram
1441 3595 1559 3665 ejus
1588 3599 1854 3667 signiﬁcat
1887 3618 1900 3654 :
1930 3618 2150 3658 mensu-

553 3692 611 3732 ra
642 3687 820 3734 autem
846 3679 1005 3752 Legis
1034 3694 1139 3750 est,
1169 3687 1612 3753 superabundans
1639 3701 1817 3746 autem
1848 3695 2019 3763 gratia
2042 3705 2149 3753 est.

553 3770 682 3826 Sina
713 3787 928 3845 quoque
957 3793 1164 3834 merces
1185 3779 1404 3848 dicitur,
1431 3791 1482 3837 et
1524 3785 1779 3840 convenit
1808 3789 2009 3858 populo
2055 3789 2153 3846 .lu-

549 3861 816 3930 dasorum,
844 3868 934 3938 qui
948 3870 1231 3938 justiﬁcari
1253 3889 1315 3929 se
1341 3877 1593 3932 intercedit
1617 3889 1864 3949 Operum,
1896 3897 2055 3953 quam
2089 3884 2152 3938 ﬁ»

549 3955 638 4012 dei
671 3960 841 4029 gratia
864 3964 1189 4020 maluerunt.
1225 3965 1370 4038 Ergo
1396 3985 1520 4040 quae
1547 3971 1648 4027 sub
1675 3972 1816 4045 Lege
1849 3986 1968 4030 erat
2017 3975 2146 4032 Hie-

549 4051 808 4119 rusalem,
835 4067 959 4110 cum
990 4056 1117 4112 ﬁliis
1137 4060 1252 4116 suis
1291 4063 1563 4120 serviebat
1595 4083 1607 4119 :
1639 4077 1759 4137 quae
1811 4078 1991 4125 autem
2023 4085 2146 4126 sur-

552 4155 671 4198 sum
725 4155 807 4201 est
835 4147 1173 4206 Hierusalem
1195 4191 1211 4220 ,
1245 4154 1413 4210 libera
1453 4166 1558 4212 est.
1587 4158 1656 4213 Et
1678 4160 1802 4217 ideo
1823 4161 1975 4231 Sara,
2026 4179 2149 4234 quin

551 4237 862 4307 principalis
888 4241 1108 4312 dicitur,
1139 4245 1445 4305 libertatem
1477 4250 1676 4319 habet;
1704 4257 1848 4324 quod
1893 4257 2147 4328 princeps

545 4328 629 4422 sui
658 4329 751 4394 sit,
775 4332 869 4401 qui
895 4334 1072 4402 justus
1093 4347 1255 4408 atque
1282 4340 1488 4411 integer
1506 4355 1611 4400 est.
1637 4345 1717 4401 Ex
1741 4348 1954 4405 duobus
1985 4350 2148 4422 igitur

544 4419 710 4492 910
758 4422 1121 4485 Testamentis
1177 4431 1285 4486 duo
1335 4435 1716 4505 populi:unus
1793 4419 2142 4512 Iudaeorum,

543 4515 684 4570 alius
711 4520 1012 4587 nationum,
1045 4523 1135 4593 qui
1164 4524 1216 4578 in
1245 4524 1465 4583 Christo
1494 4530 1746 4588 credidit.
1775 4534 1871 4590 ille
1926 4536 2144 4594 Judaeo-

2258 3338 2352 3376 eos
2399 3321 2466 3376 ad
2519 3332 2732 3393 tempus
2772 3322 3096 3393 beneplaciti
3134 3323 3268 3388 sibi;
3303 3331 3361 3377 ut
3409 3333 3719 3378 moreretur
3759 3336 3835 3392 pro

2259 3416 2506 3469 omnibus
2541 3415 2870 3484 hominibus,
2894 3430 3003 3487 quo
3026 3415 3172 3471 illius
3196 3416 3463 3485 sanguine
3487 3429 3668 3486 genus
3692 3415 3835 3470 homi-

2259 3523 2385 3562 num
2413 3507 2787 3563 mundarctur.

2328 3601 2416 3656 53.
2445 3601 2702 3658 Similiter
2722 3601 2773 3656 in
2805 3601 3058 3672 parabole
3089 3602 3350 3674 scripturn
3379 3611 3465 3659 est
3490 3619 3507 3661 :
3537 3603 3663 3662 Non
3682 3605 3834 3675 ellipt-

2256 3695 2330 3748 bis
2353 3712 2410 3749 os
2433 3693 2546 3749 bovi
2569 3696 2834 3750 lrituranti
2865 3694 2887 3768 (
2918 3694 3074 3750 Deut.
3099 3711 3226 3761 xxv,
3248 3696 3284 3750 4
3305 3696 3348 3766 ).
3388 3695 3572 3752 Solvit
3599 3698 3735 3750 hanc
3755 3713 3831 3767 pa-

2252 3789 2492 3844 rabolam
2516 3789 2808 3859 Apostolus
2838 3789 3028 3845 dicens
3055 3806 3069 3842 :
3100 3787 3373 3860 Numquid
3399 3790 3468 3844 de
3520 3789 3684 3846 bobus
3729 3807 3832 3844 cm

2253 3891 2326 3936 est
2358 3881 2468 3938 Deo
2494 3882 2519 3936 Ρ
2547 3884 2627 3936 An
2654 3891 2862 3953 prapter
2883 3898 2976 3938 nos
3003 3883 3179 3952 utique
3229 3883 3352 3937 dicit
3380 3883 3406 3937 ?
3461 3881 3610 3938 Nam
3645 3893 3830 3954 propter

2253 3988 2346 4029 nos
2368 3975 2565 4040 scripta
2591 3984 2732 4030 sunt.
2788 3974 2917 4040 Quis
2965 3986 3038 4029 est
3075 3975 3164 4044 qui
3208 3985 3345 4042 arat,
3391 3975 3494 4030 nisi
3529 3976 3621 4047 qui
3674 3978 3725 4032 in
3757 3992 3830 4046 sps

2253 4078 2364 4121 arat
2396 4068 2440 4140 (I
2468 4068 2584 4124 Cor.
2620 4085 2696 4137 nt,
2744 4069 2779 4125 9
2809 4079 2856 4124 et
2886 4070 3024 4139 10)?
3073 4077 3134 4124 ut
3161 4069 3214 4124 in
3240 4069 3451 4139 judicio
3492 4069 3713 4126 Domini
3739 4084 3830 4124 me»

2251 4168 2367 4218 tat?
2398 4164 2465 4218 Et
2489 4163 2610 4219 ideo
2637 4164 2793 4235 quasi
2816 4163 2945 4219 boni
2969 4163 3244 4234 agricola,
3274 4163 3362 4218 ubi
3395 4173 3624 4234 propter
3651 4178 3790 4234 spem
3809 4175 3826 4202 ε

2250 4254 2461 4311 inarata
2509 4257 2669 4312 luerit
2719 4264 2862 4311 terra
2907 4267 3092 4311 nostra
3137 4257 3477 4314 continentia
3539 4256 3828 4327 corporali:

2251 4367 2362 4407 non
2387 4351 2647 4418 carnalia,
2705 4350 2801 4408 sed
2849 4350 3114 4420 spiritalia
3162 4351 3547 4406 seminemus:
3597 4351 3827 4420 quoniam

2247 4444 2316 4500 de
2336 4445 2647 4501 carnalibus
2689 4445 3004 4516 corruptela
3053 4444 3348 4514 colligitur,
3397 4442 3470 4500 de
3510 4445 3827 4514 Spiritalibns

2247 4540 2357 4595 vita
2383 4549 2586 4595 interna
2607 4539 2929 4611 acquiritur.
2962 4537 3144 4610 Typus
3169 4537 3351 4608 itaque
3380 4545 3440 4592 et
3487 4537 3667 4607 ﬁgura
3693 4537 3827 4592 nobis

545 4621 685 4676 rum,
718 4611 809 4681 qui
857 4624 963 4667 non
1020 4615 1275 4683 credidit,
1307 4621 1517 4676 servit:
1551 4624 1668 4694 ipse
1713 4636 1799 4682 est
1841 4631 2140 4688 secundum
2168 4621 2356 4688 Dsint
2398 4641 2549 4704 gesta
2593 4632 3094 4704 majorum.,'l‘ypus
3121 4632 3207 4687 lex
3248 4632 3450 4701 scripta
3503 4632 3561 4686 in
3587 4632 3826 4688 caulibus

537 4713 758 4798 carnem
787 4717 946 4762 natus
975 4724 988 4772 ;
1013 4709 1137 4779 quia
1164 4713 1460 4768 secundum
1492 4731 1709 4775 carnem
1753 4722 2139 4794 interpretatus
2247 4727 2471 4793 nostris,
2512 4737 2572 4780 ut
2601 4725 2756 4781 nobis
2786 4727 2838 4780 in
2889 4739 2951 4780 ea
3000 4725 3262 4798 quieditur
3299 4723 3610 4780 fututorum
3653 4726 3824 4794 ﬁgura,

538 4805 622 4850 est
651 4797 988 4870 Scripturam
1015 4802 1275 4873 divinam,
1309 4817 1365 4863 et
1390 4811 1685 4868 secundum
1715 4814 1949 4872 litteram
1977 4859 1994 4884 ,
2029 4833 2136 4875 non
2245 4837 2352 4876 non
2385 4821 2590 4876 veritas
2615 4821 2705 4876 sit.
2759 4820 2870 4876 Lex
2921 4834 3051 4890 ergo
3093 4797 3248 4890 quasi
3305 4819 3480 4888 ﬁgura
3524 4819 3601 4874 sit
3654 4818 3820 4874 nobis:

537 4891 831 4947 secundum
860 4895 1134 4965 spiritum.
1163 4898 1264 4965 Qui
1293 4910 1476 4957 autem
1505 4903 1575 4960 de
1621 4905 1787 4962 libera
1813 4945 1829 4976 ,
1859 4920 2015 4966 natus
2053 4920 2139 4967 est
2242 4913 2593 4984 Evangelium
2665 4913 2820 4985 quasi
2883 4913 3066 4968 lumen
3131 4921 3191 4969 et
3241 4912 3584 4983 signaculum
3642 4912 3825 4968 verita-

539 4993 635 5048 per
656 4988 1132 5052 repromissionem
1160 5007 1174 5056 ;
1201 4991 1304 5048 hoc
1328 5002 1432 5059 est,
1466 4996 1554 5050 cui
1597 4999 1952 5069 repromissio
1976 5018 2040 5058 ex
2071 5005 2136 5058 ﬁ-
2241 5006 2331 5062 tis.

533 5072 626 5140 de,
651 5075 767 5146 ipse
794 5089 877 5134 est
908 5081 1164 5138 Ecclesiae
1192 5083 1356 5154 ﬁlius,
1387 5096 1578 5144 tenens
1604 5092 1790 5161 gratiae
1829 5093 2132 5152 libertatem
2311 5101 2403 5157 59.
2431 5099 2490 5155 in
2519 5099 2774 5171 parabola
2798 5111 2930 5170 ergo
2963 5099 3220 5156 Dominus
3246 5099 3489 5156 ostendit
3514 5115 3578 5157 se
3596 5098 3819 5156 Induis:

533 5177 757 5262 propter
779 5185 938 5241 quem
969 5173 1205 5231 Ecclesia
1234 5177 1364 5233 dicit
1393 5197 1407 5236 :
1443 5179 1660 5253 [impelle
1677 5185 1924 5240 ancillam
1953 5223 1968 5252 ,
1997 5200 2044 5242 et
2070 5189 2136 5258 ﬁ-
2239 5189 2264 5228 ἀ
2293 5191 2390 5248 sed
2419 5207 2528 5247 non
2557 5191 2947 5247 intellexerunt
2980 5192 3290 5262 parabolom
3322 5209 3337 5258 ;
3388 5192 3516 5262 quia
3569 5192 3820 5248 medicum

529 5257 658 5314 lium
685 5262 796 5332 ejus
818 5280 839 5332 ;
861 5281 966 5320 non
994 5269 1128 5323 enim
1158 5270 1319 5326 turres
1348 5274 1446 5330 erit
1481 5275 1624 5345 ﬁlias
1643 5277 1852 5333 ancillis
1877 5295 1993 5334 cum
2019 5257 2135 5352 ﬁlio
2235 5299 2345 5339 non
2367 5293 2717 5355 receperunt,
2751 5284 2841 5354 qui
2891 5257 3114 5341 curaret
3140 5257 3354 5340 animos
3379 5257 3544 5359 911
3577 5285 3820 5342 laboran-

652 5468 1118 5557 MssLaliquotLet
1138 5480 1428 5557 vet._ed_it.,
1460 5482 1658 5550 Quibus
1679 5483 1914 5554 gentibus
1945 5489 2123 5557 positi,

529 5543 632 5594 nisi
668 5543 939 5626 predum-is
967 5547 993 5600 7
1015 5547 1204 5626 lium”
1240 5543 1439 5616 Quibus
1465 5543 1705 5624 genam;
1747 5558 1901 5626 positi
1927 5543 2042 5612 sunt
2069 5543 2126 5615 in

528 5612 981 5700 paia'b'olam,_etc.
1012 5618 1198 5700 Plures
1232 5612 1676 5700 mss._uobiscum
1721 5612 1943 5684 faciunt.
2232 5682 2275 5700 η,
2672 5696 2681 5700 Α
3022 5695 3109 5700 --
3218 5612 3234 5619 -
3373 5688 3386 5700 ι

600 5682 629 5726 b
659 5681 771 5764 ῌοο
800 5695 905 5754 est.
936 5690 1081 5746 anxii
1111 5702 1270 5764 atque
1293 5696 1437 5752 dubii
1477 5681 1671 5754 erant
2232 5682 2398 5764 Terra
2415 5701 2548 5741 vero
2569 5696 2766 5764 nostra,
2792 5685 2932 5742 idem
2953 5697 3039 5743 est
3060 5695 3223 5760 atque
3251 5702 3350 5744 nos
3372 5688 3500 5758 ipsi.
3532 5688 3640 5746 Sed
3669 5689 3817 5760 plana

605 5774 627 5801 ο
662 5762 900 5833 Inarata,
933 5763 985 5823 id
1014 5777 1119 5848 est,
1142 5758 1312 5848 arata.
1337 5771 1468 5848 Nam
1494 5773 1701 5848 aiioqtti
1725 5787 1868 5848 smpe
1899 5774 2131 5834 sumitur
2230 5766 2326 5848 es“
2346 5759 2434 5813 ma
2459 5758 2801 5828 metaphora-

538 5847 658 5918 pro,
684 5852 786 5893 non
814 5849 982 5917 arata.
1016 5838 1204 5900 Horat.
1248 5843 1418 5920 Epod.
1447 5845 1552 5903 i6:
1629 5838 1641 5844 ’
1805 5838 1818 5858 ⁷
2305 5846 2331 5891 δ
2370 5850 2447 5925 ιω
2489 5849 2622 5910 odit.
2673 5865 2883 5922 omnes,
2943 5867 3009 5916 ac
3053 5865 3187 5916 mss.
3236 5852 3380 5922 Yict.
3420 5861 3478 5912 et
3519 5854 3673 5915 Coto.
3721 5854 3816 5935 Alii

2355 5490 2534 5542 Reddit
2554 5490 2893 5555 ubigCererem
2921 5491 3070 5542 tellus
3089 5493 3279 5542 inarata
3295 5499 3415 5555 quot
3438 5494 3599 5555 annis,

2629 5553 2693 5606 Et
2716 5557 2949 5618 imputata
2971 5556 3119 5605 ﬂoret
3141 5567 3303 5619 usque
3315 5553 3490 5606 vinea.
