4008 6352
144 325 220 378 Il
249 325 312 381 l7
1243 313 1310 371 ΙΝ
1348 310 1674 373 PSALMUM
1713 309 1874 371 XLIII
1917 309 2335 372 ENARRATIO.
2385 316 2393 336 ‘

3327 319 3467 382 1118

132 433 327 504 tium,
359 441 414 490 et
437 430 586 488 omni
617 428 939 500 aegritudine
963 436 1018 483 et
1045 427 1411 497 iumqualitate
1469 426 1769 483 ineorum
1796 429 1850 487 Α
1873 427 2021 499 νόμος
2050 427 2249 484 dicitur
2271 427 2505 499 Graue;
2537 437 2592 486 et
2630 429 2756 488 ideo
2783 431 3065 505 Synagoga
3121 436 3260 508 νόμῳ
3308 437 3460 508 quasi

129 523 362 581 ditatis
400 525 731 582 absolveret.
766 521 968 579 Factus
1014 531 1097 577 est
1150 520 1311 576 etiam
1343 521 1398 576 in
1429 519 1768 590 perabolam,
1874 520 2113 576 masculo
2134 521 2385 592 copulata
2409 530 2514 589 est,
2549 521 2645 578 sed
2667 521 2796 594 Legi
2817 526 3115 596 corporali,
3145 537 3252 582 non
3295 529 3464 599 spiri-

130 619 294 687 quia
324 633 548 676 carnem
604 619 882 688 suscepit,
921 630 1086 686 quam
1135 613 1530 670 cruciﬁrerunt
1570 612 1766 681 Judaei,
1871 610 1960 664 tali
1995 628 2011 676 ;
2042 612 2145 669 hoc
2173 622 2276 680 est,
2309 614 2436 669 ritui
2472 613 2902 686 Legisiudaico,
2927 619 3082 689 cujus
3105 621 3335 677 vinculis
3358 622 3467 679 illi-

135 725 280 766 non
334 711 702 782 intelligentes
762 708 1076 780 parabolam
1128 706 1450 778 spiritalem.
1485 707 1564 761 Eo
1597 719 1770 772 usque

136 805 314 861 enim
340 820 451 860 non
481 805 890 870 intellexerunt,
922 813 982 858 ιιι
1006 818 1130 859 cum
1159 811 1438 858 auctorem
1483 802 1609 858 vita
1638 816 1767 857 cru-

136 899 471 970 ciiigerent,
503 907 559 954 et
587 912 901 969 suspensam
933 898 987 953 in
1016 911 1181 953 cruce
1229 904 1518 952 cernerent
1546 910 1769 953 carnem

141 993 383 1050 Domini
412 993 704 1048 salutarem
729 1033 746 1059 ,
799 1002 1080 1048 moverent
1131 1000 1310 1062 caput.
1343 991 1477 1047 Nam
1521 992 1567 1047 si
1604 990 1769 1047 intel-

137 1086 454 1152 lexissent.
474 1088 659 1158 utique
688 1104 794 1142 non
828 1087 1201 1148 insultassent,
1225 1086 1323 1142 sed
1357 1088 1764 1158 ingemuissent.

138 1180 237 1237 Et
259 1190 440 1237 tamen
471 1181 587 1251 ipsa
617 1181 913 1238 commotio
927 1181 1123 1248 capitis
1150 1180 1258 1235 illis
1283 1181 1338 1235 in
1361 1179 1767 1237 similitudinem

141 1276 337 1330 cessit
364 1292 379 1341 ;
409 1283 470 1330 ut
500 1288 606 1330 non
638 1275 742 1330 hoc
765 1273 1102 1345 signiﬁcaret
1141 1273 1285 1344 quod
1326 1273 1403 1328 illi
1435 1273 1764 1341 sentiebant,

139 1367 262 1424 sed
287 1367 430 1440 quod
459 1369 718 1439 mysteria
745 1367 1121 1424 declarabant.
1159 1367 1238 1424 Illi
1294 1369 1438 1423 enim
1465 1368 1768 1423 secundum

141 1459 311 1532 vulgi
369 1476 525 1517 usum
582 1461 910 1518 insultantes
983 1461 1216 1516 Domino
1272 1462 1562 1517 movebant
1605 1469 1770 1532 caput

144 1567 324 1608 suum
354 1570 368 1620 ;
417 1555 560 1610 sicut
590 1556 680 1624 qui
704 1555 870 1625 justis
895 1555 1156 1610 insultare
1178 1554 1511 1620 desiderant,
1555 1556 1604 1610 si
1628 1554 1768 1611 forte

144 1661 262 1703 eos
313 1649 548 1703 viderint
594 1649 646 1703 in
697 1649 798 1704 hoc
822 1650 1022 1706 saeculo
1053 1650 1288 1720 fatigari,
1322 1633 1540 1705 movent
1579 1657 1766 1719 caput.

238 1740 332 1798 60.
375 1741 507 1809 Qum
549 1742 844 1798 commotio
891 1743 1089 1812 capitis
1115 1743 1392 1814 geminum
1426 1741 1764 1796 intellectum

1866 712 1988 775 gata
2019 717 2119 771 est,
2156 708 2383 776 legitimi
2408 712 2660 764 nesciens
2706 722 3047 768 sacramenta
3102 715 3361 786 coniugii.
3407 715 3469 773 Si

1868 808 2044 854 autem
2073 800 2237 874 οη
2270 813 2480 858 mortua
2509 800 2826 873 lueritLex,
2852 806 2954 862 hoc
2981 816 3085 875 est,
3113 809 3273 880 Legis
3301 811 3471 868 inter.

1869 899 2102 965 pretatlo
2128 897 2463 966 corporalis;
2507 908 2636 957 tunc
2663 901 2839 972 plebs,
2883 903 3037 974 quasi
3075 911 3292 961 mortuo
3337 919 3472 961 con-

1866 991 1992 1062 juge
2017 992 2223 1061 priore,
2277 992 2521 1064 legitime
2567 995 2732 1051 nubet
2779 998 3021 1053 secundo
3066 998 3203 1067 viro,
3258 999 3347 1070 qui
3404 1015 3473 1058 cx

1868 1083 2095 1142 mortuis
2123 1085 2438 1140 resurrexit.
2468 1086 2566 1141 Est
2593 1088 2754 1142 etiam
2778 1098 2941 1159 caput
2971 1098 2996 1129 ι
3024 1090 3268 1146 mulieris
3301 1090 3460 1161 hujus

1872 1168 2244 1247 Evangelium.
2302 1175 2461 1233 Unde
2515 1178 2734 1248 quidam
2788 1182 3018 1252 mystice
3087 1183 3466 1255 interpretati,

1871 1269 2198 1325 mortiﬁcan
2230 1269 2336 1325 ritu
2386 1269 2652 1340 Judaico,
2704 1281 2978 1343 tamquam
3017 1266 3170 1332 fratri
3225 1276 3469 1335 delhncli

1871 1363 2164 1435 Evangelia
2194 1365 2480 1421 mulierem
2505 1379 2626 1421 eam
2660 1368 2863 1423 nubere
2887 1383 2954 1424 ex
2981 1370 3125 1440 Lege
3149 1373 3469 1440 voluerunt;

1869 1457 1994 1527 quia
2025 1456 2136 1512 Lex
2157 1458 2564 1513 annuntiaverit
2590 1459 2961 1530 Evangelium.
3011 1451 3140 1518 Ideo
3168 1463 3318 1534 prior
3357 1465 3470 1521 Lex

1869 1549 1968 1615 vir,
2002 1558 2191 1618 postea
2218 1550 2440 1606 secundi
2467 1552 2566 1606 viri
2604 1552 2830 1622 nuptias,
2886 1554 2988 1610 hoc
3038 1565 3139 1624 est,
3192 1558 3474 1628 Evangelii

1867 1651 2207 1697 sacramenta
2227 1651 2378 1698 sunt.
2411 1644 2526 1698 Duo
2547 1645 2692 1699 enim
2719 1647 2872 1717 quasi
2895 1648 3166 1719 coniugia,
3207 1649 3318 1704 duo
3340 1655 3472 1706 sunt

1871 1735 2240 1792 Testamenta.
2274 1735 2453 1792 Unum
2481 1738 2788 1810 coniugium
2820 1750 2974 1796 vetus
3021 1751 3108 1798 est
3155 1743 3473 1801 Testamen-

149 1833 354 1890 habet,
405 1834 886 1906 Reprehensibﬂes
952 1834 1098 1890 enim
1153 1835 1404 1890 videmur
1473 1835 1768 1890 secundum
1797 1818 1847 1879 Β
1876 1837 2006 1895 tum,
2033 1828 2178 1898 quod
2203 1838 2380 1886 morte
2408 1830 2509 1885 viri
2539 1833 2737 1900 prioris
2787 1833 3027 1889 solutum
3080 1843 3183 1890 εει.
3229 1835 3297 1891 El.
3347 1837 3474 1893 ideo

149 1928 467 2001 Seripturae
497 1932 897 1996 auctoritatem,
929 1931 1019 2001 qui
1044 1936 1271 1986 movent
1299 1937 1500 1999 caput;
1534 1945 1658 1984 cum
1689 1928 1774 1984 di-

150 2031 256 2077 cat
279 2031 340 2078 et
363 2023 682 2079 Mattbaeus:
713 2024 815 2089 Qui
859 2023 1150 2078 transibant
1190 2018 1619 2094 blasphemubant
1664 2022 1773 2077 Da-

153 2117 366 2172 minum
392 2114 571 2173 Iesum
593 2126 848 2172 vincentes
873 2119 1046 2188 capita
1068 2133 1168 2173 sua
1189 2116 1409 2188 (Matth.
1447 2129 1618 2185 xxvn,
1654 2117 1770 2189 59).

155 2209 236 2266 Et
263 2209 474 2265 Marcus
504 2227 518 2264 :
554 2210 658 2278 Qui
678 2210 1006 2280 praeteribant
1058 2208 1250 2283 (Marc.
1280 2225 1374 2276 xv,
1402 2209 1524 2282 29).
1570 2210 1776 2268 Trause

155 2315 364 2361 euntes
386 2313 568 2360 autem
592 2305 736 2375 quod
756 2305 1214 2375 reprehensibiles
1236 2306 1593 2373 testimentur,
1614 2305 1776 2362 docet

160 2397 259 2453 hic
289 2400 403 2468 ipse
429 2397 722 2468 Pmphets,
783 2399 877 2468 qui
924 2399 1053 2454 dicit
1084 2399 1155 2454 de
1183 2399 1338 2455 vinea
1393 2399 1620 2455 sobaoth
1658 2419 1671 2455 :
1705 2400 1774 2455 Et

162 2491 486 2546 vindemiant
515 2507 625 2546 eam
652 2507 826 2546 omnes
857 2501 1180 2546 transeuntes
1209 2493 1344 2546 viam
1372 2491 1550 2564 (Psal.
1583 2503 1770 2559 Lxxtx,

165 2585 289 2652 15,).
320 2584 564 2655 Denique
607 2593 658 2639 et
704 2585 793 2654 qui
842 2585 1092 2654 sequitur
1130 2599 1343 2652 versus,
1399 2584 1502 2640 hoc
1555 2587 1770 2656 signat:

167 2676 472 2732 Damnavit
497 2694 610 2732 eam
632 2695 758 2749 aper
786 2679 852 2733 de
880 2679 1030 2738 silua.
1081 2683 1129 2733 et
1173 2679 1453 2750 singularis
1505 2684 1646 2749 ferus
1686 2680 1775 2734 dea

168 2783 355 2840 pastus
395 2781 467 2827 est
489 2781 605 2827 eam
630 2771 820 2842 (lbid.,
863 2771 976 2842 li).
1007 2771 1076 2826 Et
1127 2773 1179 2826 in
1212 2772 1610 2842 posterioribus
1657 2773 1772 2826 ait:

169 2864 245 2920 Et
274 2882 377 2920 non
399 2865 641 2920 dixerunt
662 2873 982 2920 transeuntes
1011 2867 1145 2919 uiam
1174 2879 1194 2920 :
1236 2864 1533 2920 Benedictio
1565 2862 1778 2920 Domini

168 2971 331 3032 super
371 2975 458 3015 vos
485 2960 660 3032 (Paul.
696 2971 928 3027 cnvut,
955 2960 1052 3034 8);
1088 2975 1154 3016 eo
1181 2963 1324 3032 quod
1351 2961 1446 3032 qui
1476 2961 1691 3027 transit,
1725 2967 1780 3017 et

172 3070 282 3110 non
306 3065 413 3110 stat
441 3055 495 3110 in
521 3056 675 3111 atriis
705 3056 938 3123 Domini,
958 3071 1067 3110 non
1089 3055 1183 3110 dat
1211 3055 1671 3112 benedictionem.
1700 3056 1775 3112 Ita

170 3162 308 3220 ergo
329 3147 506 3202 Judaei
539 3148 833 3203 movebant
863 3158 1026 3218 caput
1053 3159 1216 3218 super
1245 3147 1534 3203 Dominum
1561 3149 1771 3215 lesum,

1874 1921 2069 1976 mulier
2097 1922 2187 1977 illa
2208 1923 2296 1978 cui
2325 1923 2434 1979 Lex
2462 1934 2672 1980 mortua
2701 1935 2816 1994 est,
2875 1941 3026 1984 recte
3071 1929 3124 1984 in
3170 1931 3472 1988 secundum

1870 2015 2179 2086 coniugium
2209 2017 2484 2085 convenit,
2516 2017 2619 2073 hoc
2643 2029 2758 2087 est,
2790 2019 3198 2079 Testamentum
3247 2033 3468 2081 novum.

1874 2109 1964 2165 Sic
1989 2111 2198 2166 duobus
2221 2111 2480 2167 fratribus
2504 2130 2608 2168 una
2639 2116 3003 2188 coniungitur,
3047 2121 3132 2174 cui
3191 2122 3476 2192 superiora

1876 2211 2090 2273 peccata
2125 2202 2452 2272 moriuntur,
2481 2207 2702 2263 meliora
2732 2213 2921 2278 postea
2948 2217 3290 2269 sacramenta
3314 2231 3475 2271 reno-

1876 2307 2090 2352 vantur.
2125 2298 2238 2353 Hoc
2263 2299 2422 2355 nobis
2445 2299 2743 2371 Apostolus
2773 2303 3058 2361 evidenter
3104 2309 3356 2377 exposuit
3385 2307 3468 2364 di-

1873 2407 2036 2449 cens:
2071 2393 2331 2458 Quoniam
2368 2407 2482 2462 quis
2509 2397 2603 2451 sub
2639 2397 2750 2451 uiro
2772 2404 2847 2454 est
2875 2399 3080 2468 mulier,
3113 2399 3312 2458 vivente
3340 2405 3473 2473 viro,

1874 2489 2034 2560 ligata
2063 2498 2139 2545 est
2171 2492 2314 2564 legi;
2344 2493 2450 2548 hoc
2476 2500 2581 2558 est,
2630 2494 2731 2548 viri
2763 2497 2844 2550 sui
2897 2496 3025 2568 legi,
3077 2509 3133 2553 ιιι
3175 2499 3225 2555 ei
3279 2500 3478 2559 debeat

1873 2582 2210 2638 castitatem:
2243 2581 2304 2638 Si
2329 2587 2502 2640 aulam
2529 2591 2767 2640 mortuas
2797 2587 2955 2658 fuerit
2997 2588 3093 2653 vir,
3145 2592 3313 2646 soluta
3339 2602 3416 2648 est
3444 2600 3478 2650 α

1874 2675 1984 2745 lege
2007 2675 2105 2728 viri
2129 2691 2147 2741 ;
2179 2677 2230 2730 id
2259 2685 2360 2744 est,
2391 2682 2451 2732 ut
2477 2678 2566 2733 etii
2597 2679 2744 2745 velit,
2779 2682 2968 2746 nubat,
2998 2681 3295 2739 dummodo
3324 2701 3478 2743 mor-

1876 2776 1968 2821 tuo
1995 2769 2133 2834 viro,
2159 2769 2368 2835 nubat;
2401 2770 2526 2838 quia
2552 2772 2660 2825 vivo
2679 2773 2811 2840 viro,
2857 2771 3054 2844 inquit,
3104 2775 3344 2833 adultera
3390 2794 3480 2834 vo-

1872 2861 2092 2928 cabitur,
2126 2863 2170 2916 si
2185 2865 2373 2932 juncta
2404 2864 2558 2932 fuerit
2587 2864 2736 2919 alteri
2765 2867 2876 2920 viro
2901 2883 2919 2922 :
2965 2870 3010 2922 si
3042 2879 3212 2924 autem
3243 2881 3480 2928 mortuus

1874 2953 2033 3022 fuerit
2053 2957 2130 3008 uir
2157 2956 2291 3025 ejus,
2323 2957 2543 3011 liberata
2571 2968 2643 3012 est
2673 2975 2703 3010 a
2729 2959 2840 3030 lege
2889 2960 3010 3028 viri,
3057 2962 3130 3017 ita
3160 2973 3218 3018 ut
3263 2975 3364 3018 non
3411 2963 3481 3020 sil

1873 3045 2131 3113 adultera,
2158 3047 2204 3101 si
2222 3047 2378 3116 fuerit
2407 3063 2522 3102 cum
2544 3049 2646 3103 alio
2670 3050 2779 3104 uiro
2802 3047 2981 3124 (Rom.
3011 3065 3106 3120 vn,
3134 3054 3170 3109 2
3189 3063 3237 3108 et
3264 3055 3340 3126 ὅ).
3361 3051 3478 3111 Hoc

1876 3149 2275 3196 sacramentum
2306 3143 2470 3197 etiam
2500 3143 2564 3197 ad
2587 3143 2863 3200 Christum
2891 3156 2947 3202 et
2978 3147 3278 3206 Ecclesium
3309 3153 3477 3222 perti-

1879 3247 2034 3298 nere,
2083 3234 2247 3288 etiam
2302 3234 2434 3289 alibi
2488 3236 2886 3294 demonstravit
2935 3242 3056 3308 quia
3104 3257 3353 3315 magnum
3403 3251 3479 3300 est

1800 3200 1844 3264 C

173 3251 234 3294 ut
260 3241 628 3310 przeterireut,
645 3241 736 3311 qui
763 3240 973 3295 iit-mum
996 3240 1336 3311 solidumque
1349 3239 1474 3296 ﬁdei
1490 3241 1772 3311 vestigium

172 3330 380 3386 habere
405 3346 514 3386 non
545 3339 815 3402 poterant.
845 3331 1132 3387 Movebsut
1157 3339 1338 3387 autem
1393 3343 1556 3403 caput
1592 3343 1772 3401 suum,

171 3441 404 3497 quorum
417 3425 838 3497 caputChristus
847 3441 972 3484 esse
985 3425 1265 3492 debuerat,
1286 3435 1448 3497 quem
1463 3441 1568 3483 non
1588 3427 1774 3484 debuit

170 3518 454 3574 dimovere
494 3526 550 3574 et
573 3519 869 3575 deturbare
887 3517 1110 3589 perﬁdis
1143 3517 1607 3576 Judarorum.Sed
1647 3522 1772 3590 quia

174 3628 283 3669 non
315 3613 458 3682 passi
485 3623 616 3670 sunt
645 3614 888 3670 membra
927 3628 988 3670 se
1039 3627 1164 3670 esse
1186 3615 1410 3682 Christi,
1450 3615 1572 3671 ideo
1609 3621 1774 3687 caput

172 3723 361 3764 eorum
385 3723 492 3764 non
535 3709 637 3764 fuit
659 3707 932 3764 Christus.
965 3709 1087 3765 Non
1111 3718 1228 3764 erat
1249 3709 1416 3766 etiam
1465 3709 1578 3765 Lex
1608 3719 1772 3780 cattiut

173 3813 384 3866 eorum,
408 3801 532 3870 quia
559 3797 1006 3870 exspolinbantur
1027 3812 1081 3856 et
1127 3802 1270 3872 Lege
1299 3817 1327 3855 a
1355 3803 1559 3874 populo
1587 3803 1769 3857 natio-

173 3909 326 3949 num.
346 3892 466 3947 Non
494 3892 594 3947 fuit
624 3893 707 3947 his
726 3901 889 3961 caput
912 3893 1136 3947 verbum
1167 3893 1261 3947 Dei
1287 3911 1301 3958 ς
1327 3893 1451 3963 quia
1475 3895 1772 3949 amiserant

173 3985 491 4056 prophetas,
522 3995 577 4041 et
602 3985 880 4055 apostolos
904 3994 1011 4040 non
1037 3985 1331 4040 habebant.
1352 3977 1465 4040 Hoc
1493 3986 1562 4042 de
1583 4001 1770 4057 repre-

174 4078 428 4133 hensibili
454 4079 822 4133 commotione
843 4079 1038 4150 capitis
1061 4079 1264 4133 dictum
1295 4081 1382 4134 sit.
1407 4078 1499 4134 Est
1518 4089 1698 4134 tamen
1713 4087 1770 4135 et

172 4171 456 4227 laudabilis
485 4171 678 4241 capitis
703 4171 998 4225 commotio
1026 4189 1038 4225 :
1069 4169 1514 4242 reprehensibilis
1539 4169 1768 4238 Judreis‘,

175 4263 460 4318 laudabilis
483 4264 681 4334 populo
711 4264 1011 4319 nationum.
1059 4263 1199 4332 Quid
1248 4273 1334 4320 est
1382 4264 1528 4319 enim
1581 4270 1764 4333 caput,

175 4355 276 4410 nisi
309 4355 362 4409 in
389 4369 499 4425 quo
519 4363 712 4411 sensus
739 4357 905 4411 sunt?
942 4355 1096 4412 Oculi
1140 4359 1284 4412 enim
1309 4357 1575 4427 sapientis"
1596 4357 1649 4412 in
1681 4363 1772 4412 ea-

173 4447 284 4520 pite
319 4447 437 4518 eius
466 4463 481 4514 ;
514 4460 649 4519 quos
676 4451 880 4505 moveri
914 4451 1130 4519 oportet
1157 4449 1370 4516 oculos,
1401 4449 1452 4504 id
1478 4457 1592 4516 est,
1618 4455 1771 4505 metia-

174 4539 244 4594 tis
270 4548 376 4594 tute
397 4551 614 4607 sensus,
642 4555 710 4597 ne
757 4543 942 4612 aliquo
971 4540 1194 4612 torpore
1243 4542 1568 4613 pigrescant.
1613 4541 1767 4599 Move

175 4647 302 4706 ergo
333 4635 674 4705 prudentiam
701 4643 874 4702 tuam,
917 4649 1073 4692 move
1107 4637 1466 4705 sapientiam,
1497 4640 1654 4693 move
1678 4652 1770 4692 cus

172 4727 462 4799 gitationes
507 4737 626 4785 tuas
653 4727 959 4786 caelestium
989 4729 1279 4786 collatione
1321 4735 1670 4799 sermonum,
1717 4737 1774 4788 et

177 4823 610 4892 prepheticorum
638 4822 1005 4893 disputatione
1055 4825 1396 4889 verborum;
1443 4824 1516 4879 ita
1563 4833 1621 4880 ut
1663 4839 1772 4882 non

175 4929 365 4984 pecces
395 4917 447 4970 in
476 4915 826 4972 Testamento
855 4917 974 4984 Dei,
999 4916 1095 4972 sed
1122 4907 1258 4973 lides
1316 4919 1469 4972 lirma
1513 4918 1601 4974 sit.
1634 4913 1772 4974 Sunt

175 5008 316 5062 enim
350 5007 589 5064 haeretici
617 5010 708 5080 qui
740 5016 961 5066 movent
991 5013 1185 5065 sensus
1221 5013 1372 5078 suos,
1405 5019 1464 5066 ut
1491 5010 1770 5082 perﬁdiam

176 5108 374 5165 tamen,
405 5115 511 5155 non
546 5100 704 5156 fidem
739 5101 997 5158 excitent.

242 5191 333 5246 6i.
375 5191 482 5248 Sed
505 5194 617 5264 jam
658 5195 972 5265 expressius
1019 5193 1088 5250 de
1119 5195 1234 5265 ipsa
1288 5193 1485 5264 capitis
1532 5199 1767 5252 commo-

177 5283 320 5340 tione
353 5301 477 5356 qua:
525 5289 578 5343 in
610 5287 1018 5344 similitudinem
1067 5289 1252 5360 populi
1299 5296 1386 5344 est
1421 5289 1631 5359 posita,
1685 5290 1768 5346 di-

175 5377 400 5434 cendum
431 5381 683 5448 est.,Quis
709 5391 792 5436 est
811 5392 974 5452 caput
999 5381 1342 5452 populorum,
1367 5381 1467 5437 nisi
1493 5377 1768 5438 Christus?

178 5468 344 5538 Caput
370 5472 512 5526 enim
540 5473 785 5529 mulieris
813 5474 916 5540 vir,
941 5483 1105 5543 caput
1129 5475 1228 5530 viri
1251 5473 1518 5529 Christus.
1565 5472 1672 5529 Sed
1711 5484 1764 5530 et

178 5560 287 5616 Lex
309 5574 465 5632 caput
495 5565 849 5637 intelligibilis
884 5565 1150 5622 mulieris.
1208 5566 1452 5638 Denique
1494 5567 1596 5622 sub
1625 5566 1767 5639 Lege

177 5655 445 5727 tamquam
473 5657 575 5714 sub
597 5659 720 5716 viro
745 5667 829 5717 est
853 5659 1087 5733 pupulus
1108 5650 1419 5718 Juda‘corum
1451 5677 1464 5729 ;
1499 5650 1624 5732 quia
1655 5648 1765 5719 Lai:

179 5791 306 5834 vero
330 5777 590 5908 quinque,
623 5781 712 5838 sed
740 5791 842 5838 non
867 5781 1231 5838 intellexerunt
1264 5783 1390 5859 quia
1418 5789 1626 5839 curaret
1653 5782 1772 5840 atti-

184 5865 309 5908 mas.
341 5866 372 5908 e
396 5864 446 5908 c.
1119 5869 1122 5872 ‘

184 5865 309 5926 mas,
341 5864 446 5914 etc.
1119 5869 1122 5872 ’

1877 3337 2255 3382 sacramentum
2285 3326 2504 3401 (Ephes.
2536 3345 2589 3399 v,
2633 3331 2749 3405 '52).
2785 3332 2883 3390 Hic
2927 3341 3144 3406 duoque
3175 3350 3283 3392 non
3337 3351 3479 3407 prmo

1876 3420 2365 3476 termisitdicens:
2416 3422 2618 3494 itaque,
2643 3427 2829 3494 fratres
2854 3426 2978 3492 mei,
3037 3437 3084 3482 et
3120 3443 3208 3482 vos
3258 3429 3482 3498 morti/i-

1875 3516 1978 3570 cati
2003 3516 2124 3571 estis
2149 3516 2271 3589 Legi
2312 3527 2405 3586 per
2433 3529 2619 3588 corpus
2638 3517 2832 3574 Christi
2849 3535 2867 3584 ;
2913 3527 2970 3574 ut
2992 3522 3105 3576 sitis
3127 3517 3360 3589 alterius,
3388 3520 3478 3596 qui

1872 3623 1936 3662 ea:
1963 3611 2182 3664 mortuis
2207 3611 2489 3665 murth
2527 3611 2705 3682 (Rom.
2735 3617 2840 3679 vit,
2889 3609 2970 3685 4).
3013 3609 3298 3683 Quomodo
3331 3623 3478 3670 more

1874 3705 2109 3760 tilic'atns
2131 3713 2190 3760 es
2213 3695 2340 3773 Legi
2363 3748 2377 3772 ,
2411 3705 2516 3760 nisi
2547 3703 2607 3760 ul
2637 3705 2732 3762 tibi
2765 3706 2920 3778 Lrgls
2970 3707 3158 3763 umbra
3189 3710 3478 3780 moriatur,

1872 3803 1994 3851 cum
2021 3797 2236 3852 accedis
2255 3796 2324 3853 ad
2364 3805 2703 3854 Sacramenta
2745 3799 2986 3853 ctelestia
3013 3799 3036 3853 ?
3065 3800 3173 3856 Nec
3200 3802 3344 3856 enim
3377 3803 3479 3857 ali-

1874 3899 1957 3946 ter
1981 3887 2148 3946 debes
2175 3889 2434 3945 accedere
2461 3889 2527 3944 ad
2556 3887 2909 3961 Evangelium
2936 3907 2951 3953 ;
3001 3889 3108 3945 nisi
3160 3887 3370 3948 solutus
3396 3895 3478 3948 ine

1872 3983 2280 4053 terpretatiunis'
2341 3983 2640 4052 Corporalis
2721 3984 3145 4052 impedimentis.
3216 3984 3474 4055 AliOquin

1873 4074 2198 4129 adulterium
2229 4079 2334 4139 est,
2374 4073 2523 4129 veris
2543 4073 2676 4128 falsa
2708 4077 2970 4130 miscere:
3008 4067 3263 4144 pudicitia
3291 4087 3472 4133 autem

1873 4167 2152 4236 spiritalis,
2188 4167 2236 4221 si
2265 4167 2448 4220 anima
2473 4171 2561 4221 tua
2589 4176 2745 4221 esuta
2780 4165 3035 4223 omnibus
3071 4166 3479 4239 impedimentis

1872 4261 2046 4316 devia:
2071 4260 2419 4331 cognitionis,
2451 4261 2572 4316 sine
2599 4273 2728 4331 ruga
2759 4259 2984 4316 accedat
3010 4261 3076 4316 ad
3105 4261 3196 4318 Del
3221 4257 3472 4321 verbum.

1873 4353 2017 4426 Ergo
2038 4354 2178 4410 sicut
2202 4352 2462 4408 Ecclesiae
2491 4365 2654 4423 caput
2679 4351 2955 4423 Christus,
2985 4356 3056 4410 ita
3085 4363 3139 4411 et
3171 4349 3473 4430 Synagoga:

1871 4457 2033 4519 caput
2059 4447 2169 4502 Lex
2199 4463 2214 4512 ;
2248 4446 2351 4502 h‘oc
2375 4455 2478 4512 est,
2511 4447 2576 4502 iis
2619 4447 2711 4517 qui
2741 4445 2841 4503 sub
2879 4447 3022 4519 Lege
3052 4459 3214 4515 sunt,
3249 4451 3474 4521 propter

1873 4556 2009 4610 quos
2038 4540 2315 4610 apostolus
2353 4538 2480 4596 fecit
2511 4553 2571 4594 se
2601 4553 2722 4595 esse
2746 4538 2847 4595 sub
2873 4539 3037 4612 Lege.
3077 4554 3199 4598 cum
3229 4543 3329 4597 sub
3351 4544 3472 4612 lege

1873 4639 1982 4688 non
2012 4642 2191 4698 esset;
2225 4641 2281 4688 ut
2301 4637 2363 4688 ea
2389 4634 2482 4703 qui
2520 4633 2620 4688 ‘sub
2645 4632 2790 4705 Lege
2815 4641 2962 4703 ‘suut,
3005 4634 3366 4692 lucrifaceret.
3402 4637 3471 4694 Et

1871 4725 2067 4780 iterum
2084 4725 2276 4780 doctor
2297 4724 2538 4795 gentium
2562 4725 2736 4781 factus
2758 4737 2863 4794 est,
2891 4727 3041 4798 quasi
3065 4735 3207 4783 esset
3224 4729 3338 4798 ipse
3352 4728 3471 4786 sine

1874 4819 2051 4892 Lege;
2085 4829 2146 4875 ut
2162 4833 2258 4876 eos
2272 4819 2363 4890 uni
2388 4825 2544 4875 erant
2566 4820 2685 4877 "sine
2708 4821 2874 4892 Lege,
2903 4825 3206 4893 aequireret
3226 4822 3474 4882 Christo.

1873 4917 2107 4974 Pulchre
2155 4925 2332 4971 autem
2361 4915 2601 4989 sitquod
2627 4917 2748 4982 sine
2777 4917 2920 4987 Lege
2954 4919 3046 4974 Dei
3075 4929 3179 4973 non
3211 4925 3378 4986 esset,
3413 4927 3472 4977 et

1874 5013 1928 5067 in
1977 5011 2118 5081 Lege
2161 5009 2360 5066 ChriSti
2387 5019 2732 5080 permaneret
2758 5007 2969 5082 (lCor.,
3002 5009 3080 5077 ix,
3112 5010 3232 5083 Ἦ).

1943 5105 2033 5162 62.
2075 5099 2186 5160 Lex
2217 5112 2398 5159 autem
2435 5103 2736 5177 Synagogaa
2761 5110 2925 5174 caput
2946 5119 3051 5157 non
3083 5119 3113 5157 ιι
3158 5103 3422 5174 principio
3451 5121 3468 5171 ;

1872 5191 1996 5270 quia
2023 5197 2273 5253 Christus
2309 5205 2428 5253 erat
2475 5204 2637 5266 caput
2664 5193 2862 5250 veteris
2915 5194 3253 5268 Synagogze,
3305 5209 3469 5265 quant

1872 5291 2082 5362 Moyses
2111 5288 2352 5344 fundavit
2376 5298 2431 5343 et
2457 5286 2723 5342 condidit.
2753 5285 2997 5356 Denique
3041 5288 3164 5342 audi
3193 5287 3469 5344 dicentem

1868 5383 1992 5456 quia
2014 5382 2182 5438 verbo
2207 5381 2424 5436 Domini
2453 5379 2672 5434 fundata
2695 5389 2795 5434 est.
2830 5377 2987 5447 Fide,
3019 5379 3218 5450 inquit,
3263 5372 3473 5450 Moyses

1868 5478 2085 5549 grandis
2116 5476 2285 5542 {astus
2315 5473 2518 5544 negavit
2571 5487 2626 5526 ss
2657 5487 2765 5526 esse
2796 5469 3094 5526 Pharaonis
3143 5472 3278 5542 regis
3308 5483 3473 5540 nepo-

1867 5575 1985 5627 tem.
2019 5569 2205 5624 Maluit
2232 5569 2367 5622 enim
2397 5565 2592 5637 aﬂiictis
2612 5563 2861 5636 computi,
2916 5577 3070 5636 quam
3101 5555 3472 5633 temporalibus

1868 5666 2117 5722 delectari
2165 5665 2538 5740 :majoresque
2564 5658 2771 5714 divitias
2823 5651 3094 5715 aestimavit
3151 5668 3198 5716 et
3245 5651 3477 5730 prtcmlit

1948 5791 1976 5861 ιδ
2003 5766 2242 5861 ριιςιεῳ-ίρ
2294 5779 2472 5851 liuius,
2519 5779 2774 5839 nimirum
2815 5781 3200 5861 iulelligibllls;
3255 5777 3356 5836 hoc
3393 5789 3480 5861 est

1865 5851 2045 5946 plebis
2071 5854 2337 5941 Judalcte,
2372 5864 2430 5914 ut
2457 5870 2619 5936 supra
2660 5851 3005 5950 exponitur.'
3076 5879 3077 5882 η
3182 5851 3185 5852 ⁷
3402 5857 3406 5876 ι
3468 5858 3472 5882 κ
