4008 6352
531 270 678 329 1119

1845 262 2093 322 SANCTI
2133 259 2440 321 Λιιιιῐιοει
2448 265 2465 320 Ι

3704 272 3836 330 Hii

525 391 787 448 thesauris
839 389 1063 464 Egypti
1088 431 1103 458 ,
1154 388 1526 460 improperium
1577 385 1789 442 Christi.
1834 385 2126 456 Aspiciebat
2153 386 2205 444 Α
2231 398 2384 454 super
2412 381 2985 452 Cherubim,'moveatur
3013 397 3155 443 terra
3179 387 3566 462 (PsaLxcvnt,
3589 391 3670 462 1).
3695 391 3837 460 Quod

529 484 665 539 enim
693 483 975 539 mercedem
1002 481 1457 553 repromissionum
1485 477 1584 534 Dei
1629 478 1817 551 (Hebr.
1859 494 1935 544 si,
1985 477 2056 531 24
2085 485 2130 531 et

529 579 690 649 seq.),
719 592 837 648 quae
859 585 946 632 est
980 574 1407 632 resurrectionis
1426 573 1622 645 gratia.
1650 572 1755 630 Sed
1783 571 1874 626 ubi
1907 580 2132 642 propter

532 670 818 742 perlidiam
861 668 1176 725 Judteorum
1226 677 1496 722 mortuum
1543 675 1626 721 est
1667 664 1980 720 inﬁdelibus
2039 663 2133 717 Dei

531 765 798 831 Verbum,
831 772 888 820 et
916 762 1116 818 excidit
1138 762 1447 833 pectoribus
1474 759 1784 816 Judteorum
1816 776 1830 824 ;
1867 757 2000 828 legis
2025 757 2138 828 spi-

531 856 710 913 ritalis
739 855 1053 911 intellectus
1083 853 1357 920 occubuit,
1391 863 1445 907 et
1498 852 1683 921 nupsit
1713 851 1996 920 Synagoga
2063 848 2137 902 ri-

533 949 612 1006 tui
644 949 938 1021 corporali,
970 947 1448 1018 observationique
1471 946 1730 1016 perfidiae.
1756 944 1863 1000 Sed
1901 959 2006 999 non
2039 943 2138 998 fuit

531 1045 627 1103 illa
675 1046 944 1103 sobrietas
997 1045 1323 1115 spiritalium
1383 1043 1734 1114 nuptiarum',
1781 1040 1876 1097 sed
1928 1039 2140 1096 adulte-

537 1139 682 1196 rium
715 1138 1000 1193 castitatis.
1025 1136 1151 1192 ldeo
1167 1136 1448 1207 Synagoga
1466 1135 1632 1190 libera
1662 1149 1785 1189 esse
1807 1149 1912 1187 non
1944 1131 2138 1203 potuit,

539 1247 660 1304 quae
692 1232 833 1287 male
858 1231 1022 1302 913
1056 1238 1346 1299 nupserat,
1378 1237 1435 1283 et
1479 1242 1585 1282 non
1610 1225 1914 1282 crediderat
1958 1240 2142 1280 resur-

539 1324 841 1381 rectionem
874 1323 1075 1379 Christi
1103 1322 1361 1377 l’uturam.
1399 1320 1556 1377 Unde
1584 1321 1720 1376 bene
1749 1319 1800 1375 ei
1826 1320 2010 1388 nupsit
2039 1317 2143 1372 Ec-

538 1419 731 1487 clesia,
764 1418 851 1473 cui
882 1417 1181 1474 secundum
1208 1430 1416 1471 sacram
1455 1412 1914 1485 dispensationem
1945 1427 2140 1468 secun-

540 1517 670 1573 dum
700 1529 922 1571 carnem
969 1522 1216 1570 mortuus
1263 1520 1348 1567 est
1371 1511 1666 1574 Christus;
1716 1520 1774 1566 ut
1816 1510 1905 1565 illa
1957 1508 2142 1563 Judrea

539 1609 722 1667 anima
751 1625 873 1680 quae
904 1617 1031 1663 ante
1068 1607 1247 1662 fuerat
1276 1607 1438 1676 ligata
1469 1613 1713 1672 peccato,
1766 1618 1864 1674 per
1911 1614 2143 1658 mortem

538 1703 744 1761 Christi
769 1702 1150 1758 absolveretur
1179 1697 1408 1754 vinculo
1433 1697 1781 1754 delictorum.
1826 1695 1944 1750 Non
1995 1693 2148 1749 nubit

2235 477 2464 564 pulchre
2496 479 2686 550 Aquila
2739 482 3136 552 interpretatus
3201 492 3289 538 est
3325 524 3339 548 ,
3399 493 3462 538 ut
3505 483 3532 523 δ

2233 570 2493 636 diceret;
2561 571 2664 627 hoc
2726 583 2863 640 est,
2934 576 3459 631 transmutationem
3503 619 3520 643 ,
3580 593 3703 648 qua:
3767 590 3840 633 est

2235 663 2303 719 de
2346 663 2466 720 loco
2513 665 2580 720 ad
2641 665 2820 721 locum
2853 710 2867 733 ,
2921 668 2988 724 de
3024 669 3215 725 Judaza
3267 671 3336 725 ad
3384 672 3614 741 populos
3671 674 3842 729 natio-

2239 773 2386 812 num.
2418 758 2574 826 Quod
2596 774 2660 814 ex
2685 775 2746 815 ea
2773 761 3006 817 lectione
3037 780 3160 833 qua:
3195 764 3249 818 in
3276 764 3578 835 Evangelia
3617 775 3706 820 est
3726 809 3742 830 ,
3788 768 3844 821 ii-

2239 849 2403 919 quido
2433 852 2631 919 poterit
2659 853 3020 921 manilestari,
3053 857 3526 926 quemadmodum
3568 857 3676 912 Lex
3709 869 3842 913 mea:

2240 942 2332 1009 sit,
2359 943 2575 999 dicente
2603 943 2881 1014 Scriptura
2915 967 2927 1000 :
2961 947 3134 1019 Super
3181 949 3495 1002 cathedram
3535 949 3738 1021 Hogsis
3770 968 3844 1004 se-

2242 1034 2428 1089 derunt
2456 1037 2636 1092 scriba:
2661 1047 2708 1091 et
2736 1039 3000 1106 pharistei.
3038 1040 3232 1095 Omnia
3254 1059 3378 1114 ergo
3406 1059 3527 1114 qut:
3553 1045 3730 1097 dicunt
3767 1062 3843 1098 ro-

2242 1128 2341 1196 bis,
2373 1140 2568 1185 servate
2588 1142 2634 1186 et
2661 1132 2819 1201 facite
2842 1148 2861 1187 :
2883 1135 3166 1188 secundum
3189 1153 3350 1207 opera
3377 1153 3558 1191 eorum
3586 1141 3745 1192 nolite
3769 1145 3842 1210 fe-

2244 1239 2398 1286 cere;
2424 1239 2539 1291 qua:
2581 1225 2714 1277 enim
2747 1226 2949 1291 dicunt,
2991 1243 3095 1280 non
3139 1228 3362 1298 faciunt.
3414 1228 3652 1300 Alligant
3684 1243 3844 1285 asta

2245 1333 2402 1371 onera
2427 1319 2606 1388 gravia
2632 1361 2645 1385 ,
2675 1329 2724 1374 et
2749 1321 3018 1390 imponunt
3059 1337 3217 1390 super
3259 1324 3507 1378 humeros
3549 1325 3837 1378 hominum.

2246 1410 2347 1481 ipsi
2367 1421 2534 1464 autem
2557 1412 2720 1484 digito
2741 1428 2833 1467 suo
2855 1415 3035 1468 nolunt
3057 1431 3116 1468 ea
3137 1432 3360 1471 movere.
3381 1415 3754 1471 Omniaaatem
3774 1423 3843 1490 fe—

2247 1505 2408 1572 ciunt,
2447 1516 2500 1560 ut
2529 1507 2799 1561 videantur
2827 1508 2889 1561 ab
2935 1509 3230 1568 hominibus
3264 1509 3499 1581 (Matth.
3536 1527 3696 1580 nm,
3729 1514 3764 1568 2
3803 1529 3843 1568 ει

2247 1597 2404 1669 seq.).

2321 1689 2410 1745 65.
2454 1692 2593 1759 Quid
2615 1702 2720 1761 est,
2757 1696 2996 1749 sederunt
3041 1694 3282 1763 Scribw;
3336 1699 3445 1754 nisi
3491 1699 3618 1769 quia
3675 1699 3837 1755 littera

547 1810 680 1866 ergo
731 1793 928 1849 mulier
975 1791 1134 1847 alteri
1188 1790 1346 1855 viro,
1397 1790 1502 1845 nisi
1550 1799 1796 1845 mortuus
1855 1788 2019 1843 fuerit
2067 1787 2150 1842 vir
2180 1783 2552 1844 Bscribitur?
2623 1785 2767 1840 unde
2819 1797 2874 1841 et
2940 1798 3264 1864 γραμματεῖς
3325 1789 3527 1846 Graece
3609 1789 3841 1846 dicuntur

542 1902 678 1944 suus
707 1902 720 1952 ;
775 1885 880 1940 hoc
906 1892 1008 1952 est,
1055 1885 1156 1938 nisi
1181 1898 1210 1937 a
1236 1882 1453 1938 vinculo
1485 1883 1712 1951 legitimi
1736 1880 1938 1936 amoris
1983 1879 2151 1934 fuerit

545 1978 817 2035 absoluta.
867 1975 925 2032 Si
952 1983 1131 2032 autem
1175 1983 1420 2031 mortuus
1466 1973 1552 2028 vir
1573 1973 1694 2045 ejus
1715 1972 1895 2039 fuerit,
1925 1972 2149 2028 liberata

548 2079 636 2129 est
651 2113 662 2125 .

619 2163 709 2218 65.
751 2161 898 2217 Sane
922 2160 1213 2216 tenebatur
1241 2175 1308 2214 ex
1337 2159 1504 2230 Lege,
1530 2166 1592 2213 ut
1617 2157 1771 2214 fratri
1797 2157 1998 2228 proprii
2021 2173 2152 2213 con-

541 2259 687 2331 jugis
715 2258 1103 2328 copularetur;
1141 2257 1189 2312 si
1217 2271 1405 2312 semen
1433 2255 1638 2312 nullum
1671 2257 1900 2310 maritus
1933 2256 1984 2311 ei
2026 2255 2153 2310 reli-

549 2352 761 2424 quisset
813 2349 990 2420 (Deut.
1029 2364 1163 2414 xxv,
1193 2349 1307 2418 55).
1337 2347 1493 2416 Quod
1522 2347 1798 2403 vinculum
1845 2349 2014 2416 magis
2057 2363 2154 2403 ne-

551 2444 735 2500 ctebat
777 2443 1159 2512 interpretatio
1201 2441 1418 2504 littera),
1466 2455 1629 2510 quam
1663 2441 1836 2510 gratia
1868 2439 2151 2508 spiritalis.

553 2535 800 2604 Denique
823 2533 1058 2588 habebat
1086 2533 1139 2587 in
1171 2532 1448 2587 voluntate
1473 2532 1643 2587 frater
1686 2531 1977 2597 defuncti,
2012 2541 2070 2586 ut
2109 2531 2155 2588 si

553 2627 746 2689 nollet,
780 2641 888 2679 non
918 2623 1192 2693 acciperet
1219 2622 1403 2678 fratris
1436 2638 1662 2678 uxorem
1711 2624 1777 2678 ad
1827 2639 2013 2679 semen
2057 2624 2156 2679 de-

555 2720 724 2776 functi
751 2718 1206 2775 resuscitandum.
1241 2716 1396 2774 Unde
1419 2718 1834 2774 calciamentum
1859 2732 2014 2773 suum
2047 2718 2157 2773 sol—

556 2828 688 2870 vere
709 2813 1003 2884 jubebatur
1027 2855 1040 2879 ,
1068 2820 1128 2867 ut
1152 2820 1296 2868 esset
1321 2826 1351 2866 a
1395 2827 1535 2866 nexu
1563 2813 1770 2881 copulae
1795 2812 1912 2882 ejus
1934 2821 2154 2879 exutus,

558 2921 724 2980 quam
775 2921 804 2960 a
863 2906 948 2962 sui
970 2907 1146 2976 gratia
1201 2905 1532 2960 ostendisset
1581 2906 1834 2961 alienam.
1884 2906 1974 2961 Sic
2014 2906 2160 2961 enim

558 3003 820 3071 seriptum
853 3012 957 3065 est,
991 3003 1116 3073 quia
1137 3001 1386 3057 snlvebat
1416 3003 1498 3056 vir
1518 3002 1938 3058 calciamentum
1975 3015 2158 3067 suum,

563 3104 620 3152 et
641 3097 803 3152 dabat
834 3097 1081 3167 proximo
1109 3112 1210 3150 suo
1235 3105 1260 3133 ⁸
1289 3095 1481 3151 dicens
1516 3113 1528 3150 :
1567 3096 1680 3151 Iloc
1705 3096 1806 3151 erit
1836 3095 1890 3150 in
1916 3095 2164 3150 testimoc

2254 1878 2472 1945 scribae,
2517 1879 2714 1936 littera:
2761 1880 2926 1954 914
2978 1895 3273 1952 sequentes
3321 1885 3839 1955 interpretationem,

2253 1984 2362 2025 non
2393 1971 2616 2040 spiritus
2638 1973 3011 2040 intellectum;
3045 1976 3226 2032 littera
3273 1986 3462 2032 autem
3494 1977 3708 2033 occidit.
3741 1978 3844 2034 Lit-

2257 2074 2426 2122 teram
2461 2080 2592 2136 ergo
2626 2067 2966 2123 occidentem
3009 2079 3343 2139 sequentes,
3373 2079 3432 2125 et
3467 2072 3586 2141 ipsa
3629 2073 3844 2142 appella-

2255 2159 2400 2215 tione
2422 2170 2744 2216 rcsonantes
2773 2162 2967 2217 scriba:
2995 2178 3010 2216 :
3039 2164 3294 2232 phariszi
3332 2176 3530 2222 autem
3567 2175 3720 2233 sunt,
3751 2167 3842 2219 hoc

2255 2261 2358 2317 est,
2389 2254 2531 2323 quia
2555 2255 2799 2312 veritatis
2827 2256 3033 2310 unitate
3054 2255 3213 2312 divisi
3263 2269 3432 2323 sunt;
3481 2259 3683 2329 phares
3714 2261 3842 2314 enim

2257 2346 2647 2416 interpretatur
2673 2347 2890 2403 divisio.
2936 2348 3193 2404 Dividunt
3239 2361 3428 2407 autem
3479 2352 3729 2422 pbarisaei
3757 2352 3842 2407 bne

2258 2455 2457 2511 genere
2485 2442 2650 2498 verba
2679 2441 2862 2511 Legis,
2895 2452 2953 2497 ut
2981 2454 3262 2509 resonent,
3287 2455 3343 2499 et
3373 2446 3427 2499 in
3451 2446 3573 2516 ipsa
3603 2447 3838 2502 mediterr-

2261 2541 2386 2589 tur:
2418 2535 2678 2604 spiritalis
2705 2544 2887 2590 autem
2939 2535 3198 2606 mysteria
3225 2536 3390 2608 Legis
3422 2546 3481 2593 et
3528 2550 3842 2594 sacramenta

2261 2642 2368 2680 non
2395 2625 2632 2681 videant.
2664 2627 2796 2682 Nam
2828 2628 2874 2681 si
2907 2627 3014 2682 Lex
3045 2627 3311 2698 spiritalis
3352 2639 3464 2696 est,
3513 2633 3700 2701 utique
3721 2647 3836 2700 pr:-

2261 2727 2418 2788 cepta
2440 2719 2600 2790 Legis
2631 2721 3063 2790 suntSpiritalia,
3117 2730 3172 2776 et
3220 2737 3391 2793 opera
3437 2723 3567 2794 ejus
3614 2726 3842 2794 spiritalia

2263 2820 2408 2866 sunt.
2460 2813 2724 2867 Docentcs
2776 2828 2904 2884 ergo
2952 2829 3073 2883 quae
3110 2814 3329 2886 Moyses
3379 2818 3612 2886 scripsit
3644 2858 3660 2883 ,
3707 2833 3842 2872 onera

2264 2906 2450 2976 gravia
2483 2907 2650 2976 ligant
2673 2908 3051 2977 corporalibus
3090 2909 3252 2978 Legis
3288 2910 3508 2982 (gravia
3554 2922 3683 2966 sunt
3725 2914 3844 2968 enim

2264 3013 2385 3069 qua:
2417 2999 2685 3053 contraria
2712 2999 2842 3068 jugo
2883 2999 3084 3054 Christi
3132 2999 3282 3071 sunt)
3327 3011 3381 3056 et
3432 3018 3535 3072 per
3574 3003 3844 3059 doctrinam

2267 3104 2422 3144 suam
2451 3091 2660 3146 deviam
2682 3093 2865 3161 gravia
2891 3107 3055 3148 onera
3081 3094 3372 3162 imponunt
3402 3095 3637 3150 auribus
3657 3097 3846 3151 audien-

561 3190 714 3246 nium
741 3191 794 3246 in
826 3191 1016 3245 Israel.
1043 3189 1112 3244 Et
1141 3190 1362 3245 dicebat
1396 3191 1734 3261 pr0pinquus
1765 3207 1780 3244 :
1833 3190 2034 3260 Accipe
2057 3231 2071 3254 ,
2109 3198 2165 3243 et
2193 3181 2238 3245 C
2271 3183 2430 3249 tium,
2459 3200 2580 3254 quae
2607 3184 2708 3254 ipsi
2735 3201 2804 3240 ne
2832 3194 3038 3240 tantum
3065 3187 3282 3255 quidem
3314 3188 3512 3242 volunt
3540 3204 3774 3254 movere,
3807 3199 3850 3243 ιιι

561 3284 782 3354 acquire
806 3282 904 3336 tibi
929 3293 1003 3336 tu.
1041 3281 1106 3336 Et
1134 3281 1380 3336 solvebat
1407 3282 1823 3336 calciamentum
1849 3295 2030 3336 suum.
2078 3279 2169 3333 Di—

565 3375 764 3431 cebant
792 3375 956 3430 etiam
982 3381 1225 3429 astantes
1249 3392 1262 3428 :
1291 3373 1388 3427 Det
1413 3375 1505 3427 tibt
1527 3373 1782 3428 Dominus
1801 3391 2034 3440 umorem,
2057 3388 2172 3442 qua:

566 3471 723 3525 intrat
753 3470 960 3524 domum
992 3479 1155 3534 tuam,
1208 3469 1341 3522 sicut
1391 3467 1591 3523 Rachel
1636 3479 1683 3524 et
1737 3469 1866 3522 sicut
1899 3467 2020 3531 Lia,
2058 3481 2172 3535 qum

572 3562 960 3630 azdi/icaverunt
984 3571 1211 3629 utraeque
1235 3561 1443 3613 domum
1476 3558 1664 3624 Israel,
1705 3571 1752 3614 et
1798 3565 2024 3630 fecerunt
2071 3561 2175 3613 uir-

572 3662 729 3708 tutem
751 3653 803 3706 in
827 3650 1066 3720 Ephrata
1095 3650 1286 3723 (Ruth.
1320 3667 1397 3717 Iv,
1432 3653 1486 3718 7,
1534 3652 1590 3716 8,
1642 3653 1756 3722 ll).
1803 3651 1910 3708 Sed
1957 3651 2060 3705 hoc
2107 3666 2174 3705 ex

574 3745 775 3801 litterae
807 3745 1258 3815 interpretatione
1281 3742 1528 3799 Judaeum
1561 3744 1781 3814 ligabat.
1815 3744 2084 3800 Caeterum
2110 3744 2174 3796 li-

570 3853 704 3908 gnra
729 3845 868 3901 erat,
905 3836 1048 3907 quod
1089 3836 1340 3891 Christus
1386 3846 1648 3892 venturus
1679 3845 1824 3891 esset
1871 3836 1927 3890 in
1978 3843 2174 3900 terras,

573 3932 666 4002 qui
698 3946 884 3986 semen
931 3929 1171 3985 defuncti
1208 3930 1393 4000 pepuli
1438 3930 1811 3984 resuscitaret.
1843 3927 2034 3982 Merito
2073 3927 2179 3982 fra-

579 4025 679 4079 tris
708 4041 722 4080 :
751 4024 874 4093 quia
905 4022 1108 4078 dictum
1142 4032 1226 4078 est
1259 4038 1272 4075 :
1302 4021 1547 4076 Narrabo
1577 4037 1762 4076 nomen
1805 4031 1950 4076 tuum
1989 4021 2176 4091 [ratri-

576 4115 665 4169 bus
695 4116 822 4170 meis
853 4112 1031 4185 (Psal.
1066 4131 1179 4178 xxi,
1209 4114 1302 4186 25)
1333 4123 1427 4180 ;et
1458 4132 1472 4166 :
1505 4115 1737 4179 Quorum
1779 4123 1974 4184 patres,
2023 4123 2070 4167 et
2118 4129 2184 4167 ex

577 4208 760 4278 quibus
786 4206 1021 4264 Christus
1042 4210 1325 4263 secundum
1351 4225 1556 4263 carnem
1588 4207 1766 4278 (Rom.
1813 4224 1866 4262 ix
1889 4250 1904 4276 ,
1953 4207 2036 4276 5).
2085 4207 2183 4262 Vel

581 4302 705 4372 quia
731 4300 1082 4370 Evangelium
1109 4301 1377 4356 defuncta:
1415 4301 1574 4372 Legis
1619 4303 2022 4372 reparationem
2056 4315 2186 4371 ope-

583 4403 799 4451 raretur
830 4393 882 4447 in
907 4394 1181 4463 posteris;
1214 4403 1271 4447 ut
1294 4409 1481 4450 semen
1500 4395 1644 4465 quod
1673 4395 1786 4451 Lex
1814 4410 1922 4450 non
1949 4395 2184 4462 relique-

591 4495 697 4548 rat,
724 4486 1000 4555 Evangelii
1032 4495 1189 4540 tenor
1210 4486 1580 4542 resuscitaret.

2272 3292 2302 3331 a
2333 3277 2706 3346 corporalibus
2727 3277 2883 3349 Legis
2930 3277 2996 3332 ad
3049 3278 3317 3348 spiritalia
3364 3280 3678 3351 Scriptura:
3717 3283 3848 3337 verba

2272 3379 2674 3424 commoveant.
2705 3369 2794 3426 Sic
2811 3371 2955 3426 enim
2980 3371 3392 3441 intelligendum
3417 3385 3531 3439 est,
3559 3375 3688 3445 quia
3714 3376 3847 3446 digito

2276 3476 2376 3517 suo
2400 3462 2593 3516 nolunt
2623 3477 2845 3518 movere
2873 3464 2967 3518 illa
2993 3480 3008 3530 ;
3036 3464 3140 3519 hoc
3164 3474 3280 3531 est,
3316 3482 3423 3522 nec
3454 3468 3660 3539 exiguo
3691 3478 3851 3537 puncto

2276 3566 2439 3626 atque
2492 3569 2769 3614 momento
2825 3560 3157 3614 transferunt
3209 3575 3271 3615 se
3325 3561 3394 3616 ad
3463 3563 3851 3634 intelligentiam

2278 3649 2607 3720 spiritalem.
2658 3650 2795 3705 Hinc
2842 3661 2925 3706 est
2975 3659 3032 3705 et
3081 3652 3237 3716 illud,
3270 3653 3419 3721 quod
3455 3655 3726 3724 scriptum
3761 3666 3854 3710 est:

2284 3742 2435 3808 Quod
2459 3743 2501 3796 si
2527 3743 2582 3796 in
2611 3744 2774 3813 digito
2794 3743 2896 3797 Dei
2913 3760 3004 3815 ego
3033 3745 3184 3814 ejicio
3207 3744 3472 3800 daemonia
3495 3745 3662 3816 (Luc.
3680 3747 3854 3815 suae}.

2281 3834 2418 3902 Quid
2440 3837 2511 3890 sit
2539 3836 2767 3906 digitus,
2811 3836 3204 3906 interpretatur
3253 3838 3369 3907 ipsa
3427 3839 3742 3910 Scriptura,
3768 3856 3858 3908 qua

2282 3927 2412 3984 dicit
2440 3930 2490 3982 ill
2515 3930 2621 3984 alio
2644 3929 2784 3984 libro
2813 3929 3095 4000 Evangelii
3127 3949 3138 3982 :
3171 3930 3326 3998 Quod
3366 3932 3414 3985 si
3460 3932 3518 3985 in
3560 3934 3764 4004 Spiritu
3791 3931 3859 3985 Dei

2284 4039 2376 4094 ego
2407 4024 2559 4095 ejicio
2589 4023 2843 4078 dmmonia
2867 4023 3085 4095 (Matth.
3110 4039 3206 4090 xu,
3228 4024 3350 4096 28).
3376 4024 3602 4096 Digitus
3626 4042 3754 4098 ergo
3773 4027 3860 4090 Dei,

2285 4113 2518 4185 Spiritus
2566 4115 2664 4172 Dei
2703 4127 2826 4182 est;
2868 4118 3012 4171 Deus
3041 4117 3186 4171 enim
3237 4117 3485 4187 Spiritus
3515 4131 3649 4185 est,
3679 4130 3732 4174 et
3760 4118 3862 4172 nihil

2286 4207 2450 4262 habet
2499 4207 2552 4261 in
2603 4223 2703 4263 sua
2757 4209 3059 4264 substantia
3091 4209 3422 4278 corporale,
3479 4212 3583 4267 sed
3631 4220 3771 4266 totus
3804 4218 3864 4264 est

2284 4302 2543 4372 Spiritus.
2585 4301 2642 4355 In
2677 4301 2882 4370 Spiritu
2911 4316 3040 4372 ergo
3083 4301 3178 4355 Dei
3219 4301 3864 4371 ejicitdaamoniuni,qui

2287 4396 2345 4450 in
2393 4394 2562 4464 digito
2622 4379 2736 4448 Dei
2772 4393 2938 4464 ejicit.
3003 4392 3156 4450 Unde
3205 4401 3261 4448 et
3310 4404 3543 4450 sanctus
3579 4396 3752 4451 David
3778 4394 3864 4448 ait:

2295 4488 2553 4554 Quoniam
2595 4489 2772 4541 videbo
2823 4488 2977 4543 caelos
3018 4498 3160 4553 tuos,
3192 4504 3352 4557 opera
3381 4489 3675 4561 digitorum
3703 4502 3866 4544 morsa

660 4577 749 4633 64.
794 4577 912 4633 Νοιι
947 4579 1143 4633 mirum
1167 4594 1300 4648 ergo
1345 4579 1390 4634 si
1435 4588 1598 4649 caput
1626 4593 1783 4635 suum
1815 4594 1978 4650 prava
2020 4580 2188 4634 inter-
2215 4581 2264 4640 Ι)
2293 4579 2467 4651 (Psal.
2496 4595 2611 4645 vin,
2640 4579 2696 4652 4)
2722 4597 2736 4645 ;
2768 4581 2872 4636 hoc
2897 4590 2999 4646 est,
3041 4581 3274 4650 Spiritus
3301 4581 3379 4636 tui
3403 4597 3576 4652 opera
3603 4594 3731 4637 sunt
3753 4582 3868 4644 caeli,

594 4677 898 4742 pretatione
922 4682 1252 4740 moverunt;
1307 4683 1363 4728 ut
1412 4675 1514 4743 ipsi
1557 4690 1587 4729 a
1636 4689 1697 4730 se
1727 4674 2081 4730 deturbarent
2107 4688 2191 4728 sa-

590 4767 873 4839 pientiam,
905 4781 1020 4822 suze
1043 4766 1236 4822 salutis
1267 4775 1548 4824 auctorem
1577 4786 1589 4822 ε
1618 4777 1710 4824 aut
1738 4777 1886 4824 certe
1923 4775 2193 4824 movendo

594 4871 755 4930 caput
803 4851 981 4928 suum,
1031 4875 1196 4916 causa
1225 4862 1382 4916 lieret
1410 4864 1790 4919 commotionis
1835 4863 2031 4933 capitis
2086 4875 2191 4916 non

600 4955 819 5022 paucis;
871 4954 966 5009 sed
1016 4955 1252 5025 populis.
1306 4945 1615 5011 Commotio
1667 4957 1784 5012 hinc
1823 4957 2016 5024 capitis
2062 4958 2195 5011 facta

595 5057 680 5100 est
713 5065 724 5100 :
763 5047 1198 5117 quandoquidem
1235 5049 1286 5102 in
1316 5063 1532 5104 omnem
1574 5058 1776 5104 terram
1824 5049 1993 5105 exivit
2031 5063 2200 5102 sonus

600 5153 788 5194 eorum
812 5156 826 5204 ;
863 5147 920 5193 ut
945 5140 1100 5195 fieret
1120 5141 1299 5197 omnis
1330 5151 1473 5197 terra
1500 5142 1737 5211 Domini,
1763 5153 1818 5198 et
1839 5158 2065 5214 regnum
2092 5142 2201 5196 Do-

601 5231 732 5285 mini
758 5239 907 5286 esset
937 5233 991 5286 in
1014 5233 1344 5289 nationibus.
1374 5235 1526 5291 Unde
1548 5244 1603 5291 et
1627 5234 1678 5290 in
1705 5236 2097 5306 posterioribus
2119 5234 2203 5290 tli-

597 5323 666 5378 cit
697 5342 709 5376 :
742 5321 997 5379 Dominus
1028 5328 1280 5396 regnauit,
1323 5329 1616 5383 irascantur
1655 5329 1881 5399 populi:
1923 5330 2012 5398 qui
2057 5328 2202 5382 sedes

677 5448 701 5515 εξ
728 5437 890 5515 Rom.
921 5438 1052 5515 edit.
1074 5441 1211 5507 sola,
1242 5450 1291 5494 et
1321 5441 1520 5496 dicebat
1552 5460 1570 5496 :
1595 5444 1802 5515 Accipe,
1829 5452 1877 5496 et
1903 5443 2112 5515 acquire
2147 5451 2201 5495 tu

610 5510 710 5582 tibi
726 5511 1162 5582 propinquitatem
1190 5529 1354 5566 meam
1385 5531 1402 5578 ;
1435 5525 1481 5568 et
1511 5516 1610 5568 hoc
1637 5510 1731 5570 erit
1765 5515 1820 5569 in
1851 5510 2199 5568 testimonium

608 5580 664 5634 in
687 5579 873 5635 Israel.
897 5579 964 5634 Et
987 5582 1227 5646 solvebat,
1259 5595 1364 5639 etc.

681 5649 708 5688 ι’
737 5651 838 5706 Vix
867 5651 1186 5730 adducimur
1215 5665 1269 5710 ut
1294 5655 1580 5730 credamus
1607 5658 1877 5730 ἁλάλαγμα
1897 5655 2203 5730 'genuinum

612 5737 766 5798 esse;
800 5733 910 5777 tum
940 5723 1084 5794 quod
1110 5726 1319 5798 legatur
1345 5727 1397 5782 in
1430 5728 1606 5790 LXX.
1649 5723 1840 5788 κίνησῖὲν
1891 5723 2102 5798 {spatiis
2159 5727 2206 5780 ἐν

613 5801 716 5853 τόῖς
739 5794 878 5857 λαοῖς
904 5812 920 5862 ;
953 5804 1064 5851 tum
1091 5797 1233 5864 quod
1261 5814 1322 5852 ea
1351 5803 1449 5858 vox
1479 5801 1544 5855 ab
1567 5797 1706 5853 atem
1732 5798 1906 5854 enikin
1928 5794 1963 5860 ,⁷
1993 5795 2062 5852 et‘
2100 5797 2205 5852 ule-

2293 4673 2434 4728 sicnt
2460 4681 2516 4728 et
2533 4673 2797 4742 scriptum
2821 4682 2933 4728 est:
2970 4672 3133 4728 Verbo
3157 4674 3371 4727 Domini
3391 4676 3511 4728 ctuti
3533 4677 3735 4744 ﬁrmati
3761 4683 3870 4737 sant,

2297 4779 2343 4821 et
2368 4767 2555 4836 spiritu
2583 4768 2689 4820 oris
2715 4770 2824 4838 ejus
2843 4767 3011 4821 omnis
3027 4766 3188 4820 virtus
3218 4782 3400 4821 eorum
3423 4765 3608 4837 (Psal.
3628 4784 3791 4833 nm,
3816 4768 3871 4833 6).

2371 4860 2458 4915 66.
2506 4860 2574 4916 Ut
2601 4875 2732 4931 ergo
2762 4861 3155 4915 concludamus
3197 4858 3636 4929 disputationem
3662 4903 3677 4926 ,
3717 4860 3874 4915 scrib:

2301 4959 2358 5006 et
2387 4951 2639 5022 ριιιιινὶςιεί
2663 4951 2799 5006 nihil
2826 4951 2894 5006 ad
2924 4951 3239 5005 interiorem
3297 4949 3584 5007 hominem
3642 4951 3875 5014 referunt,

2303 5047 2391 5118 qui
2422 5057 2482 5101 ut
2512 5048 2626 5116 ipse
2651 5047 2720 5101 ad
2751 5046 3036 5115 imaginem
3060 5045 3154 5099 Dei
3187 5054 3241 5098 et
3266 5045 3694 5101 similitudinem
3738 5046 3878 5101 factas

2305 5148 2425 5205 est;
2451 5139 2522 5194 ita
2550 5140 2600 5193 in
2632 5139 2698 5194 iis
2720 5155 2841 5210 quin
2868 5137 3073 5207 cogitat
3115 5145 3171 5192 et
3200 5151 3322 5207 quae
3352 5136 3659 5193 meditatur
3690 5181 3704 5203 ,
3751 5137 3879 5193 debet

2307 5233 2478 5303 magis
2511 5247 2632 5303 qua:
2663 5230 2927 5301 spiritalia
2951 5238 3098 5297 sunt,
3131 5245 3290 5300 quam
3321 5245 3446 5300 qua:
3473 5232 3725 5286 carnalia
3766 5232 3881 5301 cogi-

2307 5335 2442 5381 tare.
2476 5324 2673 5380 Totum
2707 5338 2837 5394 ergo
2858 5321 2923 5378 ad
2958 5322 3114 5378 illiilli
3143 5321 3496 5389 exteriorem,
3530 5323 3600 5377 ad
3629 5324 3778 5378 illum
3798 5334 3880 5378 ter-

2305 5441 2595 5503 sannilem;
2629 5437 3179 5508 utcorruptehabent
3207 5451 3339 5491 mss.
3365 5437 3698 5508 longissime
3720 5439 3883 5493 abhor-

2306 5520 2444 5566 reat.
2465 5511 2870 5584 Conjiceremus
2901 5510 3157 5584 libentius
3184 5511 3449 5584 scriptum
3473 5509 3672 5574 fuisse.
3706 5513 3883 5584 nestit;

2310 5586 2520 5648 κίνησιν,
2557 5583 2637 5638 vel
2687 5582 2880 5651 potius,
2916 5582 3180 5636 ἀλλοίωσιν
3214 5597 3228 5634 :
3263 5581 3542 5650 praecipue
3572 5597 3700 5636 cum
3732 5581 3884 5650 Aquila

2309 5656 2479 5709 verbo
2508 5655 2687 5709 eidem
2711 5652 2828 5707 voci
2859 5662 3089 5723 cognato
3117 5654 3169 5706 in
3200 5652 3318 5722 ipso
3341 5651 3506 5721 hujus
3533 5655 3735 5722 psalmi
3760 5654 3884 5708 tilqu

2311 5739 2440 5794 usus
2495 5726 2679 5788 fuerit,
2733 5726 2819 5781 ubi
2869 5723 3086 5790 Nobilio
3135 5732 3296 5788 teste,
3348 5723 3786 5794 ita_legebatur,
3825 5724 3882 5777 ὁτι

2312 5791 2548 5857 vilico-ias
2576 5800 2632 5851 τὸ
2655 5804 2820 5871 γεῦμα
2850 5797 3006 5853 αὐτώ
3032 5797 3103 5856 εἰς
3133 5793 3416 5868 πρόσωπον
3442 5791 3762 5866 Ὰϐἶμέλιχ,
3787 5808 3867 5851 εις.
