4008 6352
137 333 290 394 Hii

1265 331 1333 390 IN
1372 328 1706 388 PSALMUM
1747 328 1912 388 XLIII
1953 331 2368 393 ENARRATIO.

3316 346 3456 404 H22

131 463 348 504 renum
383 447 657 504 hominem
685 446 891 503 referre
917 444 1251 503 contendunt
1283 463 1295 498 :
1329 453 1383 501 et
1412 443 1535 500 ideo
1565 443 1747 498 omnia
1776 447 1827 502 A
1853 459 2066 515 quoque
2100 461 2388 516 possumus
2414 446 2615 516 dicere,
2642 450 2858 520 quando
2881 450 3164 521 pluraliter
3191 453 3354 520 dicta,
3387 455 3455 511 ad

137 556 346 597 eorum
378 558 543 614 opera
574 541 696 596 talia
722 550 869 610 sunt,
895 549 954 596 ut
981 540 1263 595 videantur
1290 539 1356 594 ab
1389 536 1699 592 hominibus
1733 553 1747 601 ;

137 649 264 689 non
301 646 356 690 ut
381 635 630 704 placeant
655 635 822 702 Patri,
849 634 940 706 qui
967 634 1020 689 in
1058 632 1382 691 abscondito
1434 629 1602 686 videt.
1657 629 1751 682 Ti-

137 740 308 785 ment
333 732 481 785 enim
509 744 606 786 sua
637 744 803 802 opera
828 729 1092 786 revelare.

230 824 319 880 67.
362 825 490 882 Haec
511 836 598 882 est
622 842 751 897 ergo
779 825 1072 882 commotio
1110 822 1310 894 capitis
1345 836 1464 892 quae
1499 820 1642 876 facta
1670 825 1755 874 est

141 916 210 972 in
236 913 489 988 populisi
532 917 657 985 vel,
691 917 834 973 sicut
880 917 1070 988 Aquila
1117 924 1170 971 et
1214 913 1572 985 Symmachus
1601 910 1754 966 dixe-

141 1023 303 1083 runt,
337 1014 391 1068 in
413 1014 685 1086 gentibus;
713 1027 903 1069 omnes
947 1012 1094 1068 enim
1125 1017 1320 1081 gentes
1350 1014 1639 1064 moverunt
1665 1021 1756 1061 ca-

146 1115 438 1175 putsuum
467 1149 482 1173 ,
534 1117 591 1161 ut
639 1107 834 1178 Legem
885 1105 1201 1177 spiritaliter
1243 1105 1750 1173 interpretarentur.

140 1197 326 1254 Nemo
347 1198 643 1255 secundum
668 1199 904 1255 litteram
939 1198 1099 1267 Legis
1131 1211 1190 1252 se
1221 1206 1369 1266 putet
1397 1210 1519 1250 esse
1544 1193 1758 1248 salvan-

142 1294 284 1348 tlum
311 1311 326 1360 ;
361 1294 484 1365 quia
514 1293 696 1350 littera
726 1294 886 1366 Legis
915 1293 1264 1348 maledictum
1295 1291 1458 1348 habet
1492 1309 1506 1344 :
1534 1289 1760 1361 spiritus

140 1388 591 1445 benedictionem
621 1389 800 1445 affert.
830 1388 1001 1445 Nemo
1027 1404 1096 1444 ex
1124 1387 1380 1458 operibus
1403 1387 1567 1458 Legis
1591 1385 1757 1456 justi-

144 1481 310 1536 ficari
337 1483 710 1553 potest;quia
749 1483 852 1538 sub
881 1482 1174 1538 maledicto
1227 1490 1354 1538 sunt
1403 1496 1614 1548 omnes,
1666 1481 1760 1550 qui

145 1579 256 1633 sub
289 1577 472 1634 littera
525 1587 672 1632 sunt.
726 1578 960 1650 Fugiant
990 1593 1121 1650 ergo
1175 1591 1363 1632 omnes
1411 1575 1759 1630 maledictum

143 1673 318 1743 Legis
351 1715 365 1740 ,
396 1682 453 1728 et
481 1673 799 1742 confugiant
836 1672 904 1727 ad
945 1671 1342 1728 benedictionis
1387 1669 1650 1741 gratiam;
1703 1677 1764 1723 ut

145 1767 593 1824 benedictionem
629 1767 867 1822 habeant
917 1767 969 1822 iit
1033 1766 1380 1831 coelesﬂbus,
1436 1764 1490 1818 in
1543 1763 1762 1838 Christo

1855 547 2074 592 sanctos
2107 558 2118 592 :
2150 541 2366 610 quando
2393 542 2762 614 singulariter,
2796 543 2861 600 ad
2892 545 3178 602 Dominum
3209 556 3454 603 nostrum

1851 628 2038 686 Jesum
2069 631 2347 690 Christum
2379 637 2606 704 referri;
2639 639 2763 709 quia
2791 639 3049 696 aestimari
3079 650 3256 712 potest
3279 651 3336 698 et
3358 658 3455 713 pro

1853 723 2098 792 pluribus
2127 729 2180 782 in
2210 729 2481 800 Propheta
2510 731 2744 798 locutus,
2776 739 2832 788 et
2853 733 2968 803 ipse
2997 751 3092 805 pro
3117 750 3198 791 se.
3234 736 3304 790 Et
3329 734 3455 791 ideo

1854 818 2090 874 dixerit:
2131 821 2450 880 Verecundia
2475 843 2586 882 mea
2608 834 2789 882 contra
2816 844 2896 882 me
2929 837 3042 895 est;
3090 845 3211 900 qua:
3258 828 3458 885 dicitur

1856 911 2103 989 ivi-pomi;
2154 915 2368 992 ἐντροπή
2417 927 2598 975 autem
2645 929 2759 988 est,
2805 921 3023 991 quando
3069 921 3456 978 verecundiam

1855 1005 1971 1058 vult
2019 1006 2141 1075 quis
2189 1007 2434 1066 incutere
2478 1012 2682 1080 alicui,
2718 1022 2776 1069 ut
2825 1015 3062 1072 inflectat
3117 1017 3456 1087 propositum

1855 1110 2037 1164 suum,
2069 1098 2210 1154 sicut
2233 1111 2354 1155 est:
2393 1102 2685 1159 Descendat
2729 1123 2863 1162 nunc
2896 1108 2960 1162 de
2994 1126 3163 1178 cruce,
3205 1119 3253 1164 et
3291 1110 3463 1165 credi-

1858 1206 1973 1244 mus
1995 1193 2087 1246 ei:
2136 1194 2351 1262 conﬁdit
2401 1196 2454 1249 in
2503 1195 2634 1265 Deo,
2687 1200 2865 1255 liberet
2915 1218 3050 1256 nunc
3089 1218 3204 1257 eum
3245 1201 3463 1274 (Matth.

1859 1299 2026 1351 xxvu,
2070 1283 2140 1338 4‘2
2162 1294 2212 1339 et
2232 1286 2346 1356 43).
2377 1286 2610 1344 Pulchre
2632 1300 2811 1347 autem
2843 1293 2917 1347 ait
2950 1309 2964 1347 :
3002 1293 3129 1348 Tota
3167 1295 3295 1360 die;
3337 1295 3462 1366 quia

1862 1375 2167 1432 lncarnatio
2197 1378 2410 1434 Domini
2438 1383 2610 1438 nostri
2638 1383 2766 1440 Jesu
2803 1385 3007 1442 Christi
3056 1389 3234 1444 lucem
3288 1389 3469 1444 attulit

1859 1471 2086 1525 mundo.
2118 1471 2243 1527 Dies
2265 1473 2451 1540 itaque
2502 1474 2902 1534 Incarnationis
2923 1489 3027 1547 est,
3058 1480 3127 1537 de
3155 1497 3263 1552 quo
3315 1481 3462 1538 idem

1861 1563 2615 1624 dicitDominuszAmbulate
2646 1571 2768 1626 dum
2818 1573 2985 1629 lucem
3036 1575 3232 1631 habetis
3282 1574 3462 1648 (Joan.

1863 1672 1959 1722 xu,
1995 1658 2088 1725 55)
2120 1673 2135 1723 ;
2167 1668 2221 1713 et
2255 1675 2268 1711 :
2303 1658 2566 1714 Abraham
2593 1661 2728 1716 diem
2759 1681 2926 1718 meum
2961 1667 3087 1720 vidit
3117 1666 3298 1737 (Joan.
3348 1685 3466 1734 vttt,

1861 1747 1976 1821 56).
2013 1749 2158 1818 Ergo
2187 1749 2304 1806 haec
2332 1754 2664 1808 verecundia
2694 1754 2859 1811 habet
2893 1757 2946 1811 in
2980 1773 3036 1812 se
3064 1758 3464 1815 confusionem.

144 1859 306 1923 Jesu,
333 1861 422 1930 qui
455 1868 704 1914 mortuus
730 1867 816 1914 est
846 1875 944 1930 pro
975 1859 1132 1914 nobis
1159 1898 1173 1924 ,
1223 1867 1280 1912 ul
1322 1857 1454 1912 fides
1498 1857 1759 1910 transiret

1872 1841 2019 1898 Unde
2048 1852 2103 1898 et
2127 1843 2487 1913 Symmachus
2516 1864 2528 1901 :
2558 1847 2689 1902 Tota
2711 1850 2811 1915 die,
2845 1849 3015 1922 inquit
3038 1894 3051 1918 ,
3083 1856 3324 1924 confusio
3355 1871 3467 1910 mea

145 1957 220 2011 ad
255 1967 444 2027 gentes
475 1972 488 2008 :
525 1956 613 2025 qui
646 1955 749 2010 etsi
782 1955 862 2008 vir
885 1953 987 2008 fuit
1015 1963 1141 2008 ante
1166 1952 1490 2024 Synagogte,
1521 1965 1624 2004 nec
1673 1949 1758 2019 ip-

147 2065 274 2105 sam
303 2049 568 2115 deseruit,
600 2057 656 2103 et
685 2062 787 2103 nos
815 2047 1048 2103 redemit
1072 2063 1086 2112 ;
1122 2046 1270 2101 illam
1299 2044 1444 2100 enim
1477 2059 1583 2098 non
1606 2043 1763 2098 dese-

149 2146 293 2213 ruit,
342 2152 401 2199 ut
445 2143 692 2213 reliquias
741 2141 906 2198 salvae
935 2140 1176 2194 fierent:
1228 2153 1329 2194 nos
1382 2137 1618 2193 redemit
1660 2135 1760 2190 eli-

147 2235 340 2308 gelido
371 2234 600 2306 populos
632 2235 933 2289 nationum.
968 2231 1096 2287 Haec
1125 2245 1256 2300 ergo
1295 2231 1490 2286 electio
1519 2229 1760 2300 gentium

152 2332 310 2386 salus
359 2328 598 2393 Iudicis;
649 2327 896 2397 reliquiae
945 2325 1089 2380 enim
1148 2340 1256 2380 non
1306 2338 1403 2394 per
1444 2337 1612 2392 Opera
1641 2336 1758 2389 sua,

151 2421 324 2493 915
373 2420 470 2476 sed
527 2435 624 2489 per
674 2419 996 2474 electionem
1029 2417 1215 2488 gratia:
1241 2416 1404 2470 salva:
1432 2415 1584 2470 facta:
1613 2421 1758 2468 sunt.

156 2514 350 2570 Gratia
375 2522 458 2568 est
487 2526 618 2582 ergo
644 2511 851 2567 Christi
873 2525 993 2578 quae
1021 2518 1075 2564 et
1102 2523 1203 2564 nos
1226 2507 1497 2573 redemit,
1541 2514 1596 2561 et
1638 2505 1763 2560 reli-

157 2610 321 2681 quias
346 2607 662 2663 viviﬁcavit.
691 2604 1000 2660 Commotio
1023 2611 1205 2658 autem
1223 2601 1416 2672 capitis
1436 2599 1575 2655 facta
1603 2609 1685 2654 est
1708 2599 1763 2654 in

73 2705 78 2708 ’
160 2702 461 2776 gentibus:
495 2700 590 2756 sed
637 2715 708 2754 ex
745 2700 846 2754 hac
894 2697 1264 2755 commotione
1317 2711 1426 2750 non
1476 2693 1765 2749 mediocris

164 2797 483 2853 mutationis
509 2795 738 2866 gratiam
764 2792 938 2848 Judaei
967 2790 1330 2862 pertulerunt,
1371 2803 1601 2859 quorum
1633 2787 1766 2842 reli-

164 2891 307 2960 quie
343 2887 507 2942 salvae
536 2886 694 2941 facta:
723 2895 868 2941 sunt.

239 2986 255 3036 t
275 2983 330 3037 8.
373 2982 554 3052 (Vers.
589 2978 703 3051 16.)
734 2980 990 3051 Sequitur
1017 2999 1032 3037 :
1060 2977 1194 3033 Tota
1222 2977 1307 3032 die
1328 2976 1630 3032 verecundia
1654 2991 1769 3030 mea

162 3087 346 3132 contra
376 3093 454 3130 me
476 3086 548 3130 est
571 3093 588 3129 :
617 3083 667 3130 et
690 3074 928 3145 confusio
959 3073 1130 3127 vultus
1154 3071 1252 3127 mei
1279 3071 1480 3141 operuit
1503 3086 1602 3123 me.
1628 3068 1767 3134 Quid

165 3169 418 3239 estquod
447 3167 717 3224 interdum
755 3183 820 3223 ex
869 3181 1104 3236 persona
1149 3167 1342 3230 unius,
1389 3163 1664 3219 interdum
1699 3177 1764 3216 ex

1864 1945 2041 1988 contra
2083 1953 2162 1993 me
2211 1947 2305 1992 est.
2354 1939 2486 2005 Qua:
2540 1950 2721 1996 autem
2762 1944 3012 2000 conlusio
3063 1944 3268 2002 ChriSti
3302 1989 3315 2013 ,
3363 1947 3469 2004 nisi

1863 2042 1997 2082 crux
2023 2046 2036 2094 ;
2066 2031 2208 2100 quod
2237 2031 2415 2087 nudus
2439 2034 2696 2102 pependit
2725 2036 2776 2090 in
2803 2037 2911 2091 ea?
2939 2039 3004 2093 Et
3030 2039 3192 2105 bene,
3221 2048 3328 2094 tota
3359 2041 3468 2107 die;

1863 2122 1988 2191 quia
2009 2137 2073 2176 ex
2101 2137 2208 2193 quo
2228 2122 2426 2180 afﬁxus
2454 2134 2538 2181 est
2566 2128 2739 2193 cruci,
2770 2143 2944 2200 usque
2970 2131 3023 2185 in
3047 2132 3238 2187 horam
3263 2149 3467 2190 nonam

1863 2217 2102 2272 tenebrat
2132 2218 2284 2273 facta:
2310 2229 2435 2274 sunt
2470 2239 2482 2273 :
2513 2228 2569 2276 et
2595 2231 2716 2291 post
2747 2223 2935 2279 horam
2969 2241 3168 2282 nonam
3224 2227 3314 2282 lux
3371 2242 3465 2284 re-

1863 2307 2015 2364 fulsit
2046 2326 2213 2381 usque
2239 2312 2292 2366 in
2323 2327 2632 2384 vesperum.
2662 2324 2689 2353 α
2719 2317 2818 2372 llic
2846 2317 2964 2374 dies
3006 2335 3072 2375 ex
3127 2320 3296 2376 tribus
3351 2322 3464 2392 pri-

1864 2417 2004 2455 mus.
2032 2401 2219 2456 Potest
2248 2412 2428 2460 tamen
2447 2415 2503 2460 et
2527 2406 2729 2463 chorus
2754 2421 3069 2466 sanctorum
3093 2412 3376 2482 pluraliter
3396 2414 3468 2471 de

1861 2505 1942 2557 se,
1968 2500 2022 2547 et
2049 2494 2396 2563 singulariter
2427 2497 2569 2568 loqui
2597 2515 2611 2564 ;
2642 2499 3007 2562 chorus_enim
3033 2505 3186 2574 quasi
3213 2506 3463 2577 singula-

1862 2601 1977 2641 rem
2010 2595 2296 2656 persotiam
2330 2589 2512 2656 habet,
2539 2593 2634 2647 sed
2665 2610 2928 2652 numerus
2951 2597 3311 2666 plurimorum
3343 2611 3464 2667 est;

1861 2679 2002 2734 sicut
2033 2679 2165 2734 illud
2194 2690 2278 2736 est
2309 2699 2320 2734 :
2359 2681 2595 2754 Pupulus
2651 2685 2736 2739 hic
2772 2687 2923 2742 labiis
2970 2706 3048 2743 me
3081 2690 3336 2759 honorat;
3379 2708 3469 2747 cor

1865 2783 2034 2827 autem
2064 2791 2239 2828 eorum
2267 2777 2414 2846 longe
2436 2787 2510 2831 est
2537 2796 2569 2831 a
2597 2795 2678 2834 me
2709 2779 2876 2849 (Esai.
2905 2797 3054 2848 XXIX,
3090 2785 3204 2856 15).

1939 2867 2026 2921 68.
2069 2867 2199 2934 Qurc
2225 2879 2403 2924 autem
2435 2880 2520 2926 est
2550 2871 2820 2938 confusio,
2859 2889 2980 2941 quae
3023 2879 3241 2946 operuit
3286 2879 3472 2938 Domi-

1867 2974 1994 3013 num
2023 2959 2229 3029 Jesum,
2258 2977 2380 3016 cum
2410 2963 2785 3020 confusionem
2812 2977 3030 3036 peccata
3054 2967 3258 3026 faciant
3283 2986 3298 3034 ;
3349 2973 3469 3042 ipsa

1867 3060 1994 3104 sunt
2043 3053 2186 3107 enim
2233 3069 2362 3131 quae
2411 3057 2664 3125 operiunt
2707 3067 3091 3127 peccatorem:
3150 3061 3239 3118 hic
3289 3075 3471 3122 autem

1869 3155 2154 3216 peccatum
2184 3162 2290 3202 non
2324 3149 2554 3203 fecerit?
2585 3149 2691 3206 Sed
2721 3152 3180 3222 quemadmodum
3218 3164 3303 3212 est
3339 3172 3474 3214 con-

165 3277 400 3334 persona
437 3261 800 3333 plurimorum
827 3259 1070 3331 psalmus
1113 3258 1199 3312 hic
1236 3257 1474 3312 dicitur?
1523 3256 1765 3326 Namque

1877 3236 2015 3293 fusio
2038 3237 2311 3294 adducens
2336 3251 2637 3310 peccatum,
2665 3243 2738 3296 ita
2762 3253 2846 3300 est
2866 3245 3032 3317 916
3058 3247 3310 3306 confusio
3353 3265 3476 3322 qua:

166 3370 197 3410 a
235 3355 501 3426 principio
525 3371 554 3408 a
604 3353 849 3423 pluribus
875 3354 1040 3422 carpit
1064 3393 1078 3417 ,
1127 3358 1187 3405 ut
1225 3358 1309 3405 est
1339 3366 1352 3404 :
1379 3348 1518 3403 Deus
1559 3347 1772 3402 auribus

169 3453 362 3506 nostris
407 3449 731 3516 audivimus,
752 3457 808 3504 et
827 3456 1029 3502 cietera
1059 3461 1177 3516 quas
1216 3450 1519 3514 sequuntur
1550 3441 1769 3512 (Supra,

169 3563 304 3611 vers,
326 3546 362 3599 2
378 3542 592 3617 etseq.).
617 3543 816 3598 Deinde
831 3543 906 3596 ait
923 3559 936 3595 :
952 3541 1033 3595 Tu
1055 3558 1106 3595 es
1127 3541 1239 3611 ipse
1261 3539 1375 3593 Rea;
1396 3553 1560 3603 meus,
1575 3547 1620 3592 et
1635 3535 1774 3590 Dens

170 3655 333 3694 meus.
371 3638 569 3694 lterum
602 3656 615 3690 ε
645 3637 713 3691 In
735 3647 781 3690 te
801 3636 1035 3690 inimicos
1059 3643 1262 3688 nostros
1301 3632 1683 3686 vettlilabimus.
1709 3630 1775 3685 Et

170 3741 360 3804 postea
386 3749 399 3786 :
419 3731 540 3786 Non
560 3731 754 3785 enimin
769 3747 895 3784 arcu
914 3745 1023 3782 meo
1046 3727 1263 3797 sperabo
1286 3743 1304 3792 ;
1329 3737 1381 3781 et
1404 3745 1416 3780 :
1443 3724 1508 3779 In
1534 3723 1641 3780 Deo
1663 3724 1777 3778 lauv

173 3827 413 3881 dabimur
434 3834 540 3878 tota
563 3825 646 3878 die
665 3835 748 3879 :et
765 3841 777 3876 ;
795 3822 925 3877 Tota
937 3823 1017 3876 die
1031 3822 1333 3876 verecundia
1354 3837 1469 3874 mea
1493 3831 1673 3874 contra
1696 3835 1775 3872 me

171 3927 265 3973 est.
291 3917 429 3986 Quid
451 3917 551 3971 sibi
570 3916 680 3970 vult
709 3916 809 3968 ista
825 3915 1073 3979 mutatio,
1095 3929 1215 3983 qua:
1236 3913 1547 3982 frequenter
1565 3911 1617 3965 in
1635 3910 1774 3980 psal~

174 4012 277 4068 mis
325 4008 792 4080 repetitur;sicut
815 4013 870 4061 et
898 4006 951 4060 in
982 4005 1286 4061 centesimo
1328 4015 1522 4059 octavo
1564 4003 1776 4072 psalmo

175 4105 276 4160 ait:
301 4104 434 4158 Deus
451 4103 677 4169 laudent,
692 4116 854 4155 meam
868 4115 929 4153 ne
944 4098 1161 4153 tacueris
1177 4114 1194 4162 ;
1212 4097 1332 4166 quia
1345 4112 1402 4149 os
1423 4095 1706 4167 peccatoris
1729 4105 1776 4148 et

176 4215 232 4253 os
260 4197 429 4250 dolosi
449 4212 601 4266 super
647 4211 724 4248 me
761 4201 998 4264 apertum
1035 4198 1110 4244 est
1142 4188 1316 4261 (Psal.
1353 4204 1522 4250 cvm,
1550 4187 1632 4258 2).
1660 4187 1777 4242 Hoc

177 4290 245 4346 de
269 4305 395 4356 uno,
422 4287 667 4358 sequitur
689 4285 757 4341 de
783 4282 1031 4354 pluribus
1059 4283 1081 4336 ‘I
1122 4280 1308 4335 Loculi
1363 4290 1478 4334 sunt
1507 4280 1779 4333 adversum

178 4401 258 4439 me
283 4384 460 4454 lingua
483 4382 760 4435 dolosa....
782 4387 833 4434 et
865 4385 1146 4448 posuerunt
1171 4373 1349 4428 odium
1375 4387 1468 4442 pro
1508 4371 1780 4425 dilectione

180 4496 291 4536 mea
323 4476 512 4549 (Ibid.,
535 4477 569 4531 5
597 4485 643 4530 et
667 4474 746 4546 5).
772 4472 981 4528 Deinde
1017 4470 1086 4526 de
1113 4485 1222 4524 uno
1251 4484 1263 4522 :
1317 4465 1579 4522 Constitue
1624 4479 1778 4533 super

180 4590 294 4630 eum
321 4580 637 4644 peccatorem
662 4566 714 4641 (1
722 4566 853 4635 bid.,
884 4564 962 4636 6).
990 4562 1145 4632 Quod
1167 4561 1381 4617 videtur
1398 4561 1450 4614 in
1477 4557 1775 4614 centesimo

182 4677 372 4722 octavo
400 4665 610 4735 psalmo
635 4661 779 4716 aliud
810 4659 877 4716 ad
904 4657 1164 4730 populum
1198 4653 1512 4711 Iudaeorum
1557 4649 1774 4717 referri,

181 4757 323 4813 aliud
350 4756 416 4810 ad
443 4755 635 4810 Judam
659 4751 1011 4824 proditorem.
1042 4747 1269 4816 Quando
1299 4743 1585 4816 pluraliter
1607 4741 1772 4809 dicta,

181 4851 246 4907 ad
271 4850 528 4923 populum
567 4867 580 4902 :
627 4845 843 4919 quando
871 4842 1224 4913 singulariter
1255 4880 1270 4906 ,
1317 4838 1386 4894 ad
1429 4836 1644 4894 ludam.
1679 4835 1777 4891 Hic

257 5024 281 5050 ιι
313 5012 408 5068 llic
425 5009 668 5078 sequitur
689 5005 751 5062 Β.
774 5000 1095 5078 Ambrosius
1115 5013 1302 5078 eorum
1326 4994 1661 5078 opinionem,
1681 4993 1773 5078 qui

185 5064 374 5142 mortis
388 5064 602 5138 Christi
631 5078 844 5134 Domini
873 5074 1108 5130 triduum
1128 5070 1198 5124 ita
1222 5064 1588 5142 explicabant,
1610 5072 1668 5119 tit
1693 5064 1776 5118 di-

185 5136 369 5213 cerent
399 5136 514 5223 ejus
543 5153 773 5223 primam
799 5158 1013 5203 noctem
1042 5143 1207 5223 fuisse
1235 5136 1486 5195 tenebras
1509 5136 1630 5223 illas
1654 5150 1778 5216 qua:

185 5216 758 5292 Domino'exspirante
794 5228 966 5292 totum
1005 5216 1193 5292 orbem
1232 5217 1778 5292 _operueruttt.:.p‘rtf

188 5277 722 5359 mum—veroidiem,‘
773 5291 1006 5360 spatium
1054 5283 1186 5341 illud
1232 5277 1368 5337 lucis
1396 5321 1412 5347 ,
1445 5277 1586 5362 quod
1639 5279 1780 5362 inter

187 5371 401 5427 easdem
432 5365 687 5422 tenebras
711 5357 1051 5416 iac—noctem
1082 5363 1398 5429 sequentem
1449 5357 1777 5429 intercessit.

192 5420 569 5498 veriuiita'meu
597 5435 720 5506 jure
747 5432 943 5488 merito
973 5429 1112 5506 hanc
1162 5420 1472 5506 opinionem
1527 5420 1778 5506 repudiat

190 5490 524 5582 Aﬁ'giiéiiiius
544 5490 628 5582 de
654 5505 938 5582 ‘Consensnu
994 5490 1337 5582 Evangflib.‘
1374 5509 1484 5582 ut,“
1508 5490 1774 5582 cgpzuﬁ‘l:

193 5559 762 5642 tiriﬁitfi’iiiuliiisicttt
789 5583 844 5629 et
874 5573 1073 5638 Qutrst.
1098 5559 1297 5639 Ei'ang.
1325 5567 1359 5619 l.
1394 5581 1432 5629 ι,
1452 5580 1505 5634 q.
1534 5559 1588 5627 7,
1618 5559 1782 5615 docet

193 5655 245 5710 in
278 5649 589 5708 memoratis
621 5649 796 5702 tribus
831 5645 1021 5699 diebus
1045 5651 1251 5710 partem
1279 5653 1377 5708 pro
1403 5645 1516 5713 toto
1561 5647 1782 5712 sumen:

193 5706 508 5786 datnesse;
566 5719 621 5773 in
674 5734 781 5787 quo
817 5730 956 5787 eum
1011 5706 1342 5780 interpretes
1396 5706 1781 5787 vulgovsecuti

192 5774 335 5851 sunt.
355 5774 771 5847 ili‘de'etiam'D.
791 5786 1054 5842 Thomam
1074 5774 1213 5854 part.
1246 5797 1324 5854 nt,
1352 5774 1546 5849 quaest.
1569 5774 1781 5854 5l,art._

192 5870 248 5937 4,
275 5875 331 5925 et
352 5865 489 5922 alios
518 5860 870 5920 scholasticos
898 5851 1124 5928 quorum
1153 5852 1330 5909 hacin
1361 5865 1421 5906 re
1435 5858 1678 5904 summus
1705 5851 1790 5900 est

1877 3341 2156 3400 peccatum
2185 3333 2402 3400 abolet;
2434 3344 2492 3389 ut
2519 3336 2768 3392 confusio
2814 3343 2993 3395 crucis
3037 3341 3253 3398 Domini
3304 3343 3480 3401 nostri

1875 3423 2005 3480 Jesu
2025 3425 2250 3492 Christi,
2278 3442 2375 3496 per
2395 3443 2554 3499 quam
2579 3439 2799 3499 peccata
2824 3433 3170 3490 mundantur.
3198 3436 3477 3494 Estetiam

1878 3522 2055 3577 omnis
2081 3521 2327 3576 confusio
2355 3522 2518 3592 bona,
2551 3540 2710 3594 quam
2744 3543 2842 3598 pro
2864 3526 3066 3585 Christi
3113 3531 3334 3589 nomine
3383 3549 3478 3589 su-

1877 3615 2031 3679 beas,
2066 3623 2120 3670 et
2140 3615 2428 3670 admodum
2462 3616 2742 3687 gloriosa;
2777 3620 2821 3674 si
2853 3621 3002 3676 verbi
3043 3624 3216 3694 gratia
3256 3624 3309 3680 itt
3349 3641 3480 3697 per-

1877 3709 2158 3765 secutione
2184 3711 2272 3766 lex
2300 3711 2388 3775 sit,
2418 3720 2477 3766 ut
2507 3712 2829 3768 verberetur
2872 3714 3239 3788 Christianus,
3285 3729 3344 3776 ut
3398 3721 3483 3777 di-

1878 3803 2134 3872 gnitatem
2165 3804 2397 3869 amittat,
2429 3813 2486 3858 ut
2514 3815 2699 3861 careat
2731 3805 2758 3844 b
2787 3808 3092 3879 privilegio,
3149 3824 3205 3867 ut
3251 3813 3306 3868 in
3359 3815 3482 3870 vin-

1880 3898 2001 3952 cula
2028 3897 2278 3952 ducatur.
2313 3897 2439 3951 Hinc
2470 3899 2654 3968 utique
2684 3901 2932 3956 confusio
2985 3904 3087 3958 etsi
3136 3905 3479 3977 privilegium

1882 4005 1990 4045 non
2016 3990 2198 4054 habet.
2230 3989 2394 4044 habet
2422 3991 2650 4059 gloriam
2684 3992 2786 4061 pia:
2809 3993 3194 4052 confessionis.
3238 3998 3336 4053 Est
3382 4013 3482 4055 au-

1881 4092 1991 4139 tem
2012 4092 2066 4138 et
2096 4080 2296 4137 Christi
2323 4081 2593 4147 confusio,
2617 4084 2758 4138 sicut
2785 4085 2898 4154 ipse
2926 4086 3004 4141 ait
3037 4102 3052 4139 :
3104 4088 3208 4155 Qui
3236 4105 3316 4144 me
3356 4108 3481 4147 con-

1881 4177 2029 4249 fusus
2055 4177 2209 4247 {imit
2239 4192 2413 4230 coram
2440 4176 2753 4243 hominibus,
2785 4179 3100 4248 confundam
3141 4191 3188 4235 et
3228 4199 3321 4255 ego
3359 4202 3478 4242 eum

1883 4286 2056 4324 coram
2098 4267 2257 4322 Patre
2308 4285 2438 4335 meo,
2484 4268 2573 4339 qui
2603 4270 2656 4322 in
2685 4269 2825 4323 caelis
2855 4279 2926 4325 est
2977 4270 3191 4344 (Matth.
3248 4291 3318 4344 χ,
3362 4277 3477 4348 5'5).

1885 4362 2030 4418 Bona
2054 4377 2186 4432 ergo
2208 4360 2480 4417 confusio.
2505 4361 2788 4432 Plerisque
2812 4370 2990 4419 tamen
3018 4364 3325 4437 hujusmodi
3350 4385 3485 4428 con-

1883 4454 2026 4510 fusio
2053 4453 2256 4511 Christi
2279 4468 2464 4508 amara
2489 4461 2609 4518 est;
2644 4454 2748 4510 hoc
2790 4464 2896 4525 est,
2937 4471 3046 4513 non
3085 4459 3438 4519 credentibus
3467 4480 3482 4522 :

1880 4547 2117 4618 jucunda
2149 4545 2520 4603 credentibus.

1803 4644 1858 4704 Ι)
1880 4604 1899 4618 ’
1955 4640 2043 4694 69.
2090 4638 2270 4711 (Yers.
2298 4637 2411 4707 Π.)
2430 4638 2558 4695 Sive
2578 4653 2710 4710 ergo
2727 4639 2863 4696 velis
2881 4604 3253 4701 confusionem
3277 4644 3486 4704 Christi

1885 4735 2123 4804 intellige
2152 4735 2206 4788 in
2232 4747 2450 4789 crucem
2480 4731 2630 4802 ejus,
2658 4749 2778 4805 quae
2808 4733 3018 4790 Judmis
3046 4736 3333 4793 videbatur
3360 4752 3484 4796 esse

1881 4825 2170 4892 confusio,
2226 4825 2318 4895 qui
2373 4824 2707 4882 insultabant
2757 4826 2857 4893 ei;
2915 4827 3070 4896 quasi
3133 4829 3486 4889 erubesceret

1837 5029 1842 5033 -
1878 5001 2200 5048 consensus.
2231 4984 2370 5053 Quin
2415 4983 2582 5056 immo
2609 4985 2856 5040 eamdem
2878 4986 3208 5043 sententiam
3252 4989 3488 5056 ipsemet

1881 5059 2200 5118 Ambrosius
2247 5057 2446 5124 docere
2494 5055 2709 5111 videtur
2728 5057 2888 5128 epist.
2930 5058 2998 5128 ad
3031 5061 3201 5128 episc.
3246 5055 3486 5120 Ᾱζιηίιίω

1849 5170 1852 5173 -
1884 5133 2125 5189 scribens
2146 5171 2161 5196 ,
2192 5130 2329 5182 intra
2355 5121 2492 5202 quod
2512 5121 2775 5194 triduum,
2793 5127 2993 5197 inquit,
3023 5121 3273 5202 etpassus
3295 5143 3387 5201 est,
3435 5145 3485 5190 et

1881 5206 2090 5276 quievit,
2106 5213 2185 5276 et
2202 5201 2505 5276 resurrexit.

1958 5275 1985 5314 b
2019 5272 2361 5346 Privilegiunt
2403 5274 2498 5346 (ut
2537 5269 2704 5324 tradit
2751 5269 2922 5346 Briss.
2972 5270 3042 5327 de
3080 5271 3243 5328 Verb.
3299 5275 3481 5346 sigttif.

1887 5347 1982 5402 lib.
2018 5343 2130 5416 xiv)
2170 5341 2264 5414 jus
2305 5341 2566 5416 singulare
2593 5351 2666 5395 est
2696 5381 2711 5406 ,
2760 5351 2808 5394 et
2841 5343 2897 5394 in
2935 5352 3084 5416 certa:
3113 5341 3375 5412 personae:
3405 5349 3485 5403 vel

1883 5433 2052 5473 causa:
2079 5413 2298 5487 gratiam
2315 5424 2361 5467 et
2381 5413 2607 5487 favorem
2631 5428 2950 5466 concessum.
2985 5415 3276 5487 Christiani
3299 5428 3480 5474 autem

1887 5505 2055 5559 usque
2080 5484 2235 5561 adeo
2254 5484 2941 5561 quondam_imperatorum
2971 5486 3165 5561 edictis
3190 5489 3485 5561 privilegiis

1885 5553 2000 5618 Suis
2025 5557 2240 5629 spoliati
2270 5553 2415 5629 sunt,
2447 5563 2509 5629 ut_
2531 5553 2756 5609 infames
2782 5555 3066 5629 declarati,
3111 5553 3248 5628 reip.
3276 5553 3482 5617 fori'ac

1889 5626 2153 5688 militandi
2172 5629 2295 5698 jure
2319 5626 2542 5699 privati,
2559 5635 2720 5699 atque
2737 5626 2962 5699 adeoad
2984 5643 3171 5699 necem
3195 5626 3487 5699 cujuslibet

1888 5704 2069 5776 gladio
2096 5696 2300 5776 nefaria
2334 5696 2975 5776 proscriptionejddiui
2990 5698 3216 5776 fuerint.
3245 5696 3347 5757 Adi
3381 5704 3483 5760 Ba-

1892 5767 2106 5832 ronium
2138 5770 2204 5827 ad
2235 5786 2326 5827 an.
2350 5767 2553 5825 Christi
2579 5768 2708 5835 305,
2730 5768 2835 5826 504
2864 5780 2919 5825 et
2947 5769 3072 5825 562.
