4008 6352
584 339 727 397 1115

1936 326 2017 384 SA
2027 325 2184 383 NCT!
2221 323 2542 382 AMBROSII

3747 328 3848 384 ιιιι

579 460 826 517 Christus
855 459 908 514 in
934 469 1002 512 eo
1031 469 1218 528 opere,
1271 455 1323 511 in
1369 467 1477 526 quo
1527 451 1799 524 publicam
1851 449 2178 522 Operabatur
2204 451 2258 512 Α
2283 448 2456 518 magis
2483 443 2780 518 probentur
2817 443 3214 502 tentationlbus
3236 441 3464 500 eruditi.
3519 442 3657 512 Quis
3691 455 3846 502 estac-

580 552 812 608 salntem
847 566 860 602 :
888 547 1003 604 sive
1026 548 1192 605 etiam
1221 546 1360 602 banc
1385 544 1784 611 confusionem,
1839 557 1959 615 qua:
2007 542 2178 613 ingeri

580 642 887 708 videbatur,
915 658 947 696 ts
968 657 1089 696 voce
1113 640 1472 711 exprobrantis
1499 647 1546 694 et
1576 637 1898 710 obloquentis
1931 649 1950 690 :
1979 652 2009 688 a
2047 635 2181 707 {acie

579 730 776 787 inimici
799 742 845 787 et
865 733 1240 805 persequentis.
1266 730 1642 788 Erubescebat
1671 731 1818 785 enim
1856 729 1935 785 sic
1966 728 2177 798 lapsum

579 841 701 882 esse
728 827 961 882 electum
991 827 1253 900 populum
1284 841 1440 883 suum
1469 869 1483 895 ,
1542 834 1597 881 et
1643 823 2080 880 confundebatur
2124 823 2177 877 in

577 934 676 974 eos
703 919 844 989 apud
874 919 1115 985 Patrem,
1142 935 1372 990 quorum
1399 919 1520 972 finis
1565 917 1861 973 advenerat
1887 933 1901 981 ;
1937 930 2180 988 praesens

577 1013 724 1068 enim
747 1022 866 1068 erat
893 1011 1034 1068 Filio
1066 1013 1247 1082 Pater,
1278 1027 1308 1067 a
1334 1028 1442 1083 quo
1471 1026 1764 1082 numquam
1792 1017 1971 1081 potest
2010 1009 2180 1065 Filius

576 1105 839 1176 separari.
883 1106 950 1162 Et
991 1106 1112 1162 ideo
1149 1107 1308 1163 Pater
1337 1104 1589 1162 audiebat
1618 1105 1889 1161 dicentem
1930 1103 2175 1160 ludatis:

577 1196 715 1254 Ecce
733 1201 1051 1272 relinquetur
1077 1199 1220 1256 vobis
1249 1199 1436 1256 domus
1482 1208 1650 1256 vestra
1701 1199 1904 1254 deserta
1954 1196 2174 1269 (Matth.

578 1304 737 1359 xxnt,
767 1291 880 1364 58).

648 1381 736 1437 70.
780 1383 920 1438 Sunt
953 1392 1134 1440 autem
1161 1384 1254 1455 qui
1281 1385 1448 1440 etiam
1479 1384 1531 1438 in
1560 1382 1879 1439 confusione
1925 1397 2022 1438 sua
2063 1381 2180 1453 glo-

572 1473 822 1544 riantur;
873 1479 1014 1532 sicut
1047 1476 1126 1532 illi
1157 1479 1225 1532 de
1262 1477 1463 1547 quibus
1489 1476 1622 1532 dicit
1650 1474 1946 1546 Apostolus
1980 1492 1994 1528 :
2042 1474 2180 1543 Quia

571 1568 742 1637 gloria
771 1585 949 1625 eorum
976 1570 1031 1624 in
1057 1571 1362 1641 confusione
1383 1571 1616 1641 ipsorum
1641 1567 1868 1644 (Philip.
1917 1582 1999 1634 ιιι,
2043 1566 2174 1638 i9);

571 1661 770 1731 quibus
816 1663 1093 1718 contraria
1148 1673 1232 1717 est
1285 1661 1461 1734 gloria
1511 1661 1756 1730 Christi,
1819 1659 1908 1732 qui
1958 1673 2175 1716 crucem

567 1755 858 1826 suscepit,
933 1771 1036 1812 nec
1105 1757 1477 1812 confusionem
1551 1755 1768 1826 refugit.
1836 1756 2010 1822 Quam
2077 1767 2176 1809 nos

2284 551 2394 596 tem
2418 551 2525 597 tam
2555 539 2713 597 fortis
2737 582 2752 608 ,
2803 549 2864 597 ut
2894 556 3233 613 nequaquam
3265 542 3318 595 in
3349 540 3659 595 tentatioue
3679 556 3851 597 movea-

2284 642 2402 700 tur;
2436 633 2540 690 nisi
2572 633 2836 690 Dominus
2861 633 3162 716 adjutorei
3191 631 3458 688 assistat?
3492 630 3733 701 Denique
3754 649 3848 689 coa-

2283 727 2533 784 turbatus
2561 737 2643 784 est
2687 737 2743 784 et
2770 728 2890 800 ipse
2942 725 3208 798 propheta
3267 724 3480 780 David:
3507 725 3636 794 quia
3677 724 3848 783 dixitia

2283 833 2380 876 sua
2406 821 2738 876 abundantia
2771 838 2786 875 :
2822 819 2944 875 Non
2966 820 3207 876 movebar
3228 820 3283 873 in
3311 828 3574 890 etet-natm
3595 817 3714 892 (Ps.
3737 836 3850 876 xm.

2283 914 2362 984 7).
2392 915 2498 970 Aut
2527 913 2648 986 quis
2669 923 2755 969 est
2782 912 2873 970 ille
2905 929 3066 984 quem
3095 914 3248 969 locus
3271 911 3675 978 afﬂictationis,
3703 922 3750 968 et
3768 925 3846 969 ter-

2283 1021 2359 1062 ra:
2404 1007 2714 1079 corruptela
2742 1013 3160 1076 :nonvmoveat;
3212 1021 3338 1061 cum
3395 1005 3588 1061 divina
3630 1011 3849 1064 sententia

2280 1101 2558 1156 nemiuem
2582 1100 2901 1172 exceperit,
2955 1100 3048 1170 qui
3079 1100 3153 1155 sit
3176 1101 3243 1154 ab
3267 1099 3544 1155 exercitio
3574 1109 3632 1155 et
3658 1115 3686 1153 a
3707 1101 3851 1173 fatiga-

2281 1194 2431 1251 tione
2450 1203 2612 1251 terrac
2637 1194 2797 1268 hujus
2816 1194 3096 1260 immunis,
3121 1193 3207 1249 cui
3228 1192 3439 1249 dictum
3471 1202 3563 1248 est
3582 1211 3596 1246 :
3618 1191 3850 1250 latuisti

2282 1295 2419 1342 term
2440 1287 2495 1342 in
2521 1287 2762 1342 omnibus
2782 1286 3021 1358 operibus
3053 1287 3222 1341 tatis...
3259 1286 3468 1358 spinas,
3503 1283 3700 1357 inquit,
3725 1297 3766 1342 et
3787 1290 3850 1341 ui-

2281 1380 2428 1436 bulos
2459 1381 2767 1454 germinabit
2794 1380 2950 1454 (Gen.
2979 1395 3057 1449 ttt,
3081 1380 3138 1447 7,
3171 1378 3288 1451 18).
3321 1379 3578 1452 Denique
3611 1383 3725 1448 ipse
3752 1382 3850 1437 Psa-

2282 1473 2370 1529 lus
2398 1474 2697 1530 Dominica:
2729 1489 2825 1530 vas
2847 1474 3158 1539 electionis,
3203 1489 3233 1527 a
3261 1473 3666 1530 maledictione
3696 1478 3846 1531 veteris

2282 1570 2570 1623 sententiae
2610 1568 2900 1623 absolutus
2930 1567 3144 1622 Domini
3176 1565 3308 1622 Jesu
3344 1566 3617 1637 passione
3640 1609 3656 1633 ,
3707 1580 3842 1623 tam

2281 1661 2556 1730 captivum
2599 1675 2660 1716 se
2689 1660 2812 1716 duci
2861 1660 2914 1715 in
2945 1661 3117 1730 legem
3155 1658 3376 1730 peccati
3405 1658 3848 1716 vehementissime

2280 1753 2615 1826 deploravit,
2646 1770 2746 1812 nec
2774 1769 3099 1827 quemquam
3127 1754 3234 1810 nisi
3263 1753 3610 1809 Cbristuma
3634 1769 3736 1824 quo
3754 1756 3851 1811 libe-

562 1862 786 1919 quoque
850 1849 1073 1906 minime
1127 1849 1317 1906 timere
1360 1850 1622 1906 debemus
1655 1889 1671 1915 ,
1725 1863 1828 1904 nec
1888 1845 2175 1902 formidine
2208 1861 2256 1922 Β
2285 1856 2500 1903 raretur
2526 1848 2732 1904 invenit
2759 1863 2774 1902 :
2799 1863 2928 1905 cum
2954 1862 3078 1904 eum
3103 1847 3189 1903 lex
3217 1847 3304 1903 sui
3335 1848 3602 1918 corporis
3630 1848 3847 1904 etunbn

565 1952 660 1996 aut
691 1942 910 1998 fastidio
934 1942 1213 1999 declinare
1247 1959 1261 2008 ;
1315 1958 1385 1999 ne
1439 1952 1721 2012 peccatum
1751 1955 1914 2011 supra
1943 1955 2043 1994 nos
2073 1939 2169 1994 ad-

459 2091 462 2094 .
565 2033 751 2100 ducat,
783 2051 904 2106 quas
931 2045 1109 2106 potest
1129 2035 1400 2091 adducere
1421 2038 1652 2107 gratiam
1685 2035 1828 2089 vitae.
1876 2033 1973 2087 Est
2020 2031 2165 2087 enim

563 2138 622 2185 et
651 2129 986 2186 confusionis
1010 2131 1206 2202 gloria,
1232 2142 1291 2186 ut
1313 2131 1357 2185 si
1387 2131 1439 2185 in
1465 2131 1667 2185 multos
1687 2127 1917 2200 gentiles
1941 2126 2167 2194 incidas,

564 2223 652 2279 vel
679 2225 1051 2296 philosophos,
1084 2233 1140 2281 et
1178 2224 1256 2280 illi
1289 2225 1386 2281 tibi
1412 2225 1673 2294 obiiciant
1699 2237 1917 2278 crucem
1939 2219 2164 2287 Christi,

560 2326 618 2376 et
649 2321 816 2376 verbo
857 2319 1191 2390 respondere
1213 2335 1321 2374 non
1351 2318 1547 2390 possis,
1581 2333 1683 2373 nec
1713 2316 1971 2372 salutaria
2021 2314 2168 2383 quis-

557 2428 723 2484 quam
775 2413 959 2468 audiat
989 2415 1158 2470 verba
1190 2412 1543 2478 referentem,
1577 2421 1663 2467 est
1690 2409 1939 2466 confusio
1969 2424 1984 2474 ;
2017 2406 2105 2462 sed
2135 2422 2168 2461 α

558 2522 682 2561 voce
729 2507 1093 2576 exprobrantis
1135 2517 1182 2561 et
1227 2505 1553 2578 obloquentis
1579 2519 1597 2558 :
1627 2521 1659 2556 a
1691 2503 1824 2574 facie
1864 2501 2068 2554 inimici
2119 2511 2168 2554 et

557 2603 930 2671 persequentis.
965 2599 1033 2655 Et
1083 2599 1209 2656 ideo
1255 2603 1367 2655 noli
1412 2597 1749 2670 respondere
1788 2594 2068 2666 insipienti
2097 2592 2163 2650 ad

558 2692 930 2762 insipientiam
961 2693 1082 2763 ejus
1109 2709 1122 2746 :
1152 2701 1270 2747 esto
1293 2691 1432 2748 sicut
1459 2690 1623 2746 homo
1662 2698 1844 2746 mutus
1873 2699 1925 2745 et
1955 2695 2162 2753 tacens,

559 2791 616 2840 et
638 2785 792 2854 quasi
811 2800 916 2841 non
942 2784 1172 2840 audiens
1195 2785 1360 2840 verba
1385 2783 1760 2840 insultantium
1788 2791 1840 2838 et
1864 2780 2165 2856 obloquen-

558 2876 732 2942 tium;
790 2893 898 2933 non
932 2893 1040 2950 quo
1092 2877 1429 2948 restiondere
1471 2890 1733 2948 nequeas.
1782 2876 1880 2930 sed
1927 2888 2034 2946 quo
2077 2889 2164 2929 re-

550 2969 824 3039 spondere
845 2986 952 3025 non
969 2969 1191 3025 debeas.
1216 2969 1374 3025 Omni
1398 2969 1541 3025 enim
1568 2969 1643 3023 rei
1669 2977 1884 3038 tempus
1909 2983 1922 3021 :
1950 2976 2161 3036 tempus

557 3062 795 3130 tacendi,
818 3073 875 3120 et
905 3075 1116 3134 tempus
1145 3061 1423 3134 loquendi.
1452 3062 1765 3118 Tacendum
1798 3069 1903 3127 est,
1942 3057 2159 3130 quando

556 3166 802 3226 paratum
853 3172 960 3213 non
1011 3155 1223 3210 iuvenis
1271 3155 1616 3210 auditorem:
1673 3151 2000 3225 loquendum
2050 3158 2156 3220 est,

2273 1941 2472 1996 mortis
2502 1949 2738 2013 urgeret.

2346 2033 2436 2088 7i.
2482 2034 2729 2090 Diximus
2753 2048 2974 2090 sensum
2999 2049 3014 2088 :
3038 2032 3138 2090 sed
3153 2031 3484 2102 expt'essius
3509 2029 3608 2103 qui
3631 2032 3770 2089 locus
3794 2034 3844 2090 ἐι

2271 2123 2662 2194 amictationis,
2710 2127 3066 2188 considente
3104 2141 3205 2182 nos
3250 2126 3546 2183 conruit.
3579 2127 3763 2184 Diruta
3780 2128 3843 2184 his

2271 2219 2504 2274 mundus
2527 2262 2542 2285 ,
2591 2220 2682 2290 qui
2709 2219 2764 2275 in
2795 2219 3035 2291 maligno
3063 2221 3272 2290 positus
3312 2225 3399 2274 est
3431 2237 3448 2274 :
3480 2235 3556 2275 an
3593 2235 3724 2275 vero
3748 2235 3841 2275 tam

2271 2320 2484 2379 nostra,
2537 2311 2592 2366 in
2635 2327 2741 2382 qua
2770 2313 2951 2368 anima
2986 2321 3173 2368 nostra
3203 2312 3565 2378 humiliatur,
3586 2313 3712 2368 dum
3737 2313 3780 2369 ia
3799 2315 3848 2368 is

2269 2405 2379 2462 tius
2423 2405 2604 2462 carnis
2648 2406 2932 2463 descendit
2983 2410 3355 2464 societatem:
3389 2421 3462 2461 an
3505 2405 3742 2464 adversa

2270 2499 2372 2554 bus
2401 2513 2729 2554 exercemur
2759 2499 2812 2554 in
2839 2499 2945 2554 hoc
2968 2511 3202 2568 corpore
3227 2498 3536 2554 constituti
3554 2539 3571 2562 ,
3598 2499 3653 2553 ia
3679 2513 3775 2568 quo
3793 2499 3848 2551 itt-

2267 2592 2619 2663 gemiscimus
2644 2592 2887 2662 gravati;
2918 2590 3062 2663 quod
3087 2592 3342 2646 nolumus
3370 2591 3639 2662 spoliari.
3667 2591 3755 2646 sed
3787 2605 3848 2645 sa»

2267 2684 2559 2756 pervestiri
2581 2686 2606 2737 τ
2633 2683 2827 2741 Gravis
2850 2686 2998 2741 enim
3029 2683 3185 2741 labor
3206 2693 3294 2740 est
3320 2685 3458 2740 dum
3476 2694 3846 2756 exspectatus,

2266 2787 2326 2832 ut
2353 2777 2711 2834 absorbeatur
2736 2778 2976 2834 mortale
3000 2776 3105 2834 hoc
3125 2793 3154 2833 a
3187 2779 3298 2834 vita
3322 2817 3339 2844 ,
3400 2793 3523 2849 quo
3567 2795 3671 2834 nos
3693 2794 3846 2849 exspa»

2266 2872 2404 2928 liare
2448 2873 2746 2940 debemus;
2793 2873 3005 2928 minore
3069 2873 3216 2928 enim
3263 2871 3466 2928 labore
3525 2874 3844 2943 exspoliatar.

2263 2981 2425 3036 quam
2454 2965 2799 3022 absorbetur.
2827 2965 2894 3021 Et
2914 2965 3038 3021 vide
3068 2979 3140 3021 ne
3159 2979 3228 3021 ea
3257 2965 3572 3022 diversitas
3595 2965 3670 3020 sit
3691 2980 3845 3034 exspo-

2262 3056 2446 3113 liantis
2469 3071 2550 3122 se,
2591 3067 2648 3114 et
2672 3059 3043 3129 exspectantis
3065 3067 3125 3112 ut
3145 3059 3529 3114 absorbeatur
3555 3073 3586 3112 a
3617 3059 3742 3112 vita.
3765 3057 3847 3112 Ex-

2262 3150 2464 3221 spoliat
2487 3151 2682 3221 gratia,
2717 3153 2975 3207 absorbet
3001 3150 3326 3222 poenitentia
3350 3167 3364 3203 :
3393 3150 3688 3220 oxspoliat
3712 3150 3844 3204 subli-

551 3251 772 3320 quando
807 3250 1066 3306 Dominus
1110 3251 1349 3322 linguam
1405 3249 1731 3305 eruditionis
1780 3247 2063 3319 indulget;
2099 3253 2157 3301 ut
2183 3258 2228 3320 ρ
2264 3244 2427 3299 mitas
2453 3244 2680 3309 mentis,
2712 3243 2968 3300 absorbet
2994 3243 3300 3316 diligentia.
3350 3243 3662 3310 Quomodo
3695 3252 3838 3298 om

551 3355 734 3397 sermo
765 3351 887 3397 tuus
918 3353 1176 3412 operetur
1206 3344 1260 3396 in
1289 3341 1575 3397 aii'ectibus
1623 3339 1980 3395 audientium.
2012 3339 2158 3405 Quo-

553 3434 716 3490 modo
757 3442 939 3489 autem
971 3445 1022 3490 te
1049 3434 1266 3500 audiat,
1309 3434 1396 3505 qui
1423 3434 1546 3489 ideo
1575 3433 1668 3488 tibi
1695 3433 2039 3502 obloquitur,
2091 3445 2157 3488 eo

552 3527 697 3595 quod
725 3527 998 3582 salubrem
1030 3537 1182 3582 tuum
1222 3529 1358 3582 nolit
1389 3528 1578 3583 audire
1637 3542 1945 3582 sermonem
1971 3526 1996 3580 ?
2047 3527 2156 3580 Aut

547 3621 822 3691 quomodo
851 3620 945 3674 tibi
973 3622 1307 3690 acquiescat,
1335 3620 1424 3690 qui
1453 3629 1771 3690 persecutor
1801 3629 1916 3684 est,
1950 3628 2004 3673 et
2025 3618 2156 3672 velit

549 3720 605 3767 te
625 3711 727 3768 sibi
758 3712 1038 3768 vindicare
1059 3713 1085 3767 ’ὲ
1111 3714 1241 3779 Αιιι,
1270 3721 1329 3768 ιιι
1356 3712 1550 3782 Aquila
1575 3711 1738 3778 dixit,
1769 3712 1854 3766 vel
1897 3710 2152 3782 Symma-

546 3806 706 3872 chus,
729 3814 790 3862 ut
817 3808 1113 3863 ulciscatur
1139 3817 1193 3864 et
1226 3805 1413 3877 puniat
1441 3805 1496 3861 in
1523 3817 1595 3870 te,
1635 3803 1780 3876 quod
1811 3804 2013 3860 Christi
2043 3802 2156 3858 INB-

545 3901 750 3958 reditas
777 3901 845 3957 ad
872 3911 1060 3973 gentes
1087 3900 1337 3957 videatur
1363 3916 1486 3956 esse
1514 3899 1786 3954 transfusa
1805 3899 1829 3950 ἲ
1847 3898 2032 3968 Longe
2053 3898 2154 3952 ita-

535 4010 644 4065 que
673 3996 773 4051 ista
803 3993 1052 4051 confusio
1072 3995 1235 4067 911
1288 4009 1319 4049 a
1373 3992 1694 4050 confusione
1745 4001 1801 4046 et
1851 3990 2151 4061 opprobrio

545 4091 874 4160 peccatoris.
936 4090 1096 4146 Istius
1150 4089 1296 4145 enim
1358 4088 1693 4145 conscientia
1766 4086 2148 4153 illuminatur,

545 4186 636 4252 qui
667 4182 870 4237 oblitus
917 4197 1025 4237 non
1067 4190 1153 4237 est
1199 4180 1295 4237 Dei
1325 4182 1408 4237 sui
1444 4200 1459 4237 :
1518 4181 1736 4235 illorum
1779 4178 2147 4244 confunditur,

545 4289 777 4344 quorum
811 4275 1087 4345 ingenium
1114 4274 1312 4345 caligat
1336 4283 1497 4345 atque
1522 4271 1805 4344 perturbat
1842 4271 2149 4328 recordatio

545 4364 898 4420 delictorum.

615 4458 707 4513 71.
750 4457 932 4528 (Vers.
965 4457 1056 4522 18,
1087 4457 1176 4526 i9,
1205 4456 1328 4529 20.)
1357 4456 1422 4512 Et
1456 4455 1582 4512 ideo
1623 4456 1765 4512 bene
1806 4456 1910 4512 sibi
1943 4457 2146 4512 conscii

545 4549 734 4606 dicunt
766 4565 779 4602 :
814 4547 945 4603 Han:
971 4548 1145 4602 omnia
1172 4557 1416 4603 venerunt
1443 4562 1598 4618 super
1625 4563 1740 4616 nos,
1791 4558 1842 4603 et
1867 4548 2014 4602 obliti
2043 4565 2147 4603 non

2257 3337 2475 3392 dubites
2498 3336 2642 3407 quod
2673 3335 3044 3394 al'llictationis
3070 3337 3157 3391 hic
3184 3336 3342 3391 locus
3370 3338 3450 3391 sit
3468 3377 3487 3404 ,
3525 3335 3846 3408 qua-docur-

2262 3443 2367 3500 pus
2387 3439 2472 3484 est
2500 3431 2718 3496 mortis,
2749 3429 2805 3484 in
2835 3439 2944 3501 quo
2969 3430 3148 3500 operit
3179 3443 3279 3484 nos
3307 3428 3483 3484 etiam
3511 3429 3710 3484 umbra
3735 3443 3843 3483 me

2259 3523 2378 3577 tis?
2408 3522 2474 3576 Et
2507 3521 2626 3576 ideo
2651 3521 2720 3577 ad
2749 3521 3027 3579 lucernam
3065 3523 3210 3578 illam
3237 3537 3472 3593 semper
3501 3523 3764 3578 debemus
3785 3523 3844 3576 ia-

2262 3615 2508 3680 tendere,
2545 3621 2683 3686 jquac
2712 3627 2797 3672 est
2829 3616 3054 3672 verbum
3082 3615 3211 3682 Dei;
3245 3626 3306 3672 ut
3341 3619 3600 3673 sciamus
3622 3615 3843 3688 quasust-

2260 3710 2484 3764 modum
2535 3709 2706 3764 nostri
2750 3710 2917 3764 animi
2961 3710 3188 3765 semitas
3228 3710 3546 3780 dirigamus
3567 3719 3628 3766 et
3661 3709 3842 3780 vestigia

2261 3801 2460 3858 mentis
2487 3801 2725 3870 interna,
2779 3813 2839 3860 ut
2884 3803 2978 3860 lux
3022 3804 3334 3860 animorum
3387 3805 3580 3861 solvat
3634 3804 3843 3862 tenebras

2261 3895 2603 3965 corporales.

2333 3990 2422 4044 73.
2463 3988 2700 4046 Pulchre
2734 3993 2998 4047 autem’et
3025 3991 3234 4062 Aquila)
3257 3992 3660 4061 interpretatio
3683 4007 3839 4064 queu-

2259 4081 2555 4137 admodum
2578 4082 2885 4154 intelligere
2920 4083 3223 4139 debeamus
3259 4084 3446 4140 ioeum
3475 4084 3840 4147 aflictationis.

2256 4175 2533 4243 expressit
2584 4156 2819 4231 dicendo
2850 4193 2864 4230 :
2898 4176 3157 4242 Quoniam
3197 4176 3496 4233 Iturniliasti
3545 4196 3645 4234 nos
3685 4179 3840 4233 ialm

2256 4267 2587 4322 sirenarum?
2617 4266 2690 4323 Ut
2715 4283 2823 4323 non
2843 4283 2975 4324 caro
3007 4269 3062 4324 in
3089 4270 3223 4324 vitio
3242 4271 3336 4337 sit,
3366 4271 3492 4326 sive
3522 4281 3742 4334 nautea;
3769 4269 3838 4325 sed

2254 4377 2318 4418 ea
2346 4376 2470 4432 qua:
2514 4377 2735 4418 carnem
2786 4364 3201 4434 eorruptibilem
3227 4365 3400 4437 918
3425 4381 3562 4422 esse
3587 4367 3837 4437 (fecerunt.

2255 4455 2501 4527 Denique
2545 4457 2757 4512 sirenas
2785 4473 3019 4528 quarum
3048 4458 3296 4514 secundo
3316 4459 3500 4532 (Euri.
3536 4477 3660 4527 aut,
3689 4460 3776 4530 21)
3803 4466 3841 4514 et

2253 4549 2414 4605 tertio
2434 4549 2650 4622 (Illis-It”
2675 4566 2714 4619 I,
2737 4550 2796 4618 9)
2819 4551 3153 4608 mentionem
3181 4551 3310 4607 fecit
3330 4551 3634 4622 Scriptura
3663 4553 3839 4614 divina,

540 4658 722 4698 sumus
749 4650 831 4705 te,
877 4650 924 4695 et
948 4641 1126 4710 inique
1162 4657 1265 4695 non
1295 4641 1491 4712 egimus
1511 4641 1566 4694 in
1596 4650 1900 4695 testamento
1929 4650 2042 4696 tuo.
2077 4639 2147 4694 Et
2173 4647 2228 4712 Ῑ)
2253 4641 2515 4712 quasdam
2568 4642 2740 4698 fuisse
2803 4643 3016 4714 puellas
3063 4643 3286 4714 gentilis
3339 4645 3580 4700 tradidit
3617 4645 3840 4706 historia,

541 4752 643 4790 non
675 4735 886 4790 recessit
931 4743 1070 4789 retro
1117 4749 1208 4791 cor
1234 4743 1468 4788 nostrum
1499 4741 1590 4788 :et
1625 4733 1899 4788 declinasti
1938 4734 2144 4788 semitas

537 4826 741 4884 nostras
783 4827 848 4882 de
877 4828 958 4882 via
998 4837 1111 4882 tua.
1158 4826 1391 4882 Videtur
1431 4825 1736 4882 versiculus
1779 4826 2002 4881 ultimus
2033 4842 2142 4882 non

539 4920 881 4979 concordare
908 4919 1309 4990 superioribus.
1334 4919 1471 4974 Nam
1492 4918 1769 4990 quomodo
1798 4918 2145 4975 declinarunt

537 5013 596 5080 ii,
641 5013 842 5086 quibus
891 5011 1190 5070 divinitatis
1237 5012 1387 5070 nulla
1437 5011 1681 5082 obrepsit
1734 5011 1976 5080 oblivio,
2040 5027 2142 5071 nec
2191 5007 2198 5013 ’

535 5108 770 5178 alicuius
826 5109 1130 5179 iniquitatis
1152 5109 1526 5175 conscientia,
1584 5122 1686 5163 nee
1735 5108 1844 5162 ulla
1885 5107 2137 5165 desidia?

535 5201 645 5257 Sed
674 5203 720 5256 si
756 5201 1076 5258 consideres
1103 5202 1230 5273 quia
1249 5202 1431 5277 justus
1460 5202 1553 5256 vix
1581 5201 1767 5260 salvus
1797 5201 1888 5267 lit,
1939 5201 2143 5258 intellio

530 5294 618 5364 gis
649 5292 892 5364 profecto
937 5303 993 5350 et
1039 5292 1210 5365 ipsius
1255 5308 1665 5364 nonnumquam
1695 5291 1932 5348 titubare
1969 5292 2141 5349 vesti-

534 5387 643 5456 gia,
675 5395 731 5442 et
756 5394 1034 5442 auctorem
1074 5384 1456 5442 declinationis
1482 5400 1676 5442 eorum
1716 5384 1890 5442 Deum
1916 5383 2089 5441 videri
2115 5402 2134 5453 ;

529 5478 659 5550 quia
693 5477 812 5549 ipse
863 5493 1077 5550 quoque
1117 5479 1322 5549 patitur
1347 5479 1524 5550 justus
1566 5492 1714 5552 saepe
1754 5479 1952 5538 tentari
1980 5520 1995 5546 ,
2023 5493 2136 5550 φο

607 5647 633 5675 α
671 5638 763 5693 Sic
794 5637 925 5694 edit.
951 5653 979 5691 a
1011 5636 1210 5708 quibus
1232 5652 1422 5708 parum
1448 5639 1656 5698 abeunt
1680 5653 1814 5696 mss.
1844 5637 1893 5696 si
1915 5652 2136 5694 sensum

607 5653 633 5675 ιι
671 5653 763 5693 me
794 5653 925 5694 eutt.
951 5653 979 5691 a
1049 5653 1210 5696 uibus
1232 5653 1422 5708 parum
1448 5653 1656 5698 abeunt
1680 5653 1814 5696 mss.
1844 5653 1890 5696 st
1915 5653 2136 5694 sensum

527 5718 746 5782 spectes
775 5724 787 5760 :
820 5709 875 5782 in
894 5653 1076 5782 verbis
1102 5716 1288 5770 autem
1310 5707 1426 5782 haec
1450 5711 1727 5782 reperitur
1753 5708 2136 5782 praecipuam-

531 5776 794 5834 versitas:
827 5776 966 5847 Cod.
996 5777 1223 5846 aliquot,
1255 5776 1541 5842 suauitate}
1579 5776 1846 5847 canendo,
1881 5776 2136 5834 illecebris

533 5848 898 5918 provocabunt.
924 5846 1068 5903 Vict.
1097 5857 1152 5904 et
1179 5848 1362 5915 Colb.,
1395 5850 1676 5916 suavitate,
1721 5846 1975 5919 canendo,
2023 5864 2137 5920 qua:

2248 4751 2370 4807 quae
2425 4736 2573 4791 vocis
2625 4737 2862 4807 propriae
2887 4746 2916 4774 ι
2946 4737 3214 4792 suavitate
3237 4778 3252 4804 ,
3295 4738 3538 4794 canendi
3565 4737 3842 4801 illecebris,

2251 4829 2620 4900 audiendique
2666 4830 2849 4885 studio
2895 4831 3109 4887 illectos
3140 4831 3466 4902 navigantes
3487 4832 3566 4889 ad
3585 4833 3743 4889 littus
3767 4830 3844 4885 ad-

2249 4938 2472 4978 movere
2524 4922 2736 4994 navigia
2769 4923 3135 4992 provocabant
3159 4941 3172 4978 :
3201 4939 3443 4996 eosque,
3473 4940 3604 4980 cum
3631 4925 3841 4996 gratiam

2249 5015 2402 5071 vocis
2427 5023 2814 5086 sequerentur,
2847 5015 3138 5086 scopuloso
3169 5016 3224 5072 in
3256 5017 3381 5072 loco
3404 5016 3758 5089 naufragium
3781 5015 3844 5071 fa.

2247 5123 2379 5165 cere
2405 5108 2602 5164 solitos
2618 5116 2861 5165 vetustas
2888 5109 3128 5178 posteris
3150 5108 3371 5166 tradidit
3389 5107 3589 5182 (llam.
3615 5109 3749 5178 0d.,
3774 5109 3844 5178 ιι).

2256 5199 2458 5254 Earum
2482 5206 2665 5255 autem
2697 5198 3078 5274 interpretatio
3098 5199 3217 5254 hac
3239 5209 3330 5255 est
3347 5240 3364 5266 ,
3405 5203 3676 5272 voluptas
3698 5202 3846 5266 vocis,

2253 5303 2309 5349 et
2362 5291 2608 5364 qumdam
2653 5291 2910 5349 adulatio.
2953 5291 3031 5347 ita
3058 5306 3190 5366 ergo
3229 5291 3422 5350 saecuii
3463 5294 3732 5365 voluptas
3764 5304 3847 5349 nm

2242 5385 2478 5456 quadam
2511 5385 2719 5442 carnali
2757 5383 3074 5442 adulatione
3103 5383 3345 5444 delectat
3389 5393 3450 5444 ut
3489 5385 3760 5460 decipiat.
3792 5383 3848 5441 Ut

2237 5495 2368 5550 ergo
2391 5479 2504 5535 illic
2535 5493 2644 5534 non
2698 5477 2852 5534 littus
2875 5478 2931 5540 in
2965 5478 3102 5534 vitio
3129 5485 3292 5546 erat,
3341 5479 3443 5535 aed
3485 5494 3700 5537 canora
3739 5477 3846 5536 dal-

2247 5639 2517 5696 ilfecebras
2544 5639 2911 5711 provocabunt.
2945 5638 3151 5697 Omnes
3174 5639 3375 5707 simul,
3407 5642 3667 5701 audiendi
3698 5640 3849 5697 mdis

2244 5714 2543 5788 navigantes
2570 5711 2639 5764 ad
2669 5711 2816 5788 littus
2843 5711 3118 5788 admovere
3157 5711 3466 5788 nauigium;
3511 5714 3849 5788 eoeo-deam

2283 5784 2488 5858 ratium,
2519 5791 2612 5858 aut
2641 5793 2702 5858 ut
2722 5781 2913 5858 aliqui,
2942 5783 3120 5858 gratio
3143 5781 3651 5858 vocis'seqatarmlr)
3677 5781 3846 5855 scopa-

2271 5867 2360 5907 oso
2383 5854 2436 5908 in
2453 5855 2567 5910 loco
2593 5853 2840 5910 incidisse
2862 5853 3223 5925 naufragium.
