4008 6352
113 364 318 427 ἸΙὶὸ

1219 385 1229 405 ι
1276 359 1343 415 1N
1382 357 1710 416 PSALMUM
1752 343 1912 414 ittht
1952 353 2374 413 ENARRATIO.

3305 347 3475 410 'ii96

149 483 336 548 cedo,
366 494 488 552 quae
518 479 754 537 faciebat
790 478 1139 551 asperitatem
1163 475 1362 533 littoris
1402 491 1509 531 non
1549 475 1728 531 caveri
1757 491 1768 527 :
1802 482 1847 539 Α
1877 473 2050 528 nostri
2077 471 2206 528 Jesn
2227 470 2430 527 Christi
2453 467 2736 526 dicemus?
2757 469 2858 545 Qui
2881 469 3068 541 utique
3099 467 3338 541 suscepit
3360 483 3480 524 car-

153 572 252 630 ita
282 590 390 632 non
419 589 549 632 caro
575 575 628 630 in
653 575 820 639 vitio;
851 573 948 630 sed
973 589 1036 629 ea
1063 571 1262 643 quibus
1283 585 1412 626 caro
1439 571 1541 624 ista
1570 567 1775 624 sollici-

154 675 326 724 tatur
351 678 409 726 et
438 669 684 726 ﬂuctuet.
715 669 958 738 Denique
988 682 1164 734 mare,
1194 667 1238 721 si
1270 673 1570 736 tempestas
1606 664 1770 730 desit,

153 763 423 834 quietum
448 774 530 821 est
565 781 578 818 :
613 764 658 820 si
690 764 936 834 procella
960 761 1144 819 saeviat
1165 804 1178 828 ,
1213 760 1603 833 periculosum.

250 859 339 914 'M.
366 859 435 915 Et
462 858 816 930 Septuaginta
850 859 1096 914 virorum
1137 856 1354 912 videtur
1379 872 1501 912 cum
1533 856 1620 913 his
1651 869 1776 911 sen-

158 953 350 1008 tentis
391 951 724 1017 convenire;
781 965 902 1006 cum
944 951 1131 1006 dicunt
1176 949 1297 1022 quia
1347 949 1611 1020 scriptum
1644 958 1773 1005 est:

165 1045 444 1122 Quoniam
492 1044 786 1100 humiliasti
835 1061 950 1099 nos.
985 1043 1153 1114 Cujus
1194 1041 1660 1114 interpretationis
1699 1049 1779 1097 te-

158 1140 435 1196 stimonia
454 1138 522 1196 de
551 1139 850 1210 Scripturis
866 1147 995 1195 sunt
1022 1138 1180 1195 nobis
1204 1136 1530 1193 arcessenda
1551 1136 1776 1191 divinis.

160 1233 266 1290 Ait
318 1232 464 1290 enim
514 1233 570 1289 in
624 1232 1048 1290 Deuteronomio
1080 1249 1092 1286 :
1121 1231 1182 1289 Si
1221 1234 1445 1300 exieris,
1488 1231 1778 1304 lnquit,in

158 1343 403 1398 pugnam
434 1328 681 1384 adversus
711 1328 950 1383 inimicos
982 1337 1098 1382 tuos
1124 1368 1140 1394 ,
1191 1335 1238 1381 et
1278 1324 1550 1380 tradiderit
1582 1323 1671 1378 tibi
1692 1341 1779 1379 eos

155 1419 431 1477 Dominus
464 1421 602 1477 Deus
624 1432 743 1478 tuus
768 1423 823 1476 in
844 1437 1027 1476 manus
1057 1430 1192 1487 tuas,
1223 1427 1272 1475 et
1301 1418 1628 1488 deprtedatus
1660 1420 1778 1488 fue-

155 1514 246 1568 ris
277 1514 446 1583 spolia
473 1529 670 1582 eorum,
701 1525 747 1570 et
774 1514 964 1569 videris
992 1514 1046 1568 in
1079 1529 1138 1567 ea
1168 1510 1556 1589 deprwdatigne
1585 1508 1776 1564 mulle-

156 1621 281 1661 rem
302 1607 487 1662 bonum
524 1608 714 1682 specie,
747 1617 794 1663 et
824 1607 1202 1662 cohabitaveris
1234 1621 1348 1660 cum
1375 1620 1433 1659 ea
1459 1603 1638 1676 (Deut.
1663 1615 1776 1668 xxt,

160 1695 243 1752 i0
269 1699 460 1770 etii).
496 1699 557 1754 Et
583 1697 723 1754 infra
759 1714 774 1753 :
807 1699 870 1754 Si
907 1699 1141 1754 nolueris
1171 1713 1284 1752 eam
1317 1707 1517 1766 postea,
1550 1695 1779 1749 dimittes

157 1804 287 1844 eam
315 1790 627 1846 liberam...
657 1793 781 1862 quia
810 1791 1098 1846 humiliasti
1121 1807 1235 1846 eam
1260 1787 1450 1862 (lbid.,
1476 1787 1591 1858 ii).
1616 1787 1780 1842 Vides

1880 567 1966 622 nis
2000 567 2156 623 istius
2180 568 2495 634 veritatem,
2549 577 2604 623 ct
2653 567 2774 622 ideo
2818 568 3150 638 semetipsum
3192 568 3480 622 Immiliarit

1879 675 2038 727 usque
2057 661 2124 714 ad
2153 670 2386 726 mortem,
2419 671 2637 715 mortem
2665 671 2834 716 autem
2866 662 3035 716 crucis
3064 660 3294 731 (Philip.
3320 677 3376 728 tt,
3400 660 3480 731 8).

1879 748 2185 821 Diligenter
2233 753 2476 820 attende,
2529 760 2586 808 et
2606 753 2894 808 considera
2925 755 3156 825 singula.
3191 753 3328 809 Vide
3359 753 3483 824 quia

1880 841 2071 897 volens
2101 844 2341 913 suscepit
2373 848 2510 900 hanc
2535 843 2764 900 formam
2797 847 3043 916 corporis
3076 847 3271 911 nostri,
3301 856 3357 902 et
3379 856 3484 902 tua:

1881 936 2148 1007 obsequia
2180 940 2492 1002 servitutis,
2541 938 2594 993 in
2616 938 3030 994 similitudinem
3064 939 3344 994 hominum
3375 939 3487 994 fac-

1883 1040 1969 1087 tus
1998 1047 2012 1087 :
2045 1049 2150 1087 non
2184 1033 2236 1086 in
2263 1033 2672 1090 similitudinem
2712 1033 2917 1100 carnis,
2966 1034 3060 1091 sed
3089 1037 3142 1090 in
3171 1034 3486 1092 similitudi-

1883 1141 2008 1183 nem
2036 1127 2314 1183 hominum
2359 1139 2736 1198 peccatorum;
2794 1130 2973 1190 omnis
3016 1131 3161 1191 enim
3193 1130 3355 1186 homo
3383 1133 3484 1188 sub

1882 1228 2129 1292 peccato.
2175 1219 2303 1276 ideo
2327 1229 2382 1276 et
2409 1221 2594 1290 Specie
2619 1224 2872 1279 inventus
2902 1233 2959 1278 ut
2985 1223 3179 1291 homo;
3227 1232 3284 1279 ut
3309 1225 3486 1295 scrip-

1887 1325 1999 1369 tum
2031 1323 2118 1370 est
2160 1314 2228 1370 de
2261 1329 2328 1370 eo
2356 1333 2369 1368 :
2398 1313 2467 1370 Et
2490 1313 2644 1370 homo
2671 1328 2776 1382 est,
2819 1329 2863 1371 et
2904 1319 3021 1387 quis
3059 1327 3331 1394 cognoscet
3374 1335 3490 1372 eum

1886 1405 2101 1479 (Jerem.
2135 1419 2264 1473 xvn,
2301 1408 2398 1477 9)?
2426 1407 2598 1462 Homo
2625 1409 2921 1464 secundum
2946 1427 3192 1478 carnem,
3222 1413 3316 1472 sed
3346 1413 3484 1467 ultra

1887 1497 2160 1555 hominem
2193 1499 2494 1555 secundum
2537 1501 2936 1570 operathnem.
2972 1502 3040 1564 Ut
3070 1505 3219 1562 homo
3242 1546 3257 1573 ,
3290 1503 3483 1576 inquit,

1885 1593 2174 1648 humiliavit
2195 1595 2524 1666 semetipsum
2561 1593 2734 1667 (Phil.
2767 1611 2826 1662 ιι,
2859 1595 2937 1668 8);
2960 1599 3086 1672 quia
3122 1600 3187 1656 ad
3221 1613 3315 1656 eos
3343 1598 3489 1654 Deus

1882 1687 2032 1741 venit
2064 1687 2153 1754 qui
2179 1687 2446 1741 humillati
2477 1688 2710 1755 fuerant,
2745 1689 3078 1745 liberandos.
3107 1691 3226 1762 ipse
3266 1708 3325 1748 se
3351 1708 3483 1766 ergo

1883 1777 2194 1834 humiliavit
2212 1791 2433 1851 propter
2455 1796 2574 1835 nos.
2603 1781 2720 1837 Non
2751 1799 2880 1854 ergo
2909 1799 3107 1853 corpus
3131 1784 3276 1843 illius
3293 1800 3492 1857 corpus

159 1897 304 1953 ergo
331 1885 589 1954 quoniam
622 1899 731 1940 non
760 1896 954 1941 natura
979 1885 1061 1940 sui
1083 1898 1202 1939 eam
1227 1926 1240 1949 ,
1299 1881 1393 1937 sed
1426 1884 1472 1937 is
1507 1881 1599 1952 qui
1625 1882 1674 1935 ei
1701 1880 1782 1934 in-
1810 1888 1858 1948 Β
1887 1874 2119 1940 mortis;
2174 1875 2445 1944 siquidem
2483 1890 2684 1947 corpus
2709 1887 2790 1933 est
2824 1878 2948 1933 vitae
2983 1896 2996 1933 :
3028 1895 3128 1934 nec
3157 1894 3287 1936 caro
3315 1879 3487 1948 illius,

157 1977 481 2048 tegritatem
530 1977 753 2046 pudoris
803 1978 1026 2048 eripuit,
1065 1975 1384 2031 humiliasse
1437 1973 1776 2045 perhibetur.

157 2068 464 2125 Humilitas
488 2083 620 2140 ergo
649 2071 834 2140 operis
864 2075 950 2124 est
969 2112 983 2136 ,
1019 2083 1116 2138 per
1139 2068 1284 2140 quod
1315 2082 1447 2122 caro
1471 2068 1576 2122 ista
1606 2109 1620 2133 ,
1656 2081 1783 2136 pec-

160 2163 279 2219 cati
306 2177 507 2233 corpus
538 2162 728 2219 elfecm
761 2169 866 2227 est,
899 2171 954 2216 et
982 2163 1134 2217 locus
1159 2161 1553 2216 alliictationis.
1577 2159 1780 2215 Iterum

158 2256 304 2310 alibi
338 2273 352 2308 :
385 2255 448 2310 Si
493 2257 640 2328 uirgo
687 2254 1004 2326 desponsata
1053 2253 1214 2324 fuerit
1234 2253 1381 2317 viro,
1428 2261 1476 2307 et
1517 2253 1780 2306 inveniens

157 2365 284 2404 eam
309 2349 462 2402 homo
492 2348 544 2401 in
572 2347 778 2402 ciuitate
803 2347 1072 2400 donnierit
1100 2361 1218 2400 cum
1246 2361 1325 2408 ea,
1360 2345 1643 2399 educentur
1671 2359 1781 2397 ant-

161 2441 234 2494 bo
266 2441 336 2494 ad
376 2450 577 2510 portum
603 2440 828 2494 civitatis
849 2455 976 2504 suat,
1003 2447 1056 2494 et
1086 2437 1500 2507 lapidabuntur:
1525 2449 1570 2491 et
1595 2437 1781 2491 morie-

163 2541 258 2588 tur
282 2536 565 2606 jusencula
586 2573 600 2600 ,
625 2534 749 2603 quia
777 2549 880 2586 non
908 2532 1214 2586 exclamavit
1232 2531 1290 2584 in
1315 2530 1549 2596 civitate,
1573 2545 1666 2583 nec
1694 2529 1778 2583 itt-

159 2627 374 2681 uocauit
415 2625 698 2687 hominem,
749 2626 840 2694 qui
869 2625 1161 2679 subveniret
1191 2625 1399 2691 :etuir,
1426 2623 1623 2694 inquit,
1659 2623 1782 2692 quia

161 2718 462 2774 humiliauit
488 2717 758 2772 mulierem
781 2718 1007 2790 proximi
1029 2718 1108 2772 sui
1127 2717 1309 2789 (Deut.
1335 2733 1466 2780 χιιι,
1499 2716 1572 2773 25
1592 2725 1643 2772 et
1661 2712 1778 2786 24).

163 2811 241 2866 Et
272 2811 362 2866 hic
385 2811 578 2866 eadem
600 2817 685 2866 est
708 2809 870 2880 hujus
897 2824 1065 2866 causa
1097 2809 1390 2875 sermonis,
1419 2816 1480 2862 ut
1506 2823 1535 2862 a
1557 2821 1784 2874 corrup—

164 2913 293 2960 tore
345 2904 630 2962 humiliata
673 2901 910 2959 dies-tur.
969 2902 1216 2958 Tertium
1262 2915 1481 2971 quoque
1517 2898 1686 2953 habes
1712 2899 1783 2954 de

166 2998 276 3055 hac
305 3013 366 3054 re
391 2997 767 3054 testimonium
785 3037 800 3062 ,
851 3006 906 3051 et
933 2995 1118 3066 plura,
1145 2994 1192 3048 si
1216 3007 1455 3064 quaeras.
1483 2991 1688 3047 Tamen
1713 2990 1782 3045 de

163 3090 365 3148 eodem
426 3090 568 3144 libro
607 3087 734 3143 audi
766 3104 780 3141 :
815 3087 877 3144 Si
921 3088 1038 3158 quis
1072 3086 1323 3140 invenerit
1366 3084 1639 3156 virginem,
1668 3097 1783 3151 quae

165 3198 279 3236 non
302 3182 373 3236 sit
394 3181 730 3250 desponsata,
762 3189 812 3234 et
843 3180 946 3234 vim
972 3179 1171 3250 faciens
1199 3177 1245 3232 ei
1267 3177 1536 3230 dormierit
1560 3191 1676 3228 eum
1698 3190 1778 3240 ea,

1887 1965 2078 2021 umbra
2105 1969 2332 2034 mortis;
2363 1967 2632 2040 siquidem
2656 1967 2833 2040 fulgor
2851 1980 2935 2026 est
2964 1971 3150 2040 glorise
3175 1989 3188 2025 :
3221 1988 3321 2028 nec
3353 1974 3403 2028 in
3423 1989 3491 2028 eo

1883 2056 2038 2114 locus
2058 2057 2458 2125 aiiiictationis;
2492 2059 2762 2130 siquidem
2790 2063 2842 2116 in
2869 2063 2960 2118 illo
2987 2079 3216 2136 corpore
3237 2064 3492 2121 omnibus

1883 2152 2059 2222 gratia
2080 2154 2496 2210 consolationis.
2527 2154 2841 2211 Humili-ivit
2865 2171 2924 2212 se
2947 2199 2961 2222 ,
3013 2167 3071 2212 ut
3090 2157 3336 2215 disceres
3359 2159 3492 2230 quid

1883 2243 1956 2298 sit
1984 2243 2278 2301 humilitas.
2321 2247 2566 2318 Denique
2607 2247 2731 2304 audi
2771 2249 3041 2305 dicentem
3087 2268 3100 2304 :
3135 2249 3328 2306 Discite
3353 2265 3384 2314 a
3412 2268 3492 2306 me

1884 2337 2006 2406 quia
2031 2337 2169 2392 mitis
2192 2355 2328 2406 sum,
2369 2349 2419 2394 et
2459 2339 2674 2396 humilis
2713 2343 2869 2396 corde
2893 2341 3113 2413 (Matth.
3141 2360 3216 2410 ιι,
3251 2343 3368 2412 '29).
3397 2343 3494 2400 Ille

1885 2443 1946 2483 sc
1969 2427 2298 2496 humiliavit,
2324 2442 2380 2484 ut
2410 2443 2463 2486 tu
2487 2434 2837 2500 exaltareris;
2869 2437 2958 2506 qui
2988 2437 3133 2491 enim
3159 2452 3218 2493 se
3240 2435 3494 2498 hutniliat

1885 2519 2239 2576 exaltabitur.
2266 2521 2374 2578 Sed
2402 2539 2510 2579 non
2533 2542 2726 2582 omnes
2755 2529 2844 2597 qui
2879 2527 3258 2598 humiliantur,
3287 2531 3494 2589 exalta-

1883 2611 2122 2684 buntur;
2166 2615 2369 2672 multos
2421 2620 2566 2673 enim
2619 2620 2828 2675 crimen
2872 2620 3120 2678 humiliat
3155 2623 3221 2678 ad
3253 2625 3492 2682 ruinam.

1885 2702 2212 2762 Hutnillatus
2238 2718 2321 2763 ρει
2345 2719 2524 2765 autem
2553 2711 2813 2772 Dominus
2839 2730 3008 2790 usque
3038 2715 3103 2770 ad
3131 2729 3404 2786 mortem;
3435 2729 3494 2778 ut

1885 2795 1956 2852 de
1981 2799 2154 2866 portis
2179 2801 2371 2856 mortis
2399 2803 2750 2860 exaltaretur.
3280 2878 3282 2880 ν

1959 2888 2046 2942 77.
2094 2891 2235 2946 Ecce
2258 2892 2379 2948 vide
2397 2897 2627 2964 gratiam
2657 2895 2885 2967 Christi,
2918 2899 3043 2960 vide
3069 2902 3336 2963 beneﬁcia
3353 2903 3494 2980 ejus.

1885 2981 2244 3054 Posteaquam
2285 2987 2532 3046 Christus
2573 2990 2829 3060 advenit,
2881 2995 2999 3052 haec
3039 3012 3170 3056 caro
3217 3014 3343 3071 quas
3367 3011 3490 3061 erat

1886 3076 2078 3131 umbra
2095 3077 2312 3148 mortis,
2333 3081 2495 3148 coepit
2516 3099 2614 3154 per
2634 3086 2865 3155 gratiam
2886 3087 3098 3148 Domini
3122 3088 3415 3163 refulgere,
3438 3102 3496 3153 et

1885 3167 2086 3226 habere
2107 3171 2287 3228 lumen
2319 3178 2618 3246 proprium;
2649 3179 2860 3236 undeet
2883 3181 3089 3236 dictum
3116 3183 3493 3242 estzbucema

167 3286 222 3331 et
248 3277 487 3330 iuuentus
518 3276 694 3347 fuerit,
744 3273 888 3327 dabit
929 3272 1017 3342 qui
1065 3271 1338 3326 deﬁnierit
1376 3285 1493 3322 cum
1518 3285 1599 3334 ea,
1645 3266 1780 3336 patri
1807 3278 1853 3342 ς
1886 3267 2121 3335 corporis
2163 3268 2240 3322 tui
2269 3279 2342 3324 est
2369 3270 2553 3326 oculus
2586 3283 2699 3327 tuus
2731 3271 2945 3346 (Matth.
2979 3291 3050 3342 vt,
3082 3276 3198 3350 22).
3228 3278 3338 3338 Sed
3371 3281 3496 3339 vide

168 3369 465 3440 iuvenculos:
506 3368 884 3438 quinquaginta
927 3364 1215 3432 denarios,
1261 3372 1311 3416 et
1351 3363 1450 3416 erit
1489 3376 1622 3415 umor
1644 3363 1778 3432 ejus,

165 3465 298 3530 quia
347 3463 640 3517 ltumiliauit
687 3476 802 3516 eam
835 3476 854 3515 :
883 3476 977 3515 nec
1007 3460 1198 3532 poterit
1249 3458 1507 3512 dimittere
1549 3470 1658 3511 eam
1691 3469 1782 3525 per

171 3574 322 3613 omne
351 3566 565 3629 tempus,
599 3566 810 3627 propter
837 3556 978 3626 quod
1005 3553 1295 3608 humiliauit
1324 3565 1438 3606 eaut
1467 3547 1662 3622 (fbld.,
1683 3547 1777 3615 28,

169 3660 231 3707 et
258 3649 374 3721 ⁴19).
407 3649 526 3718 Ipse
566 3664 749 3704 sermo
776 3649 1045 3720 repetitus
1061 3656 1149 3703 est
1173 3687 1190 3714 ,
1243 3655 1302 3701 ut
1343 3643 1624 3713 intelligas
1651 3641 1778 3711 quia

173 3758 286 3801 non
307 3743 546 3799 conditio
563 3742 749 3798 carnis
770 3742 1022 3796 videatur
1035 3755 1134 3795 nos
1149 3738 1463 3803 humiliare,
1481 3735 1576 3791 sed
1597 3734 1774 3805 culpa.

249 3835 338 3891 75.
380 3835 489 3890 Nec
513 3845 691 3889 tamen
723 3849 926 3904 negare
964 3847 1258 3904 possumus
1279 3826 1434 3900 quod
1464 3829 1652 3883 multis
1681 3826 1782 3880 hu-

174 3929 417 3987 milietur
446 3937 499 3984 et
523 3942 693 3991 caro,
750 3925 874 3981 loco
900 3926 1051 3996 ipso,
1097 3921 1374 3979 illecebris
1402 3920 1562 3992 ipsis,
1617 3919 1780 3988 fragi-

176 4022 328 4076 litate
349 4034 563 4090 quoque
578 4033 683 4088 qua
712 4017 886 4088 patuit
913 4014 1108 4072 errori.
1139 4015 1295 4083 Quin.
1317 4013 1444 4068 licet
1469 4026 1576 4065 non
1608 4025 1640 4064 a
1667 4024 1780 4064 me-

176 4112 350 4168 diocri
399 4111 713 4166 adversario
757 4117 1011 4179 serpente
1040 4116 1066 4144 τι
1100 4108 1331 4176 decepta
1373 4103 1482 4186 sit,
1545 4101 1782 4156 habebat

176 4215 360 4262 tamen
388 4205 472 4259 sui
499 4219 605 4258 non
633 4201 965 4258 mediocrem
994 4201 1237 4272 gratiam
1261 4240 1276 4265 ,
1337 4205 1628 4265 antequam
1655 4209 1782 4264 pec-

179 4305 359 4353 catum
380 4294 648 4366 irreperet
678 4313 691 4350 :
719 4299 772 4350 in
791 4303 1092 4364 conspectu
1117 4300 1236 4348 erat
1256 4291 1350 4346 Dei
1378 4289 1573 4356 Adam,
1607 4289 1662 4343 in
1685 4302 1782 4358 pa-

179 4391 366 4446 radiso
394 4389 607 4460 vigebat
624 4431 638 4456 ,
687 4389 902 4445 cmlesti
931 4388 1107 4459 gratia
1132 4384 1462 4456 reﬁnigebat,
1499 4383 1782 4454 loqueba-

182 4492 273 4538 tur
325 4497 448 4538 cum
490 4483 620 4538 Deo.
670 4480 943 4551 Numquid
986 4495 1114 4534 eum
1147 4479 1492 4534 humiliatum
1529 4487 1658 4532 ante
1698 4476 1777 4531 le-

183 4576 337 4647 gisti,
386 4573 492 4630 nisi
523 4583 876 4645 noctesquam
915 4571 1296 4645 prmvarieatio
1323 4585 1446 4627 eum
1478 4569 1782 4624 humiliavit

1885 3358 1953 3414 de
1979 3375 2084 3430 quo
2115 3359 2276 3416 oculo
2304 3362 2485 3430 dicat;
2536 3380 2644 3421 non
2677 3365 2744 3422 de
2768 3369 3069 3437 exteriore,
3120 3371 3217 3428 sed
3261 3371 3492 3432 deinie-

1882 3455 2032 3509 riore
2063 3471 2077 3512 :
2105 3455 2168 3510 Si
2195 3457 2410 3524 oculus,
2444 3455 2658 3532 inquit,
2703 3471 2820 3516 tuus
2848 3463 3070 3532 simplex
3092 3464 3284 3534 fuerit,
3328 3475 3493 3526 totum

1884 3561 2072 3618 corpus
2109 3557 2252 3602 tuum
2279 3550 2512 3608 lucidum
2557 3552 2654 3606 erit
2685 3550 2901 3623 (Ibid.).
2937 3551 3166 3610 interior
3197 3555 3383 3626 utique
3405 3565 3493 3613 est

1884 3642 2095 3708 oculus,
2127 3641 2220 3713 qui
2251 3653 2420 3699 totum
2447 3645 2684 3701 hominis
2707 3663 2910 3720 corpus
2937 3648 3224 3706 illuminat.
3259 3648 3495 3710 interior

1882 3747 1967 3792 est
1997 3737 2162 3793 etiam
2194 3739 2408 3808 oculus,
2440 3741 2530 3811 qui
2560 3742 2742 3800 aufert
2772 3741 2867 3797 toti
2895 3746 3115 3816 corpori
3147 3747 3486 3812 caecitatem;

1883 3832 2010 3902 quia
2025 3839 2287 3902 scriptum
2315 3843 2399 3889 est
2422 3852 2434 3888 :
2455 3835 2517 3889 Si
2537 3847 2707 3892 autent
2727 3854 2948 3907 nequam
2967 3839 3129 3908 fuerit
3150 3839 3329 3892 oculus
3346 3848 3488 3905 tuus,

1884 3933 2044 3978 totum
2069 3941 2259 3995 corpus
2288 3935 2430 3980 tuum
2453 3928 2775 3984 tenebrosum
2803 3931 2899 3988 erit
2932 3928 3122 4006 (lbid.,
3158 3929 3280 4000 25).
3319 3929 3486 3994 Vides

1883 4017 1940 4073 in
1972 4033 2081 4074 uno
2107 4018 2330 4075 homine
2382 4019 2525 4076 unde
2575 4022 2816 4078 tenebrae
2865 4030 3190 4091 nascantur,
3240 4023 3382 4078 unde
3405 4025 3491 4080 iu-

1884 4124 2008 4164 men
2036 4111 2266 4164 oriatur.
2297 4111 2417 4182 ipse
2438 4127 2569 4180 ergo
2605 4112 2696 4172 tibi
2728 4129 2788 4169 es
2816 4113 3014 4184 caligo,
3043 4115 3125 4170 vel
3158 4115 3360 4175 lumen.
3383 4116 3488 4177 Cav-

1883 4198 1995 4271 iigo
2023 4201 2325 4272 iniquitatis
2351 4212 2458 4267 est,
2494 4205 2733 4260 tenebrae
2761 4217 3110 4281 peccatorum
3145 4225 3159 4263 :
3196 4208 3379 4270 lumen
3409 4210 3491 4271 in-

1885 4295 2177 4351 nocentiae.
2229 4295 2352 4366 ipse
2382 4297 2477 4354 tibi
2518 4314 2649 4372 ergo
2690 4314 2750 4355 es
2781 4299 2866 4358 vel
2917 4300 3124 4374 injuria:
3153 4313 3374 4370 auctor,
3406 4305 3494 4364 vel

1883 4390 2076 4462 gratia:
2109 4407 2122 4443 :
2154 4389 2403 4459 operatio
2430 4390 2610 4450 divina
2638 4392 2777 4452 nihil
2797 4403 2965 4450 errat.
2989 4395 3198 4456 Lumen
3216 4397 3270 4452 in
3293 4405 3349 4458 te,
3372 4396 3492 4473 ipso

1885 4493 2007 4550 est;
2041 4484 2165 4554 quia
2192 4483 2456 4540 innocens
2482 4484 2711 4541 infantia
2757 4497 2843 4541 tua
2895 4497 3000 4542 est.
3029 4487 3176 4545 .Pura
3209 4506 3365 4545 mens
3393 4491 3492 4546 ho-

1885 4577 2050 4642 minis
2073 4587 2199 4634 ante
2224 4579 2615 4636 adolescentiac
2637 4580 2905 4640 lubricum
2929 4626 2942 4651 ,
2985 4593 3042 4640 et
3063 4584 3366 4656 iuventutis
3397 4601 3488 4642 er-

183 4683 302 4724 sua.
329 4665 498 4736 Cujtts
525 4669 640 4722 vitii
668 4667 1041 4724 hau-editum
1087 4667 1155 4723 ad
1193 4681 1294 4722 nos
1321 4681 1493 4736 usque
1539 4663 1780 4719 trans-mi-

1893 4686 2092 4727 rorem.
2116 4670 2197 4727 Τιι
2228 4672 2323 4728 tibi
2349 4688 2481 4744 ergo
2501 4674 2751 4732 tenebras
2771 4674 2948 4730 fecisti
2979 4691 3103 4736 esse
3129 4676 3273 4747 quod
3307 4677 3491 4738 lumen

185 4761 293 4829 sit;
336 4770 396 4815 ut
425 4759 481 4815 in
507 4759 614 4816 hoc
647 4775 883 4831 corpore
926 4760 1211 4816 constituti
1261 4760 1500 4815 nolimus
1540 4757 1784 4828 peregri-

187 4854 307 4908 nari
331 4853 404 4909 de
424 4866 678 4924 corpore,
704 4852 874 4924 919
890 4859 946 4907 et
981 4851 1177 4906 adesse
1207 4851 1338 4907 Deo.
1370 4850 1440 4905 Et
1463 4849 1586 4904 ideo
1609 4848 1786 4904 humi-

189 4946 380 5002 liamus
395 4947 634 5002 animum
660 4955 904 5000 nostram
927 4959 1048 5016 quae
1072 4959 1133 4999 se
1154 4943 1222 4998 ad
1243 4943 1414 5000 Deum
1437 4943 1606 5014 gestit
1623 4942 1787 4997 attol-

190 5037 303 5094 lere
331 5056 345 5091 :
376 5039 470 5096 sed
499 5040 857 5110 eomrptibile
903 5039 1009 5094 hoc
1049 5053 1248 5108 corpus
1293 5048 1481 5108 gravat
1517 5038 1784 5105 animam,

191 5137 517 5200 terrenaque
555 5132 863 5186 habitacula
888 5131 1336 5202 praependeant,
1390 5139 1451 5186 ut
1506 5145 1661 5187 mens
1687 5131 1785 5188 de-

191 5229 315 5275 vota
347 5221 461 5276 Deo
483 5221 802 5290 frequenter
830 5222 1124 5277 inclinetur
1168 5221 1236 5276 ad
1262 5220 1521 5276 sarculum
1540 5264 1555 5290 ,
1605 5238 1708 5278 nec
1730 5239 1789 5279 se

191 5313 464 5385 subjicere
489 5315 602 5370 Dee
625 5315 827 5385 possit,
863 5316 1121 5386 quoniam
1149 5314 1545 5386 subiectionem
1585 5318 1668 5373 sui
1700 5332 1789 5374 sa-

193 5405 394 5476 pientis
423 5406 606 5461 canis
633 5405 849 5476 igth
874 5446 890 5475 ,
941 5421 1064 5478 quae
1089 5416 1338 5463 nostrum
1367 5407 1597 5464 involvit
1621 5408 1790 5468 alec-

197 5507 330 5558 tum.

267 5590 354 5648 76.
397 5588 650 5654 Bidentes
671 5589 790 5651 huc
813 5590 886 5652 de
899 5590 1066 5652 nobis
1079 5631 1096 5658 ,
1127 5591 1257 5663 quid
1283 5590 1356 5650 de
1377 5605 1551 5656 cane
1568 5592 1783 5650 Domini

270 5743 292 5769 ο
334 5729 495 5795 Rom.
534 5729 669 5792 edit.-
699 5731 854 5797 soia.
905 5731 1122 5799 decepta
1143 5731 1209 5791 sit
1234 5727 1368 5793 Eva.
1411 5726 1592 5791 Minus
1620 5729 1781 5797 bene,

198 5802 646 5871 subintelligenda
679 5803 824 5856 extim
852 5817 981 5867 von,
999 5817 1150 5862 cum.
1179 5818 1305 5873 quin
1323 5802 1598 5872 sanctitati
1627 5817 1790 5860 venit

199 5889 450 5947 expressa
481 5883 586 5932 cst.
628 5873 762 5932 Nam
792 5884 1156 5944 praeterquam
1196 5874 1516 5940 relativum,
1538 5888 1658 5942 qua
1677 5915 1690 5933 ,
1724 5891 1789 5927 ex

1887 4771 1993 4817 est.
2027 4763 2268 4834 Denique
2293 4762 2437 4820 idem
2466 4766 2656 4821 oculus
2677 4806 2693 4833 ,
2726 4765 2833 4822 hoc
2859 4776 2973 4836 est,
3003 4783 3198 4828 sensus
3228 4769 3486 4838 hominis,

1880 4854 2213 4910 tenebrosus
2263 4863 2350 4912 est
2396 4857 2450 4912 in
2505 4868 2817 4927 peccatore,
2869 4858 3189 4929 splendidus
3242 4859 3294 4914 in
3326 4861 3489 4922 inno-

1891 4957 2068 5004 cente.

1965 5039 2054 5094 78.
2097 5038 2207 5094 Nec
2237 5038 2370 5095 illud
2395 5050 2788 5113 prmtereamus
2823 5039 2967 5114 quod
2993 5041 3352 5116 Symmachus
3377 5046 3447 5102 ait
3477 5065 3491 5102 :

1891 5130 2149 5204 Afﬂixisti
2201 5149 2294 5188 nos
2334 5134 2389 5188 in
2415 5137 2528 5191 loco
2578 5137 2801 5190 deserto.
2833 5134 2960 5196 ideo
2987 5135 3280 5212 afﬂigimur
3327 5137 3491 5214 920

1890 5224 2015 5296 quia
2053 5227 2325 5283 interdum
2379 5228 2731 5284 destituimur
2759 5229 3105 5300 proiectione
3133 5229 3342 5286 cmlesti
3365 5271 3380 5296 ,
3434 5237 3492 5285 ct

1887 5320 2043 5390 regio
2069 5323 2174 5377 ista
2202 5323 2301 5378 sub
2319 5321 2614 5385 maledicto
2640 5333 2749 5389 est,
2779 5325 2863 5378 vel
2891 5323 2944 5378 in
2979 5322 3190 5384 lubrico
3217 5325 3495 5384 saeculari.

1887 5411 2128 5469 Necdum
2172 5429 2387 5486 quoque
2414 5414 2773 5471 benediserat
2802 5425 3005 5472 terram
3046 5431 3201 5472 suam
3234 5418 3493 5474 Dominus

1888 5515 2081 5563 noster
2099 5506 2262 5565 Jesus
2282 5507 2570 5575 Christus;
2617 5517 2674 5564 et
2719 5507 2847 5564 ideo
2871 5508 3230 5577 laborabant,
3281 5524 3384 5566 nec
3424 5510 3492 5565 ad

1889 5600 2074 5658 lumen
2105 5599 2323 5678 pietatis
2352 5600 2473 5672 ejus
2499 5602 2782 5662 oculorum
2809 5603 3134 5680 spiritalium
3168 5603 3492 5664 intendeba-

1889 5739 2136 5816 quiaque
2175 5755 2308 5816 suos.
2357 5742 2672 5816 restitutum
2706 5743 2760 5800 id
2801 5743 3036 5812 evincit,
3090 5759 3282 5806 sensus
3327 5746 3487 5808 Rom.

1896 5809 2120 5867 lectioni
2139 5813 2320 5869 minus
2335 5813 2600 5870 concinit.
