4008 6352
551 308 689 366 “27
1868 296 2116 357 SANCTI
2155 295 2477 356 AHBROSII
3732 299 3843 358 HE!

549 432 635 477 tnr
661 421 904 477 obtutus.
939 412 1299 488 Deinde'quia
1329 411 1581 484 voluptas
1601 419 1653 467 et
1679 410 1970 467 delectatio
1999 427 2160 466 mun-
2184 416 2237 475 Α
2264 413 2482 485 pientiac
2511 455 2527 481 ,
2567 426 2691 485 quae
2729 419 2916 483 raptus
2961 411 3017 467 in
3052 409 3323 483 paradiso
3352 408 3644 481 apostolus
3677 410 3842 471 Patrias

556 514 609 570 di
640 515 952 584 frequenter
982 511 1170 581 irrepit
1200 507 1410 580 (NonL,
1460 504 1648 576 0dys.,
1686 503 1781 574 at).
1841 503 1996 560 Unde
2045 520 2154 560 non
2255 507 2464 562 audivit
2490 527 2502 562 :
2531 515 2586 563 et
2605 508 2732 578 quia
2756 523 2866 562 non
2889 505 3083 562 licebat
3103 521 3170 562 ea
3198 506 3414 560 homini
3441 505 3621 577 loqui,
3643 509 3780 575 apud
3801 525 3844 566 se

556 609 788 665 vinculis
821 605 1060 662 hominis
1087 603 1230 658 illius
1252 603 1423 674 ligare
1451 615 1550 656 nos
1574 610 1734 670 atque
1758 597 1966 653 vincire
1993 597 2157 653 debe-
2259 598 2510 667 tegebat:
2536 612 2642 653 non
2668 599 2790 668 quia
2811 613 2966 654 usum
2984 613 3179 654 eorum
3207 605 3306 653 aut
3332 597 3569 668 gratiam
3599 599 3716 653 aliis
3736 599 3844 656 inri-

559 717 699 768 mus,
744 716 846 756 nec
883 713 1008 755 cera
1037 711 1200 752 aures
1227 693 1527 751 claudere:
1560 692 1654 748 sed
1683 701 1936 747 avertere
1969 705 2155 746 aurem
2259 689 2446 755 deret;
2498 690 2593 746 sed
2634 689 2778 761 quod
2828 705 2938 746 non
2993 690 3194 746 licebat
3245 690 3461 746 homini
3518 691 3690 764 loqui,
3733 693 3844 750 forte

551 794 997 866 quotiescumque
1029 790 1204 845 aliena
1227 804 1255 842 a
1276 787 1405 853 fide,
1429 797 1482 842 et
1511 783 1788 841 contraria
1817 783 1899 839 vel
1929 782 2158 838 adversa
2260 783 2423 838 etiam
2457 784 2660 837 homini
2690 782 2877 838 audire
2905 798 3015 840 non
3049 782 3317 854 proderat
3344 798 3511 854 :quae
3535 793 3660 838 tunc
3679 783 3844 840 illisi-

555 887 771 944 utilitati
814 894 1014 942 nostrte
1045 885 1239 954 aliquis
1271 883 1551 937 existimat
1572 877 1954 949 obloquendo;
2003 893 2070 932 ne
2103 876 2158 931 in
2263 875 2734 943 nabitDominus,
2791 890 2914 930 cum
2974 874 3471 930 illuminandorum
3540 885 3841 932 secretum

557 995 624 1036 eo
648 993 901 1036 sermone
947 978 1159 1048 operiat
1202 990 1301 1030 nos
1344 976 1533 1030 umbra
1582 973 1818 1026 mortis:
1862 980 1914 1025 et
1963 968 2159 1040 siquid
2264 975 2479 1038 tempus
2528 966 2834 1022 advenerit.
2875 965 3013 1021 Vide
3057 980 3127 1022 ne
3167 966 3340 1021 etiam
3383 965 3441 1019 in
3477 964 3842 1036 Evangeliodi-

559 1072 667 1128 tale
692 1071 988 1143 profertur,
1023 1085 1123 1124 nos
1153 1079 1328 1124 tamen
1349 1067 1446 1122 Dei
1479 1065 1706 1121 verbum
1736 1063 1997 1118 debemus
2019 1062 2162 1117 inse-
2261 1062 2516 1117 stantiam
2539 1062 2772 1132 aliquam
2801 1061 3067 1132 reperias,
3095 1061 3188 1115 ubi
3216 1060 3364 1115 dixit
3392 1079 3406 1114 :
3443 1058 3840 1114 Nihilominus

558 1180 701 1230 rere,
731 1165 876 1236 quod
894 1162 1309 1236 mentis‘nostra:
1329 1160 1519 1216 oculos
1544 1157 1753 1228 fulgore
1775 1154 2160 1226 disputationis
2262 1159 2399 1225 quod
2426 1171 2528 1208 non
2549 1153 2961 1226 manifestabitur
2985 1195 3002 1221 ,
3033 1170 3197 1224 neque
3227 1161 3473 1223 aperturi:
3497 1153 3640 1222 quod
3669 1169 3763 1206 non
3783 1173 3841 1209 re-

559 1255 849 1313 illuminet.
2263 1245 2740 1318 vetabitur(1bid.).
2769 1243 2908 1300 Illud
2933 1254 3112 1300 tamen
3136 1244 3517 1314 adstipulatur
3536 1243 3609 1297 ad
3631 1245 3842 1314 superio-

631 1350 717 1406 79.
764 1350 945 1423 (Vcrs.
975 1350 1068 1417 2i,
1095 1349 1213 1420 22.)
1245 1346 1504 1417 Sequitur
1537 1362 1551 1397 :
1585 1343 1644 1399 Si
1676 1343 1819 1398 obliti
1846 1357 2024 1396 sumus
2065 1355 2161 1394 no-
2268 1357 2381 1396 rem
2414 1341 2919 1411 interpretationem
2941 1383 2956 1406 ,
3002 1349 3060 1395 ut
3097 1348 3398 1411 utrumque
3442 1338 3516 1393 de
3552 1339 3707 1394 bonis
3751 1355 3840 1396 esse

559 1461 671 1500 men
697 1443 792 1499 Dei
822 1445 1008 1510 nostri,
1055 1453 1101 1498 et
1145 1443 1188 1497 si
1233 1439 1580 1512 expandimus
1629 1453 1813 1491 manus
1865 1444 2069 1489 nostras
2095 1433 2164 1486 ad
2266 1434 2585 1500 credamus;
2634 1435 2758 1505 quia
2807 1435 3071 1504 scriptum
3119 1441 3207 1488 est
3250 1449 3263 1484 :
3311 1429 3599 1502 Cognoscit
3631 1427 3840 1484 Donum

559 1536 680 1592 deos
729 1536 951 1592 alienos.
1004 1534 1196 1589 Nonne
1225 1534 1363 1588 Deus
1387 1532 1608 1602 requiret
1631 1531 1766 1584 ista?
1795 1538 1819 1566 α
1848 1527 2061 1599 Aquila,
2087 1528 2166 1580 in-
2267 1528 2351 1598 qui
2375 1537 2492 1581 sunt
2523 1527 2681 1597 t'psius
2715 1527 2788 1599 (ll
2812 1526 2949 1581 Tim.
2993 1543 3051 1595 tt,
3086 1526 3198 1594 19).
3232 1524 3379 1582 Suos
3415 1539 3554 1595 ergo
3581 1522 3838 1592 cognoscit,

564 1631 830 1702 vestigabit
853 1632 976 1695 ista,
1006 1629 1163 1684 dixit.
1197 1627 1591 1701 Symmachus,
1625 1624 1844 1679 inveniet
1870 1623 2008 1676 ista?
2035 1621 2162 1690 Ipse
2268 1630 2325 1675 et
2354 1635 2449 1675 eos
2487 1619 2774 1691 cognoscit
2812 1623 2902 1690 qui
2930 1628 3270 1690 cognoscunt
3298 1618 3480 1673 Deum
3509 1635 3524 1671 :
3551 1617 3841 1687 ignoratae-

558 1722 693 1776 enim
714 1722 855 1776 novit
883 1720 1088 1775 occulta
1110 1721 1302 1774 cordis.
1327 1717 1462 1786 Quia
1486 1723 1696 1788 propter
1725 1723 1771 1766 te
1798 1722 1961 1766 morte
2007 1711 2168 1781 a/ﬁci—
2272 1724 2381 1771 tem
2408 1731 2503 1771 eos
2529 1715 2621 1786 qui
2651 1715 2904 1785 ignorant
2935 1714 3138 1779 Deum;
3169 1711 3265 1783 qui
3286 1712 3436 1768 enim
3471 1713 3704 1782 ignorat,
3727 1710 3842 1778 igno-

559 1830 674 1868 mur
701 1824 811 1868 tota
840 1814 925 1869 die
955 1830 974 1868 :
997 1813 1235 1869 (estintati
1267 1827 1447 1867 sumus
1477 1820 1529 1864 ut
1554 1825 1670 1863 oves
1696 1807 1995 1862 occisionis.
2020 1804 2160 1873 Quid
2191 1819 2238 1879 Β
2266 1809 2492 1866 rabitur.
2527 1808 2783 1862 Dominus
2811 1821 2941 1878 ergo
2969 1821 3090 1877 qua:
3130 1805 3276 1859 bona
3304 1811 3462 1870 sunt,
3499 1803 3840 1873 recognoscit:

559 1921 644 1966 est
672 1911 815 1982 quod
846 1913 922 1966 ait
948 1930 962 1966 :
993 1911 1251 1981 Requiret
1275 1906 1649 1974 Deus?Quasi
1699 1905 1744 1960 si
1766 1920 1873 1958 non
1903 1900 2166 1971 requirat,
2273 1919 2337 1960 ea
2363 1919 2482 1973 qua:
2525 1913 2651 1958 sunt
2680 1901 2838 1972 plena
2868 1899 3198 1972 cognitionis
3237 1900 3470 1965 divina,
3519 1914 3586 1953 ea
3619 1913 3732 1968 quas
3753 1911 3842 1950 sum

565 2001 821 2072 ignoret:
851 2012 907 2059 et
936 2005 1016 2058 sic
1043 2003 1285 2074 requiret
1313 2002 1456 2056 Deus
1502 1998 1833 2054 oblivionem
1877 2004 2020 2050 tuam
2047 2009 2168 2063 qua:
2272 1995 2488 2051 occulta
2514 1993 2819 2064 sapientiae,
2853 1994 3001 2047 novit
3031 1990 3295 2045 Dominus
3327 2006 3342 2042 :
3376 1999 3676 2046 aversatur
3701 1997 3840 2042 autem

564 2093 811 2166 irrepsit,
872 2105 930 2152 ut
971 2097 1182 2152 auferat
1221 2097 1340 2166 ejus
1385 2110 1547 2150 omne
1586 2093 1895 2162 vestigium.
1924 2086 2081 2143 Unde
2115 2097 2170 2143 et
2272 2102 2358 2155 ea,
2392 2101 2513 2159 qua:
2553 2093 2682 2141 sunt
2704 2086 2862 2156 plena
2892 2084 3197 2154 iniquitatis
3224 2093 3391 2154 atque
3426 2083 3672 2153 peccati.

571 2185 768 2257 Aquila
799 2188 939 2243 dixit
969 2204 982 2242 :
1011 2186 1347 2260 Investigabit
1377 2187 1495 2242 ista.
1532 2184 1666 2240 Nam
1699 2184 1882 2253 utique
1909 2181 1997 2252 qui
2023 2180 2172 2235 novit
2346 2187 2436 2242 81,
2471 2184 2708 2256 Denique
2733 2187 2779 2240 si
2803 2184 3027 2239 istorum
3058 2197 3348 2253 personam
3378 2182 3719 2246 consideres,
3742 2197 3840 2250 quos

561 2277 745 2333 cordis
773 2279 988 2335 occulta
1014 2320 1030 2344 ,
1081 2279 1356 2349 quomodo
1376 2279 1596 2349 quierit,
1651 2275 1740 2330 cui
1767 2275 1929 2329 etiam
1962 2288 2024 2327 ea
2050 2287 2170 2342 qua:
2273 2280 2416 2335 nulla
2458 2279 2622 2333 divini
2666 2278 2844 2333 cultus
2874 2275 3074 2332 oblivio
3101 2276 3381 2346 separavit
3407 2318 3421 2340 .
3455 2286 3522 2331 ut
3564 2275 3738 2331 alieno
3764 2276 3840 2331 Deo

561 2377 691 2424 sunt
713 2371 995 2438 interiora,
1021 2371 1308 2426 manifesta
1338 2372 1498 2425 sunt?
1524 2366 1802 2439 Siquidem
1828 2364 1970 2436 apud
1999 2364 2168 2418 Deum
2274 2371 2788 2442 expanderenisuas
2815 2385 3006 2426 manus
3029 2409 3046 2436 ,
3075 2377 3238 2441 atque
3268 2368 3497 2438 aperire
3529 2381 3658 2422 suas
3677 2368 3839 2422 animas

557 2462 893 2517 conscientia
915 2463 1342 2532 llllillSClljllStllle
1373 2477 1433 2516 se
1463 2461 1667 2531 pl‘Odii,
1702 2467 1759 2514 8i.
1785 2455 2048 2527 cogitatio
2074 2455 2171 2509 hO-
2275 2468 2575 2534 noluerim,
2608 2466 2879 2537 intelliges
2906 2463 3047 2534 quod
3083 2464 3135 2518 in
3173 2463 3410 2519 occultis
3437 2461 3561 2516 suis
3599 2476 3703 2516 non

566 2551 731 2607 minis
756 2553 897 2624 apud
923 2570 1046 2608 eum
1078 2569 1138 2609 se
1165 2563 1261 2608 aut
1282 2553 1613 2608 condemnat
1638 2592 1652 2616 ,
1695 2559 1791 2603 aut
1823 2557 2037 2618 purgat.
2073 2549 2149 2602 De-

2277 2561 2346 2617 tia
2379 2561 2552 2631 aliqua
2584 2569 2758 2626 erant,
2790 2559 2885 2614 sed
2919 2573 2982 2614 ea
3005 2573 3126 2628 quze
3154 2565 3343 2613 essent
3374 2557 3841 2618 innocentiae.coa-

565 2643 728 2714 nique
761 2646 956 2716 Aquila
985 2645 1206 2700 visiones
1237 2645 1412 2700 cordis
1435 2645 1593 2708 dixit,
1610 2657 1677 2698 eo
1703 2641 1847 2713 quod
1869 2641 2053 2695 videat
2073 2654 2172 2696 cor
2276 2654 2552 2721 rincbam;
2577 2652 3010 2725 quandoquidem
3049 2661 3226 2707 morie
3252 2649 3646 2706 afﬁciebanrur
3672 2664 3759 2720 pro
3777 2649 3842 2703 [ὶεί

563 2743 838 2804 nostrum,
865 2744 922 2792 et
942 2739 1119 2793 omnis
1143 2738 1317 2793 nostri
1340 2736 1600 2809 cogitatio
1628 2737 1809 2792 cordis
1835 2736 1889 2790 in
1920 2744 2174 2806 promptu
2275 2747 2458 2814 ευιιυ,
2493 2756 2710 2816 imaque
2755 2746 2844 2803 die
2883 2746 3235 2802 versabantur
3286 2745 3342 2799 in
3392 2751 3616 2800 morte;
3657 2744 3777 2800 sicut
3811 2751 3847 2797 et

565 2824 638 2880 sit
663 2828 807 2897 apud
853 2828 1021 2883 Deum
1046 2869 1064 2898 ,
1121 2837 1286 2900 atque
1329 2831 1379 2884 ei
1425 2829 1816 2901 cogitationum
1860 2838 2169 2884 nostrarum
2277 2842 2594 2898 versabatur
2619 2840 2850 2905 Paulus,
2881 2839 2975 2910 qni
3004 2839 3078 2894 ait
3111 2856 3125 2891 :
3178 2838 3437 2906 Quotidie
3465 2839 3667 2892 morior
3693 2853 3769 2908 per
3792 2853 3848 2890 τε.

561 2911 739 2986 imago
764 2918 1132 2990 τοδριθηάθδῑ·
1154 2919 1449 2976 Βθιιθίηυά
1475 2923 1551 2975 θίι
1578 2920 1775 2992 Αίιυίιιι
1799 2939 1811 2976 ε
1841 2919 1904 2974 In
1934 2930 1983 2976 ιε
2011 2932 2172 2976 ἠονῑε
2275 2944 2433 2987 stram
2451 2934 2669 3004 gloriam
2691 2932 2737 3006 (Ι
2761 2929 2879 2986 Cor.
2913 2947 3006 2996 xv,
3032 2931 3145 3000 3i).
3175 2929 3242 2984 Et
3265 2945 3399 2985 vere
3420 2930 3679 3001 quotidie
3695 2929 3847 2984 Paulus

561 3006 852 3076 aﬂicimur;
875 3011 1131 3081 quoniam
1168 3013 1222 3066 in
1261 3011 1479 3068 Christo
1508 3013 1680 3080 mori,
1713 3013 1941 3068 arduum
1965 3021 2021 3069 et
2057 3014 2142 3083 glo

2276 3026 2607 3082 moriebatur
2631 3023 2927 3080 secundum
2959 3037 3200 3086 carnem,
3231 3022 3286 3076 in
3310 3021 3574 3091 jejuniis,
3604 3022 3656 3076 in
3685 3022 3847 3076 naufra-

563 3101 770 3158 riosum
803 3121 817 3158 :
851 3114 906 3160 et
937 3106 990 3161 in
1021 3107 1139 3177 ipso
1161 3108 1410 3178 moritur,
1463 3109 1555 3180 qui
1581 3124 1678 3179 pro
1700 3109 1818 3180 eius
1839 3110 2058 3164 nomine
2085 3125 2171 3164 sa-
2275 3119 2408 3190 giis,
2454 3119 2506 3173 in
2549 3118 2778 3173 diversis
2823 3116 3097 3188 periculis,
3124 3114 3181 3170 in
3226 3115 3473 3170 miseriis
3525 3116 3844 3170 consumtus:

569 3207 660 3249 cra
689 3195 945 3267 passione
982 3208 1068 3254 est
1105 3208 1420 3255 coronatus.
1470 3199 1576 3255 Sed
1601 3199 1730 3270 quid
1778 3201 1996 3255 miraris
2025 3217 2152 3270 qnoc

2278 3212 2371 3268 sed
2428 3227 2534 3266 non
2580 3219 2722 3266 totus
2772 3208 3126 3266 moriebatur.
3172 3206 3525 3262 Moriebatur
3569 3207 3726 3263 homo
3763 3208 3846 3276 eius

566 3288 934 3356 τθαυῑνεηωιη
967 3289 1134 3344 Deum
1167 3293 1379 3347 OCCUNa
1406 3291 1592 3347 cordis
1618 3292 1919 3347 νετεῖουιυε
1945 3292 2050 3347 me
2080 3292 2173 3348 de;
2278 3304 2536 3371 exterior,
2565 3303 2659 3359 sed
2687 3302 3050 3358 renovabatur
3075 3300 3303 3356 interior
3331 3317 3344 3353 :
3377 3310 3439 3356 et
3463 3301 3597 3358 ideo
3623 3317 3725 3357 non
3747 3299 3845 3354 deti-

563 3384 774 3451 ειειτθις
807 3402 928 3442 cum
963 3386 1091 3442 aiibi
1122 3387 1294 3442 Deum
1330 3398 1693 3444 SCPUlamrem
1722 3387 1922 3458 ιεςετὶε
1944 3388 2125 3444 cordis
2151 3389 2172 3442 ἶ)
2276 3399 2486 3464 ciebat,
2515 3413 2635 3453 cum
2674 3406 2751 3452 tot
2791 3396 3050 3468 periculis
3078 3405 3399 3466 urgeretur;
3447 3395 3585 3465 quia
3615 3395 3714 3450 etsi
3736 3403 3845 3449 este

565 3477 708 3545 Quid
731 3480 895 3536 etiam
926 3481 1144 3536 miraris
1177 3482 1223 3536 si
1251 3482 1438 3537 verbis
1465 3485 1671 3539 nostris
1692 3482 1948 3552 majestas
1975 3482 2172 3538 divinae
2275 3493 2388 3547 τίοι-
2420 3491 2582 3546 homo
2608 3490 2725 3560 ejus
2747 3489 3230 3560 corrumpebatur,
3260 3488 3503 3543 interior
3536 3489 3845 3544 renovabatur

568 3574 890 3628 substantia:
933 3573 1196 3644 explicari
1236 3590 1345 3629 non
1402 3575 1573 3644 possit
1624 3574 1842 3645 (Jerem.
1877 3590 1984 3630 xvn
2008 3616 2022 3640 ,
2053 3572 2168 3647 20),
2275 3583 2344 3640 de
2371 3583 2459 3639 die
2489 3583 2541 3637 in
2579 3581 2757 3648 diem;
2787 3583 2914 3653 quia
2950 3580 3092 3637 diem
3133 3579 3239 3635 sibi
3283 3579 3719 3651 uniuscujusque
3750 3580 3844 3635 ﬁdes

570 3664 738 3723 bcum
768 3668 1530 3738 aitApostoluszNoliteante
1549 3679 1745 3741 tempus
1763 3670 1886 3739 quid
1905 3671 2168 3742 judicare,
2275 3688 2329 3734 et
2375 3679 2546 3750 gratia
2592 3676 2926 3747 operationis
2970 3675 3260 3730 illuminat.
3321 3673 3490 3731 Unde
3549 3691 3653 3732 nec
3695 3674 3845 3730 Paulus

570 3761 734 3817 donec
760 3763 928 3817 veniat
960 3761 1218 3818 Dominus
1256 3765 1346 3833 qui
1373 3763 1688 3820 illuminabit
1710 3766 1911 3819 occulta
1939 3765 2172 3819 tenebra—
2273 3770 2551 3841 apostolus
2583 3779 2798 3825 noctem
2829 3768 3069 3835 sciebat;
3104 3767 3230 3839 quia
3260 3767 3352 3836 qui
3381 3778 3716 3832 renovatur,
3742 3781 3845 3820 sem-

566 3873 720 3924 rum,
772 3867 819 3913 et
850 3858 1204 3930 manifestabit
1249 3859 1470 3913 consilia
1512 3861 1745 3913 cordium
1775 3876 1793 3914 :
1826 3869 1873 3913 et
1906 3869 2026 3914 tunc
2057 3860 2172 3913 laus
2275 3879 2370 3933 per
2418 3863 2470 3917 in
2515 3863 2633 3919 luce
2675 3871 2778 3918 est.
2825 3864 2906 3917 An
2955 3861 3049 3916 tibi
3095 3876 3203 3915 non
3243 3859 3469 3916 videtur
3516 3862 3575 3916 in
3608 3859 3844 3941 luce,_qui

561 3950 663 4005 erit
698 3951 972 4020 unicuique
999 3969 1032 4007 a
1059 3950 1170 4007 Deo
1195 3952 1215 4025 (
1233 3951 1254 4006 l
1284 3951 1407 4006 Cor.
1436 3966 1513 4019 1v,
1545 3949 1645 4021 5)?
1674 3952 1958 4009 Tenebras
1988 3953 2171 4009 cordis
2273 3954 2472 4010 Christi
2507 3955 2560 4010 in
2587 3971 2646 4010 sc
2672 3955 2917 4010 continet
2942 3952 3300 4009 charitatem?
3337 3963 3358 3992 ο
3391 3953 3463 4008 Et
3490 3953 3621 4009 ideo
3649 3952 3842 4008 immolas
3940 3949 3941 4022 ἲ

566 4059 714 4115 saepe
761 4045 898 4115 locoj
920 4045 1164 4100 criminis
1205 4043 1471 4116 legimus;
1516 4046 1682 4100 immo
1732 4061 1905 4116 prope
1948 4047 2166 4117 ubique.
2275 4050 2437 4106 tionis
2467 4064 2692 4106 securus
2718 4049 2855 4105 dura
2877 4065 2984 4106 non
3010 4047 3208 4119 refugit
3239 4066 3253 4102 :
3280 4062 3384 4104 nec
3421 4064 3557 4105 eum
3591 4048 3841 4119 persecutio
3940 4025 3941 4086 Ϊ

566 4135 704 4193 Vide
733 4152 862 4210 ergo
902 4153 970 4194 ne
999 4138 1101 4193 ista
1131 4137 1240 4192 sint
1263 4137 1476 4193 occulta
1509 4137 1880 4204 tenebrarum,
1904 4154 2026 4209 qua:
2045 4148 2172 4194 sunt
2272 4143 2402 4211 ulla,
2429 4152 2523 4198 aut
2550 4143 2742 4211 fames,
2769 4153 2864 4199 aut
2888 4141 3096 4214 gladius
3125 4150 3300 4211 potest
3329 4158 3360 4195 ει
3385 4141 3623 4197 Christo
3661 4142 3840 4196 Domino

486 4241 488 4243 '
568 4231 752 4286 cordis
797 4231 1051 4298 occulta;
1104 4230 1340 4302 ideoque
1389 4233 1737 4289 tenebrarum
1769 4248 1969 4289 nomen
2007 4248 2169 4290 acce-
2271 4251 2548 4307 separare,
2580 4252 2743 4308 quem
2770 4236 2983 4292 vincula
3009 4235 3207 4290 divinae
3231 4233 3528 4290 charitatis
3554 4235 3836 4304 astringunt.

569 4324 770 4393 perint,
798 4324 944 4396 quod
973 4341 1036 4380 ea
1059 4327 1126 4380 ab
1147 4326 1269 4380 aliis
1292 4341 1403 4382 non
1429 4325 1931 4396 deprehendantur,
1966 4327 2060 4382 sed
2086 4328 2166 4381 la-
2343 4329 2434 4384 82.
2470 4329 2651 4402 (Vers.
2676 4328 2794 4401 25.)
2825 4329 3044 4384 Interim
3073 4337 3252 4384 tamen
3284 4326 3342 4381 in
3372 4325 3542 4383 bonis
3571 4327 3727 4383 etiam
3747 4341 3838 4396 opto

570 4424 740 4472 teant.
761 4416 825 4471 Et
847 4417 969 4472 ideo
990 4417 1254 4472 Dominus
1273 4420 1327 4473 in
1347 4419 1642 4490 diejudicii
1669 4419 2076 4475 illuminaturus
2091 4434 2169 4473 as-
2272 4420 2422 4477 ribus
2463 4437 2618 4477 mens
2646 4419 2880 4476 humana
2909 4420 3186 4486 turbatur,
3215 4429 3269 4475 et
3306 4420 3705 4476 tentationibus
3739 4433 3834 4489 qua-

567 4508 768 4565 seritur
796 4510 1009 4565 occulta
1041 4511 1390 4566 tenebrarum
1428 4527 1443 4576 ;
1475 4511 1599 4582 quia
1625 4526 1721 4566 cor
1745 4510 2168 4582 uniuscujusque
2273 4514 2420 4570 titur.
2445 4514 2647 4570 Tamen
2675 4523 2731 4570 ct
2762 4514 2864 4570 hoc
2885 4514 3156 4584 justorum
3185 4522 3301 4581 est,
3334 4521 3392 4568 ut
3423 4527 3553 4568 cum
3591 4528 3652 4569 se
3688 4512 3835 4568 tentari

564 4600 1024 4668 manifestabitur,
1044 4601 1188 4673 quod
1205 4612 1331 4659 ante
1351 4603 1622 4658 occultum
1647 4599 2165 4673 eratzsoliquidem
2192 4621 2246 4682 ῃ
2269 4608 2542 4675 viderint,
2579 4607 2952 4678 adjumentum
2991 4606 3317 4677 deposcant;
3365 4605 3516 4662 sicut
3561 4607 3772 4678 apostoli
3800 4605 3835 4658 in

565 4693 787 4750 Christo
817 4695 1121 4766 cognitum,
1149 4695 1238 4766 qui
1267 4696 1446 4751 sciens
1475 4697 1662 4766 iudicii
1689 4697 1770 4752 sui
1791 4697 2022 4767 gratiam
2051 4696 2127 4751 ait
2152 4714 2166 4750 :
2275 4699 2567 4771 Evangelio
2602 4697 2820 4771 (Matth.
2855 4715 2951 4753 vtu
2973 4741 2987 4764 ,
3012 4699 3129 4768 25),
3157 4714 3281 4754 cum
3319 4696 3582 4754 Christus
3620 4697 3836 4754 dormiret

571 4786 725 4844 Nihil
753 4798 827 4846 est
880 4790 1171 4856 occultum,
1212 4792 1349 4861 quod
1383 4807 1486 4846 non
1515 4790 1931 4861 manifestabilur
1952 4789 2168 4863 (Matth.
2270 4789 2324 4845 in
2354 4790 2498 4857 navi,
2525 4797 2903 4860 tempestatem
2934 4790 3193 4846 ﬂuctuum
3217 4789 3582 4847 formidantes
3611 4793 3834 4848 excitave—

569 4896 626 4948 ι,
653 4881 770 4953 26).
2271 4891 2396 4937 runt
2421 4881 2710 4936 Dominum
2738 4881 2950 4946 Jesum,
2981 4890 3039 4936 ut
3063 4880 3133 4936 ab
3155 4879 3240 4936 his
3268 4881 3627 4940 formidinem
3656 4882 3835 4953 propul-

637 4975 729 5032 80.
772 4976 909 5034 Sunt
937 4985 1116 5032 autem
1157 4977 1326 5033 multa
1372 4992 1494 5048 quae
1535 4987 1757 5048 propter
1779 4979 2167 5035 verecundiam
2271 4983 2435 5030 saret.
2475 4973 2668 5029 Nonne
2709 4973 2804 5029 tibi
2833 4973 3081 5029 videntur
3107 4974 3283 5028 sancti
3322 4975 3567 5045 apostoli
3613 4977 3740 5031 istos
3775 4974 3835 5028 di-

564 5070 884 5140 premimus,
901 5071 1363 5141 etutimpleamus
1384 5071 1612 5127 caeleste
1636 5074 1970 5141 mandatum,
2001 5072 2167 5128 tacito
2271 5068 2415 5122 xisse
2441 5065 2739 5122 versiculos
2767 5082 2779 5116 :
2807 5063 3078 5135 Exsurge,
3110 5080 3270 5134 quare
3293 5065 3586 5132 obdormis,
3608 5064 3836 5120 Domine?

561 5163 708 5234 apud
733 5178 832 5218 nos
880 5173 1129 5219 tenemus
1158 5164 1353 5220 affectu
1381 5181 1396 5231 ;
1450 5180 1516 5220 ne
1542 5165 1822 5219 videamur
1863 5167 1919 5220 in
1945 5165 2013 5222 iis
2043 5183 2167 5238 qum
2269 5159 2528 5231 Exsurge,
2556 5168 2603 5214 et
2634 5175 2696 5214 ne
2719 5159 2942 5228 repellas
2971 5175 3131 5229 usque
3163 5160 3216 5213 in
3251 5159 3428 5228 ﬁnem.
3466 5160 3634 5216 Certe
3659 5161 3749 5216 etsi
3772 5161 3837 5214 lit-

564 5262 748 5309 nostra
780 5263 936 5320 sunt,
977 5253 1234 5324 gloriari;
1277 5265 1332 5310 et
1378 5270 1569 5312 eorum
1614 5254 1846 5309 frnctmn
1895 5257 2165 5326 vulgando
2270 5265 2380 5310 tera
2424 5253 2629 5309 distare
2671 5251 2917 5308 videatur
2943 5293 2958 5316 ,
3008 5250 3306 5307 concordat
3349 5253 3645 5308 sententia.
3690 5251 3836 5321 Neque

562 5343 887 5415 incipiamus
932 5346 1208 5402 amittere.
1255 5345 1396 5402 Sunt
1440 5357 1618 5404 autem
1641 5348 1801 5420 921
1829 5349 2044 5405 occulta
2073 5365 2157 5406 sa-
2267 5363 2399 5405 vero
2429 5349 2516 5404 vel
2548 5349 2601 5404 in
2633 5362 2865 5420 corpore
2888 5345 3217 5402 constitutus
3244 5344 3319 5401 ita
3343 5343 3657 5403 dormiebat
3680 5345 3834 5401 Domi-

640 5496 667 5525 α
707 5486 851 5542 Edit.
880 5487 1040 5543 Rom.
1070 5502 1168 5543 sex
1195 5487 1306 5542 illis
1327 5487 1532 5547 verbis.
1564 5489 1776 5558 Aquila,
1805 5497 1939 5554 etc.,
1985 5490 2158 5559 rejec-
2262 5488 2593 5544 dissentiunt
2635 5489 2875 5558 quinque
2902 5487 3020 5552 alii,
3052 5487 3124 5542 ita
3151 5495 3366 5559 partem
3398 5486 3652 5559 ultimam
3677 5485 3833 5557 prafe

565 5558 634 5614 tis
665 5560 719 5612 in
745 5559 1002 5613 inferiora
1028 5599 1043 5622 ,
1074 5569 1129 5614 et
1158 5559 1328 5613 tribus
1357 5556 1630 5626 versibus,
1685 5560 1746 5614 Si
1777 5559 1922 5613 obliti
1953 5556 2153 5625 sumus,
2263 5570 2446 5615 rentes
2476 5578 2488 5612 :
2517 5559 2651 5626 Quid
2682 5568 2730 5613 et
2761 5556 2898 5629 quod
2915 5561 2988 5612 ait
3022 5576 3035 5611 :
3069 5560 3292 5628 requiret
3326 5556 3510 5614 Deus?
3550 5556 3834 5613 Oblirioncm

561 5639 670 5685 etc.
692 5672 707 5695 ,
742 5631 996 5702 continua
1024 5630 1165 5702 serie
1195 5629 1475 5698 dispositis
1499 5671 1513 5695 ,
1566 5630 1872 5699 subjungit,
1911 5630 2049 5696 Quid
2081 5639 2156 5683 est
2269 5640 2546 5702 tuamque:
2573 5632 2803 5702 irrepsit,
2837 5641 2892 5684 ut
2922 5630 3129 5700 auferat
3147 5632 3270 5702 ejus
3292 5645 3442 5684 omne
3471 5632 3756 5702 vestigium.

560 5704 700 5772 quod
729 5700 802 5772 ait
835 5718 848 5772 ς
881 5716 1050 5755 nonne
1077 5699 1220 5754 Deus
1265 5703 1491 5769 requiret
1517 5702 1654 5756 ista?
1687 5702 1885 5766 Quasi,
1916 5708 2026 5772 etc.
2056 5715 2156 5772 ης)-
2333 5701 2360 5739 b
2393 5701 2534 5756 Vict.
2565 5711 2619 5755 et
2643 5701 2826 5766 Colb.,
2869 5699 3153 5756 cum'illud
3171 5699 3373 5771 quoque
3398 5699 3622 5756 turbare
3646 5717 3731 5757 nos
3755 5715 3829 5753 non

563 5770 647 5827 bis
691 5771 761 5827 ab
783 5771 914 5827 edit.
969 5777 1082 5826 aut.
1125 5781 1183 5828 et
1212 5786 1345 5826 mss.
1378 5773 1635 5828 recedere
1664 5772 1913 5842 religioni
1945 5770 2067 5825 fuit.
2090 5771 2152 5826 In
2262 5774 2444 5842 possit,
2474 5772 2612 5842 quod
2634 5773 2708 5826 ait
2739 5773 2781 5825 Α
2821 5775 3036 5838 ostolus,
3065 5781 3176 5828 etc.
3287 5770 3292 5771 “

566 5840 650 5896 his
672 5852 852 5896 tamen
898 5840 967 5896 ab
991 5841 1122 5896 edit.
1182 5852 1238 5896 et
1286 5843 1408 5896 cod.
1441 5842 1585 5896 Vict.
1629 5850 1682 5896 et
1711 5842 1871 5896 Colb.
1903 5842 2153 5896 nonnihil
2337 5854 2358 5881 ε
2391 5844 2546 5896 Rom.
2580 5843 2735 5896 edit..
2767 5790 2832 5896 ἕε
2860 5843 2974 5896 ideo
3005 5841 3322 5896 renovationi

566 5840 650 5898 his
672 5852 852 5900 tamen
898 5840 967 5899 ab
991 5841 1122 5899 edit.
1182 5852 1238 5898 et
1286 5843 1408 5900 cod.
1441 5842 1585 5898 Vict.
1629 5850 1682 5897 et
1711 5840 1871 5899 com.
1903 5842 2153 5898 nonnihil
2263 5840 2269 5842 ’
2337 5854 2358 5881 ε
2391 5840 2546 5899 Rom.
2580 5843 2736 5912 edit.,
2767 5840 2832 5897 Et
2860 5843 2974 5899 ideo
3005 5841 3349 5900 renovationis
3376 5858 3612 5901 securus.
