4008 6352
71 270 246 330 1129

1222 264 1291 324 ΙΝ
1329 260 1662 326 ΡεΑιιιιιιι
1702 261 1868 324 XLIII
1906 261 2333 326 ENARRA'I'IO.

3294 267 3439 330 "50

76 405 200 445 nos
240 393 446 444 noster
465 384 626 444 Jesus
650 383 896 442 Christus
919 425 934 452 ,
960 391 1019 440 ut
1047 385 1318 455 ignoraret
1352 392 1726 456 tempestatem
1755 387 1806 448 Α
1837 387 2005 452 tium,
2040 386 2258 458 quando
2300 381 2581 440 descendit
2625 380 2677 438 in
2727 381 3027 453 tumulum;
3067 385 3242 458 ipsum
3289 390 3436 446 enim

76 480 300 543 maris,
334 488 394 533 et
416 489 602 534 exorta
633 477 869 548 procella
901 487 1184 533 venturum
1214 477 1578 546 cognitionem
1611 477 1730 544 ejus

79 590 195 645 per
244 573 606 630 altitudinem
647 575 859 644 saporis
893 572 1203 628 excederet.
1249 571 1559 626 Dormiebat
1609 587 1730 625 cur-

80 685 235 740 pore
261 711 279 734 ,
306 667 412 724 sed
435 669 637 724 virtute
665 666 940 738 vigilabat.
979 666 1048 722 Et
1086 665 1372 734 dis-postia
1402 666 1491 718 illa
1521 663 1640 728 fuit,
1674 672 1732 720 ut

81 761 448 818 ascenderet
513 761 565 817 in
626 777 818 816 navem
868 760 961 814 Dei
1024 757 1233 824 Filius,
1295 757 1390 812 Dei
1442 756 1726 814 Verbum:

81 853 488 911 ascenderem
517 855 680 910 etiam
698 851 1129 922 simuldiscipuli
1158 851 1239 906 sui
1268 865 1436 922 :quos
1467 853 1728 907 remissos

82 949 275 1023 922
309 957 371 1004 et
412 947 750 1020 negligentes
780 961 903 1002 esse
933 962 1038 1000 non
1073 959 1264 1016 passus
1284 986 1299 1012 ,
1327 945 1482 1017 quasi
1527 945 1593 1002 dc
1624 945 1730 1001 Do-

87 1044 241 1100 mini
273 1043 570 1116 putesentia
597 1051 654 1098 et
681 1041 867 1098 favore
893 1055 1338 1106 securos,somno
1368 1040 1612 1110 corporis
1641 1055 1736 1109 se:

87 1152 155 1195 se
191 1135 538 1208 composuit.
569 1136 713 1208 Ergo
741 1135 832 1190 illa
860 1135 1046 1204 specie
1094 1133 1307 1197 somni,
1343 1131 1584 1188 dormire
1608 1146 1730 1189 sese

89 1232 322 1288 mundo
372 1231 538 1298 huic,
570 1229 837 1302 apostolis
870 1228 1106 1285 Verbum
1153 1227 1244 1282 Dei
1291 1226 1726 1282 demonstrabat.

93 1325 395 1396 Vigilabat
438 1336 618 1380 tamen
665 1325 784 1393 ejus
827 1332 1068 1393 poteStas
1105 1329 1160 1376 ct
1205 1319 1580 1391 providentia,
1609 1334 1730 1390 qua:

93 1423 380 1480 excitavit
424 1428 803 1490 tempestatem
849 1419 900 1473 in
939 1418 1109 1482 mari;
1139 1424 1196 1470 nt
1245 1415 1395 1470 navis
1441 1429 1730 1485 propemo-

93 1517 238 1573 dum
287 1513 701 1586 insurgentibus
735 1512 989 1568 ﬁuctibns
1019 1509 1328 1578 operiretur
1361 1527 1373 1562 :
1424 1524 1528 1577 qua
1566 1506 1732 1563 disci-

99 1612 223 1684 puli
271 1619 601 1682 tempestate
650 1606 890 1672 turbati,
922 1614 1101 1659 utrum
1144 1603 1381 1659 salubris
1413 1599 1627 1656 consilii
1669 1615 1730 1656 se

99 1706 437 1777 provisione
477 1702 767 1768 fulcirent,
818 1716 887 1755 an
932 1708 1114 1755 vero!1
1146 1697 1448 1753 remedium
1494 1694 1728 1750 excede-

1833 479 2060 570 Ioseph,
2093 483 2234 536 sient
2257 479 2607 550 Evangelium
2635 478 2795 534 docet
2837 478 3052 553 (Matth.
3089 499 3269 549 xxvtt,
3299 483 3394 553 60)
3420 524 3436 548 ,

1836 575 2012 644 posuit
2039 576 2105 629 in‘
2122 587 2472 630 monumento
2501 591 2598 630 suo
2636 590 2774 629 novo
2802 616 2817 640 ,
2851 577 2993 643 quod
3025 577 3226 633 excidit
3257 579 3308 632 in
3343 593 3440 648 pe-

1783 732 1788 736 .
1833 674 1955 732 tra,
1984 675 2039 721 et
2084 667 2321 722 advolvit
2350 684 2536 724 saxum
2590 683 2842 740 magnum
2898 670 2966 724 ad
3002 673 3200 726 ostium
3246 688 3440 727 monu-

1833 760 2024 814 menti.
2059 760 2300 831 Denique
2329 772 2382 816 et
2412 763 2466 818 in
2499 761 2603 817 alio
2631 762 2770 818 libro
2798 778 2812 816 :
2844 761 3051 831 Posuit,
3086 765 3289 834 inquit,
3324 784 3438 825 eum

1831 852 1888 907 in
1908 864 2232 908 monumento
2255 857 2446 921 exciso,
2481 857 2534 912 in
2556 873 2657 929 quo
2680 858 2908 913 nondum
2938 861 3207 932 quisquam
3241 863 3442 934 positus

1832 957 1942 1002 erat
1973 946 2154 1020 (Joan.
2186 964 2304 1013 nx,
2337 950 2454 1022 Μ).
2883 943 2892 946 ’

1905 1042 1994 1098 85.
2023 1044 2155 1110 Quis
2178 1053 2356 1099 autem
2387 1046 2605 1115 est,'qui
2637 1061 2758 1102 cum
2781 1062 2916 1104 voce
2943 1048 3120 1105 laudis
3147 1059 3199 1106 et
3226 1052 3440 1111 confes-

1833 1136 2003 1191 sionis
2059 1137 2290 1192 Domino
2336 1137 2823 1205 sacriﬁeavit;nisi
2880 1141 3139 1210 Princeps
3194 1146 3439 1200 omnium

1832 1229 2196 1292 sacerdotum.
2229 1229 2322 1301 qui
2348 1241 2401 1285 et
2431 1241 2553 1287 vOta
2579 1247 2676 1302 pro
2701 1235 2955 1290 omnibus
2986 1239 3135 1290 vovit
3162 1246 3216 1292 et
3255 1236 3435 1292 reddi-

1833 1321 1947 1376 dit?
1968 1321 2129 1377 Solus
2159 1323 2303 1378 enim
2334 1322 2564 1379 effectus
2592 1325 2674 1378 sui
2701 1325 2886 1381 habuit
2917 1338 3263 1396 potestatem.
3289 1329 3450 1386 Sirut
3482 1371 3488 1376 -

1832 1414 1980 1470 enim
2030 1414 2198 1470 Jonas
2238 1415 2436 1471 missus
2467 1423 2552 1472 est
2595 1416 2649 1470 itt
2688 1403 2864 1484 mare,
2891 1428 2945 1473 ct
2975 1420 3183 1489 qttievit
3221 1438 3374 1478 mare
3413 1437 3444 1477 a

1833 1508 2200 1563 eammotione
2243 1522 2377 1574 sua;
2411 1508 2482 1562 ita
2534 1509 2796 1564 Dominus
2839 1512 3004 1586 923
3055 1523 3242 1569 noster
3285 1513 3444 1572 .Iesus

1833 1600 2083 1657 Christus
2115 1601 2263 1656 venit
2294 1601 2349 1657 in
2402 1600 2548 1656 hunc
2580 1603 2871 1664 mundum,
2907 1619 2964 1657 ut
2993 1606 3250 1660 mundum
3282 1608 3443 1663 lucri—

1835 1694 2059 1763 faceret,
2086 1705 2141 1750 et
2169 1696 2431 1766 sanguine
2470 1710 2569 1750 suo
2596 1697 2776 1752 omnia
2811 1697 3122 1765 paciﬁcaret
3145 1742 3161 1767 ,
3186 1700 3302 1755 sive
3335 1709 3447 1757 ter-

100 1808 274 1864 rent,
306 1803 757 1868 cognosceretur.
786 1791 892 1848 Sed
923 1792 1032 1846 illis
1057 1790 1254 1862 quibus
1282 1788 1442 1858 Iesus
1468 1801 1577 1842 non
1604 1785 1732 1841 dor-
1761 1793 1809 1855 Β
1838 1802 1999 1853 rena,
2049 1787 2166 1844 sive
2223 1787 2492 1843 caelestia.
2537 1789 2789 1844 Adventu
2846 1789 3012 1858 igitur
3059 1807 3158 1846 suo
3209 1793 3444 1850 redemit

101 1889 345 1954 miebat,
382 1887 636 1958 vigilabat
671 1885 849 1940 ﬁdes:
882 1893 936 1938 et
974 1883 1096 1938 idco
1131 1894 1417 1952 surgentes
1462 1879 1734 1934 excitave-

102 1993 240 2039 runt
281 1982 573 2038 Dominum
605 1977 815 2044 Iesum,
839 1977 1084 2033 dicentes
1114 1992 1126 2030 :
1158 1974 1399 2040 Domine,
1429 1971 1572 2028 salva
1602 1988 1730 2040 nos,

104 2077 349 2147 perimus
379 2073 596 2148 (Matth.
629 2088 742 2137 vtn,
770 2069 884 2140 25).

181 2169 278 2226 83.
311 2165 455 2223 Vide
500 2163 548 2220 si
589 2162 756 2221 etiam
807 2161 938 2217 illud
982 2161 1261 2231 discrepat
1303 2160 1373 2216 ab
1407 2158 1727 2229 Evangelio,

101 2262 258 2334 quod
303 2260 376 2318 de
417 2259 556 2318 Jona
599 2259 831 2330 legimus
867 2255 1062 2331 (Jonw,
1087 2273 1126 2321 ι,
1151 2255 1239 2327 5),
1288 2256 1378 2327 qui
1423 2253 1732 2310 dormiebat

103 2357 162 2412 in
183 2364 380 2411 ventre
411 2353 583 2418 navis,
608 2362 663 2408 et
689 2350 954 2407 stertebat
987 2369 999 2405 :
1045 2353 1097 2407 in
1126 2365 1235 2420 quo
1261 2365 1432 2406 sacra:
1460 2347 1730 2420 passionis

105 2451 284 2522 ﬁgura
349 2447 653 2521 praecessit.
704 2445 859 2503 Sicut
906 2445 1050 2500 enim
1099 2443 1266 2501 Jonas
1318 2442 1621 2499 dormiebat
1673 2441 1728 2498 in

103 2542 254 2607 navi,
285 2550 344 2598 et
363 2541 631 2597 stertebat
653 2554 900 2602 securus,
930 2539 1086 2610 quasi
1116 2553 1222 2592 non
1251 2545 1499 2592 metuens
1530 2535 1729 2605 depre-

104 2635 274 2691 hendi
303 2632 417 2701 ;-ita
451 2633 710 2691 Dominus
748 2641 933 2687 noster
958 2630 1117 2687 Iesus
1145 2628 1426 2696 Christus,
1457 2630 1551 2700 qui
1589 2629 1728 2700 ﬁgu-

104 2747 224 2787 ram
257 2730 408 2786 illam
437 2736 782 2786 sacramento
810 2742 924 2782 suae
956 2726 1147 2782 mortis
1175 2724 1453 2795 implevit,
1484 2735 1728 2794 tempore

109 2822 395 2894 Evangelii
433 2822 485 2876 in
519 2825 641 2877 navi
673 2819 932 2876 dormivit
963 2837 977 2874 :
1012 2829 1067 2874 et
1096 2818 1236 2874 sicut
1275 2817 1366 2873 ille
1397 2818 1569 2873 tribus
1611 2816 1732 2873 die-

108 2918 210 2974 bus
245 2927 299 2972 et
337 2916 510 2972 tribus
540 2916 793 2972 noctibus
834 2913 933 2970 fuit
974 2914 1026 2969 in
1066 2922 1259 2969 ventre
1297 2913 1442 2979 ceti;
1472 2910 1548 2968 ita
1584 2912 1728 2967 ﬁlius

109 3009 349 3066 hominis
375 3009 552 3065 tribus
574 3008 768 3064 diebus
790 3019 846 3064 et
879 3007 1054 3063 tribus
1082 3007 1334 3062 noctibus
1357 3005 1532 3062 fuitin
1561 3004 1734 3061 corde

113 3112 297 3170 teme,
328 3103 380 3158 in
409 3104 491 3159 sui
523 3101 775 3173 corporis
813 3102 1084 3171 passione.
1113 3100 1215 3169 Qui
1259 3099 1345 3155 ubi
1376 3114 1436 3155 se
1469 3097 1728 3156 excitavit

1836 1883 2121 1939 universos
2167 1883 2447 1950 homines;
2498 1892 2553 1939 et
2602 1886 2916 1955 provocavit
2962 1885 3030 1942 ad
3087 1887 3182 1943 Dei
3235 1889 3444 1946 cultum

1833 1974 2094 2045 operibus
2122 1975 2257 2038 suis.
2275 1990 2408 2031 cum
2439 1985 2685 2032 mortuos
2712 1978 3088 2046 resuscitaret,
3112 1991 3332 2036 sanaret
3361 1982 3446 2037 in-

1833 2067 2040 2142 ﬁrmos,
2069 2069 2320 2126 timorem
2362 2070 2457 2126 Dei
2501 2069 2756 2126 humanis
2798 2071 3090 2128 infundens
3136 2074 3444 2131 aﬁ‘ectibus.

1831 2160 1953 2232 Ipse
1979 2171 2063 2218 est
2087 2163 2180 2234 qni
2215 2161 2554 2220 sacriﬁcavit
2569 2164 2802 2221 Domino
2843 2167 3173 2223 sacriﬁcium
3203 2171 3446 2228 salutare

1833 2268 1932 2321 pro
1955 2255 2137 2321 nobis,
2163 2266 2217 2311 et
2239 2256 2430 2327 dignas
2458 2258 2834 2313 conversionis
2860 2272 3059 2315 nusme
3088 2261 3298 2317 hostias
3329 2263 3442 2320 Deo

1830 2348 2029 2404 obtulit
2058 2365 2073 2414 ;
2107 2350 2223 2419 ipse
2249 2359 2335 2406 est
2362 2350 2452 2420 qui
2477 2350 2756 2418 dormivit,
2792 2361 2849 2408 et
2869 2354 3164 2424 evigilavit.

1901 2441 1997 2498 86.
2027 2441 2341 2499 Cavendmn
2385 2455 2469 2500 est
2507 2461 2638 2516 ergo
2680 2461 2750 2500 ne
2795 2446 3103 2503 obdormiat
3142 2452 3446 2520 peccatori-

1830 2535 1960 2602 bus;
1991 2536 2304 2593 obdormire
2327 2538 2474 2593 enim
2505 2538 2718 2594 videtur
2746 2540 2834 2607 iis,
2865 2541 3064 2612 quibus
3107 2559 3214 2598 non
3258 2559 3444 2600 resur-

1830 2633 2055 2699 rexerit,
2086 2640 2142 2688 et
2170 2647 2308 2702 quos
2335 2633 2388 2688 in
2413 2632 2576 2688 ﬁnem
2603 2633 2840 2705 repellit.
2867 2635 3000 2703 Quis
3023 2645 3205 2693 autem
3242 2649 3324 2694 est
3350 2639 3445 2710 qui

1828 2725 2146 2794 repellitur;
2181 2726 2284 2780 nisi
2310 2726 2402 2796 qui
2433 2728 2810 2798 peregrinatur
2839 2744 2868 2782 a
2898 2730 3148 2798 Domino,
3175 2735 3300 2803 quia
3335 2749 3443 2791 non

1830 2816 2207 2888 peregrinatur
2232 2835 2262 2873 a
2289 2822 2561 2888 corpore?
2587 2819 2872 2888 Quomodo
2897 2823 3043 2877 enim
3076 2837 3305 2892 possunt
3329 2829 3443 2884 Deo

1831 2911 2049 2982 placere
2079 2911 2169 2982 qui
2198 2913 2250 2966 in
2286 2926 2454 2967 carne
2479 2913 2644 2968 sunt?
2675 2912 2744 2967 Et
2781 2913 2906 2968 ideo
2936 2931 3042 2969 non
3075 2914 3130 2970 in
3168 2932 3334 2975 carne
3362 2921 3444 2975 si-

1828 3021 1971 3072 mus,
1999 3007 2098 3063 sed
2127 3006 2320 3076 spiritu
2356 3024 2369 3060 :
2402 3006 2780 3063 adbmreamus
2821 3009 3052 3064 Domino
3072 3008 3234 3079 Iesu,
3267 3015 3356 3082 qui
3380 3027 3444 3073 se

1829 3102 1884 3157 in
1911 3101 2252 3170 octogesimo
2292 3111 2347 3158 et
2390 3109 2582 3156 octavo
2614 3103 2822 3172 psalmo
2853 3103 3134 3171 repulsum
3164 3103 3297 3160 dicit
3340 3122 3445 3177 pro

111 3212 142 3254 a
193 3208 386 3264 morte,
414 3207 470 3254 et
506 3213 758 3254 somnum
784 3196 870 3252 sui
913 3197 1162 3268 corporis
1193 3194 1487 3262 relaxavit,
1521 3205 1580 3248 ut
1625 3209 1723 3264 pro
1752 3196 1798 3261 C
1831 3195 2008 3251 nobis.
2041 3193 2125 3253 Tu
2148 3211 2265 3251 vero
2295 3195 2536 3265 repulisti
2556 3209 2654 3262 pro
2675 3193 2842 3249 nihilo
2863 3236 2880 3261 ,
2919 3192 3158 3262 Domine,
3191 3198 3448 3254 distulisti

113 3291 288 3347 salute
333 3300 645 3363 resurgeret
683 3291 1096 3356 universorum,
1129 3289 1431 3359 Discipulos
1461 3288 1722 3343 visitavit.

119 3387 216 3443 llic
247 3395 332 3443 est
363 3402 493 3456 ergo
520 3401 682 3442 verus
709 3384 876 3441 Jonas
901 3427 915 3451 ,
941 3385 1032 3456 qui
1060 3384 1255 3441 obtulit
1293 3383 1530 3438 animam
1569 3397 1722 3437 suam

99 3480 548 3551 redemptionem
578 3495 676 3551 pro
707 3478 886 3535 nobis.
915 3477 1211 3549 Propterea
1243 3492 1374 3549 ergo
1401 3476 1646 3533 sublatus
1670 3483 1728 3531 et

124 3575 320 3630 missus
354 3582 438 3630 est
467 3573 520 3628 in
549 3587 700 3629 mare
722 3615 738 3640 ,
771 3579 829 3626 ut
855 3571 1197 3642 exciperetur
1227 3578 1285 3626 et
1313 3569 1670 3625 devoraretur
1694 3583 1726 3624 a

125 3675 274 3732 ceto,
305 3683 409 3738 quo
435 3667 576 3721 intra
602 3666 785 3721 alvum
815 3666 920 3722 ceti
947 3665 1159 3738 positus
1187 3663 1306 3735 ejus
1334 3665 1593 3720 interiora
1626 3678 1724 3718 va-

127 3769 333 3815 cuaret.
366 3759 440 3813 De
469 3775 578 3830 quo
605 3767 727 3814 ceto
756 3759 858 3816 hoc
887 3759 1091 3815 dictum
1120 3757 1218 3820 sit.
1251 3758 1374 3812 audi
1406 3758 1512 3814 Job
1540 3759 1726 3814 dicen—

131 3863 238 3910 tem
267 3870 280 3907 :
313 3852 410 3920 Qui
437 3853 609 3919 habet,
641 3852 838 3922 inquit,
869 3869 1110 3924 magnum
1131 3860 1295 3906 cetum
1322 3853 1584 3922 captivum
1609 3852 1728 3907 red-

134 3951 249 4004 dcre
274 3947 404 4021 (Job
427 3949 532 4020 ιιι).
560 3947 693 4016 Quis
723 3947 826 4003 iste
855 3947 986 4003 est?
1014 3946 1209 4016 Utique
1248 3946 1536 4016 cognoscis
1555 3988 1568 4012 ,
1603 3960 1726 4000 cum

135 4043 324 4114 legeris
348 4042 488 4114 quod
516 4041 772 4096 Dominus
801 4048 984 4095 uoster
1005 4036 1163 4094 Iesus
1183 4037 1436 4094 Christus
1460 4038 1726 4108 captivam

138 4137 344 4194 duxerit
408 4135 808 4205 captivitatem;
857 4120 1070 4190 devicto
1123 4133 1270 4189 enim
1313 4131 1631 4189 adversario
1674 4139 1732 4187 et

143 4233 378 4298 inimico,
407 4247 506 4287 nos
551 4230 642 4302 qui
688 4230 890 4301 captivi
919 4244 1164 4294 eramus,
1194 4228 1464 4299 capimus
1508 4227 1730 4284 liberta-

147 4333 248 4382 tem
276 4322 554 4396 possidere
578 4338 675 4394 per
698 4323 975 4380 Christum
1008 4321 1228 4394 (Ep/tes.
1259 4337 1334 4389 ιν,
1363 4321 1442 4394 8).

213 4417 298 4472 8i.
331 4416 568 4487 Denique
597 4415 712 4487 ipsa
741 4415 918 4472 oratio
955 4414 1131 4470 sancti
1161 4413 1315 4470 Iona:
1351 4415 1513 4470 docet
1542 4413 1726 4469 Domi-

147 4509 273 4566 nicrc
309 4509 570 4579 passionis
607 4523 730 4565 esse
773 4507 1067 4581 mysteria.
1100 4523 1222 4563 cum
1250 4506 1386 4563 dixit
1416 4521 1430 4560 :
1465 4503 1730 4572 Clamari,

1828 3288 2092 3345 Christum
2123 3299 2299 3354 tuum,
2335 3289 2560 3343 evertisti
2603 3298 2964 3343 testamentum
2987 3291 3120 3345 servi
3151 3293 3226 3346 tui
3257 3291 3435 3364 (Psal.

1828 3400 2068 3439 Lxxxvnt
2090 3426 2104 3451 ,
2137 3384 2206 3441 59
2242 3395 2290 3438 et
2319 3383 2436 3454 40).
2469 3383 2656 3454 Itaque
2695 3385 2948 3453 repulsus
2981 3385 3033 3440 in
3076 3386 3231 3442 nobis
3263 3387 3443 3446 factus

1827 3486 1908 3532 est
1956 3477 2008 3532 in
2056 3477 2408 3548 approbrium
2434 3475 2628 3531 vicinis
2675 3479 2832 3542 suis;
2867 3477 2960 3533 ille
3005 3478 3150 3534 enim
3199 3484 3446 3552 suscepit

1827 3569 2179 3641 opprobrium
2205 3569 2407 3634 crucis,
2439 3579 2495 3624 ut
2520 3584 2623 3625 nos
2654 3569 2883 3640 gloriam
2916 3586 3030 3627 sua:
3073 3578 3437 3632 resurrectio-

1828 3665 1914 3721 nis
1961 3665 2225 3720 indueret.
2270 3665 2543 3735 Repulsus
2573 3664 2828 3730 videtur,
2875 3666 3031 3736 quasi
3076 3677 3354 3733 mortuus;
3387 3680 3446 3727 et

1829 3758 2081 3829 perfusus
2110 3756 2471 3824 confusione,
2501 3755 2658 3826 quasi
2685 3757 2978 3812 cruciﬁxus
3009 3775 3022 3811 :
3054 3758 3149 3814 sed
3183 3760 3443 3818 benedic-

1829 3859 1918 3909 tus
1943 3862 2026 3906 est
2057 3851 2109 3905 in
2137 3861 2404 3906 aztcrnum
2427 3891 2443 3916 ,
2466 3849 2560 3920 qui
2592 3849 3032 3906 maledictionem
3056 3853 3302 3921 sustulit,
3337 3855 3439 3914 be.

1829 3943 2158 4002 nedictionis
2180 3944 2407 4014 gratiam
2439 3941 2799 4010 comparavit.

1901 4040 1991 4096 87.
2020 4037 2199 4111 (Vers.
2223 4035 2345 4108 24.)
2374 4034 2635 4106 Sequitur
2665 4052 2677 4087 :
2716 4035 2890 4103 Quare
2911 4038 3099 4108 faciem
3123 4048 3265 4095 tuam
3289 4059 3442 4100 aver-

1831 4135 1934 4190 tis?
1958 4133 2220 4190 Avertere
2257 4147 2285 4185 a
2313 4130 2472 4186 nobis
2507 4131 2674 4184 Deum
2719 4127 2910 4185 faciem
2942 4147 3096 4187 suam
3137 4146 3392 4205 putamus
3421 4183 3437 4207 ,

1830 4226 2049 4297 quando
2079 4238 2268 4280 sumus
2298 4223 2354 4279 in
2393 4221 2668 4292 aliquibus
2694 4221 3082 4280 afﬂictionibus
3111 4231 3393 4289 constituti
3423 4252 3440 4301 ς

1833 4331 1890 4378 ιιι
1919 4320 2156 4378 tenebrae
2181 4328 2370 4374 nostro
2389 4316 2740 4373 oﬂ'undantur
2778 4317 3019 4387 aﬁ‘ectui,
3047 4317 3244 4389 quibus
3266 4325 3437 4397 impe-

1832 4413 1931 4471 diti
1959 4413 2223 4484 fulgorem
2249 4410 2495 4467 veritatis
2520 4409 2692 4465 oculis
2717 4411 2918 4466 nostris
2945 4412 3164 4471 haurire
3192 4432 3436 4488 nequea-

1834 4525 1974 4565 mus.
1999 4507 2212 4564 Etenim
2244 4506 2290 4560 si
2324 4506 2374 4558 in
2405 4511 2649 4558 nostrum
2679 4503 2818 4558 Deus
2846 4506 3090 4562 attendat
3120 4507 3434 4581 ingenium,

149 4604 330 4675 inquit,
359 4605 425 4660 ad
454 4603 732 4659 Dominum
759 4620 929 4658 meum
955 4604 1011 4658 in
1043 4602 1373 4659 tribulatione
1393 4618 1526 4667 mea,
1554 4611 1602 4656 et
1629 4618 1727 4656 au-
1752 4591 1808 4653 Ῑ)
1833 4613 1890 4660 et
1928 4611 2172 4658 nostram
2215 4606 2453 4653 mentem
2482 4595 2707 4651 visitare
2747 4595 3004 4667 dignetur
3025 4640 3041 4665 ,
3082 4603 3218 4656 certi
3265 4603 3436 4661 simus

151 4699 264 4754 divit
289 4715 362 4754 me
391 4696 454 4751 de
483 4709 652 4752 ventre
677 4698 869 4768 inferni
899 4695 1074 4770 (Iona:
1095 4714 1152 4766 ιι,
1186 4698 1265 4766 '5).
1301 4697 1464 4754 Vides
1491 4697 1616 4768 quia
1651 4697 1733 4752 in-

153 4791 277 4848 lerni
303 4799 541 4847 ventrem
582 4789 754 4855 dixit,
781 4805 885 4844 non
930 4790 1079 4845 ceti?
1113 4791 1373 4846 Dominus
1403 4802 1583 4846 autem
1625 4807 1732 4848 non

151 4883 201 4939 in
227 4895 414 4952 cetum,
443 4883 536 4940 sed
569 4887 620 4940 in
651 4885 920 4940 internum
940 4883 1265 4952 descendit;
1297 4898 1351 4938 ut
1374 4896 1429 4941 et
1460 4886 1535 4941 illi
1561 4887 1650 4957 qui
1678 4886 1732 4941 in

157 4981 360 5036 infernis
391 4988 568 5049 erant,
603 4996 632 5035 a
666 4981 943 5052 perpetuis
973 4980 1204 5036 vinculis
1231 4981 1596 5037 solverentur.
1632 4980 1736 5036 De-

159 5075 304 5143 nique
331 5073 568 5144 plerique
599 5073 762 5130 etiam
790 5082 1235 5129 resurrexerunt.
1263 5072 1394 5142 Qua:
1422 5083 1602 5128 autem
1629 5071 1734 5128 ﬂu-

159 5167 288 5222 mina
328 5167 799 5222 circmndederunt
850 5167 1082 5233 Ionam,
1132 5175 1226 5222 aut
1277 5166 1346 5222 de
1394 5183 1495 5237 qua
1538 5169 1736 5240 abysso

161 5260 279 5316 dixit
296 5259 453 5316 Jonas
481 5278 495 5315 :
530 5256 755 5333 Abyssns
781 5261 1116 5316 circumdedit
1143 5276 1219 5314 me
1241 5260 1538 5326 novissima,
1563 5259 1739 5316 mersit

163 5363 300 5425 caput
324 5371 483 5408 meum
514 5354 568 5408 in
596 5355 810 5424 ﬁssuras
833 5356 1124 5422 montium;
1152 5353 1392 5408 descendi
1426 5354 1479 5408 in
1512 5363 1702 5409 terram
1721 5395 1736 5420 ,

166 5448 295 5520 cujus
330 5462 452 5502 sera:
486 5457 602 5500 sunt
640 5447 954 5500 continentes
993 5430 1475 5522 wternales'(lbid.,
1507 5447 1541 5502 6
1577 5458 1625 5501 et
1657 5446 1740 5518 7)?

167 5538 338 5610 Utique
364 5539 464 5594 huc
487 5540 552 5594 ad
587 5555 871 5608 personam
900 5539 1054 5595 Jonre
1088 5555 1193 5594 non
1222 5539 1452 5612 qttadrat
1477 5581 1492 5604 ,
1526 5549 1582 5594 et
1613 5554 1744 5594 con-

170 5633 312 5689 venit.
357 5632 523 5689 Filius
566 5647 746 5688 autem
792 5634 886 5690 Dei
923 5634 1209 5691 descendit
1238 5636 1290 5691 in
1328 5636 1552 5690 tissuras
1589 5649 1745 5689 mon-

1837 4697 1981 4768 quod
2011 4694 2152 4750 nulla
2179 4707 2269 4750 res
2299 4691 2457 4746 nobis
2484 4691 2768 4762 caliginem
2796 4694 2964 4762 possit
2989 4694 3280 4752 obducere.
3316 4699 3444 4756 Ete.

1839 4790 1951 4845 nim
1987 4787 2032 4844 si
2066 4787 2244 4840 vultus
2283 4783 2522 4840 hominis
2547 4785 2762 4840 caneris
2792 4785 3156 4843 membrorum
3200 4792 3445 4860 partibus

1840 4882 1962 4953 plus
2004 4879 2229 4950 refulget
2261 4920 2277 4948 ,
2312 4885 2368 4934 et
2396 4893 2790 4949 quemcumque
2831 4878 3124 4945 intuetnur,
3159 4884 3245 4938 vel
3293 4887 3442 4943 ineo.

1842 4975 2047 5047 gnitutn
2079 4972 2426 5044 agnoscimus
2449 5014 2464 5038 ,
2494 4972 2579 5026 vel
2629 4969 2900 5040 cognitum
2956 4979 3398 5043 recognoscimus
3423 5024 3439 5048 ,

1842 5084 2001 5140 quem
2046 5077 2298 5138 aspectus
2342 5076 2530 5120 noster
2583 5064 2751 5117 latere
2794 5076 2902 5117 non
2953 5063 3191 5133 patitur;
3241 5083 3446 5140 quanto

1845 5161 2020 5235 magis
2063 5160 2156 5216 Dei
2187 5161 2366 5215 vultus
2401 5172 2561 5228 quem
2601 5143 2844 5223 Spectat,
2872 5155 3173 5212 illuminat!
3223 5161 3296 5242 De
3335 5181 3444 5232 quo

1844 5265 1903 5311 υι
1939 5263 2136 5310 ω-ιθτει
2185 5253 2304 5316 eius
2348 5260 2514 5314 sunt;
2560 5247 2635 5302 ita
2677 5255 2733 5302 et
2773 5246 2874 5302 hoc
2906 5251 3222 5317 praet-larum
3273 5259 3448 5313 sancti

1845 5349 2121 5422 Apostoli,
2153 5348 2242 5420 qui
2277 5361 2404 5401 vere
2437 5344 2708 5412 interpres
2745 5352 2824 5396 e~t
2854 5341 3056 5398 Christi
3080 5387 3093 5406 ,
3131 5357 3188 5400 ut
3236 5356 3448 5416 aptiore

1846 5461 1970 5502 eum
2005 5458 2171 5499 sensu
2199 5451 2255 5496 et
2278 5454 2534 5495 seruit-ne
2562 5437 2764 5492 nostris
2795 5437 3108 5494 inlunderet
3138 5444 3407 5500 mentibus
3432 5461 3448 5513 ;

1850 5537 1992 5595 unde
2019 5537 2094 5590 ait
2129 5553 2143 5589 :
2180 5533 2436 5600 Quoniam
2470 5529 2612 5586 Deus
2639 5533 2726 5602 qui
2754 5533 2887 5586 dtxit
2929 5533 2994 5586 tle
3024 5534 3242 5589 tenebris
3279 5536 3453 5597 lumen

1849 5631 2226 5704 splendescere,
2251 5626 2421 5680 illuxit
2446 5626 2500 5679 in
2522 5623 2761 5679 cordibus
2781 5626 2989 5693 nostris,
3012 5629 3082 5680 ad
3111 5629 3454 5690 illuminatio-

234 5817 258 5849 ⁸
279 5808 568 5866 Remedium
596 5811 916 5880 excederent,
949 5810 1054 5870 hoc
1079 5821 1185 5883 est,
1214 5811 1560 5886 praeterirent
1582 5807 2027 5881 omitterentque.
2061 5807 2222 5863 Rom.
2253 5800 2413 5873 edit.,
2445 5799 2724 5884 remedium
2746 5799 3052 5874 exciperent.

424 5906 706 5969 ΡΔτιιοι..
748 5907 919 5972 XIV.

2778 5893 2858 5958 86
