4008 6352
549 347 686 428 tisi
1719 369 1728 375 -
1913 317 2158 412 saucii
2197 315 2522 414 ltiturtdétt
2721 351 2726 358 ‘
3221 315 3230 318 ’
3737 335 3842 408 ita

547 501 664 538 nem
723 475 950 536 scientiis
984 473 1240 531 claritatis
1283 467 1496 527 Domini
1535 467 1590 522 in
1634 467 1768 540 facie
1805 463 1996 521 Christi
2031 461 2158 518 Jesu
2184 471 2236 533 Α
2265 467 2506 523 tudinem
2539 465 2656 536 eius
2687 465 2868 522 videre
2899 481 3006 522 non
3037 479 3360 536 possumus,
3389 471 3590 521 tamen
3619 473 3840 536 quantum

551 577 620 646 (Il
650 575 774 630 Cor.
809 571 990 642 tv,-6).
1015 567 1118 626 Ubi
1149 567 1311 640 igitur
1341 567 1394 620 in
1425 563 1582 620 nobis
1611 561 1857 618 reluceat
1877 558 2156 646 Christus,
2265 561 2573 629 possumus,
2603 559 2752 630 quasi
2801 559 3060 632 reliquias
3101 560 3219 632 ejus
3267 560 3496 616 luminis
3541 559 3840 614 hauriemus.

553 669 879 725 audivimus.
905 665 998 718 Est
1020 663 1166 718 enim
1195 659 1370 730 fulgor
1395 667 1628 714 attentus
1651 637 1978 720 animorum,
2001 665 2160 724 quem
2261 651 2450 724 Neque
2475 653 2618 708 enim
2649 653 2857 724 Moyses
2887 663 3052 708 totam
3095 653 3399 708 divinitatis
3422 654 3554 724 ejus
3599 653 3846 726 plenitudi-

549 763 682 819 ideo
720 761 876 815 Pater
903 755 1048 811 misit
1083 757 1140 810 in
1169 729 1341 810 terras
1369 795 1381 818 ,
1413 761 1471 807 ut
1499 751 1616 820 ejus
1651 747 1940 804 illuminati
1969 747 2118 800 vultu
2146 786 2162 812 ,
2266 761 2389 801 nem
2419 743 2588 812 vidit,
2611 763 2726 816 qua:
2761 745 2964 800 habitat
2999 745 3052 802 in
3095 741 3316 802 Cbristo
3343 729 3752 820 corporaliter:
3779 747 3846 801 sed

553 865 756 910 teterna
789 859 844 907 et.
872 847 1116 905 coelestia
1144 853 1398 916 spectare
1434 843 1745 914 possimus,
1780 835 1868 910 qui
1903 845 2026 892 ante
2057 845 2166 891 ter-
2265 825 2396 894 vidit
2453 837 2750 909 posteriora
2793 837 3000 896 Christi
3023 884 3038 908 ,
3083 839 3218 896 vidit
3267 839 3636 910 splendorem
3681 839 3784 910 ejus
3811 851 3850 895 ut

549 959 682 1004 reua
727 945 960 1016 caligine
999 941 1338 998 tenebamur;
1383 937 1520 1004 Quid
1558 935 1626 991 de
1671 933 1890 990 Christo
1931 933 2164 1002 loquar;
2267 927 2467 996 homo,
2496 931 2633 986 vidit
2669 931 2786 1002 ejus
2831 931 3058 1002 gloriam
3103 935 3410 1006 passionis,
3439 951 3552 1008 per
3599 949 3756 1005 quam
3791 951 3850 990 re-

555 1059 680 1100 cum
703 1042 868 1097 etiam
901 1039 1095 1094 Petrus
1121 1035 1400 1106 apostolus
1422 1031 1618 1088 dixerit
1642 1029 1706 1084 ad
1733 1029 1886 1084 illum
1913 1025 2166 1083 claudum
2269 1037 2432 1094 gnum
2461 1023 2616 1080 nobis
2643 1025 2868 1080 caeleste
2899 1027 3182 1083 reserat-it.

553 1151 628 1194 ex
652 1147 813 1192 utero
837 1133 1028 1188 matris
1059 1145 1172 1186 sua:
1199 1147 1212 1184 :
1241 1127 1459 1200 Respice
1486 1130 1540 1180 in
1563 1141 1656 1180 nos
1687 1121 1824 1200 (Act.
1854 1139 1934 1186 ιιι,
1967 1121 2020 1192 4)
2041 1137 2056 1186 ;
2077 1118 2168 1190 qui
2341 1115 2432 1172 90.
2457 1115 2645 1185 Aquila
2679 1127 2858 1172 autent
2903 1137 2915 1172 :
2951 1118 3124 1188 Quare
3153 1122 3342 1192 facient
3387 1131 3542 1190 tuam
3585 1111 3847 1186 abscondis,

475 1271 478 1276 η
557 1229 799 1301 respexit
827 1229 880 1282 in
911 1227 1132 1282 Petrum
1155 1267 1168 1291 ,
1203 1227 1260 1277 et
1290 1220 1415 1278 tidei
1447 1219 1788 1274 illuminatus
1835 1225 1916 1272 est
1954 1209 2176 1286 gratia?
2273 1211 2490 1282 posuit;
2522 1209 2617 1266 sed
2663 1211 2828 1267 etiam
2881 1211 3065 1270 caeteri
3093 1257 3108 1280 ,
3139 1215 3284 1283 quod
3319 1207 3552 1271 videtur
3605 1219 3852 1270 convenire

559 1323 750 1394 Neque
776 1321 926 1376 enim
949 1313 1254 1387 accepisset
1281 1311 1585 1370 remedium
1613 1307 1882 1374 sanitatis,
1913 1307 2014 1362 nisi
2041 1305 2174 1360 ﬁde—
2275 1317 2398 1358 cum
2423 1301 2592 1374 Moysi
2623 1303 2804 1370 dictis,
2832 1303 2922 1374 qui
2955 1305 3030 1359 ait
3063 1323 3074 1358 :
3103 1303 3419 1362 Demonstra
3450 1317 3504 1362 te
3529 1295 3667 1360 mihi
3697 1305 3849 1378 (Exeat.

561 1417 687 1472 liter
717 1412 1064 1469 credidisset.
1091 1409 1248 1466 Unde
1271 1423 1394 1464 cum
1421 1415 1567 1460 tanta
1595 1403 1766 1476 gloria
1798 1410 1942 1458 esset
1965 1401 2018 1455 in
2047 1415 2176 1469 apo-
2277 1411 2480 1462 xxnu,
2513 1395 2604 1464 l5)
2629 1437 2644 1462 ,
2681 1397 2834 1468 quasi
2873 1397 3084 1454 diceret
3113 1420 3125 1455 :
3169 1399 3286 1454 Noli
3317 1401 3530 1454 vultum
3573 1407 3723 1453 tuum
3761 1401 3852 1452 mihi

559 1510 715 1564 stolis
737 1550 750 1574 ,
780 1506 1007 1560 audiens
1049 1503 1284 1558 transire
1329 1501 1615 1555 Dominum
1665 1497 1848 1552 Jesum
1881 1493 2177 1550 Zacchreus
2276 1487 2632 1554 abscondere,
2661 1489 2754 1544 sed
2783 1491 2956 1562 magis
2977 1489 3296 1548 demonstra
3319 1491 3512 1547 videre
3539 1491 3788 1561 cupienti.

563 1600 810 1657 ascendit
865 1600 922 1652 itt
967 1595 1256 1658 arborem;
1300 1595 1426 1664 quia
1477 1591 1703 1662 exiguus
1745 1599 1799 1644 et
1845 1585 2076 1659 pusillus
2125 1587 2176 1638 in
2349 1585 2440 1642 9L
2475 1583 2539 1639 Et
2585 1584 2795 1640 addidit
2828 1605 2840 1640 :
2873 1585 3236 1654 Oblivisceris,
3283 1587 3460 1657 inquit
3487 1629 3504 1654 ,
3539 1585 3768 1656 inopiam
3795 1605 3856 1640 si»

561 1694 726 1750 turba
773 1707 899 1748 eum
933 1689 1123 1744 videre
1162 1703 1271 1742 nou
1323 1693 1557 1756 poterat.
1589 1681 1735 1736 Vidit
1775 1679 2052 1736 Christum
2081 1721 2094 1744 ,
2127 1687 2182 1734 et
2280 1689 2474 1744 stram,
2499 1689 2546 1734 et
2588 1681 2970 1736 tribulationem
3013 1691 3266 1737 nostram.
3297 1675 3374 1738 De
3395 1699 3508 1756 qua
3547 1681 3732 1752 inopia
3765 1681 3854 1736 dicit

559 1788 754 1843 lumen
799 1783 1027 1839 invertit.
1057 1781 1203 1862 Vidit
1229 1795 1350 1836 eum
1377 1821 1394 1846 ,
1427 1787 1482 1834 et
1511 1777 1752 1848 quiante
1793 1773 1967 1830 aliena
2007 1769 2181 1843 rapie-
2283 1775 2794 1845 sanctusPrOpbeta
2815 1775 3030 1846 quodin
3050 1775 3385 1832 oblivionem
3412 1777 3856 1832 veneritDei‘?.\et
3942 1769 3943 1836 l

569 1883 685 1945 bat,
717 1893 814 1934 sua
844 1877 1101 1932 contulit.
1137 1875 1328 1930 Merito
1359 1885 1490 1943 ergo
1514 1869 1701 1925 dicunt
1725 1867 1816 1923 isti
1843 1883 1858 1920 :
1893 1865 2066 1934 Quare
2089 1867 2176 1936 fa-
2206 1865 2256 1930 Β
2283 1885 2401 1940 qua:
2433 1877 2516 1923 est
2561 1869 2664 1923 ista
2707 1869 2918 1938 inpia,
2949 1887 3108 1942 quam
3139 1871 3418 1927 excidisse
3459 1869 3590 1927 Deo
3637 1879 3804 1924 nostro
3823 1883 3856 1923 et
3941 1867 3943 1942 l

569 1975 702 2028 clem
731 1981 872 2025 tuam
901 1967 1125 2024 avertis?
2067 2023 2094 2046 ἢ
2285 1961 2514 2016 Domino
2555 1965 2956 2034 conqueratur?
3001 1964 3118 2020 Non
3162 1965 3340 2020 otiosa
3387 1965 3496 2019 ista
3551 1972 3644 2018 est
3689 1963 3858 2032 inopia;

571 2093 576 2098 ·
643 2064 812 2140 92E
838 2065 928 2120 88.
961 2063 1066 2118 Aut
1097 2061 1325 2115 fortasse
1355 2067 1642 2129 propterea
1667 2053 1867 2109 dicitur
1893 2067 1906 2116 ;
1935 2051 2057 2122 quia
2085 2047 2154 2104 de

2285 2055 2388 2110 nisi
2432 2053 2570 2112 forte
2595 2071 2660 2111 ea
2688 2073 2808 2128 quae
2839 2065 3196 2127 protectorem
3229 2057 3401 2112 Deum
3431 2063 3494 2110 et.
3525 2065 3857 2110 remunerato-

573 2159 945 2218 siderantibus
975 2155 1180 2212 Christi
1225 2157 1432 2209 moram
1473 2149 1707 2205 faciebat
1747 2145 2028 2201 adventus.
2061 2141 2182 2214 Ipse
2283 2164 2400 2204 rem
2425 2149 2626 2205 habere
2651 2150 3016 2206 consueverit.
3055 2149 3112 2205 Si
3137 2147 3284 2205 enim
3315 2145 3400 2206 est
3429 2151 3628 2220 inopia
3659 2149 3739 2203 cui
3759 2158 3860 2216 patet

573 2259 720 2314 enim
748 2265 831 2310 est
858 2253 1040 2308 vultus
1069 2251 1279 2314 Patris,
1313 2248 1404 2318 qui
1442 2253 1526 2300 est
1559 2243 1736 2313 imago
1765 2249 1820 2296 et
1858 2239 2028 2312 gloria
2065 2235 2178 2290 Dei.
2287 2257 2516 2314 regnum
2563 2243 2858 2312 ctelorum,
2887 2253 3034 2299 recte
3074 2243 3160 2298 isti
3209 2245 3449 2316 inopiam
3507 2257 3672 2298 suam
3715 2239 3860 2296 divinis

573 2353 738 2408 Certe
779 2351 822 2405 si
865 2361 970 2403 non
1013 2345 1078 2400 ad
1125 2341 1516 2398 lucaruatiouis
1558 2337 1678 2408 ejus
1707 2335 1812 2390 hoc
1853 2333 2184 2402 accipiamus
2288 2335 2559 2392 excidisse
2611 2337 2861 2392 sensibus
2905 2337 3277 2403 arbitramur,
3309 2337 3402 2408 qui
3455 2337 3708 2391 animam
3751 2351 3860 2390 sm,

576 2453 1021 2508 sacramentum,
1053 2451 1203 2495 recte
1232 2437 1394 2493 etiam
1441 2431 1574 2490 illud
1608 2439 1871 2500 usurpant
1899 2427 2072 2482 sancti
2105 2425 2188 2480 di-
2289 2427 2623 2486 Ιιυιιιῑιίτιιειηι
2655 2431 2704 2484 in
2723 2433 2957 2500 ,ρυιγειιθ
2979 2431 3358 2502 deplorabant,
3381 2441 3438 2486 ει
3465 2439 3722 2486 ventrem
3749 2445 3860 2484 sum

573 2547 765 2593 centes
794 2553 806 2588 :
836 2535 1010 2602 Quare
1050 2531 1238 2598 faciem
1304 2537 1448 2582 tuam
1490 2523 1722 2579 avertis?
1765 2521 1867 2575 hoc
1897 2529 2024 2574 est:
2063 2517 2156 2572 Ειε

2289 2523 2343 2580 in
2373 2533 2516 2580 terra
2545 2523 2708 2598 925
2742 2519 2950 2580 luerei‘e
2975 2525 3252 2580 dicebant.
3283 2523 3388 2592 Qui
3431 2535 3634 2580 autem
3675 2519 3721 2577 in
3761 2535 3859 2575 tem

573 2628 803 2692 avertis,
833 2625 1087 2685 Domine,
1121 2621 1313 2676 faciem
1342 2629 1486 2673 tuatu
1531 2631 1559 2670 a
1587 2615 1774 2679 nobis,
1805 2621 1982 2667 tamen
2009 2611 2156 2680 signa

2293 2613 2524 2684 haerent,
2551 2621 2803 2676 videntur
2831 2619 3012 2676 divina
3045 2619 3386 2696 protectioue
3417 2619 3660 2690 privari.
3689 2617 3798 2686 Qun
3817 2617 3861 2670 sit

581 2735 696 2782 mm
750 2729 835 2778 εει
863 2721 918 2774 Ῐη
967 2718 1126 2774 “Obis
1157 2717 1336 2770 lumen
1369 2713 1548 2767 “mus
1577 2709 1650 2765 mi
1672 2752 1686 2774 ν
1717 2707 1966 2763 Immine-
2013 2705 2190 2761 Tene“
2293 2707 2422 2786 ergo
2459 2717 2558 2770 ista
2589 2717 2792 2786 inopia,
2827 2715 2949 2770 audi
2979 2735 2992 2770 :
3027 2701 3173 2770 Beati
3223 2715 3366 2771 enim
3397 2731 3666 2786 pauperes
3687 2717 3858 2785 spirits,

579 2831 704 2874 mus
733 2813 866 2870 illud
899 2815 950 2867 in
982 2809 1237 2867 cordibus
1269 2805 1472 2862 nostris
1497 2848 1511 2871 ,
1537 2811 1592 2860 et
1621 2802 1675 2858 lu
1715 2801 1910 2856 intimo
1941 2797 2191 2870 splendet
2291 2809 2522 2881 ipsorum
2559 2809 2692 2863 enim
2737 2819 2810 2864 est
2847 2827 3060 2882 regnum
3106 2811 3350 2865 caelorum
3379 2809 3594 2882 (illam;
3647 2826 3694 2876 v,
3824 2806 3858 2862 Si

576 2909 808 2975 aﬂ'ectu;
843 2921 1020 2977 neque
1049 2904 1198 2960 enim
1235 2903 1522 2974 quisquam
1563 2905 1745 2969 potest
1775 2893 2112 2958 subsistere,
2141 2905 2159 2946 ε

2291 2897 2424 2976 ergo
2455 2903 2610 2959 beata
2643 2916 2932 2974 paupertas
2957 2915 3040 2961 est
3067 2947 3080 2970 ,
3102 2907 3186 2961 cui
3223 2915 3370 2974 patet
3397 2904 3638 2970 oculum,
3671 2912 3859 2958 terrenas

577 3015 636 3061 tu
662 3013 880 3059 avertas
905 2999 1095 3054 faciem
1125 3005 1292 3052 tuam.
1327 2995 1516 3048 Omnia
1543 2991 1688 3047 enim
1717 3003 1749 3043 a
1775 2997 1822 3043 te
1847 2995 2144 3060 exspectant

2292 2993 2423 3053 istas
2450 2997 2665 3054 divitias
2697 2999 3035 3068 negligemus
3059 3041 3075 3068 ,
3107 3001 3454 3070 corporalem
3487 2997 3859 3053 redundantiam

569 3109 628 3156 ut
656 3109 709 3152 tu
737 3098 824 3151 des
849 3097 958 3150 illis
980 3095 1146 3149 cibum
1177 3093 1230 3146 in
1252 3100 1496 3162 tempore.
1521 3085 1764 3141 Dantete
1785 3083 1888 3152 his,
1909 3083 2192 3155 colligent:
2294 3087 2630 3144 declinemus
2653 3087 2702 3144 .b
2730 3087 3036 3160 sequamur
3063 3091 3288 3162 vesligia
3328 3081 3714 3162 apostolorum
3735 3131 3748 3151 ‘
3771 3101 3860 3141 me

577 3194 838 3264 aperiente
867 3199 915 3244 te
945 3203 1158 3243 manum
1195 3195 1364 3252 tuam,
1395 3185 1636 3238 universa
1665 3179 2016 3250 implebantur
2045 3177 2190 3232 boni—
2294 3187 2521 3254 quorum
2567 3185 2732 3255 pedes
2775 3187 3142 3257 unusquisque
3185 3185 3330 3258 quod
3377 3185 3627 3241 habebat
3675 3177 3862 3254 pecunia

581 3299 684 3344 tate
719 3303 738 3342 :
763 3293 1018 3342 attertente
1047 3293 1219 3338 autem
1251 3291 1299 3334 te
1335 3279 1548 3350 faciem,
1578 3275 1940 3330 turbabuntur.
1975 3273 2189 3344 Auferes
2218 3269 2266 3334 Ε
2297 3295 2362 3335 εχ
2391 3293 2610 3334 suorum
2637 3297 2888 3352 agrorum
2918 3281 3090 3352 ρτριῖο
3111 3275 3430 3338 “inferebat
3451 3325 3466 3346 ν
3499 3291 3566 3336 ιη
3591 3279 3862 3353 paupeﬁbas

577 3383 821 3452 spiritum
842 3393 1022 3434 eorum
1049 3419 1063 3444 ,
1092 3387 1138 3430 et
1165 3375 1432 3440 deﬁcient,
1455 3381 1504 3426 et
1533 3371 1586 3424 in
1609 3370 1868 3442 pulverem
1897 3381 2046 3420 suum
2069 3381 2160 3419 con

2297 3373 2724 3444 dispeHSaretur.
2768 3373 2928 3430 Istam
2959 3375 3120 3447 igitur
3151 3376 3392 3446 inopiam
3441 3377 3794 3445 evattgclicam
3826 3371 3859 3423 lii

582 3484 864 3532 vertentur.
913 3471 1126 3524 Emittes
1163 3467 1405 3538 spiritum
1445 3473 1622 3528 tuum,
1668 3471 1716 3516 et
1754 3459 2062 3514 creabantur
2091 3473 2110 3510 :
2147 3465 2196 3511 et
2298 3467 2468 3522 sancti
2495 3467 2590 3521 viri
2625 3465 2796 3522 ιηιιιιο
2820 3477 2947 3523 ante
2975 3483 3230 3524 exercere
3253 3476 3584 3538 cameram;
3613 3459 3790 3522 audeo
3807 3463 3860 3516 αξ.

583 3567 855 3624 "novabis
882 3564 1067 3636 Ῑαθίεηι
1089 3571 1240 3615 “rm
1269 3555 1447 3630 (Psal-
1483 3571 1598 3621 Cl“:
1625 3553 1695 3607 27
1721 3561 1768 3606 εί
1797 3551 1951 3623 ΜΓ)-
2007 3551 2192 3620 Agno'
2299 3557 2496 3613 cebant
2527 3577 2538 3614 :
2567 3555 2894 3615 Oblivisceris
2923 3561 3152 3632 inopiam
3183 3569 3438 3614 nostram.
3471 3549 3614 3615 Tale
3643 3570 3722 3614 est
3757 3558 3862 3620 huc,

593 3661 701 3716 scis
718 3675 836 3730 quae
851 3658 1080 3718 sitesca,
1106 3665 1267 3722 quam
1283 3651 1426 3706 Deus
1449 3646 1763 3702 hominibus
1785 3643 2196 3700 subministrat?
2301 3651 2461 3720 quale
2491 3647 2620 3704 illud
2650 3651 3008 3722 apostolicum
3043 3669 3055 3706 :
3085 3649 3222 3706 Ecce
3245 3669 3338 3707 nos
3367 3653 3686 3717 reliquimus
3707 3651 3862 3704 omnis.

586 3753 710 3824 Ipse
753 3757 838 3804 est
882 3747 1038 3803 cibus
1085 3759 1244 3812 quem
1293 3741 1590 3808 secundum
1640 3737 1972 3792 voluntatem
2025 3733 2169 3789 Patri

2303 3757 2350 3801 et
2382 3747 2546 3801 secuti
2580 3747 2824 3803 sumustc
2847 3735 3062 3816 (Matth.
3095 3765 3188 3803 ιιι
3217 3791 3230 3814 ,
3258 3747 3374 3816 27).
3415 3747 3574 3803 Bona
3621 3762 3743 3818 ergo
3777 3759 3865 3812 pau-

587 3843 898 3916 unigeuitus
924 3838 1098 3894 Filius
1125 3837 1242 3908 ejus
1273 3833 1534 3890 Dominus
1557 3839 1743 3888 uoster
1769 3829 2058 3901 epulatur;
2091 3829 2198 3884 sic-
2305 3851 2507 3912 partas,
2541 3857 2658 3912 quae
2686 3859 2713 3895 a
2749 3843 2947 3914 pietate
2979 3842 3244 3914 procedit,
3277 3853 3332 3898 et
3367 3833 3640 3900 vinnium
3661 3847 3868 3898 εχει-ειη.

589 3949 650 3995 ιιι
695 3939 811 4008 ipse
849 3934 965 3990 ait.
997 3932 1146 4000 Meus
1171 3930 1312 3984 cibus
1339 3937 1434 3994 est,
1455 3937 1511 3980 ut
1543 3925 1734 3998 faciam
1761 3927 2068 3978 voluntatem
2095 3920 2204 3990 Pti-
2309 3933 2458 3989 ιῑοιιρ
2489 3935 2803 4006 suscipitur,

595 4033 689 4087 tris
715 4031 834 4094 mei,
865 4028 954 4099 qui
975 4027 1030 4080 in
1060 4025 1201 4079 caelis
1228 4033 1300 4078 est
1333 4019 1515 4092 (Jonn.
1543 4033 1616 4082 tv,
1647 4015 1762 4088 55).
1795 4017 1893 4072 Hic
1920 4017 2074 4071 cibus
2101 4021 2174 4070 no

2385 4027 2475 4082 9‘2.
2519 4027 2628 4082 Nec
2661 4029 2836 4084 solum
2879 4025 3142 4101 inopiam,
3170 4023 3264 4083 sed
3308 4025 3478 4084 etiam"
3512 4028 3863 4084 tribulationem

596 4129 682 4184 bis
713 4133 798 4180 est
823 4121 1174 4186 salutaris,et
1201 4119 1383 4170 omnia
1411 4115 1504 4169 Dei
1531 4117 1660 4170 sunt
1688 4111 1969 4168 salutaria.

2311 4137 2464 4176 suam
2509 4121 2562 4176 in
2608 4121 2932 4177 oblivionem
2987 4117 3097 4180 Deo
3147 4122 3366 4178 venisse
3397 4121 3718 4192 deplorant.
3755 4117 3867 4172 Bona

669 4219 764 4277 89.
796 4217 964 4272 Audis
1000 4213 1245 4284 quaedam
1287 4211 1378 4265 Dei
1423 4209 1699 4272 membra,
1733 4219 2004 4276 cognosce
2038 4206 2208 4258 virtu-

2311 4223 2442 4268 suut
2485 4223 2540 4270 et
2586 4215 2956 4270 lribulationes
3003 4233 3122 4284 qua:
3169 4227 3296 4270 sunt
3340 4215 3586 4286 propria:
3629 4213 3867 4286 justurum.

598 4324 706 4370 tes.
751 4311 941 4366 Manus
971 4309 1168 4378 quippe
1197 4305 1336 4374 ejus,
1373 4301 1650 4370 plenitudo
1679 4298 1936 4354 benitatis
1963 4307 2046 4352 est
2081 4315 2092 4350 :
2131 4297 2208 4349 la-
2315 4309 2405 4380 qui
2439 4326 2543 4365 non
2581 4327 2678 4380 pro
2721 4311 2930 4366 mergus
2959 4309 3092 4378 suis,
3125 4310 3219 4365 sed
3261 4327 3358 4380 pm
3383 4311 3600 4379 pielale
3637 4327 3728 4365 eas
3761 4307 3870 4362 sum.

602 4407 715 4460 cies
743 4403 860 4472 ejus
879 4441 894 4468 ,
927 4398 1248 4454 illuminatio
1275 4395 1473 4450 mentis
1502 4399 1604 4448 est.
1645 4393 1714 4446 Et
1753 4391 1871 4446 ideo
1901 4401 2119 4460 semper
2146 4391 2185 4444 al

2318 4412 2450 4456 nent
2479 4421 2490 4455 :
2517 4404 2568 4456 iu
2600 4403 2798 4472 quibus
2819 4403 2998 4474 justus
3051 4421 3155 4458 non
3185 4401 3468 4466 atteritur,
3503 4403 3608 4459 sed
3638 4405 3867 4462 dilatatur,

603 4513 670 4554 eo
697 4505 978 4566 speremus
1005 4535 1020 4559 ,
1053 4492 1108 4545 in
1147 4491 1321 4559 ipsmn
1354 4495 1475 4542 vota
1513 4493 1694 4541 nostra
1733 4493 1787 4539 et
1826 4485 2008 4538 omnia
2039 4483 2180 4538 studi

2319 4495 2462 4550 sicut
2488 4505 2709 4550 Sanctus
2733 4495 3002 4566 Propheta
3045 4497 3288 4552 declarat
3329 4495 3530 4554 dicens
3567 4516 3578 4550 :
3609 4497 3678 4552 In
3715 4495 3867 4551 tribuis-

603 4589 950 4660 dirigamus:
991 4599 1094 4640 nec
1141 4582 1521 4654 desperemus,
1572 4580 1674 4635 etsi
1704 4577 2066 4647 corporaliter
2089 4591 2186 4632 eun

2287 4589 2458 4664 itione
2511 4587 2747 4642 dilatastt'
2783 4589 2908 4644 mihi
2937 4589 3112 4660 (Psal.
3147 4609 3218 4654 tv,
3249 4591 3328 4664 Ξ).
3379 4593 3444 4646 Ει
3497 4593 3624 4663 ipse
3669 4591 3869 4647 Dominus

601 4687 792 4742 videre
810 4699 916 4738 non
934 4691 1254 4753 possumus;
1281 4691 1454 4746 neque
1481 4674 1622 4729 enim
1648 4671 1958 4742 desperavit
1979 4671 2184 4742 Moyses

2294 4679 2479 4736 ’Jesus
2509 4685 2618 4736 ait:
2648 4682 2710 4735 In
2743 4685 3077 4739 tribulatione
3105 4679 3336 4740 invocavi
3367 4686 3688 4752 Dominum,
3712 4697 3877 4742 etus:—

604 4783 694 4839 cui
735 4780 938 4836 dictum
975 4785 1103 4832 est:
1142 4773 1262 4828 Non
1301 4781 1442 4843 potes
1468 4769 1640 4824 videre
1668 4769 1854 4839 [aciem
1890 4783 2082 4832 meam;
2107 4783 2211 4821 non
2317 4773 2444 4826 divit
2497 4791 2574 4828 me
2595 4775 2646 4828 in
2699 4777 3026 4832 latitudinem
3079 4773 3255 4850 (Psal.
3319 4796 3489 4846 cxvn,
3555 4780 3640 4851 5).
3691 4773 3880 4834 Dilalarii

608 4875 744 4930 enim
775 4871 958 4926 videbit
989 4867 1172 4941 faciem
1197 4882 1360 4921 meam
1385 4865 1571 4954 “homo,
1606 4873 1652 4916 et
1679 4863 1828 4916 vivet.
1861 4861 1930 4916 Et
1958 4861 2159 4915 addidit
2195 4877 2208 4912 :
2316 4877 2508 4922 sancto
2534 4871 2780 4939 apostolo
2821 4871 3011 4936 Paulo,
3059 4871 3280 4944 quando
3323 4875 3373 4928 ei
3423 4875 3720 4930 oculorum
3749 4877 3882 4930 lumea

608 4969 746 5024 Ecce
769 4968 910 5021 locus
937 4963 1080 5030 apud
1113 4979 1210 5026 me,
1245 4953 1402 5014 stabis
1432 4957 1485 5010 in
1521 4967 1667 5028 petra
1699 4971 1715 5011 :
1744 4965 1927 5010 etcum
1955 4953 2216 5008 transierit
2317 4961 2546 5029 eripuit;
2577 4963 2646 5016 im
2679 4957 2830 5018 enim’
2870 4965 3152 5022 confessus
3179 4979 3262 5022 es,
3292 4965 3607 5036 Christum,
3653 4985 3798 5041 quem
3819 4979 3880 5019 ne.

608 5059 778 5131 gloria
805 5073 938 5122 mea,
965 5071 1150 5126 ponant
1181 5063 1228 5106 te
1259 5051 1311 5104 in
1339 5066 1610 5103 cavernam
1640 5059 1817 5117 petrat,
1846 5059 1893 5102 et
1916 5047 2138 5115 operiant
2170 5053 2218 5099 te
2315 5055 2479 5123 gabai
2515 5064 2693 5110 αηιρη,
2731 5057 2857 5111 πάρο
2885 5075 2977 5113 γης
3006 5057 3290 5114 electionis
3317 5075 3442 5115 esse
3473 5063 3794 5131 promeruit
3817 5059 3884 5114 De.

611 5171 770 5210 manu
801 5171 912 5208 mea
935 5195 948 5218 ,
973 5152 1135 5206 donec
1161 5159 1451 5211 transeam;
1483 5155 1528 5199 et
1559 5143 1738 5198 tollam
1773 5159 1981 5197 manum
2009 5157 2172 5196 meam
2196 5183 2211 5208 ,
2322 5145 2486 5216 nique
2513 5155 2570 5200 ut
2600 5149 2742 5203 scias
2769 5151 2891 5219 quia
2929 5151 3174 5207 dilatavit
3215 5153 3383 5208 Paulo
3428 5153 3710 5212 Dominus
3751 5153 3880 5210 Jra‘tté.

608 5259 656 5305 et
693 5247 888 5316 videbis
918 5244 1202 5314 posteriora
1246 5257 1356 5294 mea
1393 5255 1410 5294 :
1437 5239 1622 5308 {aciem
1664 5247 1834 5290 autem
1864 5253 2028 5290 meum
2054 5236 2226 5289 videre
2329 5231 2452 5295 audi
2480 5243 2656 5312 ipsum
2695 5243 3015 5314 Apostolum
3047 5247 3315 5304 dicentem
3351 5269 3363 5304 :
3401 5249 3477 5306 0s
3509 5261 3745 5306 nostrum
3767 5246 3884 5322 926

608 5357 716 5396 non
753 5339 941 5408 poteris
973 5333 1170 5408 (Exod.
1202 5335 1400 5400 stunt,
1425 5331 1498 5387 ΞΟ
1521 5339 1570 5385 et
1591 5329 1747 5402 δαίμ).
1773 5327 1890 5384 Non
1919 5345 2048 5400 ergo
2077 5329 2226 5384 vide—
2332 5341 2470 5400 pate:
2524 5335 2592 5388 ad
2641 5351 2726 5391 υοε
2769 5341 2784 5366 ο
2814 5353 2843 5390 ο
2884 5337 3133 5392 Corinthi,-
3157 5382 3170 5406 ,
3232 5358 3321 5395 cm.
3369 5353 3612 5397 "omum
3662 5343 3886 5396 dum,“

555 5504 560 5508 π
609 5443 704 5488 tur
741 5432 810 5486 ab
843 5429 1060 5483 homine
1106 5425 1270 5508 iacies
1311 5425 1428 5478 Dei.
1475 5423 1572 5477 Est
1611 5429 1793 5477 tamen
1839 5421 1991 5477 locus
2029 5421 2078 5474 iu
2118 5433 2226 5491 quo
2326 5433 2400 5508 est
2427 5425 2444 5493 (
2475 5423 2518 5478 ll
2556 5424 2676 5480 Cor.
2712 5445 2784 5486 vt.
2817 5429 2928 5494 ll).
2961 5432 3123 5499 Aperi
3153 5445 3287 5502 ergo
3312 5449 3395 5498 os,
3427 5437 3709 5492 Comm”
3749 5433 3884 5489 om?

609 5523 720 5580 ﬁde
764 5539 823 5578 se
868 5527 1135 5575 monstret
1173 5507 1383 5569 homini
1417 5515 1583 5570 Deus.
1633 5515 1730 5568 Est
1773 5513 1860 5567 bic
1905 5511 2054 5567 locus
2083 5527 2192 5584 aput

2319 5507 2465 5578 tutu;
2529 5519 2649 5588 quit
2713 5521 3254 5588 pleuitudoestutbi
3309 5523 3626 5594 plenitudo,
3657 5529 3732 5582 ibi
3757 5529 3878 5580 etiam

611 5614 786 5670 Deum
818 5631 832 5667 :
864 5621 918 5667 et
947 5610 1071 5665 ideo
1101 5610 1149 5664 Si
1173 5607 1488 5663 steterimus
1511 5609 1565 5660 in
1591 5615 1765 5675 petra,
1800 5605 1852 5660 id
1884 5613 1989 5670 est,
2025 5605 2075 5657 in
2108 5615 2226 5658 car-
2328 5607 2576 5664 latitudo.
2624 5609 2690 5665 Et
2758 5613 2909 5681 quasi
2953 5613 3130 5668 bonus
3167 5613 3433 5685 magister
3495 5617 3590 5685 qui
3641 5615 3888 5686 discipulus

605 5706 696 5763 nis
725 5701 1276 5762 istiuseconscientla
1302 5739 1319 5766 ,
1346 5708 1400 5754 et
1429 5699 1554 5754 lldei
1593 5699 1890 5765 llru‘iitate;
1921 5697 2022 5753 etsi
2055 5697 2228 5768 pleni-
2331 5699 2530 5758 habere
2560 5709 2770 5771 optaret
2803 5705 3064 5776 mquales,
3109 5713 3207 5760 nos
3230 5721 3448 5778 quoque
3477 5707 3734 5766 hortatus
3769 5717 3836 5764 est
3857 5715 3892 5758 ut

683 5821 889 5903 fide-st
912 5861 926 5884 ,
959 5821 1014 5872 in
1031 5817 1430 5903 ‘cognimtio‘neac
1462 5815 1566 5872 lide
1603 5791 2027 5882 caruistiisti,
2051 5829 2211 5886 quam
2391 5815 2418 5854 ι)
2461 5817 2586 5872 Mss.
2617 5818 2880 5884 nonnulli,
2910 5835 3183 5890 sequamur
3208 5831 3358 5894 gesta
3379 5825 3768 5896 apostolorum.

607 5901 762 5962 petra
791 5891 880 5947 illa
911 5887 1350 5959 praetigurabatQ
2151 5945 2162 5948 _
2315 5903 2320 5908 -
2977 5887 2985 5890 -
3209 5887 3231 5894 -
3379 5889 3382 5892 .
3413 5891 3420 5896 .
