4008 6352
143 332 179 423 it
201 341 300 425 133

1255 377 1323 435 IN
1362 377 1689 440 PSALMUM
1729 379 1870 444 XLV
1912 387 2330 452 ENARRATIO.

3325 391 3465 458 1151,

143 479 770 586 dilftaremur,dicens:
797 487 1270 586 Dilataminietvos
1293 492 1497 563 (IlCor.
1531 512 1604 563 Vt,
1634 495 1746 565 l5).
1783 489 1822 560 Ᾰ
1855 509 2019 566 scribe
2057 525 2172 564 eam
2225 507 2409 578 (Prov.
2445 525 2540 570 vn.
2567 507 2640 583 ὅ).
2678 496 2749 566 Et
2779 507 2904 567 ideo
2927 509 3020 584 qui
3048 493 3212 569 habet
3243 516 3464 586 sapien-

227 577 318 632 93.
362 579 494 636 Cum
525 591 704 638 autem
734 592 759 620 α
793 585 935 640 Detts
982 584 1184 642 alicubi
1217 587 1268 640 in
1300 587 1648 645 tribulatione
1672 591 1755 644 di—

145 668 320 735 latat;
342 662 466 727 innc
492 675 581 729 flet
613 675 841 732 latitudo
859 677 1063 744 cordis,
1080 679 1395 735 sicutarena
1417 683 1582 738 maris
1600 685 1757 739 innu-

145 765 454 822 merabilis.
472 769 601 836 Qua:
619 770 685 824 sit
706 771 803 825 ista
826 773 1055 828 latitudo
1069 773 1192 828 audi
1211 773 1480 830 dicentem
1506 787 1755 834 sanctum

145 858 504 918 Salotnonem
531 862 590 919 εδ
610 864 814 936 Optavi,
834 877 881 922 et
896 868 1046 923 datus
1065 878 1141 923 est
1159 869 1286 923 mihi
1306 887 1489 927 sensus
1503 890 1522 927 :
1549 882 1594 927 et
1615 874 1761 929 iuvoo

141 957 283 1021 cavi,
313 967 361 1010 et
397 960 530 1013 venit
569 961 621 1014 in
651 977 730 1016 me
755 963 967 1033 spiritus
1011 966 1279 1037 sapientia:
1315 962 1490 1047 (Sap.
1520 984 1614 1040 vn,
1647 975 1677 1028 7

145 1046 224 1103 Ut
253 1051 396 1104 enim
442 1051 715 1122 acciperet
757 1055 1078 1123 sapientiam
1121 1073 1147 1111 a
1181 1045 1334 1129 Deo,
1363 1080 1470 1117 non
1513 1045 1752 1136 divitias,

141 1158 258 1196 non
305 1144 668 1210 nobilitatem,
714 1159 820 1202 non
876 1159 1230 1219 potestatem;
1280 1156 1375 1212 sed
1428 1160 1752 1229 sapientiam

136 1235 466 1305 postulavit,
506 1247 559 1293 et
589 1239 640 1293 in
674 1240 760 1294 illa
792 1242 972 1296 omnia
1015 1260 1135 1314 quae
1168 1247 1331 1303 etiam
1371 1267 1475 1305 non
1513 1254 1752 1321 postula-

138 1328 244 1392 vit,
281 1329 504 1385 invenit.
540 1331 692 1390 Unde
725 1333 1008 1404 Scriptura
1045 1325 1174 1393 dicit
1207 1342 1330 1411 quia
1367 1343 1488 1398 talis
1519 1357 1638 1401 erat
1677 1346 1756 1402 la-

137 1425 322 1481 tittido
366 1429 551 1486 cordis
578 1434 715 1500 ejus,
749 1435 890 1488 sicut
942 1449 1106 1490 arena
1139 1441 1306 1495 maris
1343 1442 1757 1501 innumerabilis

137 1517 237 1587 (lli
277 1516 404 1592 Reg.
437 1537 513 1587 tv,
554 1521 672 1596 29).
716 1519 874 1582 Unde
900 1526 1040 1584 hanc
1082 1532 1351 1601 percipias
1390 1531 1755 1607 latitudinem,

132 1610 218 1667 ait
245 1611 313 1668 de
361 1615 541 1686 seipse
568 1632 908 1689 cognoscens
938 1639 950 1674 :
986 1619 1052 1676 In
1084 1623 1355 1682 latitudine
1387 1630 1560 1684 cordis
1580 1631 1759 1686 tuide-

133 1751 433 1877 iaIZ‘Edit;
466 1752 623 1808 Rom.
655 1755 795 1822 sola,
823 1753 967 1810 Deus
993 1757 1151 1813 alicui
1193 1759 1248 1813 in
1279 1759 1617 1818 tribulatione
1654 1763 1738 1816 di-

1858 605 2007 673 tiam,
2037 624 2142 661 non
2171 606 2224 661 in
2250 607 2467 661 occulto
2500 615 2680 662 teneat
2707 622 2848 672 eam,
2872 623 2978 662 non
3009 607 3075 662 ad
3093 619 3460 674 momentum;

1855 700 1951 756 sed
1999 711 2158 755 canat
2199 718 2319 756 eam
2354 703 2406 756 in
2449 701 2867 772 exitu:nbique
2909 701 3055 772 quod
3099 704 3286 769 sentit,
3335 719 3460 759 cum

1858 798 2186 850 auctoritate
2218 796 2503 866 prmdicet.

1931 888 2021 943 94.
2063 888 2421 961 Symmachus
2470 901 2649 946 autem
2694 906 2789 960 pro
2826 887 3179 946 tribulatione
3224 891 3458 947 afﬂicta-

1863 983 2064 1036 tionem
2102 983 2299 1051 posuit.
2333 983 2460 1038 Sive
2489 992 2666 1038 tamen
2713 983 2993 1038 alilictatio
3032 983 3124 1049 sit,
3149 983 3269 1038 sive
3291 981 3461 1039 tribu-

1863 1075 2015 1142 latio,
2045 1091 2181 1146 Opus
2207 1085 2291 1131 est
2320 1086 2375 1129 ut
2400 1092 2498 1130 nos
2532 1092 2846 1132 maneamus
2890 1077 2940 1130 in
2983 1076 3230 1144 Domino,
3266 1092 3364 1132 nec
3392 1075 3462 1132 ab

1861 1168 2054 1222 eodem
2082 1167 2436 1233 recedamus;
2461 1167 2717 1239 quoniam
2746 1167 2976 1239 praesule
2998 1165 3226 1224 Domino
3244 1163 3299 1224 ei
3326 1169 3465 1223 assi—

1855 1272 2035 1317 stente
2067 1263 2246 1329 nobis,
2278 1279 2439 1317 omne
2471 1271 2749 1316 certamen
2779 1262 2993 1316 fortiter
3026 1277 3313 1332 possumus
3335 1277 3457 1317 sus~

1859 1354 2050 1410 linere.
2110 1355 2163 1410 Si
2229 1366 2406 1410 autem
2457 1353 2744 1408 Dominum
2793 1355 3151 1426 negligemus,
3199 1366 3252 1409 et
3295 1355 3460 1426 longe

1858 1465 1958 1503 nos
1989 1449 2249 1506 iaciamus
2275 1465 2307 1504 a
2339 1449 2590 1518 Domino,
2618 1448 2850 1505 facimus
2881 1449 3037 1505 nobis
3084 1449 3458 1506 adversarium

1855 1543 2158 1600 fortiorem.

1849 1776 2112 1830 nusquam
2138 1761 2192 1816 in
2220 1762 2422 1817 nostris
2460 1772 2591 1818 mss.
2627 1761 2900 1818 invenitur
2925 1801 2940 1827 ,
2974 1759 3071 1818 sed
3106 1770 3229 1830 post
3257 1776 3446 1816 vocem

1799 1887 1826 1904 ,_
1858 1833 2213 1899 Salomonem,
2270 1835 2531 1889 continuo
2567 1834 2932 1898 subneCtitur,
2965 1844 3016 1886 ut
3064 1834 3320 1904 acciperet
3359 1849 3448 1886 sa-

209 1891 238 1931 b
285 1895 382 1950 llic
408 1893 700 1965 Scriptura:
732 1896 884 1955 locus
915 1915 1072 1970 quem
1101 1901 1361 1959 exhibent
1382 1919 1572 1960 omnes
1613 1904 1748 1961 edit.
1783 1897 1832 1960 B
1862 1906 2130 1977 pientiam,
2155 1891 2262 1962 cie.

700 2105 709 2114 ’
768 2142 888 2225 ΙΝ
965 2090 1538 2232 PSALMUM
1614 2147 1862 2232 XLV
1947 2147 2669 2234 ENARRATIO.

1617 2329 1946 2356 *ι-

625 2429 788 2502 925
818 2427 1214 2486 PREFATIO.

213 2523 266 2576 1.
301 2524 317 2593 (
354 2521 576 2578 VersJ.
610 2521 630 2593 )
664 2523 875 2578 Titulus
923 2524 1114 2594 psalmi
1161 2524 1322 2594 hujus
1370 2525 1440 2578 ita
1487 2522 1741 2580 inscribi—

135 2624 273 2670 tur:
308 2615 375 2669 lu
415 2617 589 2682 ﬁnem,
625 2631 721 2686 pro
763 2617 890 2686 ﬁliis
931 2617 1060 2672 Core
1100 2634 1192 2690 pro
1237 2616 1471 2683 occultis,
1513 2619 1744 2689 psalmus

135 2710 243 2779 ipsi
267 2707 461 2766 David.
484 2711 625 2779 Quid
669 2719 776 2774 est,
811 2727 907 2783 pro
945 2711 1201 2766 occultis?
1237 2711 1587 2766 Occultorum
1642 2714 1741 2767 lia-

135 2801 326 2858 buisse
351 2817 411 2858 se
432 2803 797 2868 cognitionem
828 2818 920 2872 per
947 2799 1336 2859 revelatiouem
1365 2805 1572 2858 Domini
1589 2804 1738 2874 Jesu,

137 2897 194 2951 in
230 2897 683 2969 quinquagesimo
713 2913 932 2967 quoque
975 2897 1185 2964 psalmo
1213 2907 1432 2952 sanctus
1476 2897 1746 2967 Propheta

137 2999 536 3046 commemorat
580 2989 771 3044 dicens
816 3007 828 3042 :
865 2987 1078 3044 Incerta
1121 2998 1167 3042 et
1217 2989 1420 3042 occulto
1480 2990 1750 3059 sapientiw

140 3092 246 3137 tute
295 3082 641 3152 manifestam
688 3080 814 3134 mihi
874 3080 1066 3150 (Prol.
1122 3096 1175 3145 L,
1215 3078 1313 3152 8).
1369 3079 1503 3146 Qua:
1565 3089 1749 3134 autem

139 3177 235 3232 illa
267 3176 377 3231 sint
409 3176 646 3237 occulta.
690 3173 744 3230 in
785 3175 1080 3244 Evangelia
1107 3184 1296 3229 sancto
1340 3174 1623 3240 docemur,
1666 3174 1749 3229 di-

1851 2423 2067 2490 occulta
2100 2444 2515 2505 cognoscerent;
2540 2444 2703 2505 atque
2722 2435 3106 2492 ibiaudierunt
3135 2451 3324 2494 vocem
3345 2437 3466 2496 Dei-

1850 2525 2082 2581 dicentis
2125 2543 2139 2580 :
2189 2526 2294 2581 Hic
2334 2537 2410 2581 est
2441 2526 2613 2582 Filius
2649 2543 2788 2582 meus
2816 2529 3059 2596 dilectus,
3100 2531 3155 2585 in
3198 2546 3298 2602 quo
3326 2533 3457 2587 mihi

1850 2620 2139 2691 complacni
2173 2633 2191 2673 :
2222 2621 2392 2689 ipsum
2430 2614 2606 2675 audite
2645 2619 2851 2694 (fbid.,
2879 2621 2966 2694 5).
3019 2623 3158 2690 Quid
3194 2633 3302 2690 est,
3346 2624 3453 2679 Hic

1851 2722 1924 2767 est
1946 2713 2090 2782 ﬁlius
2121 2729 2264 2766 meus
2296 2711 2547 2768 dilectus?
2580 2714 2692 2769 lloc
2721 2723 2825 2775 est,
2860 2715 2971 2769 noli
2995 2729 3200 2781 errare,
3231 2715 3474 2783 Simon,’

1852 2812 1910 2859 ut
1935 2807 2168 2860 servulis
2198 2805 2392 2860 Filium
2419 2805 2514 2859 Dei
2546 2806 2939 2861 conferendum
2988 2819 3144 2878 putes
3184 2827 3198 2863 :
3230 2807 3334 2863 Hic
3381 2821 3459 2864 est

1852 2897 2027 2952 Filius
2075 2914 2251 2967 meus;
2299 2913 2405 2953 non
2457 2898 2670 2971 Moyses
2718 2899 2884 2964 ﬁlius,
2935 2916 3043 2954 non
3078 2901 3228 2955 Elias
3272 2901 3470 2968 filius;

1849 2990 2097 3060 quamvis
2122 2991 2264 3046 alter
2290 2990 2563 3062 aperuerit
2586 3005 2758 3056 mare,
2777 2991 2918 3046 alter
2941 2992 3199 3049 clauserit
3224 2995 3450 3050 caelum.

1849 3083 1906 3138 In
1955 3085 2313 3140 verbo‘enim
2362 3085 2574 3139 Domini
2621 3093 2851 3156 uterque
2893 3096 3140 3142 naturam
3175 3088 3303 3144 vicit
3343 3089 3458 3144 ele-

1851 3177 2018 3232 menti
2051 3175 2183 3232 :sed
2216 3175 2290 3232 illi
2324 3177 2681 3232 ministerium
2715 3177 3088 3246 pricbuerunt,
3135 3180 3222 3236 hic
3252 3191 3334 3235 est
3358 3183 3451 3252 qui

135 3278 300 3329 cente
342 3271 435 3326 Dei
472 3269 632 3332 Filio,
677 3269 818 3339 quod
871 3269 1132 3340 mysteria
1182 3267 1467 3338 sapientia:
1513 3268 1744 3322 abscon-
1770 3269 1814 3332 C
1848 3271 2100 3327 solidavit
2129 3287 2320 3343 aquas,
2351 3272 2547 3328 caelum
2583 3273 2835 3329 siccitate
2876 3275 3091 3342 clausit,
3135 3285 3189 3330 et
3233 3277 3456 3348 quando

136 3365 253 3418 dita
278 3365 382 3417 sint
408 3357 767 3432 sapientibus.
789 3370 844 3416 ct
872 3361 1112 3429 parvulis
1155 3360 1395 3415 revelata
1421 3358 1638 3432 (Matth.
1668 3374 1744 3426 ιι,

130 3450 250 3524 95).
289 3455 414 3509 llam
441 3466 566 3509 sunt
599 3453 709 3518 illa,
743 3458 794 3506 ni
823 3452 1008 3517 fallor,
1056 3466 1176 3521 quze
1228 3451 1419 3506 oculus
1460 3466 1566 3506 non
1589 3450 1744 3519 vidit,

136 3565 240 3603 nec
279 3548 429 3602 auris
458 3547 684 3612 audivit,
729 3562 826 3600 nec
853 3547 905 3601 in
942 3561 1037 3600 cor
1065 3545 1303 3598 hominis
1338 3545 1743 3601 ascenderunt:

136 3659 259 3714 qtne
303 3642 634 3712 prteparavit
692 3641 953 3695 Dominus
1002 3638 1357 3709 diligentibus
1408 3655 1552 3693 eum.
1601 3640 1745 3710 Ergo

137 3735 194 3790 in
246 3735 462 3790 occulto
511 3734 694 3790 cordis
747 3734 918 3788 nostri
972 3734 1181 3788 occulta
1224 3735 1504 3803 sapientiae
1553 3749 1748 3789 recon-

134 3829 366 3894 damus,
443 3843 551 3880 non
627 3835 831 3881 temere
888 3825 1163 3896 aliquibus
1215 3826 1585 3894 divulgcmns;
1642 3826 1744 3880 nisi

132 3929 602 3979 sacramentorum
667 3909 1046 3982 consortibus,
1113 3905 1250 3988 quos
1320 3918 1580 3972 Dominus
1653 3935 1746 3973 vo-

132 4017 275 4074 cavit
316 4016 381 4070 ad
424 4015 651 4085 gratiam
686 4029 862 4078 suam,
903 4013 992 4080 qui
1053 4026 1112 4066 se
1158 4013 1209 4065 in
1254 4012 1575 4067 abscondito
1632 4015 1748 4069 vult

132 4110 342 4180 rogari;
373 4108 628 4180 quoniam
657 4106 807 4160 solus
833 4114 936 4171 est,
967 4104 1056 4174 qui
1100 4105 1416 4160 abscondita
1450 4115 1505 4160 et
1531 4106 1742 4161 occulta

132 4212 451 4274 00800501“.

205 4297 259 4350 2.
297 4295 539 4365 Denique
562 4295 678 4364 ipse
691 4292 1119 4347 Dotninusiesus
1133 4293 1199 4346 ad
1218 4292 1621 4362 percipiendam
1643 4293 1741 4349 Le-

132 4407 254 4463 gem
275 4390 447 4445 solum
467 4388 709 4459 Moysen.
729 4404 836 4442 non
853 4387 1199 4457 absqneJesu
1221 4396 1420 4450 tamen,
1439 4389 1487 4440 itt
1505 4400 1741 4443 montem

133 4485 305 4541 voluit
323 4483 642 4538 ascendere.
663 4483 718 4537 In
747 4482 1040 4553 Evangelia
1067 4490 1280 4550 qunque
1299 4481 1490 4548 Petro,
1515 4481 1708 4538 Joanni
1726 4525 1740 4549 ,

132 4587 186 4634 et
201 4576 404 4632 Jacobo
417 4576 546 4631 solis
560 4592 625 4630 ex
637 4576 784 4630 omni
806 4589 1036 4629 numero
1053 4574 1438 4644 discipulorum
1468 4590 1740 4630 resurrec-

1851 3366 2040 3431 voluit,
2076 3367 2128 3420 in
2169 3367 2375 3422 imbres
2413 3367 2659 3422 resolvit.
2707 3366 2810 3423 Ubi
2851 3369 3221 3434 testimonium
3269 3373 3457 3427 resur-

1851 3459 2111 3513 rectionis
2137 3459 2862 3530 adsciscittrr,astipulantur
2881 3460 3180 3515 ministeria
3197 3463 3449 3518 servulo-

1848 3566 1966 3606 rum
2002 3567 2014 3605 :
2050 3553 2136 3609 ubi
2167 3553 2344 3624 gloria
2377 3553 2587 3626 Domini
2613 3555 2945 3624 resurgentis
2977 3553 3304 3618 oStenditur,
3331 3571 3449 3613 ser-

1849 3644 1987 3701 vulis
2017 3643 2279 3715 splendor
2301 3646 2670 3702 abSConditur.
2707 3647 2950 3717 Namque
2993 3649 3141 3720 ipsos
3163 3650 3447 3707 stellarum

1846 3737 2037 3807 globos
2065 3739 2148 3792 sol
2171 3747 2394 3794 exortus
2437 3738 2680 3804 obducit,
2727 3749 2779 3794 et
2819 3741 3003 3794 omnia
3027 3757 3212 3796 earum
3243 3742 3450 3798 lumina

1847 3831 2124 3885 mundano
2157 3830 2258 3884 sub
2309 3831 2426 3885 sole
2459 3838 2776 3886 vanescunt.
2818 3832 3107 3896 Quomodo
3154 3848 3285 3902 ergo
3341 3836 3444 3889 sub

1847 3931 2052 3977 teterno
2075 3923 2192 3978 sole
2215 3923 2462 3991 justitiac,
2496 3931 2658 3992 atque
2689 3923 2782 3976 illo
2813 3924 3018 3993 fulgore
3041 3926 3228 3980 divino
3267 3927 3446 3984 videri

1847 4025 2099 4084 poterant
2121 4015 2293 4069 stellae
2323 4015 2608 4070 carnales?
2640 4015 2737 4070 Ubi
2769 4031 2899 4086 ergo
2935 4027 3060 4072 sunt
3091 4018 3180 4072 illa
3218 4019 3447 4090 lumina,

1845 4127 1964 4180 qua}
1984 4110 2180 4165 vestris
2200 4120 2326 4164 ante
2339 4108 2509 4164 oculis
2531 4107 2762 4179 quodam
2789 4109 3051 4166 miraculo
3069 4109 3451 4180 refulgebant?

1847 4204 2111 4260 Tenebrae
2135 4213 2265 4258 sunt
2292 4202 2563 4268 universa,
2596 4205 3003 4273 comparatione
3030 4206 3168 4260 lucis
3199 4218 3440 4263 aeternae.

1845 4295 1950 4351 Alii
1980 4297 2296 4351 ministeriis
2321 4296 2434 4350 suis
2466 4296 2575 4351 Deo
2605 4297 2821 4367 placere
2845 4297 3006 4370 927
3022 4299 3279 4355 festinent
3312 4319 3326 4354 :
3359 4301 3450 4360 hic

1844 4393 1992 4448 solus
2005 4400 2089 4446 est
2112 4406 2300 4446 verum
2317 4390 2496 4446 lumen
2518 4400 2869 4460 etaeternum,
2891 4395 2942 4448 itt
2970 4409 3078 4464 quo
3108 4395 3268 4450 Pater
3291 4413 3444 4452 com-

1845 4483 2044 4555 placet,
2077 4485 2161 4539 vel
2192 4485 2243 4538 in
2275 4499 2380 4553 quo
2415 4485 2811 4555 beneplacitum
2839 4495 2923 4541 est
2969 4489 3132 4556 mihi;
3171 4500 3225 4544 ιιι
3258 4506 3459 4548 meum“

1846 4580 1934 4643 sit,
1960 4577 2215 4648 quidquid
2242 4577 2330 4631 hic
2347 4578 2474 4631 fecit
2499 4595 2511 4630 :
2541 4587 2595 4632 et
2623 4579 2881 4649 quidquid
2905 4582 3005 4653 ego
3021 4582 3140 4645 feci,
3161 4581 3283 4637 Filii
3307 4599 3445 4651 opus

135 4671 295 4727 lienis
312 4685 427 4725 sua:
445 4668 670 4739 gloriam
687 4668 947 4723 revelavit
985 4667 1350 4734 (:llatth.xvtt,
1375 4667 1444 4739 i).
1471 4667 1546 4721 Ita
1564 4667 1747 4722 occulo
1775 4672 1822 4732 Ι)
1850 4687 1970 4728 esse
1999 4673 2118 4742 jure
2155 4672 2427 4727 credatur.
2477 4671 2655 4742 lpsum
2697 4674 2882 4729 audite
2929 4675 3200 4731 dicentem
3257 4694 3269 4730 :
3323 4676 3440 4749 Ego

135 4773 242 4819 tum
263 4781 418 4820 suum
446 4763 617 4817 voluit
644 4779 764 4817 esse
784 4764 1100 4833 mysterium
1137 4778 1149 4813 :
1199 4775 1250 4817 et
1283 4763 1609 4819 adnumehat
1633 4762 1741 4818 fre-

133 4866 380 4928 quenter,
405 4873 471 4913 ne
502 4856 587 4911 cui
607 4855 766 4910 facile
791 4873 910 4924 qua:
939 4856 1208 4920 viderant,
1231 4857 1649 4921 annnntiarent;
1679 4875 1746 4913 ne

135 4934 517 5007 ollendiculum
547 4949 832 5020 quisquam
853 4947 1369 5011 subiretiufirtnior.
1404 4950 1491 5019 qui
1527 4951 1635 5004 vim
1661 4966 1748 5002 sa-

135 5056 532 5102 cramentorum
547 5044 823 5100 ﬂuctuanti
843 5042 1060 5114 ingenio
1077 5043 1293 5097 haurire
1307 5057 1413 5096 non
1431 5052 1632 5110 pnsset.
1655 5043 1747 5099 De-

141 5141 302 5211 nique
321 5141 436 5208 ipse
452 5139 646 5195 Petrus
661 5139 935 5194 nesciebat
952 5138 1080 5210 quid
1106 5135 1331 5201 diceret,
1351 5135 1628 5208 qui'926
1643 5138 1742 5191 tria

138 5233 482 5290 tabernacula
512 5232 772 5297 Domino,
799 5241 850 5286 et
878 5232 1113 5294 servulis
1130 5230 1383 5286 crederet
1410 5232 1746 5286 es.~el'acien-

138 5326 224 5382 da.
249 5326 452 5381 Deinde
482 5324 744 5395 fulgorem
764 5326 949 5396 gloria:
981 5326 1192 5380 Domini
1226 5326 1658 5394 transtigttrantis
1688 5343 1746 5382 se

138 5421 406 5474 sustinere
432 5434 536 5471 non
563 5419 734 5485 potuit
751 5435 763 5470 :
780 5419 873 5472 sed
895 5419 947 5471 in
970 5428 1167 5473 terram
1199 5418 1416 5483 cecidit,
1436 5416 1750 5474 ceciderunt

143 5525 191 5570 et
209 5513 298 5567 lilii
315 5513 446 5565 tonit
460 5513 537 5565 rui
557 5511 792 5566 Jacobns
809 5522 862 5565 et
882 5510 1120 5566 Joannes
1137 5521 1192 5566 et
1207 5511 1378 5566 nubes
1392 5509 1604 5580 operuit
1618 5526 1748 5577 eos;

144 5622 241 5662 nec
259 5613 787 5678 potueruntsnrgere
806 5605 906 5656 nisi
923 5614 1105 5673 postea
1127 5618 1289 5674 quam
1305 5603 1464 5659 .lesus
1483 5605 1669 5671 venit,
1700 5613 1755 5660 et

147 5700 316 5770 tetigit
340 5713 456 5761 eos,
481 5708 535 5752 et
560 5698 720 5765 jussit
744 5708 802 5752 ut
841 5707 1148 5766 surgerent,
1183 5708 1238 5753 ct
1285 5698 1632 5754 formidinem
1666 5716 1752 5752 se—

148 5787 993 5863 questrarent.IntrtiierUntergo
1015 5790 1066 5844 in
1106 5791 1332 5858 nubem,
1361 5801 1419 5847 ut
1458 5789 1662 5859 abdita,
1700 5801 1756 5848 et

1846 4776 1890 4821 et
1923 4765 2081 4820 Pater
2120 4781 2277 4819 unum
2312 4781 2484 4819 sumus
2513 4765 2690 4835 (Joan.
2727 4782 2778 4832 κ,
2809 4765 2922 4838 '50).
2976 4767 3088 4820 Non
3114 4769 3255 4822 dixit
3290 4787 3302 4822 :
3333 4771 3446 4840 ligo

1847 4859 2132 4930 etMoyses
2157 4871 2324 4912 unum
2350 4875 2556 4914 sumus.
2590 4858 2704 4913 Non
2733 4860 2870 4913 dixit
2897 4859 2998 4913 sibi
3032 4869 3086 4913 et
3112 4861 3245 4914 Elim
3274 4861 3442 4918 ullum

1845 4949 2044 5005 divina:
2072 4950 2257 5020 gloriae
2280 4964 2402 5005 esse
2428 4953 2784 5006 consortium.
2811 4949 2948 5017 Quid
2974 4953 3072 5005 tria
3103 4953 3452 5012 tabernacula

1848 5042 2203 5112 praeparatis?
2232 5042 2349 5097 Non
2391 5044 2442 5098 in
2477 5044 2638 5098 terris
2670 5045 2830 5097 habet
2862 5045 2964 5098 iste
3008 5049 3442 5118 tabernaculum,

1849 5135 1944 5189 sed
1970 5136 2024 5189 in
2053 5135 2211 5190 coelo.
2237 5133 2541 5191 Andiernnt
2560 5136 2816 5205 apostoli,
2838 5147 2889 5190 et
2910 5137 3226 5193 ceciderunt
3249 5156 3450 5208 pavore

1851 5228 2071 5284 turbati.
2106 5228 2260 5284 Vettii
2285 5228 2567 5291 Dominus,
2608 5238 2663 5283 et
2707 5228 2902 5283 levavit
2929 5245 3044 5296 eos,
3078 5239 3133 5285 et
3168 5232 3329 5302 jussit
3380 5251 3451 5292 ne

1850 5323 1936 5377 cui
1967 5322 2208 5377 dicerent
2237 5323 2380 5392 quod
2414 5322 2700 5376 vidissent.

1925 5418 1978 5471 ὅ.
2022 5417 2157 5472 Huic
2195 5433 2326 5487 ergo
2353 5428 2438 5470 tua
2463 5416 2675 5470 occulta
2718 5427 2951 5481 servato,
2985 5420 3071 5474 cui
3106 5419 3271 5475 David
3300 5429 3446 5480 ﬂsua

1852 5509 2062 5563 occulta
2109 5509 2402 5563 mandabat
2446 5507 2677 5562 dicens:
2712 5508 2786 5562 Ab
2833 5509 3044 5565 occultis
3083 5513 3211 5566 ὑπεὶς
3255 5517 3450 5573 munda

1854 5618 1952 5667 me,
1987 5599 2205 5654 Domine
2254 5598 2430 5671 (Psal.
2466 5615 2618 5664 xvm,
2664 5601 2777 5670 15).
2810 5600 3007 5655 Munda
3057 5604 3200 5658 enim
3251 5607 3454 5665 debent

1856 5709 1976 5748 esse
2005 5691 2370 5760 receptacula,
2401 5691 2454 5745 in
2480 5692 2678 5760 quibus
2705 5701 2834 5747 sunt
2857 5694 3073 5763 pietatis
3100 5699 3310 5753 occulta
3342 5717 3462 5773 my-

1862 5789 2051 5844 steria.
2087 5786 2155 5841 Et
2185 5783 2306 5840 ideo
2330 5784 2429 5841 tibi
2455 5786 2656 5842 dicitur
2683 5806 2695 5840 :
2724 5783 2850 5843 Bi6e
2875 5806 3062 5858 aquam
3084 5791 3147 5847 de
3175 5794 3308 5850 vasis
3331 5798 3456 5868 tuis,

221 5955 244 5980 ιι
285 5946 413 6002 Mss.
445 5944 670 6017 aliquot,
699 5960 795 5999 sua
815 5943 1018 6000 occulta
1044 5945 1340 5999 mandabat.
1379 5943 1584 6001 Meliius
1610 5942 1729 6009 alii,
1756 5957 1818 6001 ac
1839 5941 2070 6001 edit.....
2106 5939 2415 6006 mandabat;
2449 5939 2499 5996 id
2545 5950 2628 5998 est
2668 5942 2919 6000 oratione
2945 5947 3382 6006 commendabat.
