4008 6352
576 360 718 418 M55

1906 335 2152 397 SANCTl
2191 333 2512 393 AMBROSII

3758 324 3867 382 “Si

579 482 628 526 et
656 471 720 527 de
741 477 1012 543 puteorum
1037 473 1246 518 tuorum
1275 457 1594 530 fontibus....
1626 463 1676 510 et
1715 453 1766 507 in
1794 453 1974 522 plateis
2001 466 2183 520 super-
2210 451 2264 512 Α
2359 447 2413 503 5.
2441 445 2569 502 Ideo
2594 444 2867 502 Abraham
2893 449 3115 517 puteum
3145 441 3310 508 fodit,
3339 447 3403 495 ut
3429 453 3624 511 aquam
3648 437 3865 510 quiqua-

584 565 750 635 fluant
777 576 924 631 aqum
973 569 1093 621 tute,
1141 566 1192 608 ut
1217 554 1416 626 irriguo
1436 555 1576 623 {ante
1613 546 1873 627 tnuntleris
1913 543 2096 616 (Prov.
2122 556 2176 605 v,

579 657 653 712 lii
679 666 728 710 et
762 655 871 718 lli).
905 651 1032 706 ltleo
1060 649 1156 704 tibi
1193 647 1398 701 dicitur
1430 663 1442 699 :
1479 642 1614 697 Vino
1657 639 1939 695 toreularia
1985 646 2072 691 tua
2099 653 2179 691 re-

581 747 805 804 dundent
835 743 1020 816 (Prov.
1049 757 1127 806 ιιι,
1161 737 1405 813 10).1ι1ι·ο
1454 735 1652 790 dicitur
1685 749 1700 788 :
1735 731 1798 785 In
1849 729 2180 784 tribulatione

575 840 826 896 invocasti
876 854 984 904 nte,
1020 846 1063 891 et
1090 834 1303 890 liberavi
1337 845 1415 897 te,
1445 829 1684 886 exaudiri
1715 837 1762 882 te
1796 828 1849 880 in
1877 823 2178 878 abscondito

575 932 891 1003 tempestatis
921 946 939 984 :
966 930 1175 1002 probavi
1208 937 1255 982 te
1283 928 1336 980 in
1363 942 1499 996 aqua
1548 919 1969 976 contradictionis
1997 914 2176 985 (Psul.

573 1039 739 1086 Lxxx,
769 1022 846 1094 8).
896 1020 1170 1076 Est'euim
1211 1017 1461 1090 qumdam
1512 1017 1565 1070 in
1617 1009 2060 1069 tribulationibus
2098 1007 2178 1062 in-

572 1129 729 1175 terna
760 1126 785 1155 α
813 1125 1091 1187 pectorum
1122 1128 1264 1169 smva
1297 1119 1618 1182 tempestas,
1649 1105 1867 1176 quando
1891 1114 2015 1158 sunt
2044 1099 2177 1156 foris

567 1227 787 1284 pugure,
844 1209 990 1264 intus
1039 1207 1282 1262 timores.
1339 1203 1435 1259 Est
1493 1216 1629 1272 aqua
1686 1194 2170 1261 contradictionis,

567 1306 788 1379 quando
814 1304 961 1359 velut
987 1301 1220 1374 qundam
1247 1297 1573 1355 amarissimi
1599 1294 1726 1350 salis
1754 1302 1886 1347 testu
1910 1290 2176 1346 ﬂuctuant

568 1409 776 1455 nostra:
803 1396 1184 1468 cogitationes,
1219 1407 1319 1448 nec
1350 1391 1459 1445 ulla
1493 1389 1546 1445 in
1588 1384 1860 1458 profundo
1911 1382 2174 1438 mentium

569 1492 909 1550 deﬁnitionis
951 1490 1256 1546 stabilitate
1286 1485 1650 1556 placidantur.
1699 1480 1849 1535 Tunc
1881 1485 2178 1547 tempestas

572 1590 630 1645 in
660 1586 1005 1649 abscmttlito,
1057 1595 1184 1638 tunc
1223 1595 1362 1647 aqua
1403 1574 1876 1638 contradictionis,
1907 1586 2026 1642 qum.
2058 1569 2176 1624 solo

567 1688 752 1752 potest
780 1676 984 1733 Christi
1008 1689 1261 1731 sermone
1284 1671 1484 1736 sedari,
1511 1685 1622 1742 quo
1645 1676 1862 1739 peccata
1896 1664 2052 1720 nobis
2081 1677 2177 1717 no-

568 1784 682 1833 stra
714 1772 962 1837 dimittit,
1009 1768 1305 1825 secundum
1338 1764 1483 1836 quod
1529 1763 1645 1834 ipse
1691 1761 1941 1831 dignatus
1981 1767 2065 1812 est
2091 1755 2175 1809 di-

2285 552 2452 608 rcret,
2487 541 2755 597 inveniret
2782 559 2795 594 :
2825 539 2950 596 ideo
2979 551 3203 610 puteum
3239 538 3381 595 fodit
3411 536 3570 594 Isaac
3600 555 3613 584 τ
3639 536 3758 590 ideo
3784 536 3859 589 Do-

2284 638 2464 694 minus
2486 637 2645 694 Jcsus
2665 636 2889 693 sedebat
2917 636 2982 691 ad
3018 644 3279 707 puteum;
3307 642 3433 689 erat
3460 641 3648 687 autem
3678 631 3743 683 ibi
3771 630 3860 684 lous

2282 733 2468 790 Jacob.
2496 732 2731 789 Sedebat
2757 732 2823 787 ad
2858 741 3107 802 puteum,
3142 740 3202 785 ut
3247 741 3557 799 qumreres.
3593 723 3620 763 δ
3647 724 3778 779 Fons
3811 726 3861 778 ibi

2281 840 2386 895 est,
2409 828 2500 883 ubi
2527 826 2776 883 Christus
2802 835 2906 882 est.
2934 826 3082 881 Fons
3106 834 3213 892 est,
3247 833 3306 880 ut
3324 838 3488 893 aqua:
3510 819 3861 888 superclﬂusut

2282 921 2717 994 requirentibus;
2765 936 2874 992 quo
2913 931 2964 975 et
3013 920 3269 976 universa
3328 917 3526 973 carnis
3569 915 3653 970 vel
3697 912 3859 984 ﬂagiti:

2281 1014 2576 1080 diluantur,
2610 1014 2692 1070 vel
2733 1014 3142 1085 resliuguautur
3174 1010 3461 1067 incendia.
3507 1008 3638 1063 llaec
3663 1023 3780 1076 ergo
3803 1021 3860 1063 est

2281 1107 2513 1162 altitudo
2539 1106 2818 1177 sapientiae
2840 1114 2895 1162 et
2921 1106 3167 1162 scientia:
3204 1105 3337 1169 Dei;
3391 1113 3453 1158 ut
3483 1100 3617 1158 mali
3643 1118 3752 1157 mm
3779 1119 3856 1156 nea

2281 1201 2583 1268 inveniant,
2627 1201 2752 1257 boni
2796 1208 3068 1272 quzcrant,
3102 1208 3268 1270 atque
3311 1199 3367 1253 in
3398 1197 3526 1268 ejus
3555 1196 3861 1266 acquirendx

2281 1294 2464 1349 studio
2491 1303 2547 1349 et
2573 1293 2930 1350 meditatione
2965 1301 3274 1348 versentur.
3307 1290 3404 1345 Vis
3431 1289 3582 1345 scire
3611 1303 3763 1356 quam
3789 1307 3856 1343 τεο

2282 1403 2400 1441 rtttn
2431 1387 2537 1441 sit?
2569 1385 2708 1441 Audi
2739 1385 3028 1453 sapientire
3053 1385 3224 1455 ipsius
3251 1383 3423 1439 verba
3459 1400 3475 1437 :
3510 1383 3702 1445 Petite,
3727 1393 3770 1437 et
3795 1383 3861 1435 ds-

2282 1481 2418 1536 bitur
2444 1482 2580 1536 vobis
2617 1497 2628 1535 :
2661 1481 2894 1551 quarite.
2925 1489 2972 1534 et
3003 1479 3270 1534 invenietis
3294 1494 3313 1532 :
3343 1477 3580 1546 pulsate,
3614 1485 3664 1529 et
3690 1477 3853 1545 aperit.

2282 1585 2365 1630 tur
2428 1575 2568 1631 vobis
2619 1574 2772 1647 (Luc.
2823 1591 2899 1638 xl,
2945 1573 3022 1645 9).
3080 1572 3244 1627 Pulsa
3290 1586 3425 1643 ergo
3468 1570 3724 1639 januam;
3763 1570 3858 1640 quia

2279 1668 2532 1724 Christus
2568 1676 2653 1723 est
2672 1668 2840 1738 janua
2876 1685 2888 1720 :
2922 1667 3072 1737 pulsa
3103 1665 3304 1721 OSliﬂtll
3341 1663 3552 1727 Verbi;
3587 1673 3649 1717 ut
3683 1663 3858 1732 aperis-

2284 1772 2371 1817 tur
2406 1763 2502 1818 tibi
2530 1763 2596 1818 ad
2641 1761 3006 1834 eloquendum
3059 1760 3387 1833 mysterium
3421 1755 3659 1820 Christi,
3691 1768 3742 1814 et
3769 1757 3859 1812 alts-

567 1884 698 1924 cere
728 1886 743 1924 ξ
771 1865 892 1921 lam
929 1881 1019 1920 vos
1065 1862 1245 1916 mundi
1272 1860 1393 1916 estis
1434 1869 1643 1932 propter
1689 1869 1998 1916 serntonent,
2026 1867 2176 1921 quem
2211 1852 2255 1914 Β
2283 1856 2538 1912 conditos
2588 1857 2640 1912 in
2683 1855 2911 1912 Christo
2941 1854 3223 1922 sapientia
3267 1854 3450 1924 possis
3501 1852 3750 1909 invenire
3777 1852 3860 1908 ὼε.

567 1960 775 2017 locutus
796 1976 910 2014 sum
957 1957 1097 2013 vobis
1130 1954 1309 2028 (Joan.
1356 1969 1446 2019 xv,
1491 1952 1570 2017 5).
1622 1948 1896 2016 Loquere,
1951 1944 2177 2000 Domine

564 2051 734 2110 Jesu:
767 2053 991 2108 verbum
1048 2059 1196 2105 tuum
1228 2046 1493 2102 medicina
1523 2052 1630 2108 est,
1661 2039 1886 2097 verbum
1919 2052 2066 2094 tuutn
2097 2038 2179 2092 lu—

569 2163 700 2203 men
719 2156 826 2211 est,
845 2145 1069 2200 verbum
1092 2151 1242 2197 tuum
1272 2149 1475 2196 ucstra:
1497 2134 1819 2192 colluvionis
1841 2131 2048 2188 ablatio
2071 2138 2179 2196 est,

501 2274 506 2280 -
569 2241 803 2298 verbum
833 2248 983 2293 tuum
1009 2238 1128 2294 lous
1157 2244 1260 2292 est.
1282 2233 1364 2289 Tu
1391 2231 1654 2304 loqueris,
1681 2239 1734 2283 et
1757 2228 1914 2298 culpa
1938 2227 2176 2281 lavatur.

642 2335 699 2389 4.
743 2335 808 2390 Et
833 2334 960 2401 quia
992 2333 1060 2388 de
1092 2328 1414 2386 abscoadito
1439 2322 1810 2395 tempestatis,
1853 2331 1909 2377 ct
1949 2320 2017 2375 de
2040 2334 2179 2389 aqua

571 2429 1024 2487 contradictionis
1050 2426 1249 2482 ductus
1277 2435 1362 2479 est
1404 2436 1609 2487 sermo,
1648 2419 1830 2474 omnia
1873 2416 2031 2472 nobis
2068 2413 2183 2470 fac-

567 2535 686 2579 tum
700 2532 778 2578 est
794 2520 891 2576 Dei
909 2518 1156 2574 verbum.
1174 2517 1244 2571 Ca
1254 2532 1314 2570 ro
1329 2516 1528 2570 factum
1544 2521 1630 2568 est
1645 2553 1657 2568 .
1679 2520 1735 2565 ut
1748 2525 1968 2565 carnem
1993 2521 2182 2563 serva-

565 2625 678 2682 ret;
693 2631 828 2686 aqua
843 2615 907 2668 fac
929 2621 1042 2668 tum
1058 2622 1162 2676 cst,
1177 2605 2000 2679 utaquamcontradictionisma
2015 2602 2186 2672 gratia

567 2717 928 2778 temperaret,
944 2701 1425 2760 etamaritudinem
1447 2696 2010 2770 impietatisauferret.
2043 2694 2184 2749 Ideo-

571 2820 680 2874 que
695 2802 952 2871 scriptum
967 2807 1081 2855 est:
1104 2799 1249 2869 Aqua
1261 2797 1366 2851 alta
1383 2794 1588 2850 verbum
1604 2794 1658 2848 in
1669 2792 1823 2848 corde
1852 2790 1950 2844 viri
1981 2787 2181 2864 (Prov.

571 2913 672 2959 xx.
687 2895 766 2970 5).
783 2896 922 2952 Alibi
938 2894 1164 2955 uerbum,
1181 2891 1306 2946 alibi
1325 2894 1518 2947 iterum
1532 2888 1829 2953 consilium;
1849 2885 1919 2939 ibi
1939 2884 2083 2938 enim
2102 2884 2189 2937 bo-

572 3008 706 3050 num
720 2988 1030 3051 consilium,
1046 2987 1137 3042 ubi
1153 2987 1355 3040 bonum
1381 2992 1466 3040 est
1489 2983 1579 3038 Dei
1599 2981 1845 3038 verbum.
1865 2978 1932 3033 Et
1948 2977 2072 3033 ideo
2092 2975 2188 3032 tibi

573 3083 692 3142 Lex
709 3082 868 3138 dicit:
885 3079 1101 3136 Attende
1117 3077 1232 3142 tibi,
1249 3093 1311 3132 ne
1325 3077 1414 3144 ﬁat
1433 3075 1522 3129 tibi
1538 3075 1746 3128 verbum
1759 3069 1955 3126 malum
1969 3070 2022 3123 in
2033 3067 2190 3123 corde

576 3187 672 3233 tuo
723 3175 905 3250 (Deut.
955 3190 1049 3240 xv,
1092 3172 1183 3243 9);
1223 3181 1277 3226 et
1321 3169 1469 3225 dieztt
1498 3167 1658 3224 Jesus
1705 3183 1718 3220 :
1768 3165 1907 3234 Quid
1948 3161 2191 3235 cogitatis

2282 1966 2497 2007 sauros.
2531 1949 2588 2006 lo
2621 1949 2742 2020 ipso
2769 1949 2926 2006 nobis
2973 1949 3266 2016 sapientia,
3315 1947 3370 2002 in
3405 1947 3530 2017 ipso
3577 1947 3690 2002 vita
3715 1957 3858 2000 nostra

2283 2042 2600 2100 abscondita
2637 2051 2754 2108 est;
2779 2043 2920 2099 sicut
2949 2041 3149 2099 Paulus
3170 2041 3411 2098 asseruit
3442 2038 3677 2112 (Coloss.
3702 2056 3780 2104 ιιι,
3801 2040 3853 2109 3},

2284 2139 2372 2211 qui
2419 2154 2589 2209 usque
2640 2137 2707 2193 ad
2746 2139 2962 2193 tertium
3019 2147 3208 2207 raptus
3264 2147 3349 2192 cst
3408 2135 3643 2200 caelum,
3695 2146 3746 2190 ut
3793 2152 3859 2189 ae-

2283 2231 2427 2287 diret
2457 2247 2518 2288 ea
2552 2247 2672 2302 qua:
2710 2231 2915 2287 homini
2946 2245 3054 2286 non
3089 2219 3230 2286 licet.
3257 2229 3435 2300 loqui.
3468 2229 3691 2298 Quanta
3715 2229 3856 2285 occid-

2286 2334 2461 2381 torum
2528 2335 2611 2381 est
2667 2325 2986 2396 disciplina!
3031 2324 3189 2380 Licet
3237 2324 3386 2380 scire
3416 2322 3676 2390 homini,
3707 2335 3754 2379 ει
3779 2339 3857 2378 nos

2286 2417 2594 2488 licetloqui.
2623 2418 2778 2474 Scire
2802 2418 2912 2473 vita
2941 2426 3047 2482 est,
3078 2416 3225 2486 loqui
3256 2431 3411 2473 mors
3427 2425 3542 2472 est.

2358 2512 2414 2568 6.
2455 2509 2862 2583 Cognoscentes
2901 2526 3032 2582 ergo
3077 2511 3204 2582 quia
3246 2509 3376 2566 linis
3411 2509 3759 2566 occultorum
3795 2510 3858 2580 qui

2286 2606 2478 2663 Graece
2505 2608 2699 2668 σκοπὸς
2733 2606 2955 2670 dicitur,
2982 2604 3070 2660 hic
3109 2613 3217 2672 est,
3261 2613 3432 2675 atque
3468 2619 3540 2659 ea
3573 2619 3793 2669 summa,
3822 2614 3857 2658 at

2287 2708 2340 2760 et
2367 2697 2572 2766 indigni
2601 2715 2712 2754 non
2737 2697 3153 2770 apprehendant
3178 2697 3475 2768 sapientiae
3507 2696 3857 2767 disciplinam:

2289 2803 2344 2850 et
2364 2794 2453 2864 qui
2477 2793 2812 2851 desiderium
2833 2793 3055 2855 habent.
3087 2791 3216 2846 vitm
3241 2800 3432 2846 tamen
3459 2801 3520 2846 et
3551 2791 3677 2846 lidei
3699 2791 3859 2847 meritis

2287 2887 2732 2959 sullragantibus,
2786 2884 3157 2958 cognitionem
3193 2882 3524 2939 divinorum
3579 2898 3765 2954 capere
3800 2897 3860 2938 sa-

2289 2990 2688 3034 cramentorum
2717 2978 2989 3042 laborant,
3022 2985 3078 3032 et
3112 2974 3458 3046 quotidianis
3488 2975 3860 3031 exercitationi-
3954 2974 3955 3046 ξ

2289 3070 2390 3127 bus
2419 3070 2709 3137 desudant,
2736 3080 2797 3126 ut
2828 3069 3148 3126 intentionis
3177 3085 3294 3125 suae
3318 3070 3572 3124 fructum
3600 3079 3860 3125 mereantur

2290 3161 2550 3232 adipisci;
2593 3177 2796 3218 nouum
2840 3162 3109 3235 psalmum
3139 3170 3198 3217 et
3225 3159 3722 3232 quadragesimum
3747 3163 3861 3233 quia.
3954 3223 3955 3235 ι

575 3245 743 3328 ,παρ’
763 3271 819 3325 in
865 3268 1111 3326 cordibus
1147 3267 1330 3322 uestris
1367 3262 1588 3337 (Matth.
1619 3277 1696 3324 ιι,
1720 3260 1816 3332 ιγρ
1850 3258 1992 3315 Misit
2033 3256 2178 3314 enim
2207 3245 2252 3308 C
2287 3265 2398 3311 tum
2426 3255 2744 3326 diligentius
2766 3255 3036 3327 legamus,
3061 3265 3120 3312 ut
3145 3254 3549 3310 absconditam
3578 3255 3632 3310 in
3655 3255 3860 3327 mysterio

573 3365 724 3422 Deus
758 3363 1002 3420 Verbum
1040 3375 1222 3424 suum,
1268 3368 1327 3412 ut
1358 3365 1576 3412 sanaret
1625 3353 1925 3425 hominem,
1969 3365 2076 3405 non
2123 3357 2183 3403 ut
2282 3350 2612 3420 sapientiam
2660 3349 2804 3405 fideli
2857 3349 3134 3420 possimus
3163 3358 3352 3405 mente
3401 3348 3857 3420 comprehendere.

568 3459 852 3531 perderet.
911 3456 1023 3510 Hoc
1056 3453 1296 3509 Verbum
1343 3450 1619 3507 medicina
1676 3455 1781 3514 est,
1833 3461 1942 3501 non
1995 3458 2180 3515 pcena.

2283 3442 2398 3500 Soli
2421 3443 2570 3499 enim
2603 3441 2692 3498 isti
2733 3441 2802 3498 de
2830 3441 3062 3499 occultis
3103 3443 3325 3500 titulum
3375 3446 3761 3518 prastulcruat.
3785 3439 3858 3498 Sed
3954 3439 3955 3516 i

571 3552 694 3608 lloc
735 3549 977 3606 Verbum
1013 3546 1070 3603 in
1121 3544 1287 3603 corde
1332 3554 1445 3609 tuo,
1485 3551 1544 3598 et
1588 3542 1640 3595 in
1685 3556 1780 3597 ore
1824 3540 1894 3594 sit
1918 3549 2048 3594 tuo:
2081 3536 2185 3592 hoc
2281 3537 2392 3610 jam
2419 3539 2688 3609 psalmum
2719 3538 3056 3595 adoriamur.

574 3643 821 3699 Verbum
860 3641 932 3695 sit
964 3641 1017 3695 in
1048 3639 1303 3700 occultis,
1347 3636 1436 3690 ubi
1462 3633 1716 3690 diabolus
1745 3632 2032 3688 insidiatur
2061 3648 2076 3685 :
2101 3629 2187 3686 in-

579 3749 690 3796 tret
715 3738 978 3800 Verbum,
1021 3745 1181 3790 exeat
1207 3731 1479 3788 diabolus.
1511 3728 1647 3785 Nam
1679 3728 1726 3782 si
1758 3726 2043 3798 irrepserit
2070 3726 2185 3782 dia-

580 3829 1020 3897 holus,Chrisuus
1038 3826 1266 3891 recedit;
1283 3823 1560 3896 quomodo
1579 3822 1804 3879 recessit
1829 3838 1857 3875 a
1875 3821 2012 3878 Juda
2034 3830 2186 3893 post-

579 3938 816 3996 quatnsc
833 3916 1398 3989 diabolusiucorejus
1416 3915 1703 3971 immersit.
1736 3914 1806 3970 Et
1828 3923 1880 3968 tu
1902 3930 2031 3985 ergo
2055 3914 2143 3969 dic
2173 3931 2184 3968 :

582 4019 662 4075 Ab
675 4015 889 4072 occultis
907 4015 1031 4068 meis
1057 4011 1257 4067 munda
1279 4027 1382 4075 me,
1412 4008 1752 4075 Domine;ne
1773 4007 2026 4063 diabolus
2052 4008 2188 4062 insi-

581 4110 763 4166 dietur
781 4109 834 4164 in
850 4107 1102 4172 occultis,
1117 4106 1257 4160 sicut
1276 4105 1361 4159 leo
1379 4102 1429 4156 in
1443 4102 1611 4158 cubili
1633 4117 1750 4156 suo.
1769 4099 1920 4169 Quod
1935 4099 2191 4156 siCbristi

584 4203 800 4258 occulta
814 4200 902 4272 pie
917 4198 1262 4267 ﬁdeliterque
1289 4197 1622 4262 servaveris,
1657 4192 1947 4248 insidiandi
1973 4191 2192 4249 diabolo

583 4297 737 4354 locus
752 4311 996 4352 essenon
1024 4295 1243 4364 poterit.
1274 4291 1509 4360 Ideoque
1535 4292 1586 4346 in
1617 4289 1824 4360 psalmo
1851 4304 1996 4344 nouo
2025 4287 2195 4343 David

585 4390 656 4445 de
678 4389 905 4444 occultis
919 4387 1163 4441 scribens
1179 4385 1392 4440 Domini
1405 4385 1762 4440 sacramentis
1776 4399 1791 4447 ;
1807 4382 1948 4453 quod
1967 4391 2052 4439 est
2066 4398 2197 4437 ιτοιιο

585 4485 768 4552 versio
794 4490 1158 4552 peccatorum,
1173 4479 1666 4547 vocatiogentium,
1681 4477 1776 4532 Dei
1789 4493 2037 4548 regnum,
2060 4490 2199 4546 prat-

587 4577 802 4650 paratio
823 4575 1026 4638 cordis,
1043 4572 1480 4648 Qasjudicium
1502 4587 1820 4642 pauperum.
1837 4569 2064 4626 reiectio
2077 4571 2197 4625 ino-

2873 3667 3298 3760 E'NARRATIO.

2365 3845 2416 3901 7.
2461 3843 2600 3901 Deus
2632 3857 2804 3902 noster
2826 3848 3086 3921 refugium
3115 3858 3162 3902 et
3183 3847 3370 3902 virtus.
3395 3846 3552 3914 Quid
3571 3857 3677 3914 est,
3698 3845 3861 3902 uoster!

2293 3937 2407 3993 Hoc
2437 3947 2541 4004 est,
2574 3955 2760 3996 eorum
2785 3941 2874 4012 qui
2907 3941 2960 3996 in
2993 3951 3045 3997 te
3071 3941 3368 3998 credimus.
3401 3942 3499 4000 Sic
3524 3950 3586 3999 et
3617 3942 3770 3998 alibi:
3792 3929 3871 3994 De

2293 4031 2454 4096 mine,
2483 4033 2741 4104 refugiunt
2768 4037 2939 4104 factus
2966 4051 3018 4090 es
3046 4032 3190 4089 nobis
3238 4033 3394 4106 (Psal
3425 4051 3663 4096 Lxxxtx,
3700 4035 3765 4105 l).
3789 4032 3862 4088 Nc-

2295 4120 2402 4186 bis,
2433 4123 2632 4195 inquit,
2665 4125 3039 4194 credentibus,
3067 4143 3174 4182 non
3202 4127 3512 4183 incredulis
3539 4145 3557 4182 :
3585 4127 3738 4183 nobis
3757 4140 3863 4196 qus-

2298 4214 2562 4280 rentibus,
2596 4229 2702 4270 non
2723 4216 3117 4288 refugientibus
3146 4217 3464 4273 veritatem.
3501 4217 3607 4274 Ille
3643 4217 3774 4274 enim
3791 4214 3859 4269 hoc

2295 4315 2480 4375 patest
2507 4306 2713 4376 dicere,
2745 4309 2835 4380 qui
2864 4310 2916 4365 in
2945 4311 3114 4366 solius
3140 4309 3236 4366 Dei
3267 4310 3533 4382 pricsidio
3566 4325 3681 4366 sua:
3707 4308 3858 4365 consti-

2303 4397 2399 4452 tuit
2426 4413 2577 4469 spem
2620 4399 2835 4458 salutis.
2865 4401 3033 4461 Nobis
3059 4419 3190 4475 ergo
3216 4403 3491 4476 refugium
3539 4406 3718 4462 factus
3742 4419 3809 4468 es,
3827 4408 3862 4454 ει

2301 4499 2544 4547 nostrum
2608 4494 2875 4566 refugium
2929 4504 2987 4553 et
3045 4496 3251 4566 virtus,
3310 4495 3405 4568 qui
3463 4513 3666 4554 sumus
3710 4512 3767 4554 es
3803 4509 3864 4566 po-

2303 4583 2444 4654 pulis
2528 4587 2832 4647 nationum.

591 4666 1567 4742 pum;antedeocculttspectoristui
1589 4676 1751 4735 atque
1770 4662 2196 4756 secretisexter-
2223 4669 2411 4735 ῃηοη
2466 4688 2518 4735 ιθ
2570 4692 2920 4754 receperunt;
2959 4694 3014 4742 et
3053 4685 3174 4741 ideo
3227 4701 3290 4743 es
3335 4662 3655 4743 conversus
3691 4687 3753 4742 ad
3775 4699 3864 4756 se".

589 4761 905 4820 minandtnu
927 4758 1302 4814 adversarium
1329 4756 1456 4812 dicit
1480 4772 1578 4812 :ne
1597 4756 1785 4812 sedeat
1804 4756 1854 4810 in
1877 4753 2112 4811 occultis
2143 4760 2201 4809 ut

589 4856 899 4913 interﬁcere
925 4851 1151 4922 cupiens
1173 4851 1535 4906 innocentem.
1567 4849 1799 4921 Ideoque
1831 4848 1927 4904 tibi
1969 4847 2196 4903 dicitur:

591 4948 745 5004 lntra
784 4949 835 5000 in
873 4946 1165 4999 cubiculum
1211 4955 1375 5007 tuum,
1400 4952 1450 4997 et
1472 4943 1648 4998 clauso
1678 4943 1833 5006 ostio,
1865 4958 1958 4998 ora
1988 4941 2200 4997 Patrem

595 5040 1132 5098 tuumiuabscondito
1177 5038 1482 5109 (Man/LVI,
1515 5037 1590 5110 6).
1623 5037 1722 5093 Illo
1768 5048 1857 5093 tua
1900 5036 2202 5094 descendat

591 5134 790 5201 oratio,
827 5131 916 5187 ubi
956 5148 1073 5186 eam
1104 5131 1286 5185 audiat
1313 5131 1402 5200 qni
1446 5138 1722 5185 scrutatur
1748 5129 2097 5185 abscondita:
2123 5129 2197 5185 ibi

591 5239 738 5286 tuam
771 5225 1082 5295 patientiam
1119 5224 1510 5294 deprehendat,
1556 5225 1640 5280 vel
1666 5225 1909 5294 tegendae
1957 5226 2196 5295 injurias,

589 5324 677 5377 vel
718 5319 998 5391 iactantiae
1033 5317 1399 5385 declinandtn;
1430 5317 1667 5373 occultat
1695 5316 1840 5372 enim
1873 5319 2088 5387 sapiens
2115 5317 2199 5372 in-

591 5415 788 5486 juritm
809 5428 986 5468 suam.
1011 5410 1089 5466 lbi
1115 5421 1196 5465 est
1219 5411 1496 5466 latibulum
1529 5414 1836 5481 Sapientiae;
1864 5414 2033 5482 posuit
2055 5413 2198 5468 enim

598 5507 830 5561 tenebras
861 5503 1133 5558 latibulum
1152 5519 1302 5556 suum
1323 5501 1496 5574 (Psal.
1529 5519 1657 5564 χιιι.
1692 5501 1804 5574 l2).
1837 5503 2092 5571 Qun-rent
2113 5519 2200 5562 me

600 5598 753 5663 t‘nali,
784 5607 840 5652 et
866 5613 974 5651 non
1001 5594 1282 5651 invenient
1311 5595 1498 5664 (l’rov.
1530 5613 1571 5662 ι,
1601 5595 1717 5669 ‘28).

671 5747 695 5774 ει
736 5737 813 5792 lta
841 5735 1079 5803 quinque
1109 5750 1242 5790 mss.
1277 5735 1381 5791 Alii
1409 5751 1551 5809 vero»
1575 5745 1631 5791 et
1666 5751 1857 5793 omnes
1889 5736 2047 5803 cdit.,
2078 5757 2194 5809 pec-

601 5819 852 5952 ;a‘to‘rum‘
867 5823 1004 5931 sapa
1030 5815 1344 5877 tentpestas"
1356 5846 1367 5860 .
1378 5847 1394 5864 .
1412 5807 1637 5878 quodam
1654 5810 1900 5864 maritimi
1919 5808 2048 5866 salis
2065 5807 2195 5867 testu

648 5897 705 5933 nc
728 5894 828 5932 uan
861 5916 874 5942 ,
903 5891 935 5932 ε
959 5890 1008 5931 c.

861 5916 874 5942 ί
904 5913 1008 5932 υιιο

2304 4779 2408 4840 tes,
2441 4774 2645 4831 vocasti
2687 4791 2807 4840 nos,
2856 4786 2912 4834 et
2949 4777 3218 4850 refugium
3274 4777 3459 4835 factus
3506 4795 3576 4836 es
3640 4791 3867 4840 nostrum,

2303 4876 2360 4920 et
2399 4865 2572 4922 virtus
2609 4883 2670 4924 es
2708 4871 2883 4928 nobis.
2933 4871 3024 4927 Vis
3068 4873 3211 4929 scire
3264 4874 3387 4944 quia
3438 4873 3510 4930 de
3566 4873 3872 4948 nobis”
3954 4855 3955 4858 Ἰ

2303 4959 2393 5027 qui
2451 4973 2641 5015 sumus
2696 4977 2762 5016 ex
2835 4964 3116 5033 gentibus,
3171 4965 3374 5021 dictum
3435 4965 3551 5020 sit?
3609 4965 3753 5022 Crux
3801 4966 3872 5019 Do-

2306 5051 2434 5105 mini
2465 5050 2668 5107 Judazis
2696 5053 3093 5124 o/fendiculum,
3118 5056 3314 5113 Graecis
3341 5058 3580 5114 stultitia
3607 5079 3620 5115 :
3650 5061 3788 5115 nobis
3805 5076 3871 5111 ιιι-

2309 5153 2407 5197 tem
2438 5146 2598 5200 virtus
2639 5145 2739 5202 Dei
2780 5160 2934 5220 atque
2971 5151 3225 5218 sapientia
3269 5161 3343 5206 est
3374 5151 3418 5223 (I
3449 5151 3579 5207 Cor.
3616 5169 3659 5220 ι,
3693 5153 3793 5222 18).
3829 5150 3874 5205 Et

2307 5235 2442 5290 infra
2466 5255 2479 5290 :
2507 5235 2591 5292 Ea:
2610 5238 2723 5308 ipso
2749 5251 2921 5296 autem
2944 5257 3032 5297 vos
3060 5243 3178 5298 estis
3202 5243 3256 5296 in
3284 5240 3498 5298 Christo
3522 5242 3682 5313 Iesu,
3711 5245 3877 5316 quitat-

2307 5335 2387 5383 tus
2418 5339 2491 5383 est
2513 5331 2770 5402 sapientia
2815 5333 2961 5388 nobis
2983 5350 3014 5388 a
3035 5331 3146 5388 Deo
3170 5331 3364 5403 (Ibid.,
3388 5334 3508 5406 50).
3545 5335 3746 5408 Utique
3770 5336 3874 5392 Pau-

2307 5419 2391 5474 lus
2424 5436 2527 5476 uon
2557 5421 2626 5478 de
2651 5422 2878 5488 ludatis,
2902 5441 3003 5482 nec
3030 5427 3100 5482 de
3127 5427 3384 5498 gentibus
3408 5427 3557 5485 dixit
3592 5449 3608 5485 :
3641 5434 3738 5487 sed
3755 5431 3812 5486 de
3831 5430 3876 5483 iis

2304 5516 2395 5586 qui
2425 5519 2675 5574 conversi
2704 5521 2773 5575 ad
2803 5519 3092 5577 Dominum
3141 5520 3331 5578 Jesum
3383 5523 3764 5592 praedicarent
3797 5536 3878 5578 sua

2304 5608 2496 5664 salutis
2521 5621 2820 5670 auctorem.
2853 5613 3155 5686 C0nfugisti
3185 5629 3318 5687 ergo
3341 5615 3412 5672 ad
3445 5615 3770 5675 Christum?
3792 5617 3877 5673 Non

2375 5744 2669 5835 bQuiuqtte
2696 5765 2854 5835 mss”
2880 5752 3083 5824 fonsibi
3107 5763 3238 5809 erat.
3408 5754 3792 5835 Christusfons
3807 5763 3876 5816 est.

2303 5826 2358 5872 ut
2389 5836 2556 5892 aqua,
2585 5831 2691 5880 etc.
2722 5823 3070 5883 Edit.’autem
3095 5839 3218 5881 cum
3250 5826 3375 5883 aliis
3404 5843 3540 5885 mss.
3581 5837 3645 5886 ut
3668 5823 3719 5887 in
3745 5840 3876 5886 texta.

2913 4589 3090 4646 Judrci
3165 4600 3218 4647 te
3289 4601 3687 4663 negaverunt,
3742 4587 3864 4647 Judzi
3954 4643 3955 4652 χ
