4008 6352
37 402 201 458 1157
1222 397 1288 453 IN
1327 393 1660 453 PSALMUM
1705 391 1845 449 XLV
1887 389 2312 450 ENARRATIO.
3259 395 3403 452 “58

39 515 311 572 leseras
339 515 776 582 fundamentum,
809 514 1252 571 eonfirmatorem
1283 522 1432 568 tuum
1467 527 1574 568 non
1603 511 1698 567 de-
1725 518 1777 579 Α
1803 518 1922 564 sunt
1948 521 2144 566 montes
2172 511 2227 566 in
2257 511 2560 582 fortitudine
2595 515 2727 585 ejus.
2758 509 2874 566 Non
2907 513 3062 569 bona:
3099 527 3252 586 aqum
3282 529 3406 585 qua:

38 609 399 682 relinquas;
418 619 473 666 ut
499 620 548 666 te
569 611 659 682 qui
691 609 1086 681 suscepit,ipse
1117 618 1350 675 tueatur,
1379 613 1435 662 et
1462 620 1696 662 mercem
1806 612 2040 667 Sonant,
2084 613 2248 674 atque
2297 605 2622 671 turbantur.
2670 612 2726 660 ει
2772 613 2957 676 Pomm
3005 606 3247 676 prmltel’c
3291 621 3402 662 ηοιι

37 717 225 760 Sttam
260 706 402 772 pius
425 705 726 759 animarum
759 714 1068 759 nostrarum
1085 701 1395 773 negotiator
1413 707 1696 772 agnoscat.
1802 695 2314 765 possunt.Meliores
2335 707 2458 753 sunt
2483 714 2602 768 qua:
2628 708 3037 768 pertranseunt;
3065 702 3201 756 sicut
3225 702 3397 772 scrip—

115 795 184 851 8.
218 794 431 869 (Vers.
457 796 558 868 2.).
591 796 812 869 Adjutor
837 796 890 848 iu
915 795 1328 850 tribulationibus
1351 809 1467 863 qua:
1491 795 1700 848 invene-
1805 801 1916 847 tnnt
1951 801 2071 846 cst:
2116 791 2261 847 Inter
2287 795 2482 848 medios
2514 805 2709 848 montes
2740 796 3120 861 pertransibunt
3149 813 3315 865 aqua,
3357 804 3408 852 et

37 899 177 944 runt
212 907 326 944 nos
363 891 538 946 nimis.
582 891 726 946 Bene
763 892 914 945 nimis
953 890 1018 944 ad
1053 902 1340 960 utrnntqtte
1387 887 1693 958 respondit,
1805 885 2049 954 potabant
2078 899 2249 942 omnes
2281 890 2450 944 bestite
2475 891 2587 962 agri
2614 905 2632 945 :
2657 890 2938 960 suscipient
2963 893 3146 965 onagri
3175 893 3228 945 in
3267 892 3406 946 sitim

37 993 100 1039 et
135 995 205 1039 ut
245 985 307 1039 in
348 986 792 1044 tribulationibus
817 1004 937 1058 qua:
967 1002 1066 1042 nos
1089 985 1249 1041 nimis
1275 986 1614 1040 invenerunt.
1645 996 1698 1038 et
1801 994 1951 1031 suam
1997 977 2168 1046 (Psal.
2193 993 2318 1045 cut,
2351 982 2412 1038 10
2446 992 2494 1036 et
2527 981 2640 1054 lt).
2683 983 2923 1053 Denique
2960 985 3048 1039 ubi
3104 984 3245 1056 legio
3289 984 3408 1040 dre-

37 1077 303 1148 adjutor
337 1079 507 1136 nimis
536 1081 704 1150 possit
735 1080 982 1151 inienigi,
1035 1079 1248 1148 Quanto
1288 1080 1431 1134 enim
1467 1077 1697 1148 majores
1805 1071 2110 1126 moniorum
2155 1073 2305 1142 petiit
2328 1083 2383 1128 et
2430 1077 2638 1146 accepit
2668 1085 2991 1146 potestatem
3041 1088 3092 1130 ιιι
3157 1076 3410 1132 introiret

39 1173 478 1231 trilmlationes
502 1175 898 1244 fuerint,tanto
923 1175 1126 1246 majora
1151 1174 1306 1229 nobis
1331 1182 1387 1228 et
1406 1177 1698 1229 vehemen-
1802 1172 1858 1226 in
1898 1187 2090 1241 porcos
2117 1214 2131 1236 ,
2180 1188 2373 1242 magno
2417 1174 2621 1244 impetu
2664 1189 2725 1230 se
2767 1175 3123 1246 prmcipitavit
3163 1175 3214 1230 itt
3256 1189 3407 1230 mare

40 1267 214 1324 tiora
249 1268 580 1339 adjumenta
611 1279 737 1324 sunt
766 1268 1094 1326 necessaria.
1132 1268 1200 1322 Et
1227 1267 1348 1323 ideo
1380 1268 1698 1338 plerumque
1802 1264 1956 1337 (Luc.
1978 1265 2200 1337 vnt,32)
2221 1283 2234 1319 :
2258 1276 2312 1321 et
2343 1283 2495 1338 aqum
2526 1269 2633 1322 illa:
2663 1273 2840 1340 gregis
2867 1271 2948 1325 sui
2975 1269 3406 1342 prmcipitatione

43 1361 155 1427 ῆι,
208 1371 277 1417 ιιι.
331 1361 393 1418 in
433 1362 768 1436 gravioribus
811 1372 866 1419 et
900 1361 1270 1434 asperioribus
1308 1357 1698 1417 certaminibus
1803 1361 2030 1415 turbatae
2057 1371 2202 1415 sunt.
2244 1361 2384 1416 Alibi
2411 1378 2627 1431 quoque
2657 1365 2798 1419 idem
2831 1365 2995 1420 David
3032 1367 3293 1436 propheta
3323 1365 3404 1421 sic

45 1471 452 1513 coronemur:
481 1458 603 1530 quia
631 1457 886 1530 lacrymis
913 1466 967 1514 et
986 1456 1274 1528 gemitibus
1295 1465 1347 1511 et
1362 1455 1698 1511 orationibus
1802 1453 2020 1524 posuit:
2061 1451 2304 1508 Viderunt
2332 1462 2380 1507 te
2403 1470 2582 1524 aquae,
2614 1453 2778 1522 Deus,
2806 1457 3042 1512 uiderunt
3072 1468 3118 1512 te
3147 1473 3324 1529 aquae,
3356 1467 3432 1536 et)

47 1550 558 1622 frequentioribus
577 1560 797 1608 aeternae
817 1566 975 1623 opem
1001 1549 1156 1606 nobis
1173 1549 1471 1606 divinitatis
1491 1546 1698 1605 adscis-
1802 1547 2083 1602 timuerunt
2116 1546 2294 1618 (Psal.
2328 1562 2524 1614 Lxxvt,
2558 1550 2648 1619 l7)
2672 1565 2686 1614 ;
2713 1547 2814 1604 hoc
2837 1563 2918 1604 est
2936 1591 2950 1616 ,
2975 1551 3130 1606 bona:
3153 1553 3405 1616 virtutes,

48 1642 277 1699 cimus.
310 1702 322 1712 ,
1801 1657 1921 1711 qua:
1952 1640 2116 1696 Verbi
2147 1641 2388 1698 caelestis
2412 1643 2725 1714 cognitione
2745 1654 2873 1700 sunt
2904 1645 3153 1716 placidm,
3185 1649 3292 1701 rion
3315 1661 3406 1701 sc-

137 1737 198 1793 9.
239 1738 435 1808 (Vers.
467 1738 547 1810 3.)
591 1738 708 1807 Quo
737 1739 792 1793 lit
823 1747 881 1794 ut
911 1752 1016 1792 non
1049 1737 1361 1803 timeamus,
1394 1751 1516 1793 cum
1555 1745 1697 1791 terra
1801 1735 1915 1791 nitu
1947 1744 2005 1792 et
2035 1737 2244 1806 fragore
2273 1736 2562 1792 terribiles.
2607 1738 2681 1793 De
2713 1739 2868 1794 malis
2899 1751 3080 1795 autem
3113 1741 3403 1795 virtutibus

56 1839 268 1887 nostra
310 1831 591 1898 turbatur,
621 1843 674 1888 et
703 1830 1105 1888 transferuntur
1130 1839 1378 1894 montes;
1407 1828 1531 1900 quia
1564 1828 1608 1883 si
1640 1837 1696 1884 tu
1800 1830 1928 1900 quid
1958 1828 2124 1884 dicit?
2145 1827 2212 1884 Et
2225 1830 2538 1886 conturbata:
2558 1841 2676 1886 sunt
2705 1833 3190 1904 abyssi,mttltitudo
3207 1833 3406 1889 sonitus

59 1941 172 1996 pro
219 1925 413 1983 nobis.
453 1926 574 1998 quis
612 1936 799 1982 contra
836 1927 978 1982 nos?
1005 1925 1222 1981 Timere
1259 1939 1363 1978 non
1407 1937 1694 1994 possumus
1726 1927 1772 1988 Β
1798 1923 2260 1997 aquarum(lbid.,
2288 1926 2351 1980 l7
2379 1936 2440 1981 ἐιν
2463 1926 2573 1997 18).
2610 1926 2805 1999 Ahyssi
2840 1928 3005 1982 Deum
3039 1943 3146 1982 non
3179 1927 3400 1994 vident,

61 2021 414 2091 fragilitates
445 2019 600 2076 istius
627 2022 839 2088 carnis,
871 2035 994 2092 qum
1017 2021 1210 2074 timore
1233 2033 1297 2073 ac
1326 2026 1468 2072 metu
1496 2016 1694 2088 frangi-

64 2121 186 2180 tnr,
225 2112 602 2168 inﬂammatur
623 2113 1042 2184 cupiditatibus,
1068 2112 1275 2168 luxuria
1305 2110 1568 2173 mollitur,
1599 2109 1695 2166 de-

65 2205 224 2260 liciis
255 2214 579 2273 enervatur,
608 2216 902 2276 vaporatur
929 2203 1190 2272 febribus,
1221 2202 1410 2258 dolore
1436 2212 1691 2270 vexatur,-

70 2300 441 2356 cxanimatur
494 2300 774 2373 angustiis.
843 2298 940 2354 Vel
998 2313 1121 2354 cum
1175 2297 1576 2354 transferuntur
1619 2298 1694 2354 illi

73 2405 309 2452 montes
349 2395 403 2450 in
436 2410 532 2450 cor
555 2395 718 2449 maris
747 2436 760 2460 ,
803 2393 872 2449 de
901 2393 1097 2464 quibus
1126 2393 1261 2448 dixit
1290 2394 1540 2449 Salvator
1571 2411 1584 2448 :
1634 2394 1696 2452 Si

78 2490 377 2546 habueritis
417 2490 571 2558 ﬁdem
599 2490 733 2545 sicut
763 2504 984 2561 granum
1007 2489 1202 2559 sinapis
1229 2529 1244 2554 ,
1276 2504 1382 2544 non
1412 2488 1586 2544 solum
1627 2489 1696 2546 de

82 2582 330 2638 Iiculnea
376 2580 622 2647 facietis;
661 2582 756 2637 sed
788 2582 949 2636 etiam
978 2582 1022 2636 si
1059 2583 1222 2636 monti
1258 2583 1376 2637 huic
1418 2583 1694 2639 dixeritis:

85 2677 322 2743 Tollere,
350 2687 397 2732 et
423 2678 622 2744 jactare
648 2677 702 2730 in
731 2692 904 2743 mare;
935 2675 1067 2730 nihil
1093 2676 1410 2745 impossibile
1435 2678 1528 2731 erit
1555 2676 1696 2733 vobis

91 2769 459 2844 (Matth.xxr,
489 2769 604 2842 21).
636 2769 781 2825 Misit
809 2784 869 2824 se
893 2777 917 2806 ει
942 2768 1030 2823 hic
1061 2784 1214 2824 mons
1247 2768 1298 2823 in
1328 2783 1423 2825 cor
1449 2768 1624 2833 Judae,
1642 2779 1698 2825 et

92 2876 337 2918 montem
367 2864 487 2933 ejus
514 2862 664 2935 gravi
708 2870 1029 2933 tempestate
1059 2861 1323 2925 turbavit.
1361 2861 1694 2918 diversarum

95 2959 382 3027 exagitans
412 2957 670 3013 ﬂuctibus
699 2957 1033 3027 passionum.
1066 2956 1217 3013 Sicut
1253 2958 1394 3013 enim
1431 2966 1695 3014 terrarum

100 3049 387 3106 fertilitati
423 3050 648 3112 fecunda
691 3049 846 3106 bonis
886 3049 1147 3121 operibus
1194 3063 1247 3105 et
1287 3051 1591 3108 dev0tionis
1637 3067 1700 3107 ac

107 3143 234 3200 ﬂdei
260 3143 523 3200 fructibus
552 3143 729 3200 anima
754 3153 1124 3215 comparatur,
1145 3153 1200 3198 ut
1223 3142 1561 3209 odorJacob,
1585 3145 1696 3200 sic-

105 3249 163 3294 ut
203 3237 337 3294 odor
372 3239 485 3310 agri
507 3239 682 3310 pleni;
715 3240 787 3293 ita
808 3239 968 3294 etiam
991 3237 1282 3311 procellosi
1308 3238 1471 3293 maris
1491 3237 1698 3309 inquie-

1799 2026 1854 2072 et
1885 2016 2005 2072 ideo
2037 2018 2435 2075 turbationibus
2461 2034 2680 2090 semper
2701 2020 2952 2075 obnoxia:
2983 2028 3128 2075 sunt.
3161 2021 3223 2076 Et
3243 2036 3407 2092 expo-

1798 2110 1908 2166 snit
1949 2109 2077 2181 quid
2127 2121 2313 2167 essent
2350 2112 2553 2189 abyssi.
2603 2111 2888 2168 Multitudo
2912 2155 2926 2179 ,
2967 2113 3172 2184 inquit,
3207 2115 3405 2170 sonitus

1799 2222 2074 2274 aquarum.
2116 2206 2249 2261 Nam
2298 2215 2352 2261 et
2394 2207 2562 2261 bestia
2598 2207 2685 2262 illa
2713 2207 3080 2265 AntichriStus
3107 2225 3172 2266 ex
3203 2210 3403 2282 abysso

1799 2296 2080 2364 ascendit,
2130 2308 2188 2353 ut
2230 2297 2492 2354 adversus
2534 2300 2706 2355 Eliaut
2745 2312 2909 2368 atque
2954 2302 3206 2373 Enocli,b
3233 2315 3400 2374 atque

1797 2388 2061 2444 Joannem
2085 2390 2175 2461 qui
2205 2398 2426 2461 pr0pter
2449 2393 2815 2449 testimonium
2839 2394 3051 2450 Domini
3079 2396 3208 2453 Jesu
3238 2398 3403 2456 terris

1799 2490 1925 2535 sunt
1945 2481 2162 2550 redditi,
2189 2483 2562 2552 prasliaretur:
2599 2494 2656 2540 ut
2678 2487 2905 2557 legimus
2935 2489 2986 2542 in
3014 2489 3234 2545 Joannis
3259 2498 3404 2561 Apo-

1797 2574 2007 2647 calypsi
2033 2593 2046 2630 :
2077 2575 2168 2632 cui
2197 2576 2382 2632 datum
2413 2587 2497 2633 est
2525 2595 2588 2634 os
2612 2580 2866 2653 loquendi
2893 2597 3108 2654 magna,
3139 2595 3191 2638 ut
3212 2584 3404 2640 adver-

1799 2685 1891 2726 sus
1925 2669 2094 2724 Deum
2126 2672 2278 2740 plena
2314 2671 2513 2728 furoris
2541 2675 2784 2731 convicia
2817 2686 2872 2733 et
2917 2677 3190 2750 sacrilegii
3217 2693 3409 2751 persoo

1801 2771 1956 2818 narct
1988 2763 2172 2836 (Apoc.
2207 2780 2320 2829 sui,
2352 2765 2386 2821 5
2413 2775 2463 2821 et
2492 2769 2648 2840 seq).

1876 2855 1961 2909 ll.
1995 2855 2306 2911 Sonuerunt
2335 2873 2465 2928 ergo
2514 2875 2692 2930 aquae,
2727 2860 2778 2916 id
2808 2871 2928 2927 est,
2955 2863 3215 2918 immundi
3243 2865 3408 2935 spiri-

1803 2956 1923 3014 tus,
1950 2964 2073 3004 cum
2104 2951 2453 3007 turbarentur
2480 2953 2727 3011 videntes
2753 2970 2916 3026 Opera
2951 2958 3076 3019 Dei,
3111 2958 3162 3012 in
3187 2958 3405 3016 Domini

1801 3041 2054 3098 salutaris
2080 3044 2317 3100 adventu
2345 3047 2782 3119 appropinquare
2818 3049 2918 3103 sibi
2941 3049 3202 3119 jndiciutn
3234 3051 3405 3122 perlio

1800 3148 2129 3191 mescentes.
2174 3137 2485 3194 Sonuerunt
2516 3149 2571 3195 et
2597 3145 2825 3196 turbata:
2865 3153 2992 3199 sunt
3025 3159 3180 3215 aquae
3212 3146 3263 3199 in
3298 3146 3406 3203 Do-

1804 3228 1934 3283 mini
1958 3231 2230 3300 passione.
2260 3230 2415 3288 Unde
2436 3242 2490 3288 et
2511 3232 2716 3290 dictum
2745 3245 2861 3291 est:
2892 3236 3067 3303 Quare
3085 3243 3407 3310 fremuerunt

108 3331 291 3386 tudine
336 3331 598 3402 ﬁguratur
640 3331 818 3386 anima
861 3331 1013 3402 ejus,
1057 3331 1147 3401 qui
1185 3331 1398 3401 quietus
1433 3344 1556 3386 esse
1587 3346 1693 3387 non
1723 3332 1770 3397 ρ
1800 3334 2005 3394 gentes,
2045 3336 2091 3379 et
2135 3327 2315 3396 populi
2367 3327 2597 3383 meditati
2635 3341 2756 3384 sunt
2802 3332 2980 3386 inania
3008 3333 3179 3405 (Psal.
3205 3351 3273 3400 tt,
3307 3335 3408 3406 1)?

109 3424 288 3483 novit.
329 3435 385 3480 et
423 3424 623 3480 amaris
656 3423 1074 3494 cogitationibus
1116 3423 1318 3480 excitat
1345 3437 1538 3495 graves
1566 3423 1698 3481 ﬂuc-

113 3525 216 3572 tus.
251 3515 487 3587 Denique
524 3531 626 3572 nec
670 3515 859 3572 osculo
900 3530 1001 3570 suo
1049 3515 1307 3572 Dominus
1349 3516 1510 3573 Jesus
1546 3515 1699 3572 Judat

115 3608 397 3679 proditoris
424 3608 843 3664 amaritudinem
879 3609 1220 3679 temperavit.
1242 3610 1495 3681 Suscepit
1537 3625 1700 3667 oscu-

115 3701 222 3756 lum
254 3701 523 3772 proditor,
567 3701 765 3756 infudit
791 3716 1058 3757 venenum
1079 3743 1094 3764 .
1131 3711 1361 3757 mortem
1401 3703 1695 3774 irrogavit:

117 3794 265 3863 cujus
293 3793 532 3850 aculeum
589 3795 806 3864 quidem
833 3793 1084 3849 Christus
1123 3795 1369 3859 obtudit,
1417 3796 1510 3850 sed
1551 3797 1699 3850 Solus

120 3885 354 3958 proditor
393 3901 498 3940 non
526 3885 716 3940 evasit.
753 3885 819 3940 Et
851 3895 907 3939 ut
933 3888 1212 3941 evidenter
1244 3897 1484 3942 montem
1509 3886 1698 3957 hujus-

122 3979 261 4034 modi
289 3979 437 4034 nobis
479 3975 878 4041 manifestaret,
922 3978 1047 4035 alibi
1085 3993 1301 4048 quoque
1332 3993 1455 4032 cum
1493 3979 1696 4034 dauno-

126 4072 263 4128 nium
289 4071 352 4125 ab
381 4069 598 4125 homine
633 4067 884 4139 iussisset
926 4069 1106 4134 exire,
1155 4068 1416 4137 apostolis
1464 4067 1699 4124 interro-

125 4165 358 4239 gantibus
396 4179 500 4236 qua
547 4178 707 4218 causa
748 4161 881 4216 illud
922 4161 1021 4232 ipsi
1063 4161 1260 4231 ejicere
1295 4162 1696 4233 nequiviSsent,

127 4259 196 4314 ait
221 4277 231 4312 :
261 4256 373 4311 Non
397 4256 596 4322 ejicitur
621 4255 718 4308 hoc
747 4269 907 4323 genus
928 4295 940 4317 ,
968 4254 1067 4307 nisi
1094 4254 1146 4307 iu
1176 4255 1407 4308 oratione
1430 4263 1477 4308 et
1494 4257 1699 4326 jejunio

132 4351 326 4425 (Matth.
353 4365 479 4414 xvu,
503 4348 621 4417 20).
648 4347 712 4402 Et
736 4347 941 4402 addidit
965 4366 977 4400 :
1010 4347 1072 4403 Si
1093 4346 1372 4403 habueritis
1399 4351 1552 4418 ﬁdem
1568 4351 1701 4405 sicut

133 4460 331 4516 granum
356 4442 552 4512 sinapis
572 4484 586 4508 ,
617 4441 798 4495 dicetis
835 4442 956 4494 huic
983 4441 1143 4495 monti
1168 4458 1187 4495 :
1226 4439 1420 4497 Transi
1462 4443 1581 4497 hinc
1606 4444 1700 4498 illo

136 4535 254 4608 (1b.,
287 4535 388 4606 l9),
409 4550 569 4589 manu
595 4535 908 4605 signiﬁcans
929 4533 1154 4604 quisille
1169 4549 1325 4590 mons
1351 4545 1519 4602 esset,
1539 4551 1698 4607 quem

139 4641 298 4703 posset
321 4629 551 4700 perfecta
588 4627 887 4684 transferre
921 4628 1077 4682 fides.
1112 4627 1359 4684 Perfecta
1385 4628 1527 4684 enim
1563 4629 1699 4686 fides

1803 3415 1872 3470 Et
1903 3415 2028 3471 alibi
2059 3418 2338 3488 Scriptura
2378 3420 2512 3475 dicit
2549 3439 2562 3476 :
2609 3421 2772 3478 Periit
2799 3427 3046 3480 ntemoria
3077 3445 3254 3482 eorum
3283 3445 3403 3484 cum

1801 3511 2016 3581 strepitu
2043 3508 2217 3584 (Psal.
2248 3527 2323 3577 ιιι,
2351 3511 2430 3586 8).
2465 3513 2716 3570 Diabolus
2751 3532 2945 3572 sonum
2974 3521 3188 3587 quierit,
3213 3517 3406 3577 Chris-

1805 3617 1890 3661 tus
1917 3607 2211 3663 silentium.
2242 3608 2482 3680 Denique
2506 3609 2634 3665 sicut
2657 3627 2826 3683 agnus
2848 3628 3023 3668 coram
3051 3614 3291 3669 tondente
3315 3631 3370 3669 se
3388 3657 3406 3683 ,

1801 3701 1874 3756 sic
1899 3717 2001 3756 non
2026 3703 2227 3770 aperuit
2256 3719 2313 3758 os
2337 3703 2690 3778 suum(Esai.
2721 3721 2834 3772 Llll,
2864 3706 2942 3776 7).
2979 3705 3047 3762 Et
3074 3707 3201 3763 alibi
3231 3725 3244 3762 :
3279 3706 3407 3765 Non

1801 3793 2063 3861 clamabit,
2096 3812 2255 3865 neque
2279 3798 2563 3859 contendet.
2596 3815 2686 3853 nec
2713 3802 2981 3869 quisquam
3004 3799 3176 3854 audiet
3191 3803 3254 3853 in
3282 3802 3405 3872 pla-

1803 3896 1883 3940 tea
1912 3902 2080 3939 vocem
2111 3888 2223 3957 ejus
2247 3887 2264 3955 (
2285 3885 2430 3942 Esai.
2460 3904 2589 3953 sui,
2622 3888 2658 3942 2
2684 3898 2731 3943 et
2756 3889 2905 3960 5)....
2941 3890 3103 3944 donec
3127 3891 3304 3962 ejiciat
3343 3893 3402 3946 in

1802 3981 2021 4034 victoria
2037 3981 2298 4052 judicium
2329 3981 2543 4054 (Matth.
2575 3997 2676 4048 stt,
2709 3983 2774 4039 l9
2805 3992 2861 4038 et
2883 3983 3000 4054 20).
3024 3983 3156 4051 Qua:
3186 3995 3268 4039 est
3299 3986 3401 4040 ista

1804 4074 1905 4128 nisi
1936 4073 2004 4127 de
2035 4086 2286 4142 serpente
2317 4074 2576 4129 victoria?
2606 4073 2660 4129 In
2690 4075 2789 4130 hac
2812 4074 3128 4132 fortitudine
3157 4077 3277 4132 Filii
3304 4076 3406 4134 Dei

1803 4164 2111 4220 conturbati
2153 4175 2278 4220 sunt
2319 4174 2563 4232 montes;
2615 4183 2737 4223 cum
2783 4168 3034 4225 diabolus
3072 4179 3129 4227 et
3169 4171 3404 4228 ministri

1802 4260 1920 4329 ejus
1945 4260 2193 4314 viderent
2226 4271 2466 4316 mortuos
2495 4273 2860 4330 resurgentes.
2895 4262 2986 4318 Isti
3028 4274 3152 4318 sunt
3190 4274 3403 4322 montes

1803 4351 1894 4422 qui
1936 4352 2218 4406 turbantur
2259 4372 2272 4408 :
2316 4353 2392 4408 illi
2434 4362 2644 4409 montes
2671 4356 2760 4424 qui
2796 4357 3190 4412 transferuntur
3217 4355 3270 4412 in
3303 4372 3400 4428 pa-

1805 4444 2066 4512 radisum,
2097 4446 2294 4516 quibus
2316 4446 2513 4501 dicitur
2548 4469 2562 4504 :
2596 4445 2766 4503 Hodie
2797 4464 2995 4503 mecum
3032 4450 3132 4504 eris
3166 4451 3219 4504 in
3248 4467 3403 4520 para-

1804 4542 1917 4594 diso
1950 4539 2102 4612 (Luc.
2143 4556 2298 4609 χχιιι,
2325 4543 2440 4614 45).
2483 4541 2552 4597 Et
2580 4541 2719 4598 alius
2747 4545 2833 4598 cui
2861 4543 3060 4598 dicitur
3103 4559 3118 4598 :
3158 4544 3249 4600 Sic
3286 4561 3404 4600 eum

1805 4635 1922 4691 uolo
1951 4653 2156 4691 manere
2193 4637 2357 4690 donec
2389 4638 2606 4702 veniam,
2630 4639 2754 4706 quid
2782 4638 2850 4693 ad
2877 4638 2961 4693 te?
2985 4637 3062 4693 Tu
3089 4654 3170 4692 me
3193 4625 3416 4704 sequere,

140 4739 289 4796 grano
307 4725 502 4792 sinapis
521 4732 830 4792 comparata
847 4729 950 4785 est,
970 4721 1185 4776 dicente
1206 4721 1472 4791 Apostolo
1492 4739 1505 4777 :
1526 4721 1693 4778 Si/ta-
1726 4735 1775 4797 ι)
1802 4725 1980 4802 (Joan.
2007 4745 2120 4795 xxi,
2144 4729 2263 4800 25).
2293 4729 2360 4784 Ει
2400 4730 2588 4786 Enoch
2621 4733 2712 4802 qui
2746 4743 2931 4802 raptus
2951 4741 3056 4796 est;
3088 4745 3156 4786 ne
3198 4729 3400 4786 malitia

145 4822 270 4874 beam
289 4834 476 4873 omnem
487 4817 660 4886 ﬁdem,
678 4817 753 4870 ita
766 4826 818 4868 ut
830 4825 1025 4869 montes
1039 4819 1349 4888 transferam
1364 4833 1383 4871 :
1399 4817 1702 4873 charitatem

145 4923 294 4966 autem
316 4927 406 4964 non
436 4907 674 4975 habeam,
695 4905 827 4961 nihil
850 4907 976 4961 mihi
992 4907 1200 4980 prodest
1229 4908 1293 4982 (l
1321 4907 1444 4964 Cor.
1473 4927 1589 4978 xm,
1617 4911 1701 4979 2).

213 5005 286 5060 10.
313 5002 481 5074 (Vers.
510 5001 594 5073 4,)
633 5002 770 5057 Sunt
797 4999 958 5058 etiam
989 5002 1080 5071 qui
1109 5001 1183 5056 ita
1211 5002 1545 5080 distinguunt
1571 5023 1583 5059 :
1636 5003 1706 5062 Et

151 5100 480 5169 transferentur
506 5106 738 5160 montes;
763 5104 821 5150 ut
850 5105 1110 5165 sequatur
1137 5112 1150 5148 :
1184 5093 1251 5149 In
1281 5096 1521 5152 cordibus
1549 5101 1706 5155 maris

105 5227 110 5230 -
151 5199 412 5257 sonuerunt,
437 5187 602 5262 93o
630 5197 677 5242 et
703 5187 920 5243 turbata:
938 5198 1055 5244 sunt
1074 5204 1221 5260 aque
1241 5191 1355 5260 ejus
1379 5206 1398 5244 :
1419 5194 1710 5250 conturbati

217 5394 238 5421 ἰ
262 5383 348 5440 Per
379 5392 615 5438 montem
657 5381 711 5436 in
738 5381 844 5435 hoc
872 5380 1149 5452 Evangelii
1195 5381 1318 5437 loco
1364 5381 1700 5452 perduellem

159 5455 370 5526 angelum
398 5454 690 5525 significari
731 5453 864 5526 jam.
899 5452 952 5507 in
996 5453 1131 5526 psal.
1175 5454 1523 5526 xxxv1,_col.
1561 5455 1699 5523 812,

162 5523 375 5585 ηιιιιι.77.
398 5523 489 5580 Vir
509 5533 727 5579 sanctus
743 5523 1003 5580 docuerat
1025 5524 1107 5578 his
1130 5525 1344 5579 verbis:
1372 5524 1563 5580 Dicetis
1584 5529 1702 5582 huic

163 5597 549 5661 monti:Tullere,
579 5606 626 5650 et
643 5596 849 5666 jactare
877 5595 930 5648 in
953 5611 1112 5649 mare.
1144 5594 1300 5650 Huic.
1323 5595 1460 5652 Cui?
1489 5595 1696 5653 Dtemo-

165 5673 257 5731 nio,
277 5670 448 5739 inquit,
479 5678 592 5722 etc.
624 5666 680 5720 ln
709 5681 825 5739 qua,
842 5666 1063 5736 quidem
1093 5667 1432 5735 expositione
1458 5671 1696 5734 gravita.

167 5755 256 5796 tem
289 5738 539 5796 Ambrosii
587 5753 654 5792 ac
706 5738 1023 5792 modestiam
1071 5740 1314 5794 nonnulli
1366 5740 1698 5797 desiderant.

170 5814 334 5871 Verum
363 5813 474 5877 isti,
519 5825 589 5882 ne
624 5810 750 5876 quid
779 5812 1002 5882 gravius
1023 5809 1299 5882 dicamus,
1339 5827 1495 5882 aequo
1521 5828 1703 5868 moro.

106 5887 111 5894 ’
172 5889 313 5942 tiores
333 5892 462 5940 sunt:
491 5881 693 5952 Ecquis
711 5880 854 5953 enim
883 5889 972 5936 eat
992 5879 1199 5935 inficias
1218 5924 1233 5946 ,
1273 5898 1368 5953 per
1397 5879 1600 5940 montis
1623 5885 1702 5941 al-

175 5959 402 6014 titudinem
444 5951 740 6024 superbum
789 5951 940 6007 illum
985 5953 1235 6023 Spiritum
1277 5951 1699 6026 'handqttaquant

1808 4823 1990 4878 δευουιί
2021 4831 2339 4878 mutaretur.

1883 4918 1972 4972 η.
2012 4917 2140 4984 Post
2175 4919 2385 4975 Domini
2423 4921 2728 4993 passiOnem
2774 4920 2899 4991 quid
2937 4920 3078 4976 aliud
3117 4923 3268 4991 sequi
3307 4921 3406 4979 de-

1809 5014 1924 5068 buit
1950 5056 1965 5078 ,
2015 5015 2118 5069 nisi
2157 5016 2279 5086 quia
2314 5016 2385 5072 de
2422 5032 2651 5086 corpore
2691 5016 2902 5071 Domini
2935 5016 3134 5073 ﬂumen
3174 5017 3344 5072 exivit
3386 5037 3404 5074 :

1809 5107 2026 5176 quando
2045 5108 2113 5164 de
2143 5109 2313 5166 latere
2337 5111 2455 5178 ejus
2481 5127 2618 5181 aqua
2649 5110 2802 5166 ﬂuxit
2826 5120 2879 5166 et
2903 5111 3143 5182 sanguis,
3175 5127 3282 5182 quo
3309 5113 3406 5168 be-

1811 5201 2033 5260 tillcovit
2057 5203 2265 5260 animas
2295 5204 2701 5267 universorum;
2737 5205 2860 5276 quia
2899 5204 2992 5260 illo
3024 5203 3247 5263 ﬂumine
3275 5207 3409 5263 lavis

1812 5389 2018 5446 insulse
2041 5390 2388 5447 adumbrari?
2415 5389 2547 5444 Nam
2584 5389 2726 5461 quod
2764 5391 2830 5447 ad
2860 5392 3155 5447 litteralem
3183 5407 3407 5452 sensum

1810 5463 2036 5535 attinet,
2080 5478 2368 5532 numquam
2396 5461 2560 5516 animi
2592 5463 2684 5516 fuit
2717 5476 2906 5518 sancto
2944 5463 3169 5519 Pra‘snli
3207 5480 3406 5535 negaro

1813 5531 1933 5610 ﬁdei
1957 5536 2060 5610 vittt
2086 5531 2266 5590 inesse
2285 5535 2766 5610 θᾳυματουργικήνε
2805 5536 2903 5610 sed
2924 5531 3406 5610 ιηγξιῐοιιιιιριῗοεθι

1808 5604 1899 5729 poi
1937 5606 2154 5672 maluit,
2191 5606 2334 5674 quod
2365 5604 2488 5660 eum
2521 5604 2745 5661 duceret
2777 5604 3119 5663 auditoribus
3152 5604 3268 5663 suis
3299 5610 3404 5664 uti-

1833 5691 2020 5729 torem.

1833 5691 1998 5732 IOI'CIII
2007 5719 2020 5730 .

1882 5747 1910 5788 ι)
1941 5748 2195 5821 Quaedam
2232 5747 2362 5803 edit.
2406 5747 2606 5821 Paris.,
2657 5760 2809 5821 atque
2848 5749 3046 5804 Joanni
3087 5765 3106 5804 :
3143 5749 3404 5805 emenda"-

1811 5835 1932 5875 mus
1959 5838 1989 5874 e
2017 5822 2140 5876 cod.
2179 5819 2310 5886 Reg.
2329 5862 2342 5881 ,
2371 5830 2523 5890 atque
2549 5819 2827 5878 Joannem.
2862 5821 2968 5877 Sed
3001 5824 3050 5875 in
3078 5822 3196 5874 aliis
3225 5821 3405 5875 ninni-

1813 5892 1913 5948 bus
1935 5901 1989 5946 et
2012 5909 2140 5948 mss.
2169 5902 2220 5946 et
2243 5893 2374 5948 edit.
2405 5893 2510 5948 soli
2537 5895 2681 5950 Elias
2708 5908 2762 5950 et
2798 5895 2983 5950 Enoclt
3009 5889 3402 5950 menturatttn'r.
