4008 6352
533 293 673 353 ηαδ

1884 301 1968 357 SA
1977 299 2128 358 NCT!
2170 300 2493 360 AHBROSI!

3722 308 3820 365 ill-4

530 453 691 510 reges
725 438 1018 495 adversum
1045 453 1104 496 se
1136 441 1548 511 proeliabantur;
1577 444 1673 500 sed
1699 445 1864 500 etiam
1895 445 1999 517 ipsi
2033 445 2132 501 lto-

2256 422 2446 480 Vacatc
2470 468 2485 494 ,
2511 433 2570 480 ut
2594 426 2737 481 nulla
2757 428 3060 483 animarum
3082 429 3477 500 sitoccupatio
3505 445 3522 494 ;
3566 441 3633 483 ne
3668 428 3817 487 offusis

529 533 676 588 mani
708 532 866 588 bellis
895 532 1204 603 frequenter
1227 534 1475 590 civilibus
1503 537 1895 594 atterebantur.
1922 538 2139 610 Pugna-

531 625 613 680 vit
639 624 840 682 Marius
877 624 1142 681 adversus
1178 627 1431 682 Cinnam.
1477 628 1532 685 In
1565 641 1795 702 utraque
1833 642 1988 704 parte
2031 633 2141 690 Ro-

533 732 729 773 manus
771 716 922 772 fusus
947 728 1030 774 est
1055 721 1303 790 sanguis.
1336 721 1484 794 Sylla
1518 722 1820 780 insurrexit
1841 767 1856 791 ,
1889 736 1943 780 et
1969 723 2141 782 Mario

538 811 733 866 victori
788 827 979 867 rursus
1029 814 1205 867 civilia
1250 814 1393 868 bella
1447 818 1766 873 commas-it.
1823 827 1848 854 α
1905 817 2142 889 Lepidus

536 903 927 975 SertoriuSquc
955 906 1186 962 rebelles
1212 923 1273 962 se
1317 907 1564 962 Romano
1618 909 1850 979 imperio
1897 911 2144 981 prmbne-

541 1010 694 1055 runt.
729 997 914 1054 Caesar
949 999 1263 1070 Pompeium
1303 1011 1388 1056 est
1419 1011 1741 1070 persecutus
1770 1046 1782 1068 ,
1840 1012 1897 1058 et
1939 1003 2144 1058 Gallia-

535 1109 656 1150 rum
699 1093 937 1149 furorem
971 1097 1228 1150 excitavit
1267 1096 1528 1152 adversus
1557 1113 1707 1153 arma
1738 1096 2004 1153 Romana.
2042 1099 2143 1153 De-

537 1187 683 1242 victo
721 1186 940 1242 seniore
996 1187 1256 1258 Pompeio
1282 1231 1296 1253 ,
1332 1191 1607 1259 juniorem
1652 1190 1704 1244 in
1752 1188 2138 1260 Hispaniarum

538 1279 792 1350 partibus
831 1278 1148 1334 debellavit.
1207 1278 1401 1348 Quidb
1457 1279 1794 1335 Triumviros
1845 1281 2036 1353 loquar
2073 1299 2140 1339 ex

536 1371 788 1427 hOStibus
817 1372 1044 1436 amicos,
1069 1388 1135 1427 ex
1159 1373 1351 1427 amicis
1377 1388 1566 1430 rursus
1599 1375 1648 1428 in
1683 1373 1909 1429 hostiles
1943 1376 2142 1431 tumul-

537 1478 625 1522 tus
675 1480 796 1522 esse
825 1481 1181 1538 proitressiis:
1246 1466 1415 1522 maria
1468 1483 1680 1539 quoque
1726 1468 1950 1523 Actiaco
1997 1469 2141 1525 bello

539 1561 739 1618 infecta
773 1565 1039 1634 sanguine
1069 1563 1438 1617 Romanorum
1467 1562 1490 1616 ?
1520 1561 1674 1618 Unde
1704 1562 1905 1618 factum
1941 1573 2045 1631 est,
2082 1575 2140 1620 ut

539 1655 703 1711 ttedio
735 1656 1002 1712 bellorum
1033 1655 1270 1711 civilium
1300 1699 1313 1722 ,
1367 1656 1510 1712 Julio
1539 1662 1779 1728 Augusto
1836 1658 2140 1718 Romanum

536 1747 848 1804 deferretur
875 1749 1164 1828 imperium
1192 1766 1206 1816 ;
1239 1760 1294 1805 et
1318 1750 1388 1805 ita
1428 1750 1615 1820 prtulia
1649 1753 1903 1808 intestina
1954 1753 2141 1808 sedata

2248 519 2593 574 smeularium
2619 520 3090 590 perturbationum
3123 523 3363 578 interna:
3403 521 3628 578 oculum
3665 528 3819 581 mentis

2246 613 2507 669 obducat.
2550 612 2789 679 Vacate,
2836 615 3028 685 inquit,
3076 617 3148 670 ab
3188 616 3481 671 erroribus
3516 658 3532 681 ,
3587 628 3758 671 vacate
3799 635 3818 672 ε

2249 711 2774 781 perturbationibus,
2801 721 2989 767 vacate
3025 727 3055 766 a
3089 713 3335 783 peccatis
3366 729 3383 778 ;
3427 713 3557 782 quia
3587 714 3742 766 omnis
3757 719 3820 783 qs:

2249 815 2442 878 peccat,
2473 821 2575 860 non
2598 807 2721 859 vidit
2750 804 2935 872 Deum,
2967 824 3059 862 nec
3082 810 3322 880 cognorit
3349 825 3470 863 eum
3495 810 3516 875 (
3552 807 3571 863 1
3601 806 3821 866 100mm.

2249 897 2320 968 6)
2348 915 2362 962 ;
2394 896 2533 953 sicut
2561 899 2613 953 in
2640 899 2886 969 Epistola
2932 915 3028 956 sua
3056 900 3460 958 dixitloannes
3484 902 3818 974 Evangelisu.

2251 988 2453 1044 Vacate
2484 1006 2615 1062 ergo
2643 991 2826 1047 studio
2873 995 3273 1065 cognoscenda:
3313 995 3663 1051 divinitatis:
3692 1000 3822 1054 nolite

2249 1086 2482 1139 terrenis
2507 1087 2765 1155 aperibus
2821 1088 3103 1158 occupari.
3145 1087 3280 1144 Ideo
3326 1104 3424 1145 rex
3476 1087 3820 1161 Egyptians.

2247 1177 2673 1248 augerijubebat
2700 1196 2981 1237 numerum
3024 1182 3274 1248 laterum,
3339 1190 3398 1238 et
3446 1195 3650 1238 caetera
3693 1198 3819 1239 onera

2248 1269 2562 1326 Judmorum
2589 1289 2603 1336 ;
2654 1288 2724 1328 ne
2753 1286 3150 1344 cognoscnent
3180 1276 3376 1340 Deum,
3410 1284 3468 1331 et
3495 1275 3682 1332 cultui
3696 1293 3815 1333 satis

2248 1376 2526 1433 vacarent,
2556 1365 2795 1422 oﬂ‘ensus
2823 1369 2992 1439 Moysi
3036 1377 3092 1424 et
3123 1370 3306 1424 Aaron
3343 1383 3483 1424 voce
3524 1381 3817 1436 sanctorum,

2249 1462 2339 1530 qui
2389 1460 2684 1516 dicebant:
2749 1461 2968 1518 Dimitte
3015 1462 3273 1534 populum
3334 1463 3462 1528 Dei,
3495 1474 3556 1518 ut
3584 1479 3759 1520 eamus
3783 1479 3818 1520 et

2249 1554 2550 1610 serviamus
2582 1553 2816 1610 Domino
2847 1556 2956 1611 Deo
2976 1565 3162 1612 nostro
3193 1553 3416 1628 (Exod.
3449 1573 3506 1623 v,
3537 1556 3574 1612 6
3611 1569 3656 1612 et
3689 1559 3818 1628 εει).

2320 1647 2414 1702 24.
2466 1646 2756 1703 Exoltabor
2781 1649 2914 1703 inter
2950 1659 3120 1720 gentes
3147 1691 3162 1716 ,
3209 1660 3256 1705 et
3285 1651 3572 1705 exaltabor
3617 1652 3669 1704 in
3700 1663 3819 1706 terra.

2251 1741 2385 1796 Erat
2415 1742 2664 1798 sublimis
2697 1743 2954 1798 Dominus
2995 1743 3047 1798 in
3093 1744 3372 1812 excelsis,
3410 1745 3464 1799 id
3494 1754 3603 1810 est,
3660 1747 3710 1800 in
3740 1749 3822 1800 An-

537 1855 684 1898 sunt.
707 1843 822 1899 Hoc
842 1854 1022 1900 autem
1041 1860 1107 1901 eo
1122 1844 1370 1915 profecit,
1400 1857 1458 1901 ut
1481 1855 1630 1902 recte
1647 1863 1744 1919 per
1757 1857 1926 1902 totum
1949 1849 2132 1904 orbem

2249 1839 2384 1908 gelis
2411 1848 2462 1892 et
2490 1838 2846 1910 Arcliangelis
2878 1881 2894 1908 ,
2929 1841 2982 1894 in
3011 1840 3331 1910 patriarcltis
3353 1850 3412 1897 et
3439 1843 3740 1913 prophetis,
3760 1849 3822 1914 qui

539 1935 774 2006 apostoli
804 1936 1171 2005 mitterentur,
1201 1939 1415 1995 dicente
1447 1939 1682 1995 Domino
1727 1940 1855 1996 Jesu
1888 1960 1902 1996 :
1942 1938 2143 1997 Euam

541 2030 718 2084 docete
739 2045 912 2084 omnes
943 2041 1116 2104 gentes
1147 2029 1366 2100 (Matth.
1400 2048 1588 2095 xxvtn,
1618 2031 1730 2104 19).
1785 2031 1898 2088 Illis
1919 2032 2138 2103 quidem

538 2124 702 2180 etiam
741 2123 1037 2180 interclusa
1084 2125 1379 2181 barbaricis
1412 2126 1686 2181 montibus
1740 2141 1902 2197 regna
1952 2133 2141 2195 patue-

542 2227 693 2281 runt,
729 2225 787 2272 ut
825 2217 1050 2273 Thomtc
1082 2218 1256 2283 ludia,
1286 2217 1539 2274 Mattltteo
1571 2218 1776 2276 Persia.
1807 2216 1913 2274 Sed
1963 2225 2142 2273 tamen

540 2327 649 2383 quo
673 2313 825 2380 plura
855 2313 1075 2369 obirent
1112 2315 1287 2385 Spatia
1314 2324 1605 2380 terrarum,
1647 2313 1700 2368 in
1731 2322 1925 2370 exortu
1957 2312 2145 2368 Eccle-

537 2404 635 2459 si:e
669 2414 994 2475 potestatem
1038 2404 1266 2460 Romani
1300 2407 1511 2476 imperii
1535 2415 1649 2460 toto
1702 2405 1838 2460 orbe
1881 2403 2098 2460 diliudit
2128 2445 2142 2471 ,

541 2505 597 2551 et
618 2496 998 2553 dissidentium
1031 2498 1673 2568 mentes,’terrarumquc
1719 2498 1951 2553 divortia
1978 2496 2148 2552 dona-

541 2601 594 2645 ta
625 2606 759 2663 pace
788 2595 1122 2662 composuit.
1159 2591 1479 2648 Didiceruut
1501 2607 1692 2648 omnes
1747 2591 1997 2647 homines
2043 2592 2146 2647 sub

541 2705 652 2745 uno
680 2699 948 2746 terrarum
991 2691 1220 2760 imperio
1241 2690 1505 2758 viventes,
1557 2692 1715 2747 unius
1757 2691 1850 2747 Dei
1899 2690 2146 2762 omnipo-

539 2785 708 2840 tentis
737 2784 1022 2854 imperium
1061 2785 1210 2842 fideli
1235 2786 1456 2854 eloquio
1480 2787 1751 2844 conﬁteri.

610 2877 706 2934 22.
758 2879 1000 2934 Abstulit
1057 2895 1186 2951 ergo
1246 2879 1390 2936 bella
1439 2895 1611 2952 usque
1640 2881 1706 2936 ad
1763 2881 1897 2937 lines
1940 2891 2142 2944 teme;

541 2973 686 3045 quod
730 2971 934 3028 factum
958 2987 1079 3030 esse
1124 2989 1231 3028 non
1259 2973 1484 3029 dubium
1509 2985 1613 3030 est.
1648 2972 1754 3030 Sed
1781 2973 1906 3030 vide
1937 2989 2004 3028 ne
2028 2971 2144 3028 hel-
2174 3024 2181 3029 .

539 3067 590 3123 la
619 3065 954 3124 infirmitatis
979 3067 1284 3134 abstulerit,
1316 3083 1437 3136 qua:
1464 3075 1593 3122 sunt
1628 3068 1680 3123 in
1710 3066 1876 3123 corde
1909 3066 2146 3121 tituban-

536 3162 696 3218 tium.
736 3160 841 3229 Qui
866 3161 1013 3217 enim
1060 3169 1278 3216 terrena
1307 3159 1609 3222 transierit,
1649 3160 1760 3231 jam
1808 3175 1918 3215 non
1971 3159 2141 3214 dicit:

2251 1932 2318 1987 de
2347 1932 2439 1986 illo
2465 1931 2715 1986 sublimia
2747 1932 3074 1998 sentiebant,
3099 1950 3198 1990 nec
3249 1951 3377 1991 cum
3432 1937 3670 1992 terrenis
3720 1939 3822 1992 ima-

2254 2022 2521 2096 ginibusd
2553 2035 2607 2080 et
2648 2025 2956 2081 simulacris
3000 2029 3246 2098 scrupeis
3292 2029 3710 2086 conferebant:
3756 2034 3823 2088 sed

2256 2128 2517 2196 nouerat
2537 2117 2785 2174 sublimis
2828 2121 2880 2173 in
2915 2102 3130 2190 populis
3191 2121 3504 2188 nationum,
3560 2123 3656 2194 qui
3692 2123 3822 2197 me

2253 2210 2422 2266 Deum
2456 2227 2612 2266 suum
2643 2212 2695 2266 in
2736 2212 2910 2267 antris
2945 2223 3000 2268 et
3022 2213 3355 2283 Spelzeorum
3412 2215 3738 2271 habitaculis
3762 2234 3824 2272 re-

2249 2303 2469 2374 quirere
2518 2302 2864 2358 videbantur.
2911 2303 3154 2373 Deniquc
3191 2305 3625 2374 reprehenditur
3650 2307 3825 2377 Magda-

2248 2398 2398 2465 lena,
2429 2413 2552 2469 qua:
2579 2396 2854 2453 Christum
2877 2399 3033 2469 quasi
3057 2407 3328 2454 mortuum
3360 2398 3534 2456 ﬂebat
3556 2443 3573 2466 ,
3624 2409 3678 2456 et
3702 2404 3824 2474 quasi

2250 2492 2524 2562 sepultum
2557 2493 2833 2565 quaerebat
2867 2493 2919 2548 in
2950 2494 3177 2549 tumulo.
3228 2493 3387 2551 Unde
3440 2494 3582 2550 dicit
3635 2496 3699 2550 ad
3738 2513 3827 2551 eam

2249 2589 2534 2644 Christus:
2587 2586 2789 2650 Maria,
2823 2589 2948 2660 quid
2987 2589 3206 2657 ploras?
3239 2606 3391 2661 quem
3427 2591 3631 2661 quavis
3664 2590 3828 2662 (loca.

2249 2698 2340 2746 xx,
2379 2681 2528 2753 15)?
2557 2681 2814 2752 numquid
2843 2697 2965 2736 eum
2989 2683 3079 2754 qui
3130 2693 3316 2754 posset
3350 2683 3609 2740 auferri?
3646 2684 3829 2740 Audirit

2248 2792 2461 2845 vocem,
2493 2787 2542 2832 et
2584 2779 2899 2848 recognovit
2944 2793 3091 2843 eum,
3139 2787 3194 2832 et
3234 2778 3458 2835 volebat
3508 2781 3829 2851 contingere:

2248 2879 2301 2926 ct
2329 2871 2404 2926 ait
2431 2870 2689 2926 Dominus
2714 2887 2727 2924 :
2757 2869 2885 2925 Noli
2910 2886 2990 2923 me
3018 2874 3270 2942 tangere(
3301 2869 3475 2938 Ibid.,
3509 2873 3656 2944 17),
3700 2889 3828 2944 quem

2247 2972 2407 3035 putas
2452 2971 2747 3020 mortuum.
2780 2963 2863 3017 Ad
2896 2961 3108 3018 Patrem
3153 2965 3309 3019 vado.
3361 2965 3589 3022 Miraris
3635 2967 3827 3037 quodin

2251 3058 2456 3114 tumulo
2505 3073 2612 3112 non
2649 3057 2902 3112 invenisti
2931 3099 2947 3123 ,
2981 3073 3142 3128 quem
3174 3057 3422 3115 coelestia
3446 3061 3830 3128 prmstolatuur?

2248 3154 2355 3208 Aut
2413 3154 2551 3208 forte
2604 3151 3046 3223 reprelienditur,
3080 3151 3205 3222 quit
3241 3151 3528 3209 Christum
3579 3155 3685 3210 nisi
3725 3153 3828 3210 ﬁdes

540 3251 700 3309 Foris
748 3270 938 3326 pugna:
962 3295 978 3320 ,
1025 3254 1168 3308 intus
1225 3254 1434 3308 timores
1479 3253 1498 3326 (
1528 3252 1570 3307 ll
1592 3251 1713 3307 Cor.
1762 3268 1856 3316 vtt,
1889 3254 1923 3309 5
1954 3252 1972 3321 )
2000 3269 2015 3319 ;
2047 3252 2143 3308 sed
2171 3242 2216 3305 C
2249 3244 2490 3316 perfecta
2518 3261 2624 3300 non
2657 3245 2846 3316 tangit;
2881 3249 3020 3300 sicut
3050 3245 3476 3302 ltzemorrhoissa
3529 3248 3698 3320 plena
3732 3265 3828 3304 en

539 3347 672 3403 dicit
702 3365 714 3400 :
753 3346 949 3402 Nostra
990 3357 1160 3402 autem
1188 3347 1504 3402 conversatio
1531 3349 1583 3400 in
1613 3347 1754 3402 caelis
1781 3357 1856 3403 est
1887 3347 1908 3420 (
1938 3345 2139 3420 Philip.

485 3461 493 3465 ·
540 3439 777 3510 ιιι.20).
827 3441 1021 3495 Transi
1058 3456 1188 3512 ergo
1240 3439 1503 3494 mundum
1531 3481 1548 3507 ,
1593 3441 1759 3516 935
1811 3452 1867 3494 ut
1915 3441 2143 3511 incipias

539 3547 665 3589 esse
687 3547 853 3600 supra
888 3532 1183 3597 mundum;
1216 3543 1237 3569 ε
1274 3535 1505 3608 περᾶσαι
1555 3532 1702 3586 enim
1750 3532 1987 3588 transire
2017 3542 2141 3598 est,

542 3626 633 3682 vel
665 3635 724 3681 ut
744 3625 921 3681 diezim
954 3626 1290 3696 expressius,
1324 3623 1707 3679 transfretare.
1745 3625 1986 3681 Abstulit
2012 3641 2144 3696 ergo

520 3719 808 3780 Dominus
833 3719 973 3775 bella
999 3761 1013 3781 ,
1065 3733 1188 3789 qua:
1217 3719 1469 3775 movebat
1499 3718 1654 3775 nobis
1682 3719 1920 3790 nequitia
1977 3720 2138 3790 spiri-

535 3813 663 3869 talis
695 3832 708 3867 :
741 3821 798 3867 ct
837 3813 1050 3870 devicto
1075 3811 1320 3880 diabolo,
1379 3828 1569 3883 pacem
1611 3827 1762 3867 suam
1806 3813 1964 3869 nobis
2007 3813 2137 3869 reli.

534 3907 888 3978 quit.Arcum
916 3907 1205 3979 confregit,
1229 3906 1298 3963 de
1328 3923 1436 3977 quo
1459 3907 1626 3977 ignita
1642 3906 1935 3962 adversarii
1957 3907 2134 3978 jacula

534 4002 967 4070 spargebantur:
1007 4010 1064 4057 et
1089 4010 1239 4056 scuta
1271 4001 1517 4072 perfidus
1542 4001 1842 4057 combussit
1881 4002 1987 4072 igni
2017 4019 2032 4069 ;
2078 4012 2135 4058 ut

538 4105 748 4149 scutum
782 4096 906 4151 ﬁdei
934 4095 1248 4150 inviolabile
1273 4107 1636 4164 permaneret.

605 4187 696 4242 25.
742 4188 939 4261 (Vers.
990 4189 1076 4245 M.
1113 4188 1133 4261 )
1181 4187 1402 4256 ναπαίας,
1432 4190 1628 4260 inquit,
1666 4200 1712 4244 et
1769 4190 1957 4253 videte,
2014 4191 2137 4262 quia

2252 3340 2424 3410 tetigit
2450 3338 2576 3394 ﬁde.
2612 3339 2766 3396 Unde
2797 3339 3056 3397 Dominus
3083 3340 3202 3423 ait}
3235 3339 3432 3414 Tetigit
3479 3360 3568 3398 me
3621 3346 3823 3413 aliquis:

2249 3437 2415 3491 sentio
2447 3435 2511 3490 de
2537 3452 2617 3490 mc
2645 3436 2882 3490 virtutem
2931 3436 3141 3508 exisse(
3179 3433 3311 3490 Luc.
3349 3451 3448 3491 vttt
3471 3477 3490 3504 ,
3548 3437 3623 3494 46
3650 3438 3692 3510 ).
3737 3439 3829 3507 Quo

2247 3531 2415 3596 dicto,
2443 3531 2666 3603 agnovit
2693 3531 2746 3586 in
2778 3546 2838 3587 se
2870 3530 2960 3586 illa
3002 3530 3146 3602 quod
3171 3541 3406 3588 exeunte
3455 3532 3636 3589 fuerat
3663 3535 3830 3589 virtute

2247 3639 2434 3683 curata
2457 3645 2472 3693 ;
2498 3639 2550 3684 et
2581 3628 2764 3684 statim
2787 3627 3036 3682 confessa
3078 3637 3163 3682 est
3192 3627 3274 3681 sui
3313 3629 3544 3684 conseia
3575 3628 3720 3699 quod
3746 3628 3829 3684 Do-

2249 3721 2454 3776 minum
2485 3721 2598 3790 ipsa
2647 3721 2934 3791 tetigisset.
2987 3717 3137 3775 Unde
3186 3719 3452 3775 Dominus
3508 3723 3637 3778 ait:
3695 3722 3828 3776 Fides

2245 3825 2334 3868 tua
2359 3825 2406 3869 te
2432 3814 2626 3868 salvam
2657 3814 2820 3883 fecit:
2864 3812 2994 3868 unde
3014 3814 3065 3867 in
3091 3832 3214 3886 pace
3245 3814 3263 3886 (
3293 3812 3464 3881 Ibid.,
3494 3815 3574 3873 ‘8
3600 3815 3644 3884 ).
3691 3817 3826 3873 Exul-

2246 3915 2390 3962 tatns
2419 3916 2599 3962 autem
2633 3906 2686 3962 in
2739 3917 2880 3962 terra
2920 3907 3180 3963 Dominus
3227 3917 3334 3973 est,
3363 3911 3676 3966 secundum
3704 3910 3826 3981 quod

2244 4001 2360 4070 ipse
2403 4002 2507 4054 ait:
2543 3999 2668 4056 Cum
2695 4000 2950 4056 excitatus
2979 4003 3160 4071 fuero,
3193 4002 3369 4056 omnia
3411 4004 3625 4058 trahant
3659 4004 3728 4058 od
3768 4019 3829 4056 me

2242 4094 2416 4161 ipsum
2445 4096 2463 4164 (
2490 4094 2653 4151 Joau.
2685 4111 2780 4161 stt,
2810 4095 2882 4160 ’52
2904 4097 2944 4158 l.
2979 4094 3078 4151 Vel
3121 4095 3266 4165 quod
3297 4095 3444 4153 facta
3479 4107 3571 4154 est
3597 4099 3827 4154 voluntas

2243 4188 2362 4259 ejus
2391 4188 2532 4243 sicut
2565 4189 2616 4244 in
2645 4189 2786 4246 coelo
2815 4199 2866 4244 et
2898 4189 2951 4244 in
2985 4198 3147 4244 terra.

531 4296 627 4352 ego
665 4297 782 4339 sunt.
820 4281 1098 4337 Dominus.
1151 4282 1263 4338 Vox
1295 4283 1508 4338 Domini
1557 4293 1679 4354 post
1716 4283 1856 4339 bella
1904 4261 2133 4340 sedata:
2162 4271 2216 4331 D
2311 4283 2404 4338 25.
2453 4283 2471 4354 (
2503 4283 2661 4340 Vers.
2698 4283 2834 4356 12.)
2878 4283 2944 4339 Ει
2983 4283 3182 4355 repetit
3214 4283 3441 4340 dicens:
3488 4261 3638 4341 Deus
3693 4288 3829 4341 viro:-

605 4408 632 4436 λ
678 4399 806 4455 Fuit
835 4401 882 4456 is
912 4400 980 4454 lii.
1014 4400 1162 4456 Em.
1207 4401 1444 4466 Lepidus
1496 4402 1857 4458 Marianarum
1903 4407 2134 4472 partium

527 4475 918 4548 assertor,qni
959 4473 1219 4548 adversus
1271 4472 1522 4548 Catulum
1595 4476 1832 4548 Syllana:
1881 4475 2134 4530 factionis

528 4541 723 4598 ducent
756 4545 978 4618 quicum
1022 4546 1172 4614 prius
1199 4545 1549 4618 consulatum
1591 4541 1835 4618 geSserat
1862 4589 1875 4610 ,
1929 4549 2130 4602 bellum

522 4618 711 4685 gessit.
757 4615 836 4671 De
880 4616 1073 4672 eodem
1127 4625 1312 4673 autent
1362 4617 1570 4688 Lepido
1597 4615 1747 4674 'mox
1799 4620 1996 4675 iterum
2049 4619 2130 4674 di-

521 4701 729 4741 οϐιηιιε.

591 4799 973 4880 h_Antnni_ns,
1009 4802 1270 4880 Lepidus,
1303 4816 1464 4880 atque
1493 4806 1768 4874 Augustus
1814 4809 1968 4880 prius
2007 4807 2120 4863 dis-

518 4871 737 4948 cordes,
778 4875 976 4948 utJulii
1006 4871 1238 4930 Ca-‘saris
1266 4893 1293 4928 a
1352 4871 1519 4932 Bruto
1547 4871 1776 4948 aliisque
1816 4871 2116 4944 coniuratis

518 4942 792 5018 interfecti
824 4962 1012 5001 necem
1045 4958 1527 5018 persequerentur,
1559 4942 1834 5018 assumpta
1869 4942 2113 5006 triumvi-

515 5016 615 5090 rali
656 5027 920 5090 potestate
969 5016 1119 5073 arma
1171 5016 1266 5074 sua
1310 5022 1481 5085 primo
1523 5016 1956 5090 conjunserunt:
2016 5023 2110 5077 sed

515 5083 668 5138 brevi
698 5091 873 5142 soluta
906 5099 990 5142 est
1021 5091 1106 5142 illa
1161 5083 1419 5146 Societas.
1471 5083 1711 5157 Namque
1745 5094 1884 5149 haud
1938 5095 2111 5149 multo

514 5167 654 5235 post.
672 5157 878 5235 Lepido
908 5159 961 5212 in
991 5162 1238 5235 ordinem
1273 5162 1522 5235 redacto,
1558 5165 1827 5218 AtttOnius
1872 5167 2108 5235 denique

511 5228 669 5306 apud
696 5229 1260 5306 .\t-tianrtnaritimatn
1299 5234 1443 5306 Epiri
1475 5236 1662 5290 urbem
1697 5237 1871 5290 navali
1931 5228 2105 5306 pugna

513 5299 832 5377 Vitiligntus
879 5301 948 5354 ab
1005 5305 1553 5377 Augnsto__violcntas
1601 5321 1792 5361 manus
1842 5309 1892 5361 in
1932 5299 2103 5362 'sn'am

513 5369 686 5435 ipsius
725 5372 889 5426 \‘ilam
918 5378 1207 5426 convertit.
1245 5375 1350 5428 llas
1380 5376 1658 5432 Oetaviani
1701 5377 1936 5432 Caesaris
1990 5378 2106 5434 vic.

512 5441 699 5515 turias.
730 5451 1002 5515 ebitat-em
1053 5443 1177 5497 inde
1213 5458 1458 5515 secutam
1506 5447 1728 5503 Tacitus
1778 5451 2102 5515 compendio

511 5513 766 5588 exprimit
795 5512 903 5566 illis
933 5515 1112 5566 verbis
1139 5535 1155 5588 :A
1201 5514 1385 5582 Lepidi
1428 5529 1581 5588 atque
1621 5519 1830 5572 Antonii
1864 5512 2009 5572 arma
2048 5520 2101 5572 in

509 5578 1038 5659 Augustumcessere,
1067 5586 1156 5659 qui
1177 5578 1365 5641 cun-cla
1389 5578 1664 5642 discordiis
1686 5589 1917 5644 civilibus
1941 5591 2098 5659 fossa,

507 5653 714 5710 ηοηιίηε
739 5653 1011 5722 principis,
1045 5656 1136 5710 sub
1164 5659 1440 5726 imperium
1482 5661 1699 5728 accepit.

582 5752 604 5779 ο
652 5743 742 5798 Sic
766 5759 895 5797 mss.
931 5749 1169 5823 aliquot,
1220 5762 1383 5818 atque
1430 5751 1564 5806 edit.
1615 5768 1824 5810 onmes.
1871 5755 2098 5823 Verunt-

500 5815 679 5865 tamen
705 5829 964 5882 quorsum
995 5815 1097 5874 hoc
1131 5821 1231 5875 loci
1262 5815 1364 5878 vox
1394 5825 1619 5897 περάσειε
1640 5840 1654 5880 :
1679 5827 1783 5881 nisi
1810 5827 1946 5882 velis
1974 5815 2095 5882 eam

2246 4403 2533 4481 respicere
2570 4402 2638 4481 ad
2680 4405 2939 4481 περάτων.
2971 4401 3467 4481 Na_n1_versictilits,
3495 4405 3590 4473 qui
3620 4404 3717 4481 hic,
3747 4419 3825 4458 es-

2243 4475 2487 4552 ponitttr,
2525 4477 2593 4529 ita
2626 4472 2859 4552 Italtétur
2881 4474 3019 4543 apud
3046 4473 3214 4552 LEX.
3234 4472 3577 4552 ’Λνταναιρῷν
3598 4478 3829 4552 πολέμους

2237 4549 2403 4623 μέχρι
2427 4554 2529 4602 τῶν
2554 4549 2791 4623 περᾲτων
2813 4557 2904 4623 τῆς
2928 4554 3042 4621 γῆς.
3072 4544 3440 4623 Ιῖἰῑρίῑυηιίιιιιε
3465 4544 3683 4604 videtur
3711 4544 3828 4602 Doc-

2239 4615 3069 4696 torvitoster‘potiusscriptitrus
3095 4615 3266 4672 fuisse
3284 4627 3450 4696 περᾷν
3477 4631 3568 4674 aut
3588 4623 3829 4696 mpii:ch

2232 4705 2393 4767 quam
2444 4689 2986 4767 nepéao¢._Quot:irca
3028 4703 3134 4767 non
3188 4689 3715 4767 magno'motnento
3764 4694 3829 4745 in-

2233 4760 2580 4815 ﬂecterent'ur
2623 4762 2673 4814 in
2709 4760 2994 4816 lectionem
3024 4761 3258 4813 aliorutn
3301 4777 3435 4818 mss.
3480 4764 3573 4816 ubi
3597 4765 3825 4828 legimus,

2229 4832 2391 4900 phase
2421 4832 2558 4885 enim
2586 4833 2805 4886 transire
2827 4843 2921 4886 est.
2965 4831 3178 4885 Etenim
3209 4830 3316 4887 hoc
3343 4843 3538 4890 saneto
3577 4834 3830 4888 virosalis

2227 4905 2506 4975 usitatum,
2552 4913 2610 4958 ut
2640 4904 2796 4959 tectis
2850 4903 3258 4973 quodammodo
3298 4905 3486 4959 verbis
3540 4905 3831 4975 Scriptura

2227 4974 2380 5049 iocos
2415 4973 2747 5049 ad_ertu-nda
2773 4991 2842 5049 ex
2874 4975 3078 5049 eisdem
3100 4990 3340 5049 quorum
3397 4973 3687 5049 pmeepta
3713 4977 3829 5032 sub-

2223 5045 2433 5099 innuat.
2476 5044 2672 5101 Posset
2716 5047 2877 5116 igitur
2918 5044 3044 5101 inde
3082 5043 3205 5098 duci
3249 5046 3335 5102 hic
3390 5043 3638 5104 sensus:
3669 5058 3832 5103 trans-

2221 5117 2402 5171 eundo
2435 5131 2462 5169 a
2499 5117 2732 5173 terrenis
2791 5117 2856 5171 ad
2906 5117 3152 5174 coelestia
3194 5117 3414 5174 imitare
3460 5119 3828 5175 Israelitarom

2218 5188 2411 5262 phase,
2445 5198 2551 5242 etc.
2582 5188 2689 5245 Sed
2747 5189 2963 5244 interim
2993 5187 3213 5242 lectioni
3255 5199 3498 5262 rect-pun
3554 5207 3665 5248 non
3705 5207 3830 5262 pra:-

2210 5259 2556 5330 jtttlicatnus.

2305 5329 2332 5368 ά
2392 5330 2520 5384 Mss.
2575 5333 2857 5397 nonnulli,
2903 5343 2950 5388 et
2989 5334 3287 5388 simulacris
3343 5334 3590 5399 sculptis.
3645 5334 3830 5390 Melius

2211 5403 2302 5475 alii
2355 5417 2419 5456 ac
2473 5402 2606 5457 edit.
2636 5441 2650 5457 .
2684 5445 2695 5456 .
2730 5443 2746 5459 .
2768 5446 2782 5468 ,
2813 5407 3044 5472 scrupeis
3068 5446 3083 5471 ,
3110 5405 3161 5459 id
3194 5414 3298 5466 est,
3325 5407 3509 5460 saxeis
3536 5423 3552 5473 ;
3607 5422 3830 5475 scrupus

2211 5473 2358 5546 enim
2406 5487 2598 5530 Saxum
2655 5483 2786 5538 est,
2853 5477 2996 5531 unde
3064 5475 3378 5546 serupulus.
3437 5477 3592 5544 Quod
3653 5473 3827 5533 autem

2207 5545 2520 5616 adiungitur
2563 5547 2630 5602 de
2697 5546 2874 5601 antris
2927 5563 2990 5602 ac
3048 5545 3289 5616 spelaéis,
3354 5551 3602 5612 tangitur
3651 5548 3825 5603 ethni-

2205 5618 2754 5691 ctirumsuperstitio
2788 5659 2802 5680 ,
2851 5633 2962 5691 qua
3017 5619 3243 5691 deorum
3318 5620 3543 5675 oracula
3602 5621 3826 5691 potissi-

2205 5704 2349 5761 rnnm
2414 5689 2465 5740 in
2487 5759 2504 5761 _
2526 5687 3074 5761 sttbtcrraneisulocis
3119 5690 3532 5761 interrogabant
3560 5709 3576 5750 :
3604 5687 3664 5744 iit
3706 5700 3822 5755 puta

2203 5756 2723 5883 ist;'::llli:"(:l80'elphici
2773 5759 3065 5828 Apollinis,
3117 5756 3384 5830 Sibyllae,
3418 5761 3722 5832 Trophonii
3771 5767 3824 5817 et

2201 5843 2496 5884 stmtnnus.
2513 5843 2550 5900 ςο
