4008 6352
132 326 322 383 11ηίῦ

1251 324 1317 380 ΙΝ
1358 321 1685 382 PSALMUM
1728 320 1915 379 XLVII
1959 320 2383 378 ENABBATIO.

130 451 276 498 tum
316 441 611 509 nobiscum,
656 448 921 511 susceptor
953 450 1124 497 noster
1158 448 1183 477 κ
1209 438 1351 494 Deus
1372 436 1558 493 Iacob.
1592 438 1772 508 Repe-

132 536 290 591 titio
337 532 684 591 conﬁrmatio
727 542 835 589 est.
883 531 984 589 Vel
1034 532 1159 603 quia
1193 545 1300 588 non
1328 532 1503 585 solum
1555 529 1773 601 quando

130 640 333 686 natus
378 644 443 684 ex
476 626 697 699 Virgine
724 638 831 691 cSt,
890 625 1064 681 factus
1113 634 1196 681 est
1255 624 1535 679 nobiseum
1587 623 1769 688 Deus;

129 723 256 781 sed
288 724 463 779 etiam
504 731 625 794 post
652 720 1106 779 resurrectionem
1149 719 1265 792 ipse
1290 717 1465 774 dixit:
1523 717 1657 774 Ecce
1678 735 1771 791 ego

3338 322 3481 379 1146

1877 437 2144 492 uobiscum
2192 453 2325 493 sum.
2360 476 2375 492 .
2413 476 2427 491 .
2464 478 2479 494 .
2511 454 2673 512 usque
2688 439 2758 494 ad
2785 439 3281 495 consummationem
3303 438 3485 493 mundi

1885 528 2084 600 (Matt.
2114 546 2307 598 xxvrn,
2340 531 2411 589 20
2438 530 2485 605 ).
2530 531 2627 589 Cui
2656 542 2739 590 est
2770 530 2951 590 honor
2981 540 3039 590 et
3061 532 3257 604 gloria,
3290 546 3489 603 perpe-

1884 624 2046 680 tuitas
2077 640 2105 679 a
2139 625 2378 692 saeculis,
2412 636 2467 681 et
2502 642 2669 692 nunc,
2717 635 2774 683 et
2798 643 3032 700 semper,
3085 637 3139 683 et
3197 627 3251 683 in
3304 626 3487 683 omnia

1879 717 2081 773 saecula
2124 720 2471 777 saeculorum.
2504 721 2699 778 Amen.

226 872 258 902 τι
303 862 474 918 Rom.
502 861 635 918 edit.
678 872 813 934 post-
843 877 1035 936 voces,
1080 860 1218 917 Deus
1237 856 1426 927 Jacob,
1458 856 1741 929 subjungit
1769 897 1783 924 ,
1820 856 1960 915 Deus
1999 858 2246 914 uirtutum
2286 860 2569 916 nobiscum.
2617 861 2835 933 Repetit
2870 862 3013 935 quod
3051 878 3215 936 supra
3243 862 3478 921 dixerat.

129 936 437 1008 Repetitio
481 946 655 990 autem
698 935 1027 1005 conﬁrmatio
1054 944 1148 989 est.

121 1059 3457 1090 Μ

834 1178 959 1263 IN
1033 1177 1610 1264 PSALMUM
1683 1178 2028 1264 XLVII
2094 1167 2819 1293 ENARRATIO.

219 1474 402 1548 935
454 1475 506 1529 1.
561 1473 771 1545 (Vers.
834 1473 934 1545 1.)
989 1470 1164 1542 Hujus
1212 1472 1403 1529 titulus
1443 1471 1531 1527 hic
1582 1479 1664 1527 est
1697 1488 1710 1525 :
1746 1478 1773 1507 α

138 1566 412 1623 Psatmus
439 1567 627 1621 cantici
670 1568 796 1639 ﬁliis
826 1566 986 1633 Core,
1041 1568 1267 1622 secunda
1313 1565 1513 1622 sabbati
1569 1562 1767 1637 (Psal.

135 1677 240 1718 xu
266 1673 319 1716 et
345 1677 451 1732 seq.
482 1659 521 1731 ).
554 1660 685 1715 Boni
717 1660 813 1716 ﬁlii
840 1660 981 1716 Core
1002 1704 1016 1728 ,
1042 1673 1096 1719 et
1125 1660 1346 1735 psalmis
1363 1661 1475 1732 jam
1521 1658 1771 1730 superio-

1877 1468 2123 1537 diebant,
2166 1486 2329 1528 unam
2365 1472 2574 1529 sabbati
2629 1477 3054 1547 nuncupabant,
3100 1480 3253 1551 quasi
3307 1494 3476 1536 unum

1876 1571 2024 1617 esset
2051 1563 2336 1620 sabbatum
2368 1574 2426 1621 et
2454 1581 2562 1622 non
2595 1567 2762 1623 aliud.
2797 1568 2907 1624 Nos
2932 1571 3024 1643 qui
3068 1572 3471 1629 observantiam

1871 1655 2034 1728 937
2082 1656 2359 1713 induimus
2402 1660 2730 1730 spiritalem,
2758 1669 2814 1717 et
2857 1660 2924 1717 ad
2958 1663 3372 1721 similitudinem
3420 1675 3476 1721 et

137 1753 309 1809 ribus
338 1754 649 1826 approbati,
677 1751 795 1810 eo”
832 1756 975 1827 quod
1001 1756 1258 1829 congruis
1296 1753 1548 1811 sensibus
1591 1760 1646 1807 et
1674 1765 1767 1806 co-
1798 1788 1842 1849 Β
1874 1750 2119 1820 requiem
2180 1751 2273 1806 Dei
2314 1753 2564 1821 cupimus
2605 1766 2845 1811 nostram
2902 1754 3138 1813 formare
3178 1758 3424 1814 militiam
3458 1802 3473 1826 ,

139 1847 519 1920 gitationibus
552 1847 619 1902 ad
668 1848 927 1903 virtutttm
987 1850 1165 1905 studia
1211 1846 1661 1905 convenientibus
1708 1845 1761 1899 in

141 1940 477 2010 semetipsis
519 1950 822 2012 pangerent
844 1940 1091 2012 spiritale
1114 1941 1458 2012 psalterium,
1492 1946 1549 1993 et
1577 1935 1764 2007 cogni-

140 2034 290 2090 tioni
335 2034 665 2103 divinitatis,
695 2047 717 2074 ε
752 2037 1040 2109 pervigiles
1070 2036 1288 2109 specula
1320 2036 1515 2091 mentis
1544 2033 1759 2100 intenti,

141 2130 464 2185 caelestium
535 2130 922 2202 mysteriorum
996 2130 1146 2201 digni
1191 2130 1372 2185 forent
1416 2128 1635 2183 haurire
1674 2142 1762 2182 se-

142 2231 331 2279 creta.
360 2223 429 2279 Et
470 2223 592 2279 ideo
620 2239 742 2279 cum
773 2225 1104 2295 psalmorum
1137 2234 1262 2280 ante
1311 2239 1491 2280 arcam
1544 2221 1760 2277 Domini

144 2317 406 2389 quotidie
447 2320 819 2375 canendorum
893 2334 1089 2375 munus
1132 2328 1186 2374 et
1236 2318 1473 2374 ofﬁcium
1523 2317 1761 2386 recepis-

148 2420 309 2478 sent,
334 2405 591 2467 vident‘ur
621 2412 807 2479 electi,
863 2420 923 2468 ut
953 2413 1221 2485 psalmum
1260 2412 1455 2466 cantici
1487 2412 1538 2466 in
1563 2426 1759 2466 secun-

148 2508 219 2562 da
252 2506 468 2563 sabbati
496 2508 809 2578 specialiter
848 2508 1157 2579 reciperent
1188 2505 1607 2563 concinendum.
1637 2505 1761 2560 Ete-

153 2599 275 2653 nim
307 2598 508 2670 quibus
536 2608 687 2655 reete
709 2600 996 2655 videbatur
1027 2615 1148 2657 esse
1187 2605 1562 2667 commissum,
1594 2609 1651 2653 ut
1672 2613 1759 2653 as-

152 2692 475 2747 censionem
508 2691 719 2747 Domini
748 2693 815 2748 ab
859 2692 1050 2749 inferis
1108 2695 1448 2765 resurgentis
1481 2708 1616 2748 voce
1661 2707 1759 2747 sua

154 2776 500 2854 psallerent;
535 2785 621 2841 his
653 2786 838 2857 utique
859 2786 1215 2843 deferendum
1241 2789 1359 2854 luit,
1389 2797 1446 2842 ut
1471 2788 1645 2857 ipsum
1674 2800 1759 2841 re-

153 2877 513 2933 surrectionis
535 2879 681 2935 diem
711 2896 936 2937 munere
955 2896 1056 2937 suo
1079 2881 1494 2952 ministerioque
1515 2881 1758 2936 celebra-

110 3001 115 3005 -
154 2979 299 3027 rent.
332 2970 471 3039 Quid
504 2980 590 3028 est
620 2975 765 3030 enim
797 2974 1040 3031 secunda
1068 2976 1311 3041 sabbati;
1346 2975 1447 3031 uisi
1472 2974 1754 3030 Dominiea

155 3066 276 3121 dies
304 3083 428 3138 qua:
455 3068 740 3126 sabbatum
766 3071 1129 3140 sequebatur?
1178 3071 1302 3127 Dies
1327 3080 1507 3129 autem
1541 3069 1753 3127 sabbati

1869 1851 2031 1913 atque
2061 1844 2112 1897 in
2142 1843 2232 1899 illa
2259 1844 2477 1901 civitate
2500 1845 2714 1903 cmleSti
2768 1858 3013 1904 nostrum
3057 1849 3318 1906 exhibere
3369 1850 3470 1907 mi-

1851 1934 2151 1993 nisterium
2182 1954 2194 1991 :
2241 1938 2333 1995 ubi
2361 1956 2467 1995 non
2515 1950 2599 1997 est
2626 1943 2926 2013 exemplar,
2957 1958 3063 1999 non
3094 1945 3283 2001 umbra
3309 1986 3324 2012 ,
3372 1945 3471 2022 sed

1864 2031 2088 2098 veritas;
2122 2033 2350 2104 primum
2374 2032 2606 2091 dicimus
2625 2036 2869 2105 sabbati,
2899 2039 3040 2094 sicut
3068 2039 3329 2110 scriptum
3363 2048 3470 2097 est:

1869 2125 2094 2196 Vespere
2123 2138 2297 2183 autem
2339 2129 2557 2196 sabbati,
2593 2148 2712 2202 qua:
2745 2132 2957 2188 lucescit
2989 2133 3041 2188 in
3066 2135 3238 2205 prima
3266 2134 3468 2190 sabbati

1865 2220 2065 2294 (~Matt.
2108 2240 2300 2290 xxvnt,
2328 2226 2352 2280 l
2382 2228 2421 2296 ).
2457 2225 2807 2284 Niltilautem
2833 2228 3136 2299 pulchrius,
3190 2229 3324 2285 nihil
3365 2245 3467 2286 ex-

1864 2318 2127 2388 pressius.
2157 2318 2302 2376 Ante
2330 2324 2796 2391 resurrectionem
2845 2325 3128 2380 sabbatum
3155 2323 3317 2393 dixit,
3348 2334 3471 2397 post

1862 2412 2318 2468 resurrectionem
2372 2414 2604 2485 primam
2656 2416 2867 2472 sabbati
2910 2418 3263 2491 nuncupavit.
3307 2419 3473 2476 Joan-

1863 2521 1959 2561 nes
1988 2522 2204 2578 quoque
2234 2509 2579 2579 Evangelista
2630 2510 2795 2567 dicit:
2850 2510 3034 2567 Prima
3082 2512 3281 2567 sabbati
3336 2514 3471 2568 venit

1860 2615 2012 2653 mane
2040 2597 2213 2653 Maria
2252 2600 2571 2670 Magdalena
2592 2618 2613 2667 ;
2657 2618 2776 2657 cum
2825 2602 2997 2658 adhuc
3052 2605 3274 2659 tenebrw
3305 2613 3471 2660 essent

1860 2687 2067 2763 (Joan.
2103 2694 2248 2755 ΠΛ
2296 2692 2335 2764 ).
2368 2693 2633 2750 Tenebrie
2664 2711 2767 2767 pro
2814 2704 3062 2768 tempore
3089 2737 3103 2760 ,
3167 2712 3327 2752 mane
3366 2712 3467 2769 pro

1858 2786 2049 2855 gratia.
2077 2784 2183 2841 Sed
2209 2785 2299 2841 isti
2327 2789 2639 2859 expressius
2668 2789 2968 2845 secundum
3001 2789 3356 2862 Evangelium
3392 2833 3407 2857 ,
3439 2790 3468 2829 ιι

1858 2878 2013 2949 quasi
2038 2893 2260 2934 recusso
2284 2881 2574 2937 velamine.
2612 2882 2775 2937 David
2813 2891 2992 2938 autem
3037 2882 3141 2938 sub
3168 2883 3312 2955 Lege
3366 2900 3466 2955 po-

1858 2971 2018 3039 situs,
2058 2982 2081 3008 ε
2110 2982 2164 3027 et
2196 2972 2632 3032 moderationem
2680 2976 3090 3044 tennitfdebitae
3146 2977 3423 3032 cantionis
3455 3019 3473 3046 ,

1857 3073 1913 3119 et
1938 3064 2254 3137 mysterium
2280 3081 2386 3122 non
2419 3068 2697 3138 repressit,
2726 3078 2784 3124 ut
2811 3068 3047 3125 secunda
3078 3070 3287 3125 sabbati
3320 3069 3464 3127 diem

154 3169 273 3216 erat
301 3161 510 3217 dierum
551 3164 744 3220 ordine
787 3166 1081 3235 posterior,
1122 3166 1553 3221 sanctiﬁcatione
1594 3165 1754 3236 Legis
1782 3182 1829 3246 ρ
1863 3157 2200 3214 Dominicam
2235 3158 2575 3224 declararet;
2607 3178 2715 3232 quo
2743 3163 2888 3234 apud
2938 3163 3158 3220 tludmos
3210 3164 3461 3221 ordinem

153 3258 418 3312 anterior.
452 3257 560 3313 Sed
593 3260 682 3316 ubi
713 3260 835 3318 ﬂuis
858 3262 1025 3334 936
1068 3260 1226 3331 Legis
1266 3261 1524 3326 advenit,
1555 3261 1769 3331 quiest.

153 3348 400 3405 Chrisms
416 3348 575 3407 Jesus
599 3351 619 3424 (
647 3354 766 3421 ﬁnis
795 3355 927 3408 enim
946 3354 1127 3427 (llam.
1150 3370 1204 3415 Χ,
1233 3354 1267 3409 4
1296 3352 1490 3426 )Legis
1514 3353 1753 3409 Christus

152 3443 219 3495 ad
225 3442 485 3514 justitiam
499 3445 640 3499 omni
653 3446 959 3519 credenti)et
975 3447 1380 3503 resurrectione
1392 3461 1487 3502 sua
1502 3459 1747 3501 octavam

150 3538 523 3595 sanetilicavit:
540 3541 703 3611 erepit
731 3541 921 3598 eadem
938 3541 1109 3612 prima
1141 3556 1413 3613 esse,quze
1434 3551 1621 3596 octava
1642 3548 1746 3608 est,

152 3638 206 3685 et
233 3639 415 3687 octava
448 3648 570 3705 qttze
602 3636 773 3704 prima
800 3653 814 3690 :
838 3636 1044 3691 habens
1066 3651 1131 3692 ex
1156 3635 1367 3693 numeri
1395 3635 1590 3691 ordine
1609 3650 1747 3707 prte-

153 3724 465 3793 rogativani,
505 3735 562 3781 et
586 3742 651 3782 ex
694 3729 1098 3784 resurrectione
1125 3728 1337 3784 Domini
1370 3728 1741 3783 sanctitatem.

155 3815 301 3873 Unde
326 3828 376 3872 et
413 3819 463 3872 in
502 3820 799 3891 Evangelio
840 3821 1067 3893 legimus
1097 3820 1518 3898 δευτερὸπρωτον
1548 3821 1747 3877 sabba-

156 3917 262 3964 tum
304 3910 323 3983 (
349 3909 476 3967 Luc.
509 3927 584 3977 v1,
614 3915 663 3984 l)
691 3955 705 3979 ,
738 3915 880 3985 quod
908 3916 1101 3970 Latine
1131 3915 1335 3971 dicitur
1356 3915 1743 3983 secundo-pri-

156 4017 316 4057 mum.
365 4004 465 4059 Ubi
516 4006 659 4061 enim
715 4008 992 4063 Dominica
1031 4008 1148 4063 dies
1183 4009 1347 4081 erepit
1389 4008 1741 4078 praecellere,

157 4110 253 4165 qua
284 4096 539 4152 Dominus
568 4101 911 4165 resurrexit;
963 4100 1249 4155 sabbatum
1300 4101 1444 4169 quod
1500 4102 1738 4172 primum

156 4196 298 4253 erat,
356 4191 654 4247 secundum
686 4192 872 4247 liaberi
907 4196 1073 4263 coepit
1102 4209 1127 4245 a
1157 4195 1351 4263 primo.
1382 4194 1559 4249 Prima
1593 4196 1739 4250 enim

156 4284 358 4354 requies
382 4286 633 4353 cessavit,
663 4286 897 4342 secunda
941 4288 1225 4342 successit.
1259 4285 1415 4342 Unde
1444 4298 1498 4341 et
1526 4288 1595 4341 ad
1622 4286 1744 4358 ,Ηρ-

159 4376 319 4432 brreos
339 4379 587 4434 scribens
617 4380 907 4451 Apostolus
931 4380 1003 4434 ait
1033 4398 1047 4435 :
1071 4377 1300 4433 Postera
1320 4395 1443 4452 ergo
1469 4380 1552 4433 die
1582 4389 1742 4434 restat

158 4472 341 4540 requies
365 4473 559 4544 papula
600 4473 713 4529 Dei.
747 4473 1070 4530 Festinemus
1093 4473 1255 4546 igitur
1279 4473 1476 4528 intrare
1510 4474 1564 4528 in
1592 4473 1739 4527 illam

159 4566 362 4637 requiem
388 4574 404 4634 (
434 4566 569 4622 Heb.
602 4584 676 4631 tv.
700 4567 755 4637 8,
791 4584 824 4640 9
852 4579 898 4623 et
929 4571 985 4624 ll
1014 4569 1055 4639 ).

134 4708 137 4709 ν
222 4657 273 4713 2.
310 4657 545 4729 chuies
589 4676 720 4732 ergo
772 4677 897 4716 vera
922 4662 1033 4729 jam
1076 4677 1183 4715 non
1217 4661 1268 4715 in
1311 4658 1495 4731 operis
1540 4673 1729 4714 cessa-

163 4751 311 4817 tione,
345 4752 437 4808 sed
481 4754 533 4808 in
582 4755 998 4809 resurrectionis
1047 4766 1130 4810 est
1177 4766 1445 4822 tempore.
1490 4754 1734 4825 Ideoque

163 4845 243 4915 qui
266 4845 472 4902 sabbati
511 4846 813 4904 secundum
845 4846 1043 4918 Legem
1093 4848 1495 4902 solemnitatem
1546 4856 1735 4903 custo-

228 5084 253 5112 ἰ
293 5074 530 5131 Psalmus
558 5084 615 5131 et
647 5075 919 5131 Canticum
946 5075 997 5131 in
1030 5073 1124 5129 Dei
1159 5071 1410 5129 laudibus
1439 5071 1730 5128 versaban-

1862 3252 2073 3308 nutneri
2108 3261 2321 3323 putaret
2369 3269 2492 3310 esse
2543 3266 2842 3323 servatum,
2884 3266 2939 3312 et
2992 3258 3237 3329 spiritale
3284 3273 3469 3314 sacra-

1858 3356 2099 3402 mentum
2123 3358 2446 3419 agnosceret
2477 3349 2795 3406 revelatum.
2827 3350 3123 3407 Audiamus
3150 3352 3314 3423 igitur
3333 3352 3465 3424 quid

1855 3440 2022 3507 dicat,
2054 3441 2220 3511 quiin
2251 3443 2492 3498 secunda
2525 3443 2737 3499 sabbati
2766 3444 2874 3499 Deo
2906 3445 3106 3515 psallit.

1925 3534 1977 3587 5.
2010 3533 2193 3604 (Vers.
2223 3535 2306 3606 ἓ.)
2326 3535 2572 3605 Magnus,
2594 3538 2789 3610 inquit,
2828 3538 3081 3593 Dominus
3111 3549 3157 3594 et
3186 3540 3469 3597 laudabilis

1852 3626 2029 3691 nimis,
2061 3629 2114 3681 in
2146 3629 2347 3683 civitate
2374 3628 2469 3683 Dei
2508 3632 2694 3697 nostri,
2722 3632 2777 3686 in
2811 3630 2925 3685 loco
2967 3641 3143 3704 sancto
3188 3634 3321 3704 ejus.
3347 3630 3463 3687 Non

1852 3734 1985 3790 ergo
2006 3720 2210 3792 ubique
2239 3721 2386 3777 Deus
2412 3738 2643 3793 magnus
2668 3732 2725 3778 et
2751 3722 3041 3779 laudabilis
3063 3725 3188 3778 est?
3216 3723 3315 3778 llle
3345 3725 3466 3793 qui-

1851 3812 1974 3868 dem
2002 3813 2203 3885 ubique
2228 3830 2458 3887 magnus
2480 3826 2536 3871 et
2560 3825 2754 3886 potens
2805 3827 2909 3885 est;
2936 3815 3032 3871 sed
3056 3824 3280 3886 angusta
3306 3831 3461 3870 mens

1853 3920 1960 3960 non
2007 3907 2154 3976 capit
2185 3907 2616 3979 magnitudinem
2663 3907 2860 3962 divina:
2903 3908 3021 3978 ejus
3074 3908 3359 3979 potestatis
3404 3917 3461 3964 et

1850 4001 2062 4070 gratim.
2093 4000 2307 4067 Quanto
2337 4011 2518 4056 autem
2552 4001 2724 4072 magis
2752 4002 3153 4074 appropinquat
3187 4002 3299 4057 Deo
3327 4017 3458 4057 nos-

1849 4100 1932 4148 tra
1977 4094 2239 4164 cognitio,
2274 4104 2422 4148 tanto
2466 4094 2869 4163 prazcellentior
2893 4094 3011 4164 ejus
3052 4094 3209 4149 nobis
3249 4095 3464 4149 videtur

1849 4200 1971 4240 esse
2018 4185 2295 4255 majestas.
2330 4186 2573 4257 Denique
2624 4186 2861 4241 Thomas
2897 4186 2987 4257 qui
3020 4196 3146 4241 ante
3194 4186 3406 4244 dicebat
3442 4206 3454 4242 ε

1850 4280 1971 4335 Nisi
1999 4282 2173 4337 videro
2200 4284 2251 4337 in
2280 4283 2516 4339 manibus
2545 4286 2656 4354 eius
2699 4285 2897 4355 ﬁxurus
2939 4286 3220 4352 clarorum,
3253 4297 3299 4341 et
3341 4288 3458 4342 mit-

1848 4383 1951 4431 tam
1984 4392 2192 4431 manum
2238 4394 2401 4431 nteant
2441 4379 2493 4432 in
2528 4379 2665 4432 latus
2714 4379 2851 4451 ejus,
2900 4395 3003 4433 non
3032 4381 3240 4434 credam
3270 4379 3449 4452 (Joan.

1846 4485 1936 4537 xx,
1966 4470 2085 4543 25);
2116 4471 2205 4526 ubi
2249 4473 2396 4527 misit
2420 4471 2645 4541 digitum
2675 4489 2855 4541 suum,
2881 4482 2937 4529 et
2963 4474 3235 4530 evidentia
3266 4490 3452 4530 resur-

1766 4585 1816 4645 [ι
1846 4568 2104 4622 rectionis
2125 4567 2378 4639 cvgnOt‘it
2400 4567 2621 4635 indicia,
2653 4567 2928 4623 admirans
2951 4568 3093 4623 intra
3118 4583 3178 4623 se
3203 4568 3295 4623 Dei
3322 4582 3451 4638 gra.

1848 4661 1975 4714 tiam
1998 4677 2011 4716 :
2034 4660 2304 4727 Dominus,
2328 4662 2521 4734 inquit,
2542 4680 2681 4717 meus
2708 4673 2754 4717 et
2786 4661 2929 4718 Deus
2952 4679 3093 4717 meus
3120 4660 3309 4731 (Ibid,
3327 4661 3450 4732 98).

1844 4752 1999 4809 Tunc
2047 4768 2177 4824 ergo
2207 4755 2522 4824 plenissime
2566 4757 2907 4813 divinitatem
2956 4754 3074 4826 ejus
3120 4754 3447 4810 dominatio-

1843 4860 2080 4918 nemque
2106 4845 2389 4904 conl‘essus
2419 4858 2524 4917 est,
2551 4850 2639 4906 ubi
2673 4865 2796 4907 eum
2830 4847 3193 4905 resurrexisse
3214 4863 3320 4903 non
3348 4845 3448 4904 du-

1832 5071 1949 5148 bus.
1984 5072 2120 5145 Reg.
2154 5081 2210 5148 et
2258 5090 2383 5131 cttm
2441 5092 2534 5148 eo,
2561 5074 2810 5147 quaedam
2846 5075 3023 5148 Paris.
3083 5074 3242 5138 edit.,
3278 5078 3447 5148 pervi-

167 5155 241 5201 tur
266 5190 278 5211 ,
322 5149 409 5201 ille
448 5147 664 5217 quidem
690 5164 862 5214 Voce,
899 5150 1002 5202 ltoc
1027 5158 1206 5200 autem
1248 5159 1452 5213 organo
1498 5144 1724 5217 musico,

167 5215 492 5297 celebrandis.
528 5220 728 5276 Verum
756 5221 814 5297 _si_
856 5217 1074 5297 quando
1116 5233 1216 5273 vox
1266 5230 1474 5286 organo
1532 5215 1723 5297 praeci-

167 5301 319 5354 neret,
346 5290 592 5345 Psalmus
629 5293 857 5357 cantici;
902 5290 984 5345 sin
1037 5300 1216 5345 autem
1254 5302 1517 5359 organum
1564 5290 1721 5359 voci,

170 5360 404 5416 Canticum
432 5364 619 5428 psalmi
658 5356 960 5418 dicebatur.
988 5360 1120 5417 Vide
1152 5356 1447 5425 stiper'ltoc
1475 5356 1720 5411 Cassiod.

175 5433 294 5505 Prol.
342 5435 394 5487 in
426 5434 573 5503 Psal,
604 5450 725 5505 cap.
754 5435 788 5488 5
816 5442 875 5505 et
902 5448 1014 5503 seq.
1044 5433 1175 5505 ltem
1201 5431 1397 5505 F_lam.
1426 5429 1615 5505 Nobil.
1668 5429 1721 5505 in

170 5504 287 5561 hunc
314 5507 485 5561 locum
511 5522 527 5570 ;
557 5498 799 5561 nec'uon
848 5498 1012 5560 Card.
1040 5504 1186 5559 Bona
1213 5502 1290 5557 De
1333 5501 1523 5557 Divina
1572 5498 1722 5556 Psal.

169 5591 269 5644 cap.
298 5578 380 5639 lli,
411 5577 439 5648 §
475 5578 564 5641 {2,
594 5594 648 5632 n.
679 5579 731 5645 1,
763 5587 922 5647 atque
958 5576 1115 5630 alios.

228 5648 251 5687 ἲ)
278 5645 434 5718 lideni
464 5663 618 5713 mss.,
650 5650 788 5718 quod
812 5645 933 5702 etin
963 5647 1204 5717 gravibus
1222 5645 1469 5701 sentibus.

233 5732 249 5758 θ
282 5717 345 5795 lta
391 5715 1329 5795 plerique:mss:.qutirumutameu
1380 5715 1543 5795 aliqui
1571 5728 1725 5795 fon-

171 5791 361 5876 illngllll]
391 5786 596 5873 legunt,
651 5786 1064 5876 speculdmentis.
1113 5786 1723 5876 llis-accedunt

173 5858 216 5918 et
246 5861 364 5919 Vict.
404 5858 507 5920 nisi
530 5862 672 5931 quod
701 5864 787 5920 hic
805 5862 992 5927 habet,
1018 5863 1297 5934 pervigilis,
1329 5860 1444 5928 ille,
1470 5858 1728 5930 pervigili-

1829 5145 1961 5217 giles
2001 5147 2215 5220 speculo
2235 5150 2442 5220 mentis.
2495 5145 2620 5202 Vci.
2676 5148 2807 5220 edit.
2859 5147 3146 5220 achom.,
3205 5145 3444 5220 pervigili

1829 5218 2062 5285 specula,
2085 5228 2194 5272 etc.
2226 5217 2455 5289 Specula
2480 5229 2658 5273 autem
2675 5217 2830 5273 locus
2856 5219 3033 5275 editus
3060 5232 3138 5274 est
3174 5217 3429 5288 atque'ad

1830 5290 2159 5361 speculanda
2198 5290 2488 5361 longinqua
2514 5292 2759 5345 idoneus.
2787 5289 2944 5346 Unde
2974 5290 3129 5360 prmi.
3162 5292 3212 5346 in
3240 5293 3424 5361 psal.t,

1830 5375 1981 5416 num.
1997 5362 2052 5426 2,
2078 5360 2245 5416 babes
2260 5363 2519 5433 :Aliorum
2537 5362 2928 5433 (scopulorum)
2947 5362 3177 5429 specula,
3200 5360 3425 5418 aliorum

1829 5446 1985 5498 usus,
2042 5445 2149 5490 etc.
2182 5434 2286 5489 Per
2329 5432 2699 5503 metaphoram
2741 5449 2872 5489 vero
2911 5432 3030 5503 pro
3079 5434 3294 5489 sublimi
3348 5434 3432 5491 vel

1827 5503 2029 5560 intenta
2060 5507 2255 5563 mentis
2283 5505 2740 5573 contemplatione
2781 5506 3066 5574 accipitur.

1902 5575 1928 5614 ά
1973 5578 2134 5635 Rom.
2176 5578 2335 5644 edit.,
2379 5578 2528 5647 quasi
2564 5577 2725 5631 reciso
2750 5578 3018 5633 velamine.

1906 5658 1930 5686 °
1979 5649 2141 5705 Rom.
2183 5650 2339 5715 edit.,
2395 5646 2443 5703 et
2492 5648 2897 5705 modulationem
2949 5649 3130 5702 tenuit.
3181 5646 3315 5701 Alite
3364 5662 3428 5704 ac

1830 5734 1986 5787 mss.,
2012 5733 2067 5774 et
2099 5722 2521 5785 moderationem,
2550 5731 2655 5776 etc.
2686 5721 2791 5776 Sed
2834 5721 3053 5791 quidam
3102 5734 3198 5788 pro
3235 5720 3432 5773 cantio-

1830 5792 1914 5846 nis
1939 5832 1954 5860 ,
1999 5792 2426 5864 antiquariorum
2461 5794 2612 5867 lapsu
2643 5792 2962 5864 praeferunt,
2994 5791 3267 5847 cautionis.
