4008 6352
224 283 378 338 1249

1303 284 1368 340 IN
1407 282 1736 368 PSALMUM
1776 283 1962 372 ιςιΝμ
2007 283 2429 362 ΕΝᾼΒΒΑΤΙΟ.

3393 289 3532 387 (tuo

222 401 397 457 scivit
427 403 783 480 obnositts,in
809 419 912 474 quo
941 404 1114 475 culpae
1138 413 1193 458 et
1222 403 1426 459 erroris
1458 403 1710 458 illecehra
1745 418 1834 480 re-
1862 411 1907 476 ᾼ
1938 402 2182 474 proditor
2207 402 2394 480 ludas,
2429 404 2510 458 vel
2539 403 2664 460 Saul
2698 419 2727 459 a
2775 403 3004 460 Domino
3037 405 3146 462 Deo
3202 422 3302 460 suo
3332 408 3534 480 accitus

595 477 600 488 Ι
725 496 735 505 ι
813 495 852 505 ι.
914 495 926 505 l
1092 496 1123 505 ll
1367 504 1370 505 ν
1477 495 1490 505 I
1529 493 1540 505 ι
1605 495 1616 505 Ι
1753 476 1758 480 1
1800 494 1832 505 I.
1995 495 2005 505 I
2225 476 2233 484 I
2372 496 2384 505 Ω
2513 496 2532 505 -
2745 497 2756 505 ι
2797 498 2807 505 ι
2961 499 3008 505 ι-
3052 498 3066 505 ο
3435 479 3439 488 Ι
3519 476 3529 505 Ξ

222 487 406 565 gnare
433 511 540 549 non
591 487 783 566 potuit.
813 495 962 551 Unde
992 507 1040 552 et
1073 496 1273 550 dictum
1299 504 1379 549 est,
1427 495 1492 550 ad
1529 493 1836 564 hujusmodi

217 591 413 643 virum
449 607 475 642 a
508 589 632 644 [iliis
682 588 862 644 Chet:
922 587 1037 643 Rea:
1084 608 1116 658 ᾳ
1175 588 1281 672 Deo
1333 598 1382 666 tu
1424 605 1474 642 es
1506 588 1648 662 nobis
1679 585 1833 660 (Gen.

223 699 398 752 χχιιι,
427 685 502 758 6).
535 686 694 742 'l‘ales
722 702 852 756 ergo
875 703 1027 756 reges
1062 671 1240 747 terrae,
1268 685 1355 752 qui
1387 683 1532 738 carni
1563 671 1836 753 imperita-

221 789 381 843 rent,
414 761 722 849 congregati
752 790 912 840 sunt;
945 788 1002 834 ut
1046 781 1096 832 in
1127 795 1235 832 uno
1276 786 1461 832 essent
1487 777 1671 839 corde,
1699 787 1751 831 et
1783 776 1834 830 itt

228 887 349 926 ttno
403 873 617 944 spiritu,
649 873 791 928 sicut
821 875 1049 944 legimus
1084 891 1096 928 :
1123 873 1258 940 Quia
1293 872 1579 927 multitudo
1609 872 1836 927 creden-

222 967 373 1020 tium
406 966 637 1021 habebat
685 983 842 1022 uuam
871 969 1130 1030 animam,
1162 977 1216 1023 et
1260 984 1355 1022 cor
1397 984 1590 1035 unum,
1631 978 1685 1022 et
1730 982 1836 1022 non

225 1061 432 1114 eratin
468 1063 550 1115 his
594 1063 772 1133 alqua
806 1063 1074 1133 separatio
1105 1063 1242 1131 (Act.
1274 1079 1346 1130 Iv,
1381 1062 1495 1134 5'2).
1527 1063 1564 1120 li
1591 1075 1714 1117 sunt
1744 1062 1836 1133 qtti

230 1156 569 1211 transierunt
611 1157 663 1211 in
698 1173 864 1228 unum
898 1174 1003 1210 non
1036 1167 1141 1210 tam
1188 1157 1388 1222 locum,
1421 1174 1578 1226 quam
1607 1158 1658 1212 in
1686 1173 1834 1212 eum-

225 1249 361 1304 dem
395 1250 645 1304 alTectum
679 1261 838 1322 atque
869 1253 1232 1321 propositum.
1265 1253 1499 1307 Prohato
1528 1254 1671 1307 enim
1704 1251 1771 1306 dir
1795 1252 1840 1306 i-

226 1352 324 1397 tur
359 1361 371 1397 :
405 1343 610 1408 Transi,
656 1345 890 1398 recumbe
938 1346 956 1419 (
995 1344 1120 1400 Luc.
1147 1362 1275 1418 )IVII,
1302 1348 1330 1398 7
1355 1344 1396 1416 ).
1444 1345 1628 1417 Neque
1683 1345 1828 1401 enim

225 1436 530 1490 mediocris
546 1438 760 1493 virtutis
774 1446 877 1500 est,
898 1438 967 1493 ab
984 1440 1244 1509 improbis
1260 1440 1324 1492 ad
1347 1440 1592 1503 honesta,
1613 1455 1642 1492 a
1668 1450 1838 1494 terre-

226 1528 320 1582 nis
348 1529 414 1582 ad
442 1541 641 1584 mterna
667 1531 924 1596 transire,
957 1541 1010 1585 et
1054 1532 1288 1587 carnalis
1313 1533 1434 1586 vitae
1482 1531 1836 1586 consuetudi-

227 1635 360 1673 nem
390 1630 748 1700 commutare,
781 1637 1110 1694 omnemque
1135 1623 1254 1693 ejus
1281 1623 1502 1677 abolere
1534 1639 1712 1688 usum,
1741 1638 1838 1676 no-

227 1729 332 1768 vos
367 1729 547 1769 mores
576 1729 874 1778 assumere,
907 1724 1191 1798 totumque
1233 1724 1430 1769 statum
1461 1715 1835 1770 eonversatio-

1939 495 2006 549 ad
2032 511 2278 572 regnum,
2310 496 2474 572 etiam
2509 496 2677 552 fortes
2709 497 2807 552 viri
2838 498 3199 572 trepidabant.

2018 569 2122 644 10.⁸
2147 589 2323 661 (Vers.
2360 588 2437 660 7.)
2467 569 2833 644 'Conl'erentes
2863 571 3111 660 denirpte'
3133 601 3336 664 quanto
3363 595 3538 666 certa;-

1940 684 2084 737 mine
2144 687 2517 754 perveniretur
2562 685 2626 738 ad
2676 684 2860 749 liuent,
2911 697 3126 756 quanta:
3180 689 3538 742 contritiones

1935 767 2227 852 iustorum,
2261 790 2478 849 quanta:
2507 778 2919 843 sollicitudines,
2965 780 3139 856 qualis
3170 759 3535 848 adversarius,

1938 883 2138 943 quanta
2168 873 2420 927 diuturno
2451 875 2633 929 labore
2655 874 2952 976 contentio;
2983 861 3198 943 quanta:
3222 873 3539 928 amaritudi-

1941 981 2037 1020 nes
2069 976 2089 1003 ε
2122 966 2396 1035 prapositi
2452 967 2698 1032 terroris,
2730 982 2848 1036 qua:
2897 962 3108 1019 vincula
3167 962 3538 1034 continentia",

1939 1074 2058 1126 qua:
2083 1057 2432 1113 conscientim
2463 1047 2714 1123 verbera,
2745 1077 2848 1113 non
2883 1060 3227 1114 mediocriter
3253 1041 3541 1119 conturba;

1941 1153 2165 1217 bantur;
2202 1153 2408 1222 nequis
2441 1157 2606 1208 tantis
2634 1153 2717 1208 vel
2754 1155 3026 1210 laboribus
3055 1157 3176 1208 vitae
3219 1153 3541 1210 austerioris

1939 1249 2183 1312 cederet,
2217 1247 2297 1304 vel
2328 1247 2622 1304 doloribus.
2652 1249 2789 1304 Sunt
2817 1251 2960 1304 enim
3001 1249 3070 1304 ibi
3110 1249 3326 1303 dolores
3355 1249 3534 1303 acerbi

1941 1352 1995 1398 et
2019 1333 2239 1413 graves;
2275 1329 2460 1408 idest,
2496 1343 2544 1396 in
2581 1342 2845 1410 Ecclesia,
2877 1345 2928 1397 iu
2984 1344 3074 1398 illa
3128 1345 3344 1398 civitate
3378 1343 3540 1412 Regis

1940 1438 2115 1505 magni
2142 1447 2263 1491 sunt
2291 1437 2528 1502 dolores,
2554 1439 2685 1491 sicut
2707 1438 3054 1507 parturientis,
3076 1438 3247 1492 donec
3280 1437 3544 1491 formetur

1938 1531 2188 1587 Christus
2217 1532 2268 1585 in
2316 1531 2496 1586 nobis.
2541 1531 2722 1600 Neque
2765 1530 2915 1585 enim
2965 1532 3080 1585 sine
3134 1530 3321 1600 dolore
3346 1529 3543 1584 Paulus

1937 1633 2074 1692 erat,
2104 1640 2226 1680 cum
2259 1623 2465 1706 videret
2506 1624 2558 1678 in
2591 1623 2792 1702 Calatis
2847 1623 3225 1690 insipientibus
3272 1622 3535 1678 doctrina:

1939 1733 2052 1771 sure
2085 1717 2377 1772 tardiorem
2428 1715 2752 1794 proferttnn.
2785 1717 3021 1786 Ideoque
3072 1715 3327 1790 dicebat:
3358 1715 3545 1768 Filioli

228 1806 321 1860 nis
379 1806 579 1860 veteris
623 1805 971 1876 detorquere.
1024 1795 1322 1877 Meritoque
1378 1795 1576 1862 dicitur
1631 1809 1730 1864 ei:
1773 1808 1833 1862 Si
1867 1809 1909 1874 Β
1940 1815 2058 1879 mei,
2080 1831 2205 1884 quos
2226 1815 2405 1868 iterum
2431 1815 2684 1885 parturio,
2716 1815 2875 1868 donec
2916 1817 3166 1886 formetur
3211 1812 3445 1867 Christus
3489 1813 3540 1866 in

225 1889 468 1954 transeas
497 1917 586 1971 per
611 1909 818 1969 aquam;
857 1913 1022 1956 tecum
1056 1919 1170 1954 sum
1202 1899 1369 1974 (Esai.
1408 1917 1561 1966 XLIII,
1593 1898 1674 1974 2).
1702 1902 1834 1958 Cum

221 2002 548 2048 transeunte
575 2002 656 2049 est
684 1994 846 2061 Deus,
873 2009 976 2050 non
1004 2010 1124 2049 cum
1156 1995 1473 2072 desistente.
1809 1981 1813 1984 ’

221 2109 224 2112 λ
301 2086 358 2142 8.
403 2086 439 2142 Ii
463 2087 592 2156 ergo
623 2088 712 2157 qui
744 2088 882 2142 intra
920 2090 1249 2160 semetipsos
1288 2099 1440 2144 erant
1481 2099 1604 2146 ante
1632 2090 1836 2146 discor-

222 2179 349 2246 des,
380 2180 470 2234 ubi
502 2182 552 2235 in
587 2197 774 2248 unum,
805 2191 989 2238 mente
1023 2165 1075 2238 et
1106 2184 1288 2236 studio
1327 2195 1718 2251 convenerunt,
1749 2203 1836 2239 re-

224 2283 387 2341 cepta
416 2288 548 2342 pace
579 2289 700 2345 qum
729 2275 858 2329 fecit
886 2287 1112 2346 utraque
1144 2292 1330 2342 unum,
1358 2287 1412 2350 et
1445 2279 1750 2350 inimicitias
1781 2283 1833 2334 in

225 2380 396 2420 carne
424 2382 520 2419 sua
553 2368 709 2420 medii
743 2369 966 2438 parietis
1010 2368 1378 2425 destructione
1427 2372 1709 2426 dissolvit:
1741 2373 1836 2427 ad-

226 2461 412 2548 tuirati
441 2439 589 2528 sunt,
613 2462 693 2516 vel
721 2477 843 2517 eum
869 2463 957 2532 qui
990 2465 1038 2517 in
1058 2466 1314 2534 gradibus
1341 2466 1452 2520 suis
1475 2467 1833 2536 dignoscitur,

223 2553 312 2607 vel
349 2553 599 2610 homines
633 2557 703 2610 ita
732 2573 853 2612 esse
876 2574 1204 2638 conversos;
1239 2573 1294 2613 ιιι
1322 2563 1410 2632 qui
1444 2571 1571 2616 ante
1616 2562 1833 2616 diabolo

226 2651 558 2716 serviebant,
608 2668 750 2732 nunc
781 2653 1010 2708 Domino
1047 2653 1173 2709 Jesu
1213 2654 1342 2723 justi
1372 2656 1573 2726 pietate
1630 2656 1832 2710 servitii

228 2744 522 2810 mancipati
554 2729 682 2798 sint.
722 2745 787 2799 Et
815 2746 937 2814 quia
964 2761 1117 2816 reges
1145 2746 1228 2801 sui
1264 2747 1508 2816 corporis
1555 2749 1606 2801 in
1637 2759 1834 2802 semet-

229 2836 364 2908 ipsis
388 2839 496 2896 vim
529 2827 634 2914 non
666 2839 956 2896 mediocris
985 2841 1186 2894 laboris
1208 2843 1416 2911 experti
1449 2843 1649 2913 (neque
1688 2843 1832 2897 enim

230 2933 390 2989 facile
417 2944 582 3007 atque
604 2936 882 2990 mediocre
924 2939 1266 3004 estanimum
1302 2939 1544 3002 vincere,
1582 2923 1834 2994 resecare

229 3028 578 3097 cupiditates,
612 3029 866 3085 edomare
899 3031 1079 3084 carnis
1105 3029 1402 3097 lasciviam,
1426 3041 1446 3065 η
1472 3047 1834 3085 averruncare

231 3119 522 3186 lusoriam,
545 3138 664 3192 qua:
694 3123 1026 3194 repugnabat
1057 3121 1322 3196 et'Paulo,
1349 3133 1402 3177 ut
1431 3123 1699 3194 captivum
1733 3125 1832 3179 sibi

1939 1910 2077 1963 vobis
2126 1908 2324 1976 (Galat.
2381 1926 2454 1982 Iv,
2513 1910 2623 1979 19).
2677 1909 3021 1964 Tcstilicatur
3065 1921 3116 1964 et
3170 1909 3430 1982 Dominus
3485 1909 3537 1962 in

1939 2001 2229 2078 Evangelio
2259 2017 2449 2070 graves
2478 1985 2599 2058 esse
2628 1999 2977 2071 parturientis
3009 2000 3257 2070 dolores;
3292 2017 3411 2072 cum
3461 1999 3542 2053 di-

1934 2088 2049 2151 cit:
2086 2079 2276 2151 Mulier
2301 2085 2418 2150 cuin
2449 2097 2692 2168 parturit,
2731 2081 2986 2151 tristitiam
3023 2097 3204 2162 habet;
3235 2097 3356 2167 quia
3407 2095 3543 2176 venit

1939 2192 2047 2244 dies
2079 2192 2190 2262 ejus
2219 2207 2235 2244 :
2260 2209 2373 2244 cum
2399 2203 2565 2244 autent
2601 2177 2852 2262 pepererit
2885 2209 3120 2264 puertun,
3147 2194 3260 2260 jam
3299 2209 3401 2245 non
3439 2208 3544 2245 me—

1940 2287 2086 2339 minit
2113 2286 2335 2364 tristitia?
2356 2295 2521 2357 proptr
2541 2304 2565 2339 r
2592 2286 2838 2364 gaudium
2861 2303 2878 2352 ,'
2905 2287 3023 2364 quia
3046 2295 3198 2340 natus
3219 2296 3290 2338 est
3318 2286 3467 2338 homo
3491 2284 3544 2364 in

1939 2380 2034 2432 hoc
2058 2361 2248 2432 mundo
2280 2375 2460 2446 (Joan.
2497 2368 2608 2440 iw,
2662 2379 2777 2449 2|).
2831 2377 3052 2448 Magnus
3097 2395 3224 2448 ergo
3281 2379 3451 2446 labor,
3487 2357 3547 2431 ut

1937 2472 2134 2542 aliquis
2167 2472 2267 2525 sibi
2303 2453 2578 2526 Christum
2599 2467 2889 2546 acquirat;
2927 2489 2991 2526 ne
3023 2472 3140 2525 sine
3181 2472 3543 2540 gubernatore

1937 2566 2091 2638 quasi
2145 2567 2293 2620 navis
2343 2551 2394 2620 in
2447 2566 2628 2630 s:c_culi
2663 2564 2818 2621 istius
2867 2566 2979 2618 salo
3023 2565 3264 2619 ﬂuctuet.
3299 2563 3544 2634 Denique

1936 2660 2170 2728 apostoli
2206 2660 2390 2714 tristes
2418 2668 2596 2724 erant,
2626 2674 2747 2734 cum
2772 2673 2830 2712 se
2858 2655 3109 2711 Christus
3132 2657 3196 2710 ad
3225 2657 3434 2710 Patrem
3460 2670 3546 2710 re-

1938 2751 2175 2806 diturum
2213 2768 2332 2805 es<e
2370 2735 2695 2805 memoraret
2723 2794 2736 2813 ,
2780 2751 2919 2821 quod
2951 2750 3174 2804 absente
3205 2760 3419 2804 rectore
3451 2749 3548 2804 de-

1941 2846 2090 2900 stitui
2117 2859 2174 2899 se
2199 2855 2472 2914 putarent.
2519 2843 2786 2898 Caudium
2815 2844 3062 2897 Christus
3094 2853 3197 2897 est.
3229 2842 3348 2913 Ipse
3377 2851 3458 2896 est
3490 2851 3546 2896 et

1939 2955 2073 3012 puer
2099 2955 2258 3008 quem
2291 2938 2540 3009 parturit,
2573 2937 2662 3012 qui
2696 2939 2746 2990 in
2776 2949 2930 2992 utero
2954 2953 3066 3010 suae
3091 2937 3288 2991 mentis
3331 2933 3548 3008 accepit

1939 3032 2185 3101 Spiritum
2218 3033 2428 3087 salutis.
2456 3032 2554 3099 Qui
2591 3032 2878 3104 pepererit,
2913 3040 2964 3085 et
3008 3031 3320 3106 enutrierit,
3366 3025 3545 3084 exsul-

1941 3135 2016 3180 tat
2043 3146 2054 3179 :
2089 3125 2179 3196 qui
2212 3125 2458 3195 parturit,
2489 3127 2732 3195 quatitur
2760 3136 2921 3195 atque
2943 3107 3343 3194 compungitur.

233 3217 440 3285 peccati
477 3217 590 3288 lege
638 3218 1056 3300 constringeret)
1085 3217 1223 3298 sicut
1272 3220 1497 3288 gratiam
1549 3219 1597 3272 in
1639 3219 1705 3272 iis
1745 3188 1908 3292 quig;1
1981 3203 1986 3206 ⁷
2018 3221 2102 3274 ll.
2149 3205 2353 3274 Bonum
2387 3232 2461 3274 est
2499 3231 2553 3273 ιιι
2587 3229 2640 3273 et
2675 3221 2875 3290 parias,
2901 3231 2953 3273 et
2999 3219 3244 3275 enutrias
3281 3233 3425 3270 eum.
3462 3217 3548 3300 Ne

232 3311 431 3366 virtute
465 3319 870 3390 processerant,
903 3307 1240 3390 mirabantur
1275 3312 1384 3364 :ita
1417 3311 1576 3364 etiam
1610 3326 1676 3365 ne
1717 3311 1837 3381 quis

234 3403 572 3458 relaberetur
601 3404 652 3457 in
696 3389 946 3468 vitia,'dc
996 3389 1279 3490 superiore
1305 3404 1562 3459 virtutum
1595 3404 1837 3475 dejectus

235 3496 472 3570 fastigio,
505 3497 1011 3552 commovebantur.
1048 3481 1308 3552 Proclivis
1331 3497 1473 3552 enim
1519 3507 1572 3552 et
1595 3481 1837 3553 'mutabi-

236 3588 305 3643 lis
329 3591 378 3642 in
411 3600 702 3661 utrumque
732 3599 815 3646 est
843 3591 1074 3678 humana
1099 3592 1368 3656 conditio;
1403 3602 1454 3645 ul
1493 3579 1836 3662 quocumque

233 3683 560 3748 intenderit,
577 3700 642 3739 eo
665 3683 831 3758 940
854 3684 1185 3754 propendeat
1213 3693 1266 3740 et
1297 3686 1595 3764 vergat_vel
1627 3683 1692 3739 ad
1718 3695 1832 3740 stu-

235 3779 318 3832 dia
344 3769 623 3848 virtutum,
649 3781 729 3833 vel
755 3767 819 3832 ad
851 3779 1157 3835 illecebram
1181 3780 1526 3856 delictorum.

305 3873 357 3924 9.
383 3859 468 3926 ‘Et
497 3872 618 3925 ideo
651 3887 757 3926 non
796 3861 1052 3927 mediocri
1087 3874 1464 3943 qttatiehantnr
1502 3876 1730 3941 ail'ectu;
1763 3876 1833 3930 ita

238 3974 294 4019 ut
324 3981 385 4019 ex
412 3963 698 4018 formidine
733 3955 935 4019 tremor
965 3965 1398 4034 apprehenderet
1438 3981 1552 4030 eos,
1585 3968 1836 4023 conside-

238 4065 418 4112 rantes
447 4048 575 4110 ill'ud
623 4056 767 4126 quod
796 4051 1055 4128 scriptum
1090 4067 1175 4112 est.
1203 4077 1213 4111 :
1245 4055 1378 4127 Quia
1409 4060 1459 4112 in
1489 4059 1610 4113 locis
1651 4061 1837 4130 impio-

238 4167 348 4204 rum
409 4150 740 4222 ingentiscent
762 4150 900 4222 justi
944 4147 1131 4220 (Prov.
1185 4166 1378 4215 xxvttt,
1421 4148 1536 4220 9.8).
1593 4145 1836 4221 Denique

241 4244 357 4298 vide
388 4243 516 4297 mihi
543 4245 762 4298 Petrum
793 4245 1133 4299 amarissime
1163 4246 1405 4316 ﬂentem,
1437 4247 1579 4315 quod
1604 4245 1652 4301 ei
1681 4231 1834 4301 error

241 4329 558 4416 obrepserit;
589 4349 641 4393 et
671 4339 920 4394 virtutem
960 4354 1074 4416 sure
1105 4339 1300 4393 mentis
1331 4327 1671 4412 prolitpsione
1713 4323 1836 4395 cor:

242 4407 416 4501 porete
451 4411 753 4501 fragilitatis
795 4407 1101 4486 inilcxetiit:
1138 4407 1438 4505 meritoque
1486 4407 1519 4486 a
1561 4433 1775 4488 Christo
1804 4431 1832 4472 δ

241 4539 398 4598 supra
441 4525 561 4580 esse
615 4524 1031 4593 reprehensum,
1080 4521 1223 4596 quod
1267 4541 1430 4580 ausus
1470 4525 1536 4580 sit
1571 4541 1832 4597 usurpare

241 4613 619 4682 constantiam,
653 4636 751 4702 nec
781 4615 1076 4675 obnoxiam
1105 4607 1448 4676 considerare
1477 4607 1741 4712 natttram.
1769 4623 1856 4675 lit.

243 4703 325 4769 hic
351 4705 572 4785 quidem
597 4729 693 4782 per
711 4713 936 4783 gratiam
965 4713 1270 4768 emenda’vit
1308 4731 1545 4770 errorem
1611 4714 1704 4770 sed
1732 4714 1829 4769 Ju-

243 4795 333 4862 das
362 4806 555 4861 mansit
581 4807 632 4859 in
663 4805 910 4879 crimine,
933 4807 1297 4882 perseveravit
1327 4806 1378 4860 in
1407 4805 1832 4882 gemituJustns

244 4913 352 4959 erat
381 4916 503 4956 cum
529 4899 896 4970 apostolorum
928 4879 1539 4954 numeroznec'leretur}
1575 4879 1669 4955 sed
1705 4902 1829 4971 quia

245 4994 610 5066 supplantatus
641 5008 668 5047 a
715 4991 930 5047 diabolo
953 4999 1056 5055 est,
1088 4993 1137 5046 in
1179 4992 1311 5046 locis
1340 5008 1480 5046 nunc
1502 4993 1749 5064 deplorat
1778 5005 1834 5050 et

246 5091 457 5158 ingemit
487 5090 806 5156 impiorum;
841 5087 981 5158 quod
1010 5087 1078 5143 de
1125 5086 1296 5156 gratia
1343 5089 1412 5141 sit
1466 5089 1716 5158 relapsus
1769 5075 1834 5144 ad

249 5197 476 5253 poenam.
505 5183 644 5252 Ergo
666 5181 982 5236 cadentibus
1013 5179 1317 5251 hujusmodi
1351 5181 1502 5246 viris,
1532 5182 1706 5250 qualis
1736 5181 1840 5238 fuit

315 5351 337 5376 ’ί
375 5339 577 5395 Omnes
618 5339 749 5394 edit.
811 5340 862 5394 in
915 5349 1190 5407 contextu,
1249 5356 1494 5395 evacuare
1547 5342 1830 5396 luxuriam.

248 5411 442 5466 Omnes
463 5417 682 5466 mss..ac
706 5423 812 5466 vet.
840 5411 970 5467 edit.
994 5414 1043 5465 in
1071 5413 1332 5478 margine,
1354 5429 1716 5479 averruncare;
1737 5414 1840 5470 hoc

243 5494 342 5540 est.
377 5499 544 5539 runca
575 5499 670 5555 seu
709 5483 926 5555 sarculo
962 5485 1324 5540 exscindere:
1361 5489 1658 5555 improprie
1686 5501 1836 5546 vero,

250 5565 483 5628 avertere
534 5569 597 5609 ac
636 5554 928 5628 depellere,
965 5566 1020 5608 ιιι
1077 5557 1362 5612 averrunci
1395 5554 1535 5628 apud
1588 5558 1840 5627 antiquos

253 5627 560 5694 dicebantur
587 5626 847 5679 malorum
871 5626 1209 5694 depulsores.
1432 5626 1443 5652 ῖ
1525 5647 1528 5654 ·
1625 5639 1628 5646 ’
1723 5655 1726 5660 ι

317 5697 339 5734 b
377 5691 599 5751 Cuncta:
619 5697 752 5750 edit.
772 5713 832 5750 ac
853 5691 961 5770 duo
985 5714 1139 5764 mss,
1159 5716 1216 5752 su
1226 5717 1434 5770 ppresse
1453 5699 1838 5764 reprehensum.
1881 5745 1886 5754 .

253 5767 343 5829 Ubi
376 5779 550 5846 potest
576 5769 768 5846 allusit)
789 5767 905 5829 tldri
931 5770 1151 5846 at|_il|ud
1176 5767 1303 5832 line.
1329 5785 1467 5834 xxtt.
1499 5773 1561 5832 6i
1597 5800 1610 5832 ε
1636 5770 1844 5846 Eteon-

255 5839 418 5903 νεῖται
457 5839 712 5902 Dominus
739 5845 967 5922 ruperit
997 5841 1240 5922 Petrum;
1270 5847 1372 5907 hoc
1389 5846 1540 5908 enim
1567 5844 1840 5929 quoddam

1941 3331 2131 3385 coquos
2151 3295 2349 3384 [agnum
2402 3315 2450 3367 in
2506 3313 2637 3368 lacte
2669 3314 2845 3392 matris
2875 3329 2982 3367 sua?
3009 3310 3205 3381 (Exod.
3236 3329 3388 3378 XXIII,
3433 3291 3544 3382 19):,

1941 3420 2007 3458 ne
2029 3404 2239 3458 dicatur
2268 3404 2362 3457 tibi
2398 3422 2409 3456 :
2455 3402 2543 3458 Va:
2589 3405 2640 3457 in
2670 3417 2814 3457 utero
2847 3405 3148 3457 habentibus
3195 3412 3242 3457 et
3274 3404 3549 3457 nutrienti-

1940 3497 2033 3551 bus
2061 3495 2279 3567 (Matth.
2316 3514 2462 3562 xxrv,
2499 3497 2608 3566 l9).
2641 3497 2731 3551 Sic
2781 3498 2924 3551 enim
2957 3481 3208 3551 Christus
3265 3509 3420 3550 natus
3466 3507 3550 3552 est

1940 3607 2004 3646 ex
2030 3591 2216 3654 Maria,
2245 3600 2301 3644 ut
2327 3607 2590 3661 agnoscas
2623 3606 2768 3654 eum,
2798 3591 2939 3643 sicut
2961 3589 3062 3643 bos
3085 3589 3304 3657 agnovit
3336 3602 3548 3653 posscs—

1938 3698 2118 3738 sorem
2145 3673 2300 3737 suum
2332 3695 2414 3738 :et
2445 3671 2586 3738 scias
2610 3685 2730 3753 quia
2762 3683 2876 3754 ipse
2905 3692 2954 3736 te
2987 3683 3210 3744 creavit,
3237 3691 3289 3735 et
3313 3680 3547 3750 majores

1941 3785 2062 3830 tuos
2087 3776 2200 3844 ipse
2231 3776 2490 3845 possedit.
2518 3775 2632 3830 Non
2663 3792 2785 3829 eum
2813 3776 2966 3843 quasi
3003 3777 3280 3843 parvulum
3306 3761 3542 3838 nutrias,

1939 3871 2033 3924 sed
2067 3872 2217 3940 quasi
2258 3855 2460 3924 verum
2487 3881 2645 3938 atque
2687 3869 2988 3942 perfectum
3025 3870 3190 3924 Deum
3226 3885 3289 3948 ert
3315 3884 3445 3921 vero
3487 3878 3542 3921 et

1937 3967 2179 4036 perfecto
2237 3965 2348 4018 Det)
2396 3965 2614 4018 noveris
2654 3962 3010 4016 adorandum.
3060 3961 3150 4016 Sic
3198 3978 3319 4015 eum
3364 3960 3546 4036 Magos

1939 4059 2205 4124 adoravit,
2241 4067 2297 4112 ut
2338 4073 2442 4111 non
2499 4058 2547 4110 in
2598 4057 2734 4110 lacte
2782 4045 2971 4109 matris
2999 4071 3194 4123 agnum
3241 4062 3541 4120 eoqucret;

1938 4155 2032 4210 sed
2086 4153 2236 4222 quasi
2281 4151 2448 4206 Deum
2481 4159 2836 4206 veneraretur
2889 4162 3174 4204 (eternium.
3209 4149 3451 4218 Denique
3487 4159 3544 4202 ut

1937 4262 2060 4302 eum
2115 4227 2402 4311 inveniret,
2447 4243 2608 4318 94],
2659 4244 2854 4299 cmlum
2900 4242 3218 4313 a~piciebat.
3243 4241 3359 4296 Non
3417 4258 3546 4312 ergo

1938 4335 2218 4411 quzereh'at
2261 4341 2315 4394 in
2367 4335 2763 4410 terris,'quem
2823 4338 2889 4393 de
2940 4338 3079 4393 coelo
3132 4337 3340 4408 fulgens
3390 4321 3543 4394 stella

1937 4409 2297 4490 monstrabat.
2330 4421 2456 4487 Ideo
2487 4419 2943 4512 eum'alaria'non
2980 4431 3285 4501 parturivit,
3319 4417 3412 4483 sed
3455 4445 3546 4500 pc—

1941 4515 2118 4604 perit,
2149 4511 2272 4602 quia
2309 4539 2362 4584 et
2393 4509 2682 4582 hominum
2731 4509 2795 4581 et.
2833 4527 3071 4581 salutare
3117 4517 3322 4580 sciebat
3371 4541 3435 4602 ex
3487 4538 3546 4578 se

1938 4641 2061 4682 esse
2089 4621 2483 4693 generandum,
2508 4613 2654 4692 sicut
2682 4621 2796 4690 ipsa
2832 4627 3062 4673 testatur
3090 4619 3305 4671 dicens:
3330 4613 3540 4685 Magni-

1937 4720 2056 4788 ﬁcat
2086 4707 2255 4770 auium
2280 4697 2390 4768 mea
2420 4714 2693 4791 Dominum
2720 4730 2736 4767 :
2759 4722 2806 4767 et
2834 4713 3040 4766 (tutatus
3063 4720 3137 4764 est
3161 4709 3375 4776 spiritus
3401 4722 3535 4762 meus

1939 4811 1991 4865 in
2030 4791 2143 4862 Deo.
2161 4807 2382 4874 salutari
2410 4824 2518 4861 meo
2551 4806 2704 4878 (Luc.
2729 4825 2766 4884 ι,
2797 4806 2866 4882 46
2897 4818 2942 4859 et
2974 4803 3092 4900 4?).
3122 4799 3197 4856 lbi
3231 4818 3360 4872 ergo
3393 4802 3546 4855 dolo-

1941 4922 2028 4960 res
2059 4889 2198 4957 sicut
2247 4889 2628 4972 parturientis.
2653 4901 2818 4955 Dolor
2849 4912 2929 4954 est
2962 4889 3344 4972 ut'parturias,
3390 4892 3548 4949 dolor

1942 5009 2025 5053 est
2049 5006 2103 5050 ut
2125 4981 2391 5068 enutrias,
2421 5011 2578 5094 quem
2616 4995 2668 5048 in
2700 4981 2964 5074 principio
2997 4990 3163 5044 debes
3194 4987 3392 5042 habere
3424 5003 3546 5056 per-

1943 5089 2162 5145 fectum.
2380 5083 2388 5098 ’
2439 5077 2448 5094 ι
2961 5077 2968 5084 ⁸

2019 5181 2106 5237 12.
2146 5179 2325 5253 (Vers.
2361 5180 2442 5250 8.)
2491 5178 2722 5247 Ideoque
2773 5175 3014 5246 plerique
3063 5173 3300 5262 graviter
3355 5180 3547 5262 conte-

1943 5343 2121 5397 tacitae
2143 5339 2586 5408 reprehensionis
2604 5353 2773 5407 genus
2793 5348 2894 5391 est.
2912 5339 3161 5394 Attamen
3182 5337 3344 5392 verba
3363 5336 3545 5406 proxi-

1947 5431 2036 5470 tne
2067 5415 2346 5478 sequentia
2381 5413 2638 5466 Videntur
2670 5411 2958 5465 ostendere
2998 5419 3237 5479 apertam
3278 5409 3421 5461 illam
3459 5425 3544 5462 re—

1948 5487 2380 5556 prehensiOnenr
2395 5483 2672 5556 qnzel‘etri
2696 5483 2906 5551 lapsum
2923 5489 3321 5556 antecesserat",
3339 5480 3542 5556 signiti-

1946 5548 2078 5613 cari.
2097 5548 2435 5626 Quapropter
2459 5554 2684 5607 aliorum
2703 5548 2830 5608 m‘ss.
2857 5554 3137 5626 lectionem
3169 5548 3536 5626 antetulimus.

2025 5640 2045 5667 ε
2092 5623 2258 5690 Ειίὶί.,
2296 5623 2546 5698 propositi
2576 5628 2802 5678 terroris.
2829 5625 2952 5698 Mss.
2987 5641 3113 5677 vero
3136 5625 3254 5698 alii,
3279 5623 3543 5698 propositi

1949 5702 2197 5764 terroris;
2225 5699 2337 5758 alii,
2375 5693 2639 5770 pt‘tt’positi
2669 5697 2877 5752 erroris.
2910 5696 3025 5751 Non
3070 5697 3240 5760 male;
3266 5697 3308 5748 si
3342 5693 3543 5770 referas

1950 5775 2019 5833 ad
2044 5779 2288 5830 errarent
2317 5767 2494 5841 Jtttlae,
2520 5773 2603 5829 vel
2637 5771 2917 5830 similium.
2938 5771 3208 5843 Sedpriot‘
3225 5784 3325 5828 vox
3352 5767 3545 5843 purie-

1950 5846 2140 5922 renda,
2173 5846 2243 5906 ob
2273 5858 2337 5905 ett
2367 5859 2488 5929 qua:
2515 5844 2583 5907 de
2605 5843 2888 5908 doloribus
2915 5842 3294 5926 subjiciuntur.
3357 5842 3364 5856 ῖ
3393 5863 3396 5866 ·
