4008 6352
1138 288 1163 303 Α

530 343 661 401 illi!

1890 334 2135 394 SANCTI
2178 336 2217 392 Α
2229 334 2502 392 LIBROS“

3699 338 3813 392 “5?.

524 471 743 531 runtur,
782 463 925 519 sicut
956 458 1255 517 versiculus
1302 459 1601 532 significat,
1628 457 1717 530 qui
1745 464 1963 514 secutus
1988 464 2073 512 est
2107 474 2120 511 :
2152 458 2201 516 Δ
2228 454 2416 510 venire
2444 468 2553 509 non
2600 454 2829 525 possint.
2867 451 2947 508 Ad
3003 450 3358 509 Salomonem
3400 459 3613 517 autem,
3655 461 3813 521 utpote

525 556 596 615 In
622 557 812 629 spiritu
832 556 1113 613 uehementi
1141 563 1370 610 conteres
1398 570 1548 610 naves
1569 552 1807 610 Tharsis.
1841 552 1973 608 Nam
2002 551 2130 607 dum

529 650 600 708 ad
639 650 764 706 ﬁdei
811 647 1206 720 perfectionem
1231 648 1325 704 Dei
1371 648 1559 705 famuli
1604 647 1889 719 pervenire
1918 645 2133 702 deside-

529 753 674 811 rant,
706 750 1109 799 contmacerant
1137 756 1337 812 corpus
1382 757 1563 808 suum,
1607 740 1927 814 caStigando
1971 755 2131 796 seve-

530 837 679 903 rius,
722 845 778 892 et
836 834 1133 907 redigendo
1175 836 1228 890 itt
1283 835 1643 891 ministerium
1708 832 2013 898 servitutis;
2067 847 2135 889 ne

529 930 892 1003 reprobentur
942 929 1036 1002 qui
1083 930 1298 986 fuerant
1349 930 1460 1001 jam
1513 928 1747 1000 probati.
1798 928 1912 985 lloc
1954 938 2134 982 autem

518 1027 738 1083 faciunt
763 1026 816 1082 in
840 1026 1034 1097 spiritu
1060 1034 1250 1081 sancto
1273 1026 1452 1080 valido
1487 1034 1651 1097 atque
1678 1024 2008 1081 vehementi.
2042 1022 2138 1079 Est

530 1121 677 1176 enim
726 1118 949 1191 spiritus
976 1120 1187 1174 consilii
1212 1128 1376 1190 atque
1405 1119 1640 1183 virtutis,
1671 1128 1727 1173 ut
1778 1117 1943 1173 nimia
1971 1115 2138 1172 absti—

532 1212 717 1268 nentia
758 1212 1061 1269 dissolvant
1109 1228 1305 1283 corpus
1350 1228 1550 1279 suum,
1605 1228 1715 1285 quo
1760 1227 1951 1268 omnes
2017 1210 2139 1280 ejus

538 1317 805 1365 evacuent
848 1307 1186 1377 voluptates;
1236 1317 1295 1362 ut
1342 1308 1556 1362 dicatur
1587 1306 1693 1362 illis
1724 1324 1736 1360 :
1766 1304 2136 1373 Conoalescite,

533 1419 720 1458 manus
734 1402 982 1470 remissis,
998 1411 1044 1456 et
1064 1418 1233 1471 genua
1255 1401 1506 1457 dissoluta
1528 1398 1697 1470 (Esoi.
1720 1417 1883 1468 xxxv,
1908 1402 1984 1471 ὅ).
2004 1399 2139 1456 Cum

535 1495 683 1551 enim
728 1494 938 1550 solutus
984 1494 1104 1564 quis
1136 1492 1301 1549 luerit
1349 1494 1418 1549 ab
1445 1494 1544 1548 ista
1574 1508 1836 1565 compage
1900 1504 2137 1562 terrena,

536 1596 666 1643 tunc
710 1584 907 1642 fortior
953 1585 1023 1641 ad
1055 1587 1218 1641 vitam
1261 1587 1497 1657 resurgit
1543 1596 1824 1642 aeternam.
1886 1585 2139 1651 Mentior,

537 1680 642 1737 nisi
703 1680 1027 1751 astipulatur
1074 1679 1377 1751 Scriptura,
1427 1695 1547 1751 qua:
1608 1679 1783 1734 dicit:
1817 1678 2040 1734 Dissolvi
2095 1690 2142 1734 et

534 1789 657 1828 eum
705 1771 911 1828 Christo
948 1790 1077 1839 esse,
1132 1774 1295 1827 multo
1325 1773 1509 1828 melius
1541 1772 1767 1844 (Philip.
1803 1790 1839 1837 ι,
1869 1773 1986 1844 Ξό).
2039 1773 2143 1842 Qui

2232 547 2533 618 sapientem
2555 557 2608 602 et
2634 547 2915 618 paciﬁcum
2941 547 3123 603 virum
3172 559 3344 602 naves
3373 544 3443 599 de
3474 542 3694 600 ‘l'barsis
3718 562 3815 603 cun

2234 657 2368 697 auro
2420 649 2476 697 et
2522 650 2781 715 argento,
2829 650 2885 698 et
2942 640 3202 697 dentibus
3248 639 3514 696 eburneis
3572 641 3687 695 sine
3734 642 3814 697 ulla

2234 734 2534 789 ollensione
2569 734 2881 801 veniebtnt,
2911 743 2966 789 et
3012 750 3078 788 eo
3121 734 3242 805 ipse
3276 732 3555 788 mittebat.
3608 732 3816 789 llabclnt

2236 828 2381 883 enim
2418 845 2540 884 cum
2582 844 2708 899 rege
2737 828 2921 883 lliram
2955 844 3125 883 sacra:
3171 826 3567 899 negetiationis
3605 829 3817 897 spiritale

2238 925 2651 989 commercium,
2668 936 2721 979 et
2736 934 2935 979 mutua:
2963 924 3154 995 gratia:
3172 922 3552 978 concertantis
3574 921 3815 977 aﬁ'ectum.

2237 1017 2346 1073 llas
2384 1033 2515 1087 ergo
2563 1032 2727 1072 naves
2767 1018 2801 1072 ii
2843 1018 2935 1088 qui
2978 1017 3147 1089 regali
3181 1018 3234 1071 in
3289 1031 3352 1073 se
3383 1016 3711 1070 auctoritate
3744 1032 3821 1086 po-

2237 1111 2443 1165 tiuntur
2471 1108 2538 1164 ad
2566 1109 2922 1165 coercendam
2948 1110 3207 1164 ferociam
3252 1108 3632 1179 corporalem.
3659 1108 3817 1163 viden-

2241 1214 2321 1258 tes
2376 1218 2445 1257 cx
2487 1201 2926 1270 corruptibilibus
2964 1202 3017 1256 in
3066 1209 3388 1271 corruptas,
3435 1216 3502 1255 ex
3552 1201 3815 1256 maculosis

2241 1310 2450 1351 summa
2501 1295 2690 1367 gratia:
2742 1295 2861 1350 luce
2900 1293 3199 1366 fulgentes,
3248 1309 3314 1349 ex
3349 1294 3638 1349 dissolutis
3684 1304 3815 1365 atque

2242 1391 2457 1446 detritis
2512 1405 2636 1446 esse
2690 1399 3019 1457 renovatas,
3074 1391 3261 1446 vivere
3318 1405 3384 1445 ex
3448 1390 3717 1457 mortuis,
3773 1408 3818 1447 ex

2245 1488 2473 1557 sepultis
2546 1501 2834 1559 resurgere
2876 1529 2891 1556 ,
2945 1486 3148 1543 celebri
3212 1500 3475 1541 sermone
3524 1501 3821 1541 commemo-

2246 1590 2389 1638 rant.

2319 1677 2413 1733 15.
2448 1675 2629 1749 (Vers.
2660 1674 2743 1743 9.)
2770 1675 2922 1731 Sicut
2971 1675 3297 1741 audiuimus,
3339 1675 3415 1728 ita
3458 1683 3509 1727 et
3539 1674 3751 1727 vidimus
3787 1676 3822 1727 is

2246 1772 2451 1825 ciuitate
2480 1769 2690 1825 Domini
2716 1772 2980 1834 virtutum,
3008 1770 3062 1823 in
3100 1770 3307 1824 ciuitate
3341 1768 3440 1823 Dei
3486 1771 3685 1823 nostri:
3716 1767 3824 1821 Des:

537 1867 879 1936 dissolvitur,
914 1868 1101 1939 incipit
1122 1884 1243 1926 esse
1265 1885 1386 1924 cum
1410 1867 1653 1924 CltriSto.
1689 1870 1755 1925 Et
1797 1868 1959 1924 alibi:
1987 1867 2141 1923 Tem-
2175 1853 2222 1913 Β
2250 1865 2479 1937 fundavit
2512 1881 2621 1920 eam
2638 1865 2689 1920 in
2720 1875 2988 1920 (sternunt.
3021 1862 3341 1919 Audivimus
3371 1873 3531 1918 extra
3554 1863 3818 1929 civitatem,

545 1978 642 2033 pus
674 1978 801 2017 mea
835 1962 1163 2017 resolutionis
1192 1965 1351 2017 instat
1380 1962 1448 2033 (ll
1479 1962 1616 2017 Tim.
1646 1978 1721 2028 tv,
1750 1964 1830 2033 6).
1870 1963 1971 2032 Qui
2010 1979 2143 2034 ergo

540 2055 833 2111 meditatus
880 2056 1041 2111 fuerit
1078 2070 1136 2111 se
1176 2056 1353 2127 ipsum
1400 2055 1698 2112 dissolvere
1723 2072 1818 2127 per
1866 2056 2139 2113 abstinen-

542 2148 695 2213 tiam,
725 2146 868 2203 diem
894 2147 1165 2220 passionis
1197 2163 1311 2204 suae
1339 2149 1530 2205 timere
1557 2164 1663 2204 non
1696 2149 1915 2221 poterit.

616 2241 705 2296 13.
739 2241 804 2297 Et
833 2241 971 2297 bene
1010 2242 1088 2297 ait
1114 2243 1363 2314 spiritum
1399 2244 1802 2309 vehementem,
1833 2259 1999 2300 naves
2023 2243 2141 2300 dic-

541 2341 717 2389 turus.
750 2331 925 2389 Naves
948 2346 1130 2389 autem
1175 2334 1246 2392 de
1271 2335 1599 2406 corporibus
1642 2338 1804 2403 dixit,
1837 2352 1958 2408 qua:
2007 2351 2145 2408 vago

540 2427 885 2486 diversarum
914 2429 1227 2499 passionum
1254 2429 1420 2485 fluctu
1442 2442 1758 2487 moventur:
1789 2441 1845 2487 ει
1865 2433 1976 2487 cito
1999 2447 2145 2487 mer-

542 2536 763 2593 guntur,
780 2524 885 2577 nisi
902 2524 1595 2594 habeantgubernatorem.
1621 2506 1777 2580 Unde
1795 2535 1849 2579 et
1876 2525 2005 2579 alibi
2030 2526 2107 2578 ait
2132 2542 2145 2579 :

550 2617 655 2684 Qui
697 2618 1011 2673 descendunt
1038 2620 1117 2687 ,in
1143 2635 1283 2673 mare
1312 2619 1366 2672 in
1409 2620 1620 2674 nauibus
1652 2617 1831 2691 (Psul.
1868 2634 1975 2683 cvt,
2026 2619 2141 2687 25).

547 2709 694 2764 Βειιε
724 2720 905 2765 autem
940 2711 1218 2781 navigant,
1245 2712 1335 2781 qui
1362 2710 1418 2766 in
1436 2712 1663 2766 navibus
1692 2712 1891 2767 Christi
1927 2727 2145 2767 crucem

545 2802 684 2858 sicut
714 2804 965 2860 arborem
992 2804 1313 2875 praeferunt,
1338 2816 1497 2877 atque
1528 2805 1651 2861 inde
1668 2807 1956 2877 explorant
1978 2806 2145 2862 ﬂabra

545 2905 861 2965 ventorum;
906 2908 963 2953 ut
991 2914 1223 2970 corpora
1255 2915 1350 2953 sua
1386 2900 1618 2971 dirigant
1656 2900 1725 2955 ad
1769 2902 1937 2957 sancti
1972 2902 2147 2972 Spiri-

548 2999 635 3045 tus
654 2991 911 3062 gratiam,
943 2992 994 3047 in
1024 2991 1169 3063 ligno
1200 2993 1412 3049 Domini
1445 2994 1547 3048 tuti
1575 3005 1737 3065 atque
1792 2996 1968 3051 securi
1997 3014 2009 3049 :
2048 3012 2149 3051 nec

548 3085 867 3153 permittunt
905 3100 1070 3140 naves
1092 3100 1219 3141 suas
1252 3101 1388 3153 vago
1418 3086 1586 3141 fluctu
1612 3102 1797 3143 errare
1829 3104 1925 3160 per
1954 3090 2146 3157 maria,

552 3176 646 3233 sed
670 3176 737 3232 ad
762 3187 975 3248 portum
994 3178 1205 3245 salutis,
1235 3190 1291 3235 et
1318 3179 1384 3235 ad
1413 3183 1936 3237 consummationem
1959 3183 2149 3254 gratia:

2248 1960 2482 2015 vidimus
2530 1960 2581 2014 in
2612 1960 2850 2027 civitate,
2880 1960 2965 2015 cui
2990 1959 3129 2015 Deus
3178 1970 3262 2014 est
3318 1960 3510 2013 lumen
3568 1968 3821 2023 aeternum,

2249 2054 2415 2125 fulget
2461 2052 2579 2109 dies
2607 2054 2723 2109 sine
2765 2054 2879 2109 sole
2903 2053 3194 2117 mundano,
3223 2053 3351 2108 luna
3402 2070 3517 2109 non
3555 2054 3819 2125 quaeritur:

2251 2147 2656 2204 fundamentum
2705 2148 2826 2219 ejus
2873 2164 2979 2204 non
3034 2148 3371 2219 temporale,
3426 2148 3527 2204 sed
3592 2158 3819 2204 aeternae

2248 2252 2349 2299 est.

2322 2341 2409 2396 16.
2465 2340 2643 2412 (Vers.
2677 2339 2791 2411 10.)
2835 2340 3192 2405 Suscepimus,
3226 2339 3423 2409 inquit,
3466 2337 3629 2403 Deus,
3659 2340 3825 2391 nisai-

2248 2433 2477 2487 cordiam
2503 2443 2643 2487 tuam
2683 2433 2736 2487 in
2774 2433 2939 2487 medio
2971 2433 3145 2502 templi
3171 2436 3266 2486 tui.
3300 2431 3360 2487 Si
3392 2430 3462 2485 ad
3514 2430 3707 2486 Filium
3755 2431 3824 2484 Dei

2249 2527 2471 2592 dicitur,
2514 2528 2773 2597 templum
2821 2526 2892 2582 ita
2940 2526 3309 2596 intelligimus,
3366 2524 3671 2601 secundum
3704 2524 3822 2594 quod

2253 2622 2369 2689 ipse
2392 2620 2459 2675 de
2487 2635 2717 2689 corpore
2758 2635 2857 2674 suo
2895 2619 3031 2675 dixit
3058 2638 3070 2672 :
3124 2618 3321 2674 Solvite
3351 2618 3603 2689 templum
3629 2616 3749 2683 hoc,
3793 2630 3825 2670 et

2252 2716 2307 2769 in
2340 2715 2511 2769 triduo
2539 2714 2848 2768 resuscitabo
2888 2712 3021 2767 illud
3067 2710 3250 2787 (Joan.
3284 2727 3345 2779 ιι,
3388 2712 3506 2782 l9).
3539 2709 3679 2766 Vere
3715 2722 3824 2764 temo

2255 2808 2399 2878 plum
2430 2807 2521 2862 Dei
2550 2822 2746 2877 Corpus
2778 2815 2862 2862 est
2898 2804 3126 2868 Christi,
3159 2806 3213 2859 in
3254 2818 3366 2875 quo
3410 2812 3502 2859 est
3544 2814 3821 2858 nostrorum

2252 2901 2556 2972 purilicatio
2579 2913 2943 2972 peccatorum.
2987 2899 3128 2957 Vere
3166 2899 3429 2969 templum
3462 2898 3561 2954 Dei
3593 2913 3716 2954 caro
3756 2899 3822 2951 illa

2254 2998 2306 3052 in
2338 3013 2440 3067 qua
2500 2998 2706 3053 nullum
2750 2995 2955 3067 peccati
2985 2996 3157 3066 potuit
3204 3009 3328 3050 esse
3373 2994 3708 3065 contagium;
3749 2992 3822 3046 sed

2256 3106 2351 3160 pro
2375 3090 2573 3145 delicto
2605 3090 2787 3144 mundi
2827 3093 2994 3143 tntius
3040 3087 3141 3142 fuit
3170 3088 3286 3157 ipsa
3325 3086 3682 3142 sacriﬁcium.
3714 3083 3823 3139 Vere

2255 3184 2517 3253 templum
2546 3182 2640 3237 Dei
2687 3197 2816 3237 caro
2845 3181 2958 3246 illa,
2992 3182 3043 3235 in
3072 3196 3175 3252 qua
3233 3180 3325 3235 Dei
3382 3182 3568 3251 imago
3600 3178 3823 3249 fulgebat.

544 3285 738 3327 cursus
772 3272 855 3326 sui
911 3270 1213 3328 directione
1253 3272 1619 3349 contendunt;
1652 3283 1709 3329 ut
1756 3274 1862 3329 lida
1913 3251 2146 3332 statione
2174 3251 2221 3316 Ο
2255 3286 2311 3334 ει
2338 3251 2691 3347 corporaliter
2722 3251 3326 3346 plenitudodivinitatis
3374 3274 3683 3337 habitabat;
3724 3289 3825 3343 quo-

546 3364 843 3435 potiantur,
872 3380 979 3436 quo
1008 3365 1289 3421 dissoluta:
1319 3380 1513 3421 cursus
1542 3380 1674 3422 suos
1705 3368 1914 3438 possint
1952 3369 2005 3423 iu
2057 3386 2143 3424 re-

544 3461 887 3517 surrectione
939 3476 1235 3533 reparare,
1294 3461 1384 3517 ubi
1416 3462 1756 3534 naufragium
1789 3464 1984 3519 timere
2039 3481 2145 3520 non

552 3554 783 3625 possint.
1951 3547 1967 3553 ”
1979 3543 2145 3556 ”’”’“”

628 3647 717 3701 14.
752 3647 818 3703 Et
850 3661 949 3703 nos
979 3648 1149 3718 igitur
1184 3648 1704 3717 circumspectemus
1726 3650 1864 3705 hanc
1896 3650 2146 3722 gratiam,

550 3741 925 3812 speculatores
966 3740 1084 3811 ejus
1126 3742 1321 3806 simus,
1378 3743 1724 3811 exploremus
1766 3758 1907 3804 eam;
1942 3742 2153 3798 utfiaut

548 3849 777 3906 corpora
810 3844 994 3890 nostra
1042 3850 1209 3890 naves
1234 3834 1485 3891 Tharsis.
1510 3834 1663 3891 Tunc
1702 3837 1849 3891 enim
1902 3852 2030 3891 caro
2084 3837 2150 3890 ad

551 3927 869 3982 servitutem
889 3927 1172 3997 redigitur,
1189 3943 1311 3983 cum
1329 3927 1398 3983 ad
1433 3928 1522 3983 Dei
1548 3928 1879 3984 intendimus
1901 3931 2151 4000 gratiam;

554 4034 613 4077 ut
632 4022 682 4077 id
697 4022 840 4095 quod
870 4038 1116 4079 amarum
1143 4024 1209 4078 ad
1232 4035 1445 4094 tempus
1468 4024 1561 4090 sit,
1590 4024 1729 4079 sicut
1753 4036 1838 4080 est
1861 4025 2151 4095 jejunium,

554 4132 660 4172 non
691 4115 835 4187 quod
857 4116 1016 4173 dulce
1048 4127 1102 4173 et
1142 4117 1531 4184 Voluntariutn,
1582 4134 1895 4189 sequamur.
1928 4119 2157 4177 Tltarsis

552 4222 688 4282 ergo
710 4222 796 4267 est
834 4212 1255 4283 speculatoriutn
1292 4212 1515 4284 gratim,
1553 4213 1911 4285 intelligibilis
1939 4216 2154 4281 civitas,

558 4315 616 4360 ut
654 4305 786 4361 Sion
838 4304 1105 4375 superior.
1138 4305 1218 4360 Ad
1276 4322 1395 4361 eam
1426 4307 1719 4363 festinabat
1769 4308 1957 4364 Jonas.
1995 4310 2069 4366 De
2096 4326 2157 4366 ea

557 4396 695 4453 dixit
722 4395 1021 4465 Scriptura.
1052 4398 1175 4466 quia
1222 4400 1459 4453 sociatus
1512 4408 1597 4455 est
1648 4400 1913 4471 Josapltat
1964 4411 1988 4439 ⁸
2015 4402 2161 4457 Ozizc

559 4489 696 4560 regi,
727 4497 780 4544 ει
803 4489 883 4543 sic
927 4489 1127 4557 placuit
1164 4500 1223 4544 ut
1266 4492 1527 4556 facerent,
1555 4498 1613 4546 et
1640 4491 1787 4547 irent
1813 4494 1879 4547 ad
1911 4510 2035 4550 eum
2068 4512 2163 4550 na-

561 4596 658 4637 ves
704 4580 756 4636 iu
790 4580 1035 4635 Tttarsis.
1075 4580 1180 4637 Sed
1211 4582 1334 4652 quia
1367 4583 1532 4651 impio
1581 4599 1643 4638 se
1691 4584 1993 4653 conjunxit,
2039 4587 2162 4643 ideo

560 4678 758 4733 missus
779 4685 863 4733 est
885 4675 952 4731 ad
974 4691 1099 4733 eum
1118 4675 1403 4747 pr0pheta,
1429 4676 1520 4748 qui
1547 4676 1753 4735 diceret
1774 4680 1822 4734 ei
1847 4697 1859 4734 :
1892 4677 2162 4737 Destruxit
2192 4653 2238 4713 θ

561 4768 817 4826 Dominus
844 4788 974 4841 opus
995 4779 1159 4839 tuum,
1183 4786 1229 4825 et
1254 4772 1492 4825 contrita:
1519 4782 1636 4827 sunt
1662 4788 1814 4829 naves
1844 4784 1969 4839 tute,
1991 4786 2041 4830 et
2062 4793 2163 4830 non

559 4873 836 4934 potuerunt
862 4865 938 4918 ire
954 4866 1010 4919 in
1035 4862 1253 4919 Tltarsis
1282 4862 1365 4936 (ll
1387 4861 1571 4920 Paral.
1602 4882 1693 4933 xx,
1728 4868 1821 4935 55,
1850 4868 1920 4924 56
1969 4880 2015 4923 ει
2046 4870 2159 4939 57).

559 4958 679 5026 Quo
726 4957 1065 5028 signiﬁcatur
1115 4958 1260 5031 quod
1318 4962 1791 5030 praevaricantium
1848 4965 2162 5020 mandatum

559 5051 656 5109 Dei
687 5067 918 5122 corpora
948 5052 1015 5108 ad
1062 5056 1585 5112 consummationem
1610 5054 1772 5129 942
1800 5058 1987 5129 gratia:
2035 5074 2157 5131 pcr-

634 5263 661 5291 ι
708 5252 866 5309 Rom.
892 5250 1024 5307 edit.
1058 5253 1171 5329 sola
1191 5295 1207 5320 ,
1237 5253 1475 5329 Och_o_siw
1504 5258 1633 5329 regi,
1661 5268 1712 5314 et
1748 5260 1823 5312 sic
1867 5261 2063 5328 placuit
2100 5274 2158 5318 ut

562 5331 790 5399 facerent
811 5341 989 5399 naues,
1023 5335 1070 5378 et
1090 5324 1219 5399 irent
1246 5328 1300 5380 in
1325 5324 1563 5382 Tharsis.

634 5397 662 5436 ι)
696 5396 831 5451 Cum
876 5396 1253 5468 doceturgltoc
1299 5399 1417 5454 loco
1450 5410 1731 5468 peccatum
1774 5401 1960 5457 mundi
2011 5407 2159 5462 nullo

562 5471 669 5543 alio
688 5469 890 5543 modo,
922 5484 1082 5543 quam
1108 5466 1311 5524 Christi
1343 5466 1603 5538 sanguine
1647 5477 1885 5543 potuisse
1931 5475 2157 5540 aboleri.

567 5541 699 5618 illud
726 5540 1132 5618 intelligendum
1174 5552 1256 5596 est
1283 5558 1348 5596 ex
1378 5554 1530 5611 parte
1553 5540 1723 5615 ipsius
1749 5548 1936 5601 mundi
1960 5563 1976 5610 ;
2010 5551 2153 5618 quod

566 5613 775 5670 scilicet
811 5612 955 5691 nulla
987 5613 1245 5691 existeret
1276 5630 1406 5683 pura
1446 5612 1728 5686 creatura,
1770 5634 1891 5689 quae
1923 5621 2004 5674 vel
2029 5612 2157 5691 'pro

567 5683 841 5759 communi
864 5696 1084 5752 peccato
1104 5686 1187 5740 vel
1217 5701 1314 5752 pro
1330 5700 1429 5740 suo
1452 5683 1763 5747 satislacere
1782 5683 1976 5745 saltem
2002 5683 2160 5759 plene

573 5757 920 5829 perfectoque
948 5766 1161 5825 posset,
1196 5766 1257 5811 ιιι
1282 5765 1642 5816 eotnmuniter
1673 5764 1943 5820 afﬁrmant
1965 5757 2150 5821 Theo-

574 5826 700 5901 logi.
770 5826 967 5906 Ver-um
1018 5843 1085 5906 ex
1129 5840 1301 5906 parte;
1339 5829 1442 5906 Dei.
1474 5830 1541 5906 _S.
1591 5832 1830 5906 Thomas
1879 5845 2023 5906 part,
2080 5854 2160 5899 ιιι,

572 5886 762 5971 quiest.
821 5886 923 5963 ιϐ,
975 5893 1075 5953 art.
1129 5886 1181 5968 Ξ,
1227 5886 1509 5971 :‘ltigitstini

2253 3376 2399 3431 ttiam
2425 3375 2539 3444 ipse
2559 3371 2806 3428 Christus
2833 3381 2915 3427 est
2938 3371 3238 3442 plenitudo.
3271 3370 3420 3441 Ergo
3446 3371 3517 3424 ad
3552 3372 3725 3439 ipsum
3763 3369 3823 3421 di-

2251 3470 2427 3523 citur:
2460 3466 2817 3537 Suscepimus,
2848 3462 3016 3531 Deus,
3059 3464 3471 3519 misericordiam
3496 3473 3642 3516 tuam
3677 3464 3725 3515 iu
3752 3477 3827 3513 tue-

2254 3563 2341 3616 dio
2371 3562 2547 3630 templi
2575 3561 2669 3616 tui.
2701 3557 2858 3628 Quod
2880 3558 3007 3630 quid
3030 3567 3147 3626 est,
3177 3558 3279 3612 nisi
3322 3556 3468 3628 quod
3497 3562 3605 3611 ait:
3664 3556 3823 3609 Medias

2253 3664 2473 3707 uestrum
2499 3662 2619 3717 stat,
2648 3668 2797 3723 quem
2824 3668 2911 3705 eos
2952 3651 3155 3704 nescitis
3186 3648 3369 3721 (Joan.
3407 3666 3448 3714 ι,
3476 3649 3600 3719 26);
3630 3648 3729 3704 hoc
3749 3656 3826 3705 est.

2256 3747 2310 3801 in
2340 3745 2518 3800 medio
2550 3745 2714 3799 vestri
2747 3754 2851 3811 est,
2882 3753 2937 3798 et
2962 3758 3068 3798 non
3102 3741 3348 3796 videtur?
3374 3741 3434 3796 Si
3458 3753 3647 3796 autem
3678 3740 3737 3794 ad
3758 3738 3828 3792 Pa-

2259 3848 2393 3894 trem
2429 3837 2683 3903 refertur,
2708 3837 2833 3908 quid
2874 3846 2993 3891 est:
3036 3834 3101 3889 In
3141 3835 3313 3891 medio
3366 3835 3552 3906 templi
3615 3836 3712 3899 tui;
3756 3833 3829 3886 nisi

2258 3933 2379 4005 quia
2402 3932 2541 3987 Deus
2572 3941 2688 3986 erat
2720 3934 2769 3986 in
2803 3929 3019 3985 Christo
3049 3929 3309 3985 mttndum
3329 3928 3699 3984 reconcilians
3727 3924 3831 3980 sibi?

2335 4026 2420 4079 l7.
2476 4025 2533 4080 In
2567 4024 2657 4079 illo
2688 4040 2817 4095 ergo
2862 4024 3067 4094 templo
3106 4023 3446 4092 suscepimus,
3481 4022 3684 4092 inquit,
3714 4024 3831 4073 mm-

2260 4120 2540 4174 ricordiam
2577 4129 2744 4185 tuam;
2777 4118 2877 4173 hoc
2903 4129 3009 4182 est,
3043 4117 3281 4173 Verbum
3325 4116 3475 4188 quod
3506 4131 3645 4172 caro
3672 4115 3834 4170 factum

2262 4228 2365 4285 est,
2417 4230 2471 4273 et
2512 4218 2771 4273 habitavit
2821 4218 2873 4272 in
2927 4215 3103 4270 nobis.
3156 4214 3309 4271 Sicut
3357 4214 3507 4269 enim
3565 4212 3837 4279 redemptio

2261 4312 2544 4375 Christus,
2594 4313 2663 4366 ita
2710 4320 2765 4367 et
2810 4308 3203 4367 misericordia.
3254 4308 3389 4376 Qua:
3447 4316 3637 4362 autem
3697 4306 3838 4373 major

2264 4405 2676 4470 misericordia,
2724 4420 2883 4474 quam
2934 4402 3078 4475 quod
3130 4417 3229 4473 pro
3284 4401 3496 4456 nostris
3543 4398 3760 4470 ﬂagitiis
3799 4411 3839 4450 se

2266 4499 2495 4572 pra-buit
2546 4498 2956 4562 immolandum;
3015 4506 3073 4551 ut
3114 4498 3377 4567 sanguine
3442 4509 3545 4549 suo
3607 4490 3839 4548 mundum

2266 4596 2495 4657 lavaret,
2526 4592 2677 4662 cujus
2710 4599 2987 4661 peccatum
3016 4589 3045 4628 δ
3077 4590 3228 4645 nullo
3254 4590 3364 4644 alio
3391 4587 3559 4644 modo
3608 4586 3844 4658 potuisset

2268 4686 2515 4742 aboleri?
2549 4686 2758 4742 Etenim
2788 4687 2834 4740 si
2856 4684 2924 4739 de
2959 4685 3163 4739 sanctis
3199 4682 3330 4737 viris
3358 4682 3662 4754 Apostolus
3693 4680 3838 4736 dixit:

2270 4779 2537 4851 Templum
2584 4778 2679 4833 Dei
2721 4794 2808 4833 vos
2860 4778 3004 4842 estis,
3036 4788 3084 4831 et
3116 4772 3345 4847 Spiritus
3373 4785 3589 4831 sanctus
3619 4773 3845 4827 inhabitat

2267 4878 2319 4930 in
2350 4874 2487 4930 vobis
2528 4876 2601 4945 (Ι.
2633 4872 2754 4930 Cor.
2791 4888 2871 4939 ιιι,
2904 4872 3026 4945 16);
3057 4881 3260 4943 quanto
3284 4870 3461 4941 magis
3488 4885 3715 4926 carnem
3761 4867 3846 4923 Do-

2269 4970 2398 5025 mini
2426 4967 2554 5023 Jesu
2592 4968 2849 5035 templum
2880 4967 2975 5022 Dei
3012 4967 3242 5022 dixerim
3263 5007 3281 5031 ,
3315 4966 3405 5034 qui
3434 4980 3659 5034 semper
3684 4963 3851 5033 plenus

2263 5062 2470 5136 Spiritu
2512 5070 2707 5117 sancto
2744 5059 2973 5131 legitur,
3018 5069 3074 5115 et
3104 5060 3221 5131 ipse
3268 5056 3598 5114 testiﬁcatur
3642 5057 3849 5112 dicens:

2260 5264 2475 5321 tametsi
2498 5264 2688 5318 modus
2716 5261 3053 5317 liberationis
3078 5262 3329 5316 humanm
3348 5260 3515 5315 fuerit
3539 5263 3855 5318 convenien-

2261 5338 2531 5398 tissitnus,
2563 5335 2809 5390 absolute
2851 5344 3029 5387 tamen
3082 5334 3245 5388 alium
3278 5333 3393 5387 Deo
3444 5348 3553 5388 non
3612 5334 3854 5399 defuisse,

2259 5424 2367 5479 quo
2427 5407 2685 5479 mundum
2744 5406 3057 5460 redimeret.
3116 5404 3269 5473 Quod
3330 5419 3467 5479 sane
3520 5404 3852 5460 Ambrosium

2262 5476 2583 5551 negaturum
2632 5478 2797 5532 fuisse
2847 5492 2952 5551 non
3013 5487 3282 5551 putamus.
3312 5476 3524 5551 _Neqtte
3575 5480 3722 5533 enim
3763 5490 3854 5531 tam

2262 5548 2477 5620 angusti
2502 5550 2700 5604 limites
2728 5549 2985 5673 potentiae
3014 5564 3075 5601 ac
3095 5548 3377 5615 sapientiae
3403 5548 3608 5602 divinae
3635 5560 3860 5603 statuen-

2267 5624 2320 5673 di
2350 5630 2495 5673 sunt.
2538 5638 2697 5673 nuam
2769 5634 2833 5673 ac
2862 5627 3044 5673 nostra
3080 5628 3241 5673 mtate
3266 5619 3487 5673 nuidam
3529 5622 3693 5673 etiam
3726 5636 3755 5671 ε
3778 5636 3857 5673 ca-

2267 5624 2320 5678 di
2350 5630 2495 5687 suut,
2538 5638 2697 5691 quam
2730 5619 2833 5674 hac
2862 5627 3044 5674 nostra
3080 5628 3241 5673 mlate
3266 5619 3487 5690 quidam
3529 5622 3693 5674 etiam
3726 5636 3755 5671 e
3778 5636 3857 5673 ca-

2270 5695 2483 5750 tholicis
2511 5692 2767 5747 audacius
2797 5707 2959 5761 quam
3006 5692 3307 5745 consultius
3346 5691 3571 5746 faciunt.
3607 5692 3672 5746 Et
3724 5702 3857 5745 certe

2270 5766 2414 5823 Psal.
2458 5782 2599 5837 seq..
2660 5780 2803 5821 vers.
2853 5764 2909 5827 8.
2950 5772 3197 5837 sanctus
3228 5763 3432 5837 Doctor
3487 5764 3593 5837 soli
3642 5763 3856 5837 simplici

2272 5839 2475 5904 homini
2501 5833 2844 5911 peceatorum
2870 5833 3307 5891 redimendorum
3339 5834 3622 5907 abjudicat
3653 5833 3835 5891 faculta

2274 5921 2400 5966 i0”).

3919 1822 3921 1891 l

3924 2024 3925 2081 l
