4008 6352
158 330 325 389 iiii?)

1256 336 1322 394 IN
1363 337 1689 396 l‘S.\l..\lU.\l
1733 338 1915 398 XLVII
1959 342 2379 403 ENAllllATlO.

3336 353 3479 413 1154

62 440 67 445 “
163 444 364 499 Sentio
407 446 470 500 de
521 461 599 502 nte
642 447 876 503 t'irlntem
926 449 1113 507 exiisse
1150 450 1311 525 (Luc.
1343 468 1458 520 vm,
1489 451 1604 523 46);
1658 469 1775 524 quae
1804 455 1856 515 Α
1886 454 2005 512 ideo
2045 458 2185 514 beati
2225 475 2456 532 quorum
2508 468 2644 518 tecta
2692 469 2818 520 sunt
2871 472 3110 535 peccata.
3183 463 3484 536 Meritoque

158 541 354 595 virtus
397 540 637 597 omnium
680 544 899 599 vulnera
950 546 1147 601 acerba
1177 546 1420 601 sanabat.
1485 546 1674 602 Potest
1724 555 1779 601 et

158 631 312 689 illud
347 635 573 705 intelligi
604 636 746 706 quod
776 638 913 692 dixit
954 639 1261 709 suscepisse
1307 653 1367 695 se
1398 654 1520 693 cum
1572 639 1776 710 populo

154 726 608 782 misericordiam
641 729 735 784 Dei
778 730 829 784 iu
869 732 1047 786 medio
1095 730 1282 803 templi
1334 730 1473 801 ejus;
1519 732 1774 800 quoniam

153 822 293 892 ipse
322 822 619 880 Ecclesium
647 840 800 880 suam
834 825 1098 893 fundavit,
1128 835 1183 880 et
1206 825 1523 896 propagavit
1546 825 1599 881 iu
1618 835 1777 881 teter-

155 918 609 989 num;quoniam
653 920 767 990 ipse
798 934 925 975 vere
972 936 1092 975 cum
1147 919 1286 975 Filio
1340 934 1438 975 suo
1499 918 1775 990 unigenito

154 1013 315 1072 hanc
341 1016 567 1087 gratiam
602 1016 740 1087 plebi
763 1031 873 1070 sua:
902 1013 1160 1081 contulit,
1199 1030 1359 1085 quem
1388 1014 1773 1071 :ediﬁcatorem

151 1113 335 1167 etiam
366 1109 754 1168 demenstravit
799 1112 1021 1167 dicens:
1068 1109 1169 1165 llic
1194 1109 1468 1181 azdiﬁcabit
1497 1108 1624 1164 mihi
1652 1109 1776 1163 ciui-

153 1216 331 1259 tatem
367 1203 539 1268 (Esai.
566 1220 689 1271 xcv,
725 1204 839 1275 1'5);
884 1219 1005 1274 qua:
1053 1202 1247 1258 diﬁ‘usa
1278 1210 1389 1257 toto
1420 1200 1553 1256 orbe
1602 1210 1774 1257 terra-

152 1313 317 1365 rum,
346 1295 508 1370 943
536 1296 664 1352 fecit
691 1308 749 1352 ut
778 1307 886 1351 tota
930 1304 1075 1353 terra
1103 1295 1263 1365 plena
1295 1292 1471 1349 laudis
1491 1292 1608 1363 ejus
1630 1299 1777 1348 esset

150 1402 217 1448 et
256 1394 511 1447 nominis.
557 1390 712 1447 Sicut
750 1390 894 1447 enim
938 1390 1198 1460 scriptum
1248 1396 1370 1444 est:
1414 1386 1612 1442 Laudis
1659 1388 1775 1458 ejus

152 1486 323 1557 plena
344 1497 418 1542 est
436 1498 571 1542 terra
595 1485 822 1559 (Habac.
858 1501 935 1551 tu,
961 1482 1039 1557 3);
1074 1484 1148 1539 ita
1193 1484 1456 1553 scriptum
1493 1490 1619 1537 est:
1665 1480 1770 1535 Da-

152 1589 277 1633 tum
310 1591 379 1634 est
406 1580 451 1634 ei
495 1596 682 1634 nomen
707 1595 861 1649 super
906 1593 1054 1632 omne
1101 1592 1310 1643 nomen;
1358 1584 1412 1629 ut
1465 1575 1518 1627 in
1567 1572 1775 1627 nomine

149 1669 297 1725 Jcsu
342 1688 489 1726 omne
542 1688 674 1743 genu
721 1678 893 1724 curvet
942 1668 1243 1732 caelestium,
1287 1678 1333 1722 et
1362 1665 1700 1730 terrestrium,
1726 1675 1773 1720 et

150 1766 513 1835 infernarum;
557 1775 603 1820 et
626 1765 790 1819 omnis
822 1765 1001 1836 lingua
1028 1763 1336 1833 conﬁteatur
1357 1763 1491 1833 quod
1517 1759 1773 1815 Dominus

1882 552 2368 610 exsultabuutﬁlia:
2383 555 2743 613 confessionis
2772 567 2994 628 propter
3014 560 3219 629 judicia
3236 562 3480 631 Domini,

1879 658 2001 701 cum
2053 651 2403 719 cognoverint
2444 651 2643 722 judicia
2683 658 2801 725 ejus
2832 665 2887 711 et
2916 656 3031 710 vias
3065 657 3206 727 ejus,
3254 674 3373 727 qute
3423 660 3480 717 iu

1880 735 1981 791 hoc
2010 740 2211 795 sreculo
2242 740 2615 800 inscrutabilia
2642 754 2697 801 et
2718 746 3119 819 iuvestigabilia
3152 762 3277 804 sunt
3305 749 3483 807 homi-

1879 828 2082 885 nibus:
2134 841 2341 921 etcum
2377 835 2513 892 facie
2562 838 2630 893 ad
2673 837 2865 895 faciem
2915 850 3164 911 spectare
3209 845 3477 914 coeperint

1877 923 2191 1011 veritatem,
2240 937 2364 984 tunc
2406 930 2496 986 illa
2537 947 2659 1004 quae
2698 948 2844 991 nunc
2867 935 3120 992 videntur
3151 937 3477 995 iuscrutabi-

1877 1017 1946 1073 lia
1971 1060 1986 1085 ,
2026 1024 2532 1095 comprehendent,
2579 1036 2636 1085 et
2679 1044 2869 1086 eorum
2918 1032 3229 1104 cognitione
3267 1033 3472 1105 gaude-

1875 1111 2029 1167 bunL

1946 1207 2036 1262 21.
2084 1209 2280 1279 (Vers.
2308 1212 2422 1284 15.)
2451 1212 2804 1285 Circumdate,
2840 1218 3044 1292 inquit,
3074 1220 3235 1289 Sion,
3264 1232 3310 1278 et
3337 1240 3478 1279 com-

1876 1298 2159 1367 plectimini
2188 1320 2300 1358 eam
2319 1321 2338 1358 :
2361 1317 2566 1363 narrate
2602 1311 2658 1363 in
2706 1311 2935 1368 turribus
2963 1316 3095 1387 ejus.
3126 1314 3229 1382 Qui
3275 1314 3479 1371 intelliv

1874 1402 2006 1463 guut
2036 1394 2201 1462 Sion,
2234 1399 2573 1456 circumdant
2610 1418 2753 1469 eam,
2788 1416 2845 1461 et
2881 1407 3318 1474 complectuntttr
3362 1408 3478 1465 suis

1873 1486 2155 1553 sensibus;
2188 1498 2247 1544 ut
2283 1499 2525 1559 teneant,
2554 1503 2609 1549 et
2640 1510 2746 1550 non
2776 1496 3053 1553 dimittant
3081 1514 3227 1565 eam,
3277 1516 3344 1555 ne
3373 1500 3478 1557 sibi

1873 1581 2236 1649 speculatoria
2278 1584 2570 1657 disciplina
2599 1589 2815 1645 virtutis
2850 1588 3021 1661 poSsit
3061 1592 3288 1649 auferri.
3320 1592 3479 1650 ldeo-

1872 1688 1977 1745 que
2022 1675 2111 1730 illa
2146 1677 2196 1732 in
2225 1677 2463 1736 Canticis
2493 1682 2660 1739 dicit:
2705 1684 2867 1741 Tenui
2906 1704 3052 1756 eum,
3096 1699 3141 1744 et
3171 1706 3273 1745 non
3303 1690 3484 1745 dimit-

1875 1778 1975 1823 tam
1999 1786 2115 1824 eum
2148 1769 2341 1844 (Cant.
2369 1790 2450 1841 ut,
2474 1776 2555 1850 4);
2589 1794 2711 1849 qua:
2739 1779 2837 1835 Dei
2876 1780 3200 1851 Sapientiam
3234 1784 3481 1855 require-

149 1858 187 1913 J
198 1876 321 1913 esus
353 1859 406 1913 in
458 1859 624 1929 gloria
653 1868 723 1913 est
762 1857 859 1913 Dei
886 1856 1059 1912 Patris
1089 1856 1316 1929 (Philip.
1351 1871 1409 1919 tt,
1444 1856 1476 1911 9
1517 1864 1563 1909 et
1612 1854 1766 1924 seq.).
1800 1857 1849 1918 Β
1878 1861 2074 1945 διανεί
2109 1866 2580 1937 complectebatur
2602 1871 2865 1939 justitiam
2890 1873 2986 1929 Dei
3034 1874 3271 1932 brachiis
3298 1854 3483 1934 chari-

249 1952 334 2007 18.
390 1951 582 2022 (Vers.
616 1951 738 2022 11.)
792 1950 947 2006 Unde
995 1950 1213 2020 proprie
1265 1948 1405 2003 dixit
1453 1948 1766 2016 Propheta:

151 2051 466 2122 Secundum
489 2067 669 2105 nomen
714 2059 879 2116 tuum,
908 2046 1071 2115 Deus,
1095 2036 1168 2104 ita
1194 2056 1240 2103 et
1270 2046 1385 2101 laus
1414 2056 1502 2101 tua
1546 2046 1597 2100 in
1638 2046 1771 2116 ﬁnes

150 2153 318 2200 terra:
347 2161 364 2199 :
384 2145 591 2215 justitio
620 2145 771 2212 plena
819 2153 891 2199 est
918 2143 1129 2198 dextera
1160 2151 1269 2195 tua.
1318 2140 1434 2196 Non
1463 2140 1660 2195 mirum
1688 2143 1772 2194 est

150 2242 203 2295 si
238 2240 432 2310 plenus
461 2249 546 2295 est
574 2238 804 2309 justitia:
837 2238 954 2304 Dei,
984 2238 1075 2310 qui
1106 2247 1194 2294 est
1216 2237 1435 2294 dextera
1469 2236 1585 2291 Dei.
1619 2234 1768 2291 Idem

151 2345 350 2387 autem
384 2341 463 2387 est
497 2330 670 2386 virtus
695 2330 810 2395 Dei,
843 2339 897 2386 et
920 2329 1126 2400 justitia
1156 2329 1272 2396 Dei;
1314 2337 1444 2384 utet
1473 2327 1768 2383 secundum

152 2424 213 2479 id
244 2424 387 2495 quod
411 2424 636 2494 justitize
668 2423 760 2478 Dei
795 2424 988 2494 plenus
1014 2430 1118 2485 est,
1144 2420 1509 2493 eamjustitia‘.
1540 2421 1773 2491 plenitu-

151 2518 351 2576 dinem
384 2522 436 2574 in
487 2534 554 2575 eo
594 2534 716 2575 esse
745 2534 907 2589 quam
958 2518 1119 2574 Pater
1160 2516 1355 2582 habet,
1414 2516 1677 2571 noveris:
1718 2523 1775 2569 et

153 2614 470 2671 secundum
496 2614 546 2668 id
575 2613 719 2685 quod
752 2613 923 2668 virtus
946 2622 1000 2666 et
1023 2611 1228 2682 justitia
1254 2610 1348 2665 Dei
1377 2608 1555 2665 Patris
1602 2616 1657 2663 et
1681 2622 1769 2662 sa-

154 2711 369 2782 pientia
402 2708 616 2782 legitur,
651 2708 784 2763 nihil
819 2709 871 2763 in
902 2724 968 2762 eo
1015 2707 1215 2761 divinat:
1247 2704 1552 2776 majestatis
1574 2702 1775 2759 intelli-

126 2804 268 2875 'gas
314 2820 433 2859 esse
482 2802 781 2869 diversum;
828 2800 924 2857 sed
977 2801 1155 2855 omnia
1213 2797 1491 2868 accepisse
1531 2812 1559 2850 a
1616 2794 1775 2850 Patre

158 2899 396 2967 Filium,
429 2906 484 2954 et
527 2898 705 2953 omnis
738 2895 927 2969 gloriae
954 2904 1191 2966 paternte
1217 2892 1414 2948 Filium
1431 2891 1776 2963 splendorem

160 3008 296 3049 esse
348 3006 669 3063 cognoscas,
724 2997 781 3046 et
821 2988 940 3060 ejus
994 2988 1363 3043 characterem
1420 2984 1775 3041 substantia;

161 3084 265 3156 qui
290 3086 359 3139 ita
392 3084 661 3154 expressit
698 3083 935 3148 Patrem,
970 3089 1029 3135 ttt
1065 3080 1118 3134 in
1168 3093 1234 3134 eo
1269 3086 1411 3134 totus
1463 3078 1533 3132 sit
1582 3076 1774 3142 Pater,

162 3179 310 3235 sicut
346 3177 397 3233 in
424 3176 584 3233 Patre
616 3185 760 3233 totus
792 3186 875 3230 est
904 3172 1097 3229 Filius.

1874 1956 2021 2021 totis,
2055 1967 2106 2013 et
2129 1960 2451 2030 quibusdam
2480 1962 2607 2019 ﬁdei
2636 1972 2691 2020 et
2726 1964 3040 2022 devotionis
3081 1969 3333 2037 lacertis;
3366 1971 3483 2042 ipse

1872 2060 1957 2105 est
1987 2051 2130 2106 enim
2179 2054 2282 2123 piae
2309 2052 2478 2128 944
2527 2061 2727 2113 mentis
2772 2060 3076 2131 amplexus.
3106 2063 3483 2135 Comprehen-

1872 2140 2064 2197 damus
2085 2160 2216 2215 ergo
2242 2155 2298 2202 et
2327 2164 2427 2204 nos
2455 2159 2714 2220 quantum
2739 2168 3024 2223 possumus
3047 2156 3261 2215 interna
3279 2168 3482 2232 myste-

1873 2235 1953 2290 ria
1985 2237 2250 2304 veritatis,
2280 2250 2335 2294 et
2360 2242 2663 2299 scribamus
2685 2260 2747 2300 ea
2771 2256 2933 2317 atque
2958 2248 3238 2319 afﬁgamus
3258 2268 3322 2307 ea
3349 2268 3477 2310 sen-

1874 2328 2023 2384 sibus
2053 2331 2275 2399 nostris,
2304 2333 2671 2407 virtutemque
2704 2339 2944 2397 cmlestis
2973 2344 3212 2400 oraculi:
3235 2360 3395 2419 quam
3420 2356 3483 2405 ut

1874 2435 2257 2495 assequerelur
2297 2427 2510 2501 Moyses
2558 2432 2649 2489 ille
2688 2434 2894 2504 peritus
2926 2436 2980 2492 in
3029 2439 3174 2494 omni
3207 2441 3475 2512 sapientia

1875 2513 2280 2586 IEgyptiorum,
2315 2520 2366 2574 in
2419 2530 2659 2579 montem
2688 2527 2954 2594 ascendit,
3001 2531 3244 2601 atquein
3280 2534 3479 2590 nubem

1875 2607 2117 2675 intravit;
2147 2622 2204 2666 ut
2231 2621 2420 2683 operta
2439 2624 2495 2670 et
2533 2618 2746 2673 occulta
2765 2632 3141 2692 cognosceret,
3166 2624 3485 2684 adhaarente

1876 2699 1978 2755 sibi
2028 2704 2179 2759 socio
2217 2704 2380 2773 .lesu;
2424 2710 2549 2780 quia
2589 2726 2753 2768 nemo
2795 2714 2916 2771 sine
2966 2731 3096 2773 vero
3122 2716 3251 2774 Jesu
3300 2729 3486 2792 potest

1878 2793 2084 2851 incerta
2144 2797 2429 2867 sapientia:
2486 2811 2543 2857 et
2601 2805 2817 2860 occulta
2865 2810 3355 2878 comprehendere.
3415 2814 3486 2871 Et

1877 2887 2001 2944 ideo
2033 2888 2087 2945 in
2119 2892 2300 2962 specie
2336 2892 2467 2951 Jesu
2514 2895 2681 2963 Nave,
2713 2898 2829 2955 veri
2860 2900 3157 2958 Salvatoris
3209 2905 3487 2977 signiﬁca-

1880 2978 2035 3036 batur
2087 2984 2135 3038 ei
2184 2985 2487 3055 aspiratura
2545 2992 2877 3061 praesentia,
2941 3008 3040 3064 per
3077 3011 3239 3065 quem
3289 2999 3484 3055 ﬁerent

1879 3092 2068 3133 omnes
2095 3077 2359 3137 docibiles
2392 3080 2507 3151 Dei,
2537 3083 2630 3155 qui
2670 3083 2872 3156 Legem
2923 3088 3190 3158 aperiret,
3236 3090 3491 3165 Evangrc

1879 3167 2008 3224 lium
2040 3171 2326 3227 revelaret.

248 3274 338 3329 19.
382 3272 400 3339 (
421 3271 574 3327 Vers.
610 3268 723 3342 l2.)
771 3268 840 3325 Et
865 3269 989 3341 quia
1018 3266 1151 3323 vidit
1184 3267 1236 3321 in
1268 3264 1463 3337 spiritu
1503 3262 1774 3336 Propheta
1801 3265 1847 3329 C
1950 3263 2040 3318 22.
2086 3265 2226 3336 Ergo
2253 3265 2345 3337 qui
2385 3267 2514 3324 Sion
2543 3269 3008 3343 circumdederiut
3032 3276 3318 3347 prudentia
3354 3293 3477 3351 sua,

166 3366 364 3424 laudes
391 3365 591 3421 Christi
625 3366 785 3420 terris
814 3365 865 3419 in
907 3361 1159 3419 omnibus
1192 3359 1596 3433 prtedicandas,
1628 3358 1777 3414 velut

166 3461 389 3534 epilogo
420 3460 653 3531 quodam
695 3458 895 3515 faciens
923 3456 1162 3528 suscepti
1193 3456 1464 3511 sermonis
1491 3469 1774 3512 excessum

167 3555 243 3611 ad
289 3555 535 3611 ltetitiam
570 3569 672 3611 nos
712 3562 767 3610 et
805 3554 1012 3609 cultum
1069 3551 1304 3607 nominis
1359 3550 1479 3619 ejus
1530 3550 1776 3607 hortatur

169 3649 364 3705 dicens
396 3666 408 3702 :
444 3646 670 3705 Ltetetur
690 3665 835 3703 mons
863 3646 1027 3713 Sion;
1056 3644 1110 3701 id
1142 3652 1245 3713 est,
1277 3644 1367 3716 qui
1398 3644 1678 3701 conﬁdunt
1720 3642 1774 3697 in

172 3741 428 3809 Domino,
453 3742 592 3796 sicut
623 3741 738 3811 ipse
761 3749 949 3811 postea
1001 3741 1386 3810 interpretatus
1416 3746 1499 3793 est
1544 3736 1730 3793 dicens
1759 3755 1772 3791 :

177 3833 283 3900 Qui
309 3833 575 3904 conﬁdunt
607 3834 658 3887 in
687 3833 914 3888 Domino
941 3834 1072 3887 sicut
1096 3848 1243 3886 mons
1278 3831 1429 3897 Sion,
1460 3842 1564 3885 etc.
1597 3828 1774 3900 (Psal.

174 3944 367 3993 cxxrv,
398 3929 475 3997 1).
514 3926 633 3997 Ipse
660 3927 916 3983 Dominus
937 3925 1127 3991 Jesus,
1157 3925 1247 3996 qui
1277 3934 1362 3980 est
1390 3938 1548 3978 mons
1573 3932 1628 3979 et
1656 3923 1778 3978 alti-

177 4022 309 4076 tudo
337 4020 595 4077 Eeclesiaa
621 4036 755 4086 sua),
784 4036 902 4091 qua:
924 4018 1200 4075 Christum
1224 4033 1383 4073 suum
1427 4026 1543 4073 toto
1585 4032 1780 4088 specu-

176 4115 322 4171 latur
362 4114 592 4177 aﬁectu,
621 4115 835 4169 [tutetur
881 4112 985 4169 ﬁde
1036 4112 1153 4181 ejus
1202 4120 1259 4167 et
1312 4109 1601 4166 devotione
1656 4123 1776 4179 qute

178 4206 509 4277 complacuit
556 4206 703 4271 Deo;
752 4205 1010 4277 quoniam
1054 4203 1337 4274 repudiata
1390 4212 1474 4259 est
1522 4202 1774 4258 inﬁdelis.

179 4301 370 4359 Potest
392 4301 554 4373 igitur
594 4311 651 4356 et
690 4299 793 4356 hoc
836 4300 924 4373 pie
954 4297 1217 4370 intelligi,
1264 4298 1520 4368 quoniam
1547 4295 1707 4353 etiam
1751 4304 1776 4332 ει

181 4398 431 4469 superior
464 4397 718 4453 omnibus
745 4397 860 4468 ipse
887 4404 972 4451 est
1018 4408 1197 4459 mons,
1231 4392 1282 4448 in
1311 4407 1473 4463 quem
1505 4391 1550 4447 is
1583 4405 1776 4447 ascen—

182 4492 547 4565 dercjubetur
571 4492 664 4564 qui
688 4490 849 4548 ﬁdem
890 4488 1179 4562 praedicat,
1213 4486 1429 4543 dicente
1455 4484 1731 4557 Scriptura
1761 4502 1774 4539 :

182 4584 253 4641 In
293 4593 514 4640 montem
562 4584 820 4641 excelsum
875 4583 1090 4639 ascende
1136 4581 1225 4653 qui
1281 4579 1599 4651 cvangelizas
1648 4578 1779 4634 Sion

188 4677 360 4751 (Esni.
378 4695 466 4743 χι,
484 4678 560 4750 9).

254 4771 345 4826 *20.
395 4770 713 4838 Exsultent,
761 4769 965 4839 inquit,
1000 4766 1027 4806 ιι
1058 4766 1257 4822 anima:
1304 4764 1631 4823 conﬁtentes
1662 4764 1779 4822 tibi.

185 4863 321 4935 Ipsm
347 4872 473 4920 sunt
504 4863 633 4919 ﬁliae
654 4861 855 4919 Iudaeae
880 4860 1026 4916 illius
1062 4860 1113 4914 in
1136 4863 1258 4930 'qua
1301 4868 1462 4915 notus
1490 4868 1577 4914 est
1618 4859 1782 4915 Deus.

188 4958 319 5015 Nam
350 4958 453 5014 ista
486 4957 672 5014 .ludzea
704 4972 825 5029 quas
867 4956 920 5011 in
961 4969 1127 5010 carne
1170 4961 1255 5009 est
1300 4952 1387 5009 vel
1428 4952 1633 5018 littera,
1674 4968 1783 5009 non

188 5052 413 5125 agnovit
437 5053 743 5109 Dominum.
771 5051 906 5108 Nam
934 5052 979 5107 si
1001 5048 1330 5122 agnovisset,
1362 5049 1524 5105 etiam
1544 5048 1786 5120 recepis-

187 5154 290 5203 set.
318 5146 422 5204 Sed
454 5162 563 5203 non
599 5147 849 5217 agnovit,
875 5159 1036 5215 quem
1064 5159 1172 5199 non
1212 5142 1418 5214 recepit
1440 5184 1457 5208 ,
1499 5152 1553 5199 et
1576 5142 1783 5214 judicia

190 5239 306 5310 ejus
336 5238 535 5313 refugit
560 5257 574 5294 :
603 5240 801 5311 quibus
829 5253 926 5295 eos
944 5254 1050 5294 nou
1079 5253 1146 5293 ex
1166 5248 1320 5308 patre
1345 5236 1619 5292 Abraham
1638 5277 1653 5302 ,
1687 5238 1782 5293 sed

189 5348 257 5389 ex
302 5312 504 5389 diaboli
558 5335 766 5391 semine
815 5348 1036 5388 manare
1094 5312 1466 5396 memorabat;
1521 5330 1782 5401 quoniam

190 5439 351 5481 omne
381 5435 659 5494 peccaturo
688 5440 874 5482 semen
901 5424 1107 5480 inimici
1142 5431 1247 5479 est.
1288 5420 1659 5477 Confessionis
1688 5436 1783 5477 au-

193 5524 297 5572 tem
317 5514 437 5572 ﬁliae
460 5527 739 5588 peccatum
772 5531 880 5572 non
907 5515 1132 5582 faciunt,
1170 5512 1267 5569 sed
1316 5510 1664 5569 obumbrant.
1714 5513 1785 5570 Et

270 5713 294 5740 ⁸
326 5702 454 5758 Mss.
484 5701 708 5773 aliquot,
732 5688 1017 5773 superiorii
1033 5697 1177 5753 illius
1210 5696 1338 5754 Sion
1369 5694 1479 5763 ipse
1497 5700 1587 5773 “est
1599 5707 1782 5773 mons.

265 5774 293 5813 b
338 5775 434 5830 llic
476 5784 536 5829 ut
562 5766 702 5828 alibi
734 5766 838 5828 non
870 5786 979 5828 uno
1005 5771 1127 5828 loco
1156 5784 1252 5842 pro
1292 5777 1442 5842 textu
1495 5766 1787 5842 Scriptura:

200 5848 413 5925 ponitur
441 5845 556 5916 ejus
581 5844 977 5917 interpretatio;
1004 5858 1127 5901 cum
1156 5834 1302 5899 enim
1323 5838 1494 5895 ludas
1512 5850 1575 5892 ac
1598 5834 1789 5891 ludam

1880 3369 1936 3417 et
1961 3364 2229 3433 complexi
2258 3362 2457 3421 fuerint
2486 3366 2767 3424 intellectu
2790 3366 3150 3429 ascendentes
3176 3388 3341 3446 super
3368 3383 3487 3431 tut-

1878 3471 1967 3513 res
1988 3459 2135 3527 ejus,
2166 3468 2391 3515 narrant
2410 3459 2646 3533 desuper
2673 3463 2723 3519 ei
2753 3466 2844 3536 qui
2873 3481 2980 3523 non
3016 3470 3250 3539 potuerit
3286 3485 3483 3527 ascen-

1879 3546 2009 3604 dere
2039 3549 2092 3603 iu
2127 3558 2306 3607 turres
2332 3552 2470 3622 ejus,
2506 3554 2633 3625 quid
2660 3557 2951 3627 agendum,
2983 3560 3067 3617 vel
3109 3561 3238 3633 quid
3277 3578 3476 3619 caveti-

1880 3641 2004 3697 dum
2033 3644 2122 3699 sit.
2165 3644 2373 3701 Murata
2402 3655 2490 3704 est
2515 3650 2660 3704 enim
2690 3650 2880 3708 civitas
2911 3654 3041 3721 Dei;
3075 3657 3307 3730 ideoque
3344 3661 3477 3720 alibi

1880 3736 2012 3793 dicit
2053 3737 2352 3796 Dominus:
2393 3741 2527 3797 Ecce
2576 3760 2689 3817 ego,
2722 3743 3077 3817 Hierusalem,
3107 3744 3255 3820 pinati
3305 3770 3485 3812 muros

1882 3839 1994 3885 tuos
2027 3829 2198 3898 (Esai.
2235 3849 2384 3899 xux,
2426 3833 2534 3905 16).
2570 3835 2834 3892 Distincta
2858 3850 2941 3893 est
2968 3842 3226 3907 turribus,
3255 3842 3325 3899 de
3364 3847 3485 3916 qui-

1882 3922 1982 3979 bus
2030 3924 2319 3981 insidiator
2369 3928 2570 3997 possit,
2627 3929 2672 3983 si
2727 3931 3163 4003 appropinquare
3220 3938 3479 4007 eruperit,

1881 4016 2237 4088 deprehendi.
2272 4018 2441 4075 liabet
2464 4021 2554 4077 ille
2574 4021 2848 4078 exercitus
2868 4038 2997 4080 suos
3012 4067 3027 4089 ,
3057 4026 3252 4096 quibus
3272 4029 3484 4090 animas
3512 4034 3517 4037 ‘

1882 4110 1979 4166 Dei
2008 4110 2259 4168 obsidere
2290 4116 2592 4177 consuevit.
2615 4116 2911 4174 admovere
2934 4120 3235 4189 machinas;
3268 4132 3326 4179 ut
3357 4139 3485 4195 pos-

1881 4204 1953 4259 sit
1985 4213 2161 4261 turres
2198 4223 2511 4280 expugnare
2544 4211 2801 4267 munitas.
2834 4212 2940 4271 Sed
2969 4230 3086 4282 vos,
3117 4216 3315 4289 inquit,
3345 4236 3486 4293 prte-

1882 4296 2061 4354 dicate
2091 4297 2159 4354 de
2187 4300 2451 4369 turribus;
2492 4313 2576 4359 est
2606 4303 2752 4359 enim
2787 4306 2839 4362 in
2871 4308 3109 4367 turribus
3142 4311 3483 4373 Hierusalem

1882 4389 2235 4447 abundantia.
2270 4393 2571 4454 Praedicate
2596 4398 2886 4469 justitiam,
2909 4412 3127 4461 monete
3154 4407 3480 4478 custodiam;

1882 4487 2148 4556 Sapientia
2198 4488 2345 4546 enim
2398 4490 2452 4547 iu
2498 4493 2647 4549 exitu
2695 4496 2940 4564 canitur,
2995 4510 3049 4555 et
3098 4499 3151 4556 in
3202 4517 3483 4561 murorum

1881 4577 2157 4637 altissimis
2190 4583 2533 4655 prtedicatur.
2570 4587 2635 4643 Et
2653 4588 2784 4654 alibi
2809 4591 3003 4649 iterum
3031 4593 3201 4651 dicit:
3224 4596 3291 4652 In
3324 4600 3487 4656 muris

1801 4669 1857 4730 Ι)
1884 4674 1985 4726 tuis
2009 4674 2252 4730 constitui
2280 4679 2537 4747 custodes,
2562 4680 2743 4738 diebus
2767 4700 2829 4739 ac
2855 4683 3091 4742 noctibus
3122 4688 3177 4742 in
3194 4688 3351 4757 ﬁnem
3380 4706 3487 4746 non

1888 4763 2124 4821 tacebunt
2165 4766 2335 4839 (Esai.
2371 4785 2499 4839 uti,
2528 4771 2606 4845 6).
2639 4772 2868 4832 Narrate
2900 4792 3033 4847 ergo
3069 4778 3188 4835 sine
3208 4778 3487 4837 intermis-

1886 4855 2074 4924 sione,
2121 4859 2241 4917 sine
2287 4861 2417 4919 ﬁne.
2469 4862 2847 4925 Adversarius
2886 4868 3107 4946 vigilat,
3160 4871 3385 4941 circuit,
3435 4882 3491 4932 et

1887 4948 2041 5006 rabie
2071 4950 2245 5009 ferina
2281 4956 2493 5027 qurerit,
2528 4974 2665 5031 quos
2715 4960 3005 5029 invenerit,
3031 4962 3318 5023 devorare.
3361 4966 3491 5025 Ideo

1887 5060 2104 5118 semper
2145 5051 2425 5109 canendus
2470 5063 2553 5110 est
2584 5055 2864 5120 Dominus,
2900 5057 2993 5127 qui
3032 5057 3226 5117 dentes
3267 5061 3489 5120 leonum

1868 5149 2172 5212 conterat,
2228 5155 2283 5201 et
2313 5161 2408 5203 ora
2444 5145 2782 5218 confringat;
2823 5158 2883 5205 ut
2926 5149 3084 5207 nobis
3122 5167 3325 5211 nocere
3377 5171 3489 5213 non

1892 5242 2118 5302 possmt.

1961 5326 2052 5383 25.
2100 5327 2284 5400 (Vers.
2336 5331 2425 5397 M,
2462 5332 2579 5404 15.)
2615 5331 2833 5401 Ponite,
2869 5334 3073 5406 inquit,
3124 5338 3283 5395 corda
3325 5352 3490 5400 vestra

1889 5419 1945 5474 in
1971 5420 2158 5477 uirtute
2186 5426 2321 5496 ejus;
2354 5423 2406 5479 id
2434 5433 2539 5491 est,
2588 5434 2647 5480 ut
2671 5426 2925 5483 virtutem
2963 5430 3084 5501 ejus
3131 5430 3484 5504 intelligetis:

1892 5523 1939 5568 et
1979 5514 2267 5572 distribuite
2326 5518 2520 5589 gradus
2546 5522 2696 5592 ejus,
2745 5531 2805 5577 ut
2858 5526 3109 5582 enarratis
3153 5528 3207 5582 in
3245 5531 3490 5603 progenie

1893 5697 2311 5783 confessionem,
2360 5708 2419 5781 ut
2456 5700 2956 5783 jampbsegva‘tum
3014 5710 3482 5783 estpsigniﬁeent;

1895 5768 2097 5853 idcirco
2117 5785 2253 5853 quas
2272 5762 2549 5853 Scriptura
2564 5777 2703 5846 ﬁlias
2732 5774 2911 5853 lude,
2930 5793 3024 5836 seu
3038 5762 3487 5851 λύ’άᾶἓῖῙῆιῖξῆ

1896 5851 2115 5897 sanctus
2137 5848 2338 5898 animas
2372 5848 2672 5917 conﬁtentes
2701 5858 2757 5906 et
2783 5850 2921 5921 ﬁlias
2945 5848 3279 5924 confessionis
3305 5848 3482 5921 vocat.
