4008 6352
585 359 721 436 H53

1935 367 2180 436 SANtJTl
2221 371 2548 438 Attunosu
3775 383 3872 438 tta

573 497 755 550 altera.
790 495 1044 564 Quoniam
1073 495 1156 548 hic
1183 503 1258 550 est
1283 493 1448 562 Deus,
1471 493 1612 550 Deus
1631 503 1800 549 noster
1819 493 1872 548 in
1903 505 2174 560 internum,
2203 505 2256 566 Α
2285 498 2409 552 tittn
2467 499 2821 570 loquebatur;
2876 499 3006 570 quia
3067 508 3098 537 ⁸
3153 511 3274 554 non
3321 493 3584 568 capiebat
3637 499 3878 558 universe,

507 655 510 660 ι
573 599 619 645 et
649 592 700 644 in
728 591 974 646 swculunt
1005 591 1180 645 διεσαιὶ
1205 608 1222 644 ;
1256 591 1364 662 ipse
1386 601 1524 664 regrt
1555 607 1646 646 nos
1679 591 1730 644 in
1754 591 1964 644 swcula.
1997 593 2172 668 Βάρεις

573 683 706 738 dixit
737 685 980 750 Graccus,
1015 687 1116 740 hoc
1157 696 1262 754 est,
1313 685 1558 742 excelsas
1603 697 1656 740 ct
1683 687 1906 740 turritas
1963 685 2174 752 domos;

575 777 714 834 unde
761 781 1025 852 Propheta
1051 797 1171 836 cntn
1203 781 1269 836 de
1296 783 1512 836 civitate
1545 779 1637 836 Dei
1669 793 1722 836 et
1747 781 2176 840 inhabitantibus

572 887 688 926 eam
715 871 1056 943 loqueretur:
1097 873 1418 936 Distribuite,
1453 875 1647 945 inquit,
1681 875 1871 944 gradus
1903 861 2050 946 cjtt's‘:
2075 875 2176 930 hoc

572 975 675 1032 est,
708 969 1018 1022 mansiones
1044 967 1162 1038 ejus
1192 969 1325 1024 altas
1354 979 1514 1040 alque
1547 967 1808 1022 sublimes
1858 967 1908 1021 itt
1939 969 2178 1024 etelesti—

571 1059 692 1114 bus.
719 1060 836 1126 Quo
868 1059 1026 1114 docet
1055 1061 1300 1116 ordinem
1325 1059 1651 1116 servandum
1685 1075 1806 1115 esse
1835 1059 2174 1116 meritorum.

573 1151 955 1222 Unusquisque
998 1155 1144 1208 enim
1199 1155 1250 1214 in
1309 1169 1408 1209 suo
1461 1153 1656 1210 Ordine
1697 1151 1890 1224 (Joan.
1931 1169 2044 1220 xtv,
2073 1151 2172 1226 2).

573 1245 724 1303 Unde
753 1255 808 1302 et
863 1247 1121 1302 Dominus
1153 1247 1230 1303 ire
1261 1249 1314 1302 et
1345 1263 1650 1318 pneparate
1685 1263 1742 1302 se
1771 1247 1902 1303 dicit
1925 1248 2176 1319 Discipu-

571 1339 635 1396 lis
691 1341 1035 1408 mansiones;
1071 1353 1128 1397 ut
1171 1357 1270 1414 pro
1323 1357 1545 1396 suorum
1601 1341 1808 1397 ratione
1859 1341 2174 1396 meritorum

571 1433 729 1504 digna
763 1433 1134 1506 unusquisque
1167 1433 1472 1488 habitacula
1496 1441 1883 1506 cooscquatur,
1913 1433 2175 1504 inquibus

571 1509 814 1598 requiem
843 1527 990 1582 illam
1020 1537 1208 1598 carpat
1235 1537 1514 1582 :cternam.

639 1617 730 1674 ﬁt.
760 1623 896 1676 Sunt
925 1621 1086 1675 etiam
1121 1619 1370 1676 sublimia
1401 1629 1456 1674 et
1477 1619 1583 1674 alta
1611 1627 1878 1690 [)l‘IECBpla
1902 1661 1916 1684 ,
1957 1619 2010 1673 itt
2055 1617 2176 1688 qui-

572 1712 673 1766 bus
709 1723 838 1766 sunt
879 1713 1088 1767 occulta
1141 1711 1354 1781 pietatis
1407 1711 1694 1782 mysteria,
1745 1721 1796 1765 et
1843 1709 2176 1764 theoremata

571 1805 884 1859 s‘crmouutn
935 1805 1258 1860 cmlcstium‘.
1311 1801 1466 1866 Hzcc,
1521 1801 1724 1874 inquit,
1755 1801 2180 1866 distrlbttite,et

2281 593 2512 664 populus
2561 593 2840 664 percipere
2877 594 3216 664 sapientiam
3261 591 3322 646 in
3359 591 3630 662 mysterio
3661 607 3778 663 qua
3793 599 3880 651 ass

2279 681 2500 748 condita
2529 697 2630 742 est.

2283 845 2290 850 _
2349 779 2512 852 945
2553 780 2644 838 9.5.
2687 777 2812 837 ideo
2851 797 2972 836 eam
3011 781 3277 838 Christus
3329 780 3658 848 abscondit,
3699 791 3758 836 ut
3791 799 3876 838 ea:

2279 872 2430 926 stulti
2465 889 2570 926 non
2601 874 2924 946 intelligant,
2947 875 3258 946 prudentes
3287 873 3616 930 studiosius
3637 889 3880 946 quarunt;

2279 973 2334 1020 et
2371 977 2630 1022 enarrent
2662 969 2714 1022 ιιι
2746 969 3000 1040 progenie
3055 970 3264 1036 altera,
3319 985 3456 1040 qua:
3509 967 3736 1038 spiritus
3779 971 3882 1026 foret

2281 1058 2481 1114 virtute
2511 1061 3134 1134 perl'ectior;.quontiatn
3182 1061 3498 1134 generatio
3547 1063 3790 1130 superior
3815 1079 3882 1132 per

2281 1137 2650 1208 iniirtnitatctn
2701 1149 2856 1220 lidei',
2897 1156 3158 1226 perfecta:
3217 1156 3530 1227 sapientiae
3591 1170 3878 1228 cognoscere

2281 1255 2620 1300 sacramenta
2667 1261 2774 1301 non
2819 1249 3014 1318 potuit.
3067 1249 3136 1304 Et
3169 1249 3300 1306 ideo
3345 1252 3584 1320 signum
3625 1253 3876 1320 quarrehat,

2283 1337 2560 1392 veritatem
2593 1339 2948 1410 repudiabat;
2979 1357 3104 1398 cum
3141 1345 3334 1414 utique
3367 1359 3486 1398 non
3519 1339 3726 1398 veritas
3757 1347 3876 1414 signa

2281 1427 2376 1482 st-d
2417 1430 2629 1500 signum
2677 1435 2920 1488 veritatis
2961 1435 3052 1490 sit.
3096 1435 3256 1491 Unde
3303 1437 3618 1506 reSpondit
3666 1438 3712 1489 ei
3743 1437 3878 1492 Dum-

2282 1537 2428 1578 nns:
2491 1521 2760 1578 (letter-alio
2805 1543 3021 1598 nequam
3065 1538 3110 1582 et
3167 1529 3424 1582 adultera
3493 1527 3672 1602 956
3713 1531 3876 1602 signa

2281 1621 2496 1690 qna-rit;
2521 1633 2564 1672 et
2595 1619 2800 1690 signum
2829 1637 2930 1675 non
2953 1621 3162 1676 dabitur
3203 1622 3276 1688 ei,
3321 1623 3437 1676 nisi
3469 1619 3634 1676 Jona'
3661 1627 3878 1694 prepitue

2281 1709 2500 1790 (Matth.
2545 1727 2651 1776 xu,
2685 1711 2800 1784 39).
2851 1713 2932 1768 Ad
2985 1715 3322 1784 arguentium
3385 1716 3594 1786 itaque
3645 1718 3874 1786 perﬁdiae

2279 1801 2618 1870 Judmorum,
2649 1805 2799 1862 Jonte
2829 1811 3140 1878 exemplum
3169 1810 3540 1874 accersitur;
3569 1825 3640 1864 eo
3661 1813 3790 1881 quod
3815 1813 3874 1866 iii-

503 1967 510 1972 .
573 1915 673 1970 pro
721 1903 883 1969 captu
918 1885 1338 1968 uniuscujusque
1391 1895 1636 1962 dividite,
1695 1907 1952 1966 quantum
2009 1897 2180 1966 possit
2209 1920 2256 1980 Β
2285 1897 2466 1982 nivittc
2495 1899 2650 1970 signo
2679 1899 3052 1968 crediderunt,
3081 1909 3138 1956 et
3161 1901 3800 1972 praedicationemlona:
3815 1909 3874 1974 qui

577 1983 950 2064 unusqttisqne
979 1991 1199 2062 ingenio
1226 1991 1443 2062 proprio
1475 1989 1967 2062 comprehendere.
1997 1989 2182 2060 Neque

576 2087 719 2142 enim
750 2085 997 2141 omnibus
1029 2085 1224 2140 Paulus
1265 2083 1454 2139 eadem
1501 2081 1832 2154 disputabat.
1869 2081 2002 2138 Aliis
2045 2081 2180 2138 nihil

577 2179 906 2251 praedicabat
931 2179 1032 2234 nisi
1051 2177 1328 2234 Christum
1351 2177 1559 2243 Jesum,
1591 2187 1644 2232 et
1675 2175 1818 2231 hunc
1836 2177 2178 2242 cruciﬁxum,

577 2275 684 2329 t't'ou
717 2275 767 2328 itt
795 2273 1146 2344 persuasione
1167 2271 1450 2341 sapientia:
1471 2269 1641 2334 verbi;
1669 2269 1763 2326 sed
1788 2271 1840 2324 in
1869 2269 2182 2324 ostensione

575 2368 799 2440 spiritus
825 2377 986 2440 atque
1007 2365 1218 2422 virtutis
1244 2381 1260 2427 ;
1293 2365 1434 2420 inter
1459 2363 1730 2436 perfectos
1760 2373 1940 2419 autem
1967 2363 2184 2436 sapien-

2285 1991 2464 2045 l'uerat
2509 1991 2562 2046 in
2609 2003 2762 2048 utero
2792 1995 2924 2062 ceti,
2973 1996 3314 2065 sequendam
3379 2005 3701 2068 putarunt:
3747 1997 3870 2052 ,Ιιιιίξὶ

2284 2083 2465 2138 autein
2499 2099 2598 2139 nec
2641 2095 2764 2154 post
2801 2089 3262 2144 resurrectionem
3298 2089 3539 2144 Domini
3585 2089 3712 2145 Jesu
3737 2091 3870 2145 cred;-

2287 2175 2504 2244 dcrunt,
2543 2179 2634 2250 qui
2664 2177 2732 2234 de
2758 2179 2924 2236 corde
2953 2191 3112 2236 terra:
3140 2191 3270 2254 post
3311 2181 3576 2238 triduum
3607 2184 3868 2248 resurrexit,

2285 2281 2340 2326 et
2371 2273 2504 2328 vivit
2527 2288 2592 2330 ac
2619 2283 2810 2346 regnat
2841 2291 2937 2346 per
2963 2277 3146 2334 omnia
3169 2275 3418 2336 saecula.
3505 2275 3705 2334 Amen.

651 2519 677 2548 ει
708 2510 870 2566 Rom.
897 2507 1240 2586 _e_dit._.__Non
1274 2507 1486 2586 quibat.
1517 2507 1652 2586 Aliae
1697 2515 1878 2561 autem
1939 2515 1996 2586 et
2024 2521 2176 2586 _mss.
2215 2521 2424 2586 omnes,
2459 2529 2560 2566 non
2587 2515 2816 2582 capiebat
2841 2557 2854 2580 ,
2887 2513 2940 2570 id
2969 2523 3088 2580 est,
3136 2527 3322 2586 capax
3373 2527 3500 2570 non
3559 2525 3694 2570 erat.
3729 2515 3872 2583 {taque

581 2581 668 2636 hic
697 2593 752 2637 et
804 2581 988 2658 multis
1018 2581 1140 2635 aliis
1183 2579 1316 2658 locis
1359 2579 1634 2634 Ambrosii
1675 2593 1896 2634 sensum
1939 2581 1993 2634 in
2023 2579 2182 2636 Rom.
2225 2580 2360 2638 edit.
2402 2579 2748 2656 agnoscimus
2779 2629 2796 2654 ,
2843 2579 3015 2642 nihilo
3047 2579 3234 2642 secius
3267 2595 3478 2644 tamen
3512 2579 3876 2644 verbum—niti.

583 2661 747 2724 quum
773 2653 1091 2708 retinemus.

1204 2877 1328 2960 IN
1403 2875 1980 2960 PSALMUM
2055 2875 2430 2960 XLVIII
2505 2871 3242 2959 ENARRATIO;

1393 3021 1562 3094 Hujus
1591 3021 1777 3078 titulus
1807 3035 1890 3078 est
1921 3039 1934 3076 :
1967 3019 2032 3074 In
2053 3021 2210 3090 ﬁnem
2239 3021 2365 3091 ﬁliis
2387 3021 2536 3086 Core,
2567 3009 2811 3076 Paulinus
2837 3017 3026 3074 David.

739 3271 920 3345 (Vers.
957 3271 1010 3336 1,
1041 3269 1123 3336 2.)
1151 3265 1316 3341 εἰδῇ
1346 3265 1534 3320 Audite
1577 3267 1706 3331 haec,
1737 3279 1913 3318 omnes
1955 3271 2127 3336 genter
2159 3279 2178 3318 :

578 3367 792 3420 auribus
819 3363 1066 3436 percipite
1093 3377 1268 3416 omnes
1317 3359 1404 3430 qui
1429 3358 1672 3412 habitatis
1721 3353 1896 3410 orbem
1927 3365 2097 3410 terrae.
2120 3355 2178 3411 In

584 3462 850 3531 principio
897 3459 1018 3528 ipso
1060 3471 1250 3511 vocem
1288 3453 1502 3508 Domini
1543 3451 1802 3507 salutaris
1831 3450 2180 3518 agnoscimus

579 3563 768 3622 gentes
785 3551 1028 3606 vocantis
1043 3547 1108 3602 ad
1129 3547 1452 3604 Ecclesium:
1475 3544 1716 3598 uterrori
1733 3541 2070 3606 renuntient,
2091 3557 2184 3596 ve-

581 3645 796 3698 ritatem
811 3650 1128 3712 sequantur,
1155 3651 1210 3694 et
1229 3641 1296 3708 pii
1315 3641 1494 3694 cultus
1515 3653 1710 3692 munus
1729 3644 2050 3705 agnoscant.
2073 3635 2182 3690 Sed

580 3737 704 3806 quia
723 3733 994 3802 serpentis
1019 3733 1244 3788 venenis
1269 3729 1468 3786 infecta
1499 3737 1656 3783 erant
1682 3727 1846 3783 corda
1876 3726 2188 3782 successio-

579 3831 664 3885 nis
695 3831 965 3896 buntante,
1007 3839 1062 3883 et
1107 3828 1346 3897 peccatis
1396 3825 1626 3880 obnoxia
1671 3823 2004 3879 conscientia
2055 3820 2184 3875 dum

579 3927 830 3994 desperat
857 3925 1092 3987 veniam,
1125 3937 1184 3977 se
1233 3937 1492 3977 revocare
1539 3935 1646 3974 non
1693 3927 1952 3987 poterat:
2007 3931 2185 3972 retne-

580 4017 726 4072 dium
780 4017 1086 4087 pollicetur,
1119 4013 1512 4084 indulgentiam
1563 4019 1758 4081 sponte
1807 4011 2026 4080 pietatis
2071 4023 2184 4062 suae

580 4109 832 4180 largitate
883 4108 1184 4180 promittit;
1213 4118 1426 4162 utteus
1475 4121 1580 4160 non
1611 4103 1822 4170 timeat,
1869 4107 2008 4158 bene
2051 4117 2186 4157 con-

579 4206 726 4260 scius
751 4204 1075 4274 gratuletur,
1101 4202 1244 4273 quod
1287 4201 1428 4256 bono
1457 4199 1682 4254 domino
1709 4197 1966 4252 exhibeat
1993 4195 2186 4250 minis-

582 4297 778 4352 terium
805 4297 1106 4362 servitutis,
1135 4294 1226 4366 qui
1259 4291 1470 4349 noverit
1503 4301 1720 4363 peccata
1749 4293 1976 4356 donare,
2013 4289 2184 4345 hono-

581 4391 986 4450 rarevirtutes.
1025 4389 1268 4456 Denique
1298 4387 1488 4440 eadem
1517 4386 1659 4440 serie
1687 4384 1988 4438 vocationis
2017 4382 2182 4436 etiam

581 4484 636 4536 iu
669 4481 972 4552 Evangelia
995 4496 1096 4534 nos
1127 4479 1387 4534 Dominus
1413 4476 1734 4532 adhortatur
1753 4475 1941 4530 dicens
1971 4474 2186 4529 :l’citite

579 4579 647 4632 ad
669 4593 767 4644 me,
803 4591 976 4630 omnes
1015 4575 1104 4644 qui
1134 4573 1376 4630 laboratis
1403 4581 1454 4628 rt
1481 4571 1679 4626 onerati
1709 4571 1852 4630 estis,
1898 4577 1947 4622 et
1982 4585 2074 4639 rgo
2097 4585 2186 4623 vos

575 4673 832 4740 reﬁciant.
879 4669 1065 4724 Tollite
1087 4671 1278 4739 jugum
1319 4683 1488 4720 meum
1513 4677 1668 4733 super
1705 4681 1812 4726 eos,
1847 4673 1894 4716 et
1937 4664 2116 4718 discite
2153 4677 2186 4716 ιι

579 4781 693 4833 me,
723 4767 843 4836 quia
871 4766 1010 4820 mitis
1033 4781 1146 4818 sum
1165 4801 1180 4830 ,
1225 4771 1275 4816 et
1303 4761 1514 4814 Immitis
1545 4760 1703 4814 corde
1731 4757 1946 4831 (Matth.
1993 4773 2048 4814 ιιι
2071 4799 2082 4820 .
2111 4757 2184 4814 928

579 4869 624 4920 et
653 4860 766 4926 “29).
806 4857 1008 4914 Deinde
1035 4857 1224 4928 jngum
1259 4871 1414 4910 suum
1441 4855 1629 4922 suave,
1662 4861 1718 4908 et
1743 4867 1880 4906 onus
1913 4851 2031 4906 leve
2059 4865 2182 4906 esse

2287 3265 2458 3332 niSSe,
2495 3267 2770 3322 festinavit
2811 3267 3127 3338 contingere
3157 3265 3368 3323 dicens
3403 3285 3426 3324 .'
3457 3267 3528 3325 Si
3563 3271 3766 3341 tetigero
3793 3267 3872 3336 ﬁat-

2287 3359 2454 3413 briam
2481 3363 2616 3432 ejus,
2657 3363 2800 3416 salva
2831 3369 2919 3416 ero
2947 3361 3166 3435 (Matth.
3197 3377 3286 3428 Ix,
3325 3363 3410 3420 20
3439 3363 3494 3418 et
3549 3363 3666 3432 ει).
3695 3361 3810 3418 intra
3829 3375 3868 3414 se

2291 3453 2392 3508 hoc
2419 3455 2572 3520 dixit,
2609 3463 2663 3510 et
2693 3454 2944 3510 Christus
2971 3455 3176 3510 audivit
3213 3473 3226 3509 :
3275 3465 3338 3512 et
3389 3455 3588 3528 tetigit
3631 3457 3860 3512 ﬁmbriam.

2285 3559 2338 3603 ct
2365 3549 2534 3603 vit-tus
2553 3549 2619 3604 de
2645 3549 2926 3606 Salvatore
2943 3551 3216 3623 processit
3239 3593 3253 3614 ,
3283 3565 3424 3622 quae
3445 3555 3674 3608 curavit
3695 3565 3860 3622 :egram.

2287 3643 2524 3696 ﬁrmavit
2553 3641 2870 3708 invalidam,
2901 3643 3224 3712 proﬂuvium
3245 3647 3476 3710 statuit,
3507 3647 3758 3716 pietatem
3777 3659 3862 3718 pro-

2287 3733 2454 3790 bavit.
2499 3735 2763 3791 Similiter
2789 3751 2920 3807 ergo
2969 3743 3024 3791 et
3050 3735 3138 3791 hic
3181 3751 3382 3792 omnes
3413 3747 3624 3810 gentes
3665 3731 3858 3792 voratad

2285 3831 2568 3900 sapientia:
2615 3829 2820 3886 fontem
2869 3841 3032 3901 atque
3061 3831 3420 3901 prudentia:
3473 3834 3858 3904 redemptionem

2285 3923 2535 3978 omnibus
2563 3924 2870 3995 pollicetur,
2902 3935 2960 3979 ut
3001 3939 3166 3980 nemo
3207 3925 3479 3996 trepidet,
3517 3941 3686 3982 nemo
3717 3925 3860 3992 deste-

2287 4027 2389 4081 ret,
2421 4017 2510 4071 ubi
2539 4017 2720 4072 nullus
2745 4017 3176 4087 excipiturﬁed
3207 4021 3394 4074 omnis
3423 4021 3622 4074 anima
3655 4019 3858 4073 invitatur

2287 4109 2352 4163 ad
2379 4111 2629 4178 gratiam,
2673 4119 2732 4165 ut
2779 4112 2898 4166 sine
2931 4113 3104 4181 pretio
3133 4111 3498 4167 redimatura
3553 4113 3788 4176 crimine,
3821 4117 3858 4161 et

2285 4201 2518 4258 fructum
2549 4203 2674 4260 vitae
2707 4205 3042 4276 adipiscatur
3069 4215 3313 4259 :eternt‘e.

2355 4297 2410 4352 5.
2455 4295 2554 4350 Hic
2583 4307 2779 4352 sensus
2807 4307 2892 4353 est
2935 4297 3149 4364 psalmi,
3177 4313 3338 4368 quem
3373 4313 3478 4353 suo
3509 4297 3854 4366 ordine‘dige-

2285 4403 2472 4444 remus
2494 4429 2508 4454 ,
2543 4401 2664 4444 cum
2695 4389 3124 4460 explicuerintns
3147 4391 3500 4464 superiorum
3537 4394 3648 4448 vim
3671 4392 3854 4464 qualiu-

2283 4489 2506 4552 temque
2535 4469 2843 4539 verborum.
2867 4483 3260 4554 l’rzecipittntur
3281 4483 3430 4541 enim
3461 4487 3660 4541 audire
3683 4495 3850 4557 gentes,

2284 4585 2338 4630 et
2367 4577 2586 4632 auribus
2637 4577 2918 4646 percipere
2965 4577 3056 4648 qui
3111 4578 3416 4634 inhabitant
3467 4579 3668 4635 urbem
3713 4590 3852 4634 terra.

2283 4667 2437 4722 illum
2468 4669 2654 4737 utique
2696 4669 2880 4724 orbem
2917 4679 3205 4736 terrarum,
3237 4670 3304 4726 de
3351 4686 3462 4741 quo
3507 4685 3678 4741 supra
3707 4671 3852 4726 dixit:

2285 4759 2495 4816 Domini
2519 4771 2593 4816 est
2625 4773 2762 4817 terra
2785 4773 2831 4816 et
2875 4761 3146 4834 plenitudo
3167 4767 3278 4836 ejus
3309 4780 3328 4818 .'
3355 4763 3500 4817 orbis
3532 4773 3798 4824 terrarum,
3819 4769 3851 4814 et

2285 4857 2371 4924 qui
2395 4855 2626 4909 habitant
2667 4859 2720 4909 in
2760 4871 2840 4912 eo.
2887 4857 3012 4925 Ipse
3046 4871 3202 4927 super
3239 4855 3407 4910 mariti
3433 4857 3682 4928 {undavit
3721 4869 3852 4910 rem:

577 4959 1004 5015 commemorat;
1057 4949 1314 5020 quoniam
1387 4947 1480 5018 qui
1531 4945 1910 5010 chperaverit
1959 4942 2186 4998 medici-
2211 4921 2261 4982 D
2287 4957 2336 5002 et
2383 4963 2537 5018 super
2565 4950 2780 5020 ﬂumina
2808 4953 3120 5022 prteparavt't
3161 4947 3330 5022 9“
3355 4967 3469 5004 eum
3505 4950 3687 5022 (Psat.
3719 4963 3850 5014 nul,

577 5063 726 5116 nam,
767 5063 931 5102 sanus
957 5063 1079 5102 esse
1109 5063 1216 5102 non
1241 5047 1462 5116 poterit.
1493 5043 1562 5098 Et
1591 5043 1717 5098 ideo
1753 5041 2004 5098 cautibus
2029 5050 2182 5112 grata

575 5153 660 5202 est
689 5142 1071 5209 mansuetudo,
1103 5157 1224 5214 quae
1250 5141 1476 5197 vulnera
1511 5133 1828 5194 interiorum
1870 5143 2030 5192 curat
2063 5135 2181 5190 ani-

577 5253 812 5292 morum.

587 5361 590 5364 -
643 5331 700 5387 2.
745 5331 1018 5388 Venturos
1061 5329 1230 5400 igitur
1265 5327 1334 5383 ad
1363 5327 1619 5400 aegrotos,
1667 5323 1929 5381 venturus
1960 5333 2019 5379 ut
2059 5337 2176 5380 me-

572 5427 748 5494 dicus,
779 5427 868 5496 qui
891 5425 1078 5494 gravia
1105 5424 1284 5478 ulcera
1313 5433 1494 5476 nostra
1523 5425 1778 5483 curaret;
1809 5417 2178 5471 medicamen-

573 5529 628 5577 ta‘
655 5531 682 5558 ει
717 5521 990 5592 proponit,
1035 5527 1094 5572 ut
1119 5518 1340 5573 videant
1373 5516 1652 5582 homines,
1687 5521 1744 5576 et
1773 5512 1840 5566 ad
1871 5511 2172 5566 remedium

571 5615 764 5669 salutis
795 5615 896 5668 lida
928 5613 1218 5668 sedulitate
1261 5619 1610 5665 concurrant.
1643 5607 1732 5664 Sic
1777 5607 1868 5660 illa
1907 5605 1961 5658 in
1994 5603 2176 5658 Evan-

571 5707 714 5776 gelia
749 5705 1288 5768 meruitsanitatetn,
1323 5717 1446 5773 qua:
1481 5699 1745 5773 proﬂutio
1769 5698 2051 5782 sanguinis
2079 5707 2174 5766 per

570 5800 856 5859 duodecim
901 5809 1073 5855 annos
1123 5795 1428 5856 labet-abut.
1479 5793 1706 5853 Audivit
1758 5795 2026 5852 medi‘cum
2082 5789 2170 5850 Ve-

647 5946 670 5974 ι
713 5937 840 5992 Mss.
873 5937 1107 6006 aliquot,
1141 5932 1386 6004 proponit
1419 5972 1434 5996 ,
1467 5941 1521 5986 ut
1563 5929 1788 5985 audiant
1813 5930 2066 5986 homines.

2289 5039 2312 5092 i
2339 5051 2386 5093 et
2415 5039 2498 5112 2).
2531 5043 2700 5110 Quam
2731 5042 2904 5098 Graeci
2937 5044 3232 5115 οἰκουμένην
3277 5043 3486 5106 dicunt,
3519 5057 3590 5098 eo
3619 5045 3755 5114 quod
3793 5041 3855 5095 itt-

2285 5131 2557 5188 ltabitetnr
2585 5152 2611 5186 a
2641 5133 2896 5202 Christo;
2929 5139 3068 5191 sicut
3099 5139 3214 5204 ipse
3227 5135 3362 5192 dixit
3393 5153 3412 5190 :
3443 5136 3704 5204 Quoniam
3729 5136 3852 5191 inita.

2285 5225 2454 5280 bitabo
2483 5227 2538 5280 in
2564 5229 2707 5296 illis;
2734 5229 2998 5284 inhabitat
3023 5227 3192 5292 enim,
3227 5239 3282 5284 ut
3311 5231 3534 5302 impleat
3563 5245 3687 5302 quae
3717 5241 3851 5286 neua

2282 5317 2626 5375 videbantur.
2656 5323 2788 5388 Qua-
2813 5333 2898 5378 est
2921 5337 3052 5394 ergo
3091 5326 3390 5398 oixoopta'vu;
3421 5324 3524 5378 nisi
3571 5334 3752 5380 sancta
3777 5325 3854 5380 Et-

2279 5410 2468 5478 clesia,
2511 5415 2774 5482 templum
2822 5415 2940 5482 Dei,
2973 5425 3030 5470 et
3071 5415 3437 5473 habitaculum
3483 5418 3724 5475 Christi!
3767 5419 3852 5475 Nec

2288 5503 2586 5577 incongrue
2614 5507 2788 5564 Latini
2815 5509 3042 5565 dissono
3069 5511 3289 5584 quidem
3334 5523 3618 5582 sermone,
3649 5515 3736 5572 sed
3761 5515 3850 5586 pari

2277 5612 2468 5665 sensu,
2511 5603 2700 5657 orbem
2753 5613 2914 5660 teme
2959 5617 3538 5676 nuncnpaverunt;e0
3587 5609 3728 5682 quod
3767 5607 3848 5662 vita

2275 5701 2588 5749 sanctorum
2615 5695 2708 5767 qui
2736 5695 3112 5755 inhabitaiitur
3141 5699 3210 5756 ab
3239 5699 3474 5772 Spiritu,
3503 5701 3648 5758 sicut
3685 5701 3848 5758 retain

2277 5787 2464 5844 orbem
2497 5789 2614 5846 sine
2645 5787 2973 5862 ulla_cursus
3000 5791 3080 5848 Sui
3111 5783 3417 5850 oﬂ‘enSiOn‘e
3443 5791 3714 5852 volvatur.
