4008 6352
584 336 725 395 1159

1938 332 2188 393 SANCTI
2224 331 2552 393 AMBROSII

3760 337 3862 407 11ίῆ

580 460 751 531 quitus
776 454 1007 511 calcanei
1034 452 1131 509 mei
1157 451 1498 508 circumdabit
1556 465 1674 517 me;
1703 450 1807 507 hoc
1836 462 1940 518 est,
1985 451 2179 520 iuiqui-
2208 458 2261 519 Α
2285 450 2373 506 die
2403 450 2541 507 mala
2561 448 2735 519 ?Quid
2765 448 2905 505 enim
2936 458 3112 519 potest
3132 451 3277 508 mihi
3303 463 3544 517 nocere,
3576 448 3853 520 111111101ιὲ3-

583 563 667 607 tas
690 550 843 617 Adm,
893 564 1000 605 non
1034 562 1173 604 mea.
1210 536 1241 583 α’
1267 545 1375 603 Sed
1406 536 1467 602 ea
1494 563 1601 601 non
1650 556 1833 618 potest
1890 545 2021 600 mihi
2056 551 2195 601 esse‘

584 645 816 709 terrori;
868 641 921 697 in
967 641 1055 697 die
1102 641 1247 697 enim
1291 638 1481 710 judicii
1537 648 1719 695 nostra
1770 640 1823 695 in
1859 638 2038 703 nobis,
2073 654 2180 693 non

581 741 771 797 alienae
814 736 1115 809 iniquitatis
1145 735 1344 806 ﬂagitia
1388 735 1703 805 puniuntur.
1740 733 1894 790 Unde
1926 748 2049 788 reor
2082 732 2184 786 ini-

573 833 835 905 quitatem
862 831 1100 887 calt-anei
1131 829 1301 901 magis
1324 827 1590 885 lubricum
1616 827 1988 897 delinquendi,
2017 842 2180 898 quam

579 935 787 983 reatum
817 924 1051 995 aliquem
1093 923 1261 978 nostri
1291 938 1411 978 esse
1438 921 1642 977 delicti.
1671 920 1970 991 Meritoque
2002 918 2182 975 llomi-

580 1037 684 1079 nus
708 1021 800 1092 qui
847 1036 945 1092 pro
977 1018 1134 1075 nobis
1169 1018 1421 1073 universa
1466 1016 1705 1087 suscepit
1734 1032 1746 1069 :
1779 1015 2070 1079 Laveinus,
2101 1013 2182 1068 in-

578 1115 715 1185 quit,
751 1123 805 1169 et
855 1111 1041 1183 pedes,
1089 1119 1148 1166 ut
1192 1109 1435 1167 calcanei
1465 1109 1733 1165 lubricum
1782 1106 2051 1177 possimus
2082 1120 2178 1159 au-

578 1205 757 1274 ferre;
791 1220 897 1277 quo
925 1204 1029 1259 lida
1055 1204 1217 1259 statio
1248 1202 1419 1275 possit
1442 1217 1566 1259 esse
1590 1202 1875 1266 virtutum,
1907 1207 1962 1255 et
1988 1213 2055 1254 ne
2088 1212 2181 1268 pa-

578 1310 733 1358 terno
758 1300 878 1371 quis
904 1314 1091 1355 errore
1120 1298 1353 1365 labatur,
1393 1298 1484 1369 qui
1516 1312 1615 1353 suo
1661 1305 1879 1367 paratus
1922 1304 2006 1349 est
2032 1301 2179 1349 stare

578 1395 893 1466 proposito:
926 1404 982 1449 et
1013 1407 1120 1449 non
1152 1400 1357 1447 metuat
1383 1390 1651 1446 lubricum
1694 1388 2050 1455 haereditatis,
2086 1387 2177 1458 qui

572 1491 723 1561 cupit
743 1490 1028 1560 vestigium
1061 1496 1249 1544 tenere
1278 1486 1517 1542 virtutis.
1547 1486 1810 1557 iniquitas
1835 1500 1969 1556 ergo
1998 1484 2179 1539 calca-

573 1581 663 1640 nei
688 1580 860 1638 nostri
894 1580 1268 1652 praevaricatio
1298 1590 1381 1636 est
1400 1579 1553 1647 Adae,
1584 1596 1679 1649 per
1706 1594 1865 1649 quam
1891 1579 2176 1647 prolapsus

576 1685 661 1733 est
698 1674 753 1732 in
806 1684 1182 1746 contemptum
1222 1681 1279 1729 et
1325 1671 1814 1730 dissimulationem
1869 1671 2172 1728 etelestium

578 1767 981 1826 mandatorum.

650 1865 740 1921 10.
781 1863 880 1920 Est
910 1864 1074 1920 etiam
1098 1862 1350 1934 iniquitas
1378 1862 1640 1928 calcanei,
1682 1861 1836 1919 Judre
1857 1861 1885 1902 δ
1918 1861 2173 1918 ὴςεεὶιοηε
2203 1863 2251 1924 Β

575 1959 645 2017 da
677 1957 931 2031 proditio.
972 1954 1225 2011 Calcauei
1258 1956 1404 2022 ideo,
1435 1956 1560 2028 quia
1601 1956 1866 2026 scriptum
1909 1965 1991 2011 est
2025 1973 2038 2007 :
2071 1952 2175 2018 Qui

576 2052 853 2109 manducet
884 2066 1082 2105 mecum
1111 2067 1333 2121 panem,
1364 2051 1549 2105 levabit
1578 2068 1737 2121 super
1768 2068 1844 2105 me
1875 2050 2176 2105 calcaneum

576 2164 727 2204 suum
773 2146 795 2219 (
823 2144 970 2202 Psal.
1004 2156 1212 2211 xXxvtt,
1255 2142 1388 2214 18).
1433 2144 1581 2201 Bene
1607 2154 1662 2200 et
1704 2144 1947 2199 ibisuum
1970 2185 1986 2211 ,
2010 2151 2065 2199 et
2086 2142 2175 2199 hic

577 2258 756 2300 meum
787 2242 958 2299 dixit:
984 2254 1163 2309 suum,
1178 2241 1302 2313 quia
1328 2238 1579 2295 Christus
1595 2238 1711 2292 sine
1729 2236 2035 2309 iniquitate,
2058 2238 2174 2291 haec

571 2348 754 2395 autem
792 2336 962 2394 solius
978 2336 1236 2409 iniquitas
1252 2332 1581 2405 proditoris:
1599 2346 1779 2387 meum
1800 2337 1980 2386 autem
1996 2329 2174 2385 calca-

573 2445 757 2497 neum,
790 2430 943 2503 quasi
976 2429 1230 2485 ultimum
1280 2426 1365 2483 sui
1392 2425 1644 2498 corporis
1690 2424 1884 2479 ludam
1922 2421 2174 2477 Christus

569 2523 834 2595 appellat,
862 2522 1018 2593 cujus
1048 2537 1151 2577 nos
1178 2534 1365 2577 smnus
1394 2533 1595 2586 corpus
1621 2525 1676 2574 et
1717 2516 1985 2571 membra.
2027 2514 2172 2584 Apu-

576 2618 701 2673 stoli
730 2614 1113 2688 praestantiora
1146 2623 1203 2671 et
1235 2621 1461 2669 actuosa
1492 2610 1739 2667 membra
1768 2619 1895 2665 sunt
1922 2607 2125 2665 Christi
2158 2623 2172 2661 :

571 2707 741 2767 Judas
770 2709 1114 2775 calcaueum,
1158 2707 1311 2777 quasi
1355 2713 1597 2761 extrema
1627 2718 1752 2774 pars
1783 2701 2029 2773 corporis
2058 2715 2177 2756 ser-

570 2802 725 2876 penti
754 2802 1012 2869 obnoxia,
1044 2808 1100 2859 et
1139 2811 1330 2873 patens
1359 2798 1589 2854 vulneri.
1623 2796 1868 2854 Primum
1902 2812 2033 2868 ergo
2060 2795 2176 2852 cal-

570 2911 800 2954 caneum
851 2893 1063 2962 Adam,
1118 2891 1420 2951 secundum
1467 2890 1785 2948 calcaneum
1837 2889 2027 2946 ludas.
2078 2888 2175 2946 Ille

568 2991 756 3064 lapsus
788 2988 956 3046 totius
984 2988 1334 3053 luereditatis,
1380 2985 1471 3042 hic
1513 2985 1685 3041 solius
1716 2984 2032 3057 proditoris,
2082 2984 2173 3054 qui

570 3084 947 3143 haereditatem
998 3082 1281 3156 implicare
1332 3097 1438 3138 non
1481 3082 1681 3153 potuit;
1730 3083 1854 3152 quia
1900 3080 2011 3152 jam
2064 3095 2172 3135 non

571 3176 821 3234 carnales
848 3191 1056 3243 sumus,
1089 3176 1188 3233 sed
1221 3174 1607 3246 Redemptoris
1635 3174 1946 3241 hmreditas,
1981 3172 2171 3244 Scrip-

2289 544 2399 597 lum
2430 559 2536 598 non
2554 543 2766 611 indigeo
2783 541 2943 617 959
2965 544 3349 615 redemptore,
3381 544 3487 600 sed
3516 545 3639 613 ipse
3663 545 3853 598 omnia:

2285 651 2405 690 sum
2433 636 2782 705 redemptor?
2802 637 2949 691 Alius
2972 636 3175 693 liberos
3205 637 3438 705 faciam,
3462 646 3520 692 et
3548 651 3651 707 pro
3673 652 3749 691 me
3774 639 3855 707 ipse

2288 729 2403 799 ipse
2429 728 2747 798 trepidabo?
2777 726 2913 784 Ecce
2940 727 3129 783 faciam
3156 745 3304 785 nova
3335 729 3554 791 omnia.
3586 744 3703 797 que
3731 744 3853 797 supra

2286 822 2461 892 ipsum
2514 823 2888 893 germanitatis
2928 822 3181 878 aii'cctum
3233 825 3349 879 sint
3401 834 3580 893 atque
3624 824 3853 892 pietatem.

2284 912 2456 981 Quem
2487 912 2651 968 frater
2678 912 2867 968 eodem
2915 912 3102 967 matris
3132 922 3296 969 utero
3347 914 3566 968 effusus
3617 912 3667 966 in
3717 913 3854 968 lucem

2284 1005 2553 1062 redimere
2586 1022 2694 1061 non
2724 1015 2919 1078 potest,
2950 1006 3071 1077 quia
3120 1007 3311 1077 parilis
3341 1015 3561 1061 natura:
3590 1004 3856 1061 inﬁrmitate

2284 1100 2571 1166 retinetur,
2629 1099 2858 1154 redimet
2907 1097 3104 1153 homo:
3158 1097 3255 1153 sed
3308 1096 3403 1153 ille
3459 1097 3631 1152 homo
3675 1096 3740 1151 de
3779 1114 3855 1167 quo

2281 1192 2545 1264 scriptum
2574 1200 2691 1248 est:
2720 1193 2846 1263 quia
2873 1194 3030 1246 mittet
3059 1192 3167 1247 illis
3189 1192 3464 1246 Dominus
3492 1191 3765 1255 hominem,
3788 1191 3853 1258 qui

2282 1285 2609 1339 sulvabiteos
2657 1282 2830 1358 (Esai.
2871 1300 2982 1349 xix,
3012 1283 3142 1355 20);
3176 1284 3271 1355 qui
3321 1283 3392 1338 de
3443 1299 3506 1337 se
3556 1284 3676 1352 ipso
3720 1284 3852 1337 dixit:

2284 1375 2529 1443 Queritis
2554 1393 2634 1431 me
2662 1376 2916 1444 occidere,
2954 1375 3219 1430 hominem
3250 1377 3343 1446 qui
3382 1375 3661 1430 veritatem
3691 1377 3851 1429 locum

2280 1484 2395 1522 sum
2425 1467 2565 1522 vobis
2592 1466 2772 1540 (Joan.
2808 1484 2929 1535 vin,
2972 1466 3092 1539 to).
3127 1467 3236 1524 Sed
3276 1470 3533 1540 quamvis
3583 1466 3737 1523 homo
3774 1472 3847 1534 sit,

2280 1561 2401 1632 quis
2429 1571 2718 1633 cognoscet
2750 1562 2908 1617 cum?
2948 1563 3125 1631 Quare
3156 1577 3319 1618 nemo
3361 1563 3707 1633 cognoscet?
3747 1563 3850 1632 Qui:

2279 1656 2415 1708 sicut
2448 1669 2590 1707 unus
2620 1654 2763 1710 Deus
2785 1697 2799 1719 ,
2844 1655 2913 1709 ita
2944 1668 2997 1710 et
3037 1672 3176 1711 unus
3205 1654 3482 1711 mediator
3508 1655 3609 1711 Dei
3635 1665 3688 1709 et
3715 1660 3850 1712 humi-

2278 1762 2405 1801 num
2438 1749 2601 1803 homo
2626 1747 2875 1803 Christus
2897 1745 3076 1802 lesus.
3106 1748 3228 1818 Ipse
3250 1759 3334 1804 est
3357 1749 3517 1804 soius
3543 1750 3638 1819 qui
3664 1749 3848 1806 redimet

2279 1839 2578 1907 hominem,
2609 1846 2831 1897 vincens
2863 1842 3067 1913 pietate
3109 1856 3442 1912 germanos;
3476 1843 3605 1913 quia
3638 1859 3729 1913 pro
3754 1845 3850 1899 alie-

2280 1932 2364 1987 nis
2392 1934 2708 2005 sanguinem
2740 1948 2897 1989 suum
2937 1933 3112 2000 fudit,
3138 1950 3296 2005 quem
3332 1950 3502 1989 nemo
3535 1946 3712 2005 potest
3736 1935 3847 1991 06er-

2279 2043 2338 2083 re
2365 2043 2462 2099 pro
2504 2030 2689 2083 fratre.
2721 2028 2908 2100 Itaque
2934 2014 3150 2096 corpori
3186 2028 3412 2099 promio
3459 2044 3571 2083 non
3619 2034 3847 2099 pepercit,

2278 2133 2335 2179 ut
2365 2138 2464 2179 nos
2492 2123 2789 2181 redimeret
2832 2139 2863 2178 a
2912 2135 3178 2195 peccato:
3228 2134 3283 2179 et
3335 2123 3493 2179 dedit
3536 2126 3851 2195 semetipsum

2277 2217 2712 2288 redemptionem
2757 2231 2855 2288 pro
2898 2216 3185 2284 omnibus;
3212 2219 3354 2272 sicut
3384 2232 3558 2273 verus
3591 2218 3709 2289 ejus
3733 2218 3850 2275 testis

2273 2314 2505 2369 asseruit
2520 2314 2801 2385 apostolus
2821 2312 3041 2374 Paulus.
3060 2317 3150 2383 qui
3170 2313 3272 2368 ait:
3302 2311 3602 2368 Veritatem
3616 2316 3729 2367 dico
3747 2357 3761 2378 ,
3777 2331 3853 2367 ne:

2278 2410 2499 2464 mentior
2522 2407 2703 2481 (Rom.
2739 2424 2815 2473 lx,
2848 2408 2926 2475 1).
2959 2405 3068 2463 Sed
3112 2424 3284 2479 quare
3311 2408 3468 2464 solus
3510 2408 3603 2465 hic
3628 2408 3853 2465 redimet!

2275 2510 2408 2580 Quia
2440 2524 2599 2565 nemo
2628 2517 2808 2579 potest
2833 2522 2958 2562 eum
2998 2520 3219 2576 sequare
3262 2505 3514 2575 pietate;
3558 2515 3619 2560 ut
3648 2521 3741 2576 pro
3764 2520 3854 2560 ser-

2277 2602 2414 2659 vulis
2444 2603 2555 2657 suis
2584 2603 2821 2655 animam
2859 2614 3011 2655 suam
3046 2609 3213 2670 ponat
3247 2617 3261 2656 :
3315 2613 3488 2655 nemo
3539 2596 3856 2668 integritate;

2279 2711 2466 2752 omnes
2497 2695 2645 2751 enim
2670 2697 2771 2750 sub
2793 2692 3382 2765 peccato,omnesAda:
3414 2692 3569 2748 illius
3605 2693 3858 2762 suhjaeeat

2277 2788 2637 2861 prolapsioui.
2676 2787 2838 2843 Solus
2871 2785 3204 2857 Redemptor
3248 2785 3497 2857 eligitur,
3530 2785 3627 2856 qui
3674 2796 3857 2857 peccato

2278 2886 2445 2940 veteri
2470 2884 2734 2941 obnoxius
2761 2896 2883 2938 esse
2913 2896 3019 2937 n0u
3051 2881 3247 2952 possit.
3283 2881 3426 2953 Ergo
3459 2896 3562 2952 per
3591 2880 3855 2943 hominem,

2279 2977 2565 3033 Dominum
2601 2976 2789 3033 Jesum
2820 2976 3216 3046 intelligamus,
3247 2976 3340 3046 qui
3379 2978 3633 3047 suscepit
3660 2974 3859 3030 hominis

2277 3070 2671 3138 conditionem;
2700 3080 2758 3125 ut
2783 3070 2836 3124 in
2863 3084 3027 3126 carne
3054 3082 3150 3124 sua
3178 3077 3462 3140 peccatum
3498 3068 3741 3123 ninnium
3765 3083 3859 3123 cru.

2276 3166 2540 3237 ciligeret,
2567 3176 2623 3224 et
2660 3164 3083 3237 chirographum
3135 3164 3525 3219 universorum
3556 3178 3660 3219 suo
3702 3176 3859 3218 cruore

571 3282 689 3329 tura
720 3272 939 3329 dicente
969 3290 983 3326 :
1018 3282 1039 3311 ο
1088 3270 1181 3327 Est
1206 3271 1480 3327 hatreditas
1508 3268 1833 3325 credentibus
1862 3270 1917 3325 in
1945 3267 2171 3324 Domino
2200 3261 2247 3325 C
2277 3259 2508 3316 deleret-

568 3364 742 3437 (Esai.
775 3380 889 3434 LW,
918 3365 1032 3435 17).

644 3460 731 3516 11.
776 3459 872 3515 Est
895 3467 950 3515 et
975 3457 1064 3513 illa
1088 3456 1347 3528 iniquitas
1376 3456 1616 3513 calcanei
1640 3456 1747 3523 sui,
1786 3472 1906 3528 qua:
1935 3456 2170 3513 circumr

565 3551 718 3609 dedit
744 3550 1023 3608 Christum
1057 3568 1070 3605 :
1102 3548 1512 3616 Circumdantes,
1566 3549 1762 3621 inquit,
1813 3549 2170 3605 circumdede-

568 3653 693 3699 runt
715 3660 815 3710 nte,
846 3652 892 3697 et
921 3643 974 3697 in
1006 3642 1214 3697 nomine
1234 3640 1448 3696 Dontini
1478 3642 1621 3695 ultus
1652 3658 1766 3696 sum
1795 3642 1851 3696 in
1875 3658 1962 3697 eos
1988 3639 2164 3715 (Psul.

566 3751 748 3805 cxvu,
783 3736 896 3808 11).
939 3734 1268 3792 Calcaneum
1306 3733 1426 3805 ejus
1468 3734 1755 3805 Synagoga
1783 3744 1888 3802 est,
1920 3734 2086 3791 decor
2116 3742 2172 3790 et

563 3829 739 3903 gloria
772 3828 954 3884 vultus
981 3826 1102 3898 ejus
1130 3825 1411 3893 Ecclesia;
1437 3826 1580 3883 sicut
1604 3827 1867 3899 scriptum
1896 3836 1982 3883 est
2012 3845 2025 3881 :
2062 3826 2169 3883 Do-

568 3923 738 3980 minus
768 3922 1020 3994 regnavit,
1050 3921 1285 3977 decorem
1312 3919 1485 3975 induit
1526 3918 1702 3991 (Psal.
1735 3906 1843 3977 xc‘u
1863 3963 1878 3988 ,
1914 3923 1987 3992 l).

640 4018 725 4075 12.
783 4016 963 4090 (Vers.
997 4013 1080 4088 7.)
1121 4015 1202 4072 Illi
1244 4030 1377 4087 ergo
1426 4024 1555 4071 sunt
1581 4016 1919 4082 calcaneum,
1951 4016 2022 4073 de
2048 4016 2170 4088 qui—

565 4110 667 4168 bus
696 4111 866 4168 dicit:
905 4110 1009 4178 Qui
1061 4110 1333 4180 conﬁdunt
1374 4110 1431 4165 in
1481 4110 1669 4165 virtute
1711 4128 1829 4178 sua,
1880 4112 2071 4185 quique
2113 4113 2168 4167 in

564 4203 885 4259 abundantia
943 4202 1241 4258 divitiarum
1296 4220 1510 4259 suarum
1579 4202 1892 4275 gloriantur.
1964 4203 2168 4261 Divites

564 4307 813 4370 eguerunt
857 4306 905 4351 et
949 4297 1241 4352 esuriernnt
1290 4296 1461 4369 (Psal.
1507 4303 1710 4364 xxxiii,
1755 4297 1866 4371 11).
1914 4299 2069 4369 Quod
2101 4300 2169 4356 de

564 4388 768 4447 Judtels
794 4389 995 4446 dictum
1033 4398 1138 4445 est.
1170 4388 1279 4447 Sed
1312 4400 1368 4446 et
1411 4405 1604 4447 omnes
1648 4394 1738 4463 qui
1781 4393 2061 4451 luxuriose
2090 4396 2169 4450 vi-

563 4492 721 4550 vunt,
750 4490 807 4539 et
832 4497 940 4538 non
968 4490 1157 4538 tenent
1201 4493 1384 4555 caput,
1434 4483 1752 4541 calcaneum
1783 4485 1986 4543 Christi
2017 4498 2165 4544 sum.

565 4577 675 4637 Sed
720 4577 838 4635 haec
863 4576 1168 4649 generalia,
1198 4594 1316 4648 qua:
1358 4578 1469 4635 late
1497 4588 1700 4650 patent.
1744 4578 2016 4639 Caeterum
2042 4599 2170 4656 spe-

2349 3357 2437 3413 M.
2469 3356 2576 3413 Sed
2607 3357 2745 3413 forte
2765 3355 2915 3411 dicas
2945 3373 2958 3410 :
2985 3353 3272 3422 Quomodo
3294 3352 3697 3426 redempturus
3722 3353 3858 3410 frater

2274 3461 2541 3524 negatur,
2571 3467 2694 3507 cum
2728 3451 2843 3521 ipse
2892 3449 3098 3505 dixerit
3150 3467 3163 3504 :
3213 3448 3462 3504 Narrabo
3514 3467 3705 3505 nomen
3748 3462 3861 3503 tua

2274 3546 2521 3618 fratribus
2549 3547 2674 3602 meis
2701 3544 2879 3617 (Psal.
2909 3561 2995 3600 χιι
3018 3587 3031 3610 ,
3052 3542 3182 3616 25)¹Ι
3236 3543 3348 3601 Sed
3392 3561 3505 3601 non
3540 3546 3700 3615 quasi
3727 3543 3857 3599 inter

2273 3642 2431 3698 nobis
2451 3683 2465 3709 ,
2498 3640 2596 3696 sed
2622 3641 2773 3712 quasi
2801 3640 2965 3694 homo
2990 3636 3238 3694 Christus
3275 3636 3473 3702 Iesus,
3504 3639 3561 3693 in
3605 3653 3715 3707 quo
3750 3636 3857 3691 Deus

2272 3745 2421 3804 erat;
2452 3735 2611 3792 nobis
2643 3742 2862 3806 peccata
2888 3732 3113 3788 dimisit.
3146 3732 3236 3788 Sic
3276 3731 3428 3788 enim
3462 3732 3733 3801 scriptum
3755 3741 3855 3787 est:

2273 3829 2417 3886 Deus
2467 3838 2579 3886 erat
2631 3828 2683 3883 in
2716 3826 2918 3882 Christo
2965 3826 3214 3880 mandunt
3264 3826 3628 3881 reconcilians
3654 3824 3759 3880 sibi
3799 3820 3858 3893 (Π

2270 3923 2394 3982 Cor.
2418 3941 2473 3992 v,
2508 3923 2618 3994 l9).
2652 3923 2708 3977 lu
2743 3922 2839 3977 illo
2859 3920 3078 3978 Christo
3108 3918 3264 3984 Jesu,
3296 3918 3365 3975 de
3395 3934 3512 3991 quo
3541 3920 3668 3972 solo
3688 3919 3857 3973 dictum

2270 4030 2353 4074 est
2384 4035 2397 4071 :
2433 4017 2568 4086 Quia
2604 4015 2829 4071 Verbum
2856 4031 2974 4070 caro
3002 4018 3195 4086 factum
3222 4024 3326 4081 est,
3353 4021 3401 4067 et
3430 4012 3691 4067 habitavit
3715 4013 3764 4066 in
3786 4026 3856 4063 aa.

2272 4113 2348 4167 bis
2378 4110 2561 4186 (Joan.
2596 4126 2647 4177 ι,
2698 4109 2809 4183 ll).
2842 4108 2961 4165 Non
3016 4124 3149 4180 ergo
3176 4108 3329 4178 quasi
3358 4108 3560 4171 frater,
3612 4108 3713 4163 sed
3736 4104 3859 4178 quasi

2272 4205 2534 4260 Dominus
2565 4203 2833 4259 habitavit
2856 4202 2909 4257 in
2940 4202 3129 4269 nobis,
3160 4216 3284 4257 cum
3315 4200 3598 4257 habitaret
3632 4202 3687 4257 in
3705 4216 3857 4256 carne.

2270 4298 2403 4355 Cum
2428 4297 2592 4369 igitur
2612 4295 3054 4359 reconciliaverit
3086 4296 3195 4351 Deo
3224 4294 3489 4350 mundum
3514 4338 3533 4364 ,
3559 4296 3750 4367 utique
3771 4297 3857 4363 ipse

2270 4392 2714 4449 reconciliatione
2739 4405 2847 4447 non
2874 4389 3042 4462 eguit.
3072 4389 3177 4444 Pro
3207 4404 3320 4459 quo
3345 4389 3498 4445 enim
3528 4398 3757 4461 peccato
3783 4400 3857 4441 suo

2271 4488 2589 4559 propitiaret
2616 4486 2808 4550 Deum,
2837 4484 2931 4557 qui
2960 4485 3107 4541 nulla
3138 4496 3361 4555 peccata
3384 4487 3692 4557 cognovit?
3721 4482 3854 4540 Deni-

2268 4598 2375 4653 que
2398 4580 2712 4637 didrachma
2749 4580 3105 4652 poscentibus
3152 4577 3388 4647 Iudaeis,
3431 4580 3583 4651 quod
3629 4596 3731 4652 pro
3759 4593 3855 4650 pec-

564 4672 776 4730 cialiter
799 4672 867 4729 de
897 4671 1032 4728 Juda
1061 4671 1272 4729 locutus
1302 4682 1386 4729 est
1431 4673 1728 4744 proditore,
1762 4677 1852 4750 qui
1900 4676 2006 4735 sibi
2031 4679 2166 4735 vali-
2190 4664 2245 4727 D
2269 4687 2392 4733 cato
2443 4677 2675 4733 dabatur
2725 4692 2791 4731 ex
2843 4674 2987 4747 Lege
3013 4717 3029 4743 ,
3062 4674 3200 4730 dixit
3241 4674 3309 4730 ad
3362 4674 3593 4731 Petrum
3629 4677 3853 4736 :Simoa,

564 4766 665 4824 dus
685 4774 742 4824 et
770 4766 922 4823 dives
949 4765 1284 4838 apostolatus
1305 4767 1478 4838 gloria
1509 4767 1812 4827 videbatur.

637 4861 726 4917 15.
767 4860 950 4930 (Vers.
1002 4859 1069 4927 8,
1117 4857 1201 4933 9.)
1238 4858 1479 4931 Denique
1521 4861 1590 4919 de
1638 4864 1898 4922 Passione
1951 4866 2162 4922 Domini

563 4967 749 5011 sermo
792 4954 1100 5011 contexitur
1130 4951 1325 5009 Frater
1366 4970 1471 5008 non
1519 4955 1766 5023 redimit,
1816 4958 2031 5015 redimet
2070 4960 2165 5015 ho-

562 5067 679 5121 mo;
716 5067 807 5107 nes
844 5049 989 5105 dabit
1033 5049 1140 5106 Deo
1170 5050 1589 5122 propitiationem
1630 5068 1802 5119 suam,
1843 5063 1890 5107 et
1934 5057 2162 5125 pretium

560 5145 933 5218 redemptionis
957 5144 1145 5201 anima
1176 5160 1317 5212 sate;
1350 5147 1452 5201 hoc
1479 5152 1587 5211 est,
1630 5155 1686 5199 ut
1715 5145 1845 5217 quid
1878 5148 2081 5204 timebo
2108 5150 2160 5204 in

633 5292 660 5320 ι
699 5282 895 5353 Agitur
922 5280 1009 5336 hic
1034 5281 1101 5335 de
1131 5280 1381 5337 ﬁdelibus
1400 5280 1618 5346 adultis,
1647 5280 1736 5352 qui
1762 5281 2021 5349 judicium
2051 5300 2158 5341 non

565 5354 634 5426 de
663 5352 913 5426 originali
939 5352 1301 5426 peccato,sed
1330 5352 1398 5407 de
1424 5354 1722 5409 actualihus
1750 5353 1982 5409 subituri
2012 5367 2157 5412 sunt.

563 5425 720 5493 Quod
747 5425 876 5498 vero
905 5425 1152 5498 subditur
1185 5425 1499 5495 iniquitatem
1541 5426 1767 5479 enlcunei
1796 5427 1959 5498 magis
1999 5427 2161 5481 lubri—

564 5514 681 5553 cum
744 5496 1100 5568 delinquendi,
1132 5512 1288 5566 quant
1341 5508 1543 5550 reatum
1585 5497 1810 5567 aliquem
1846 5496 2009 5550 nostri
2051 5516 2160 5555 esse

565 5567 775 5639 delicti,
808 5567 911 5623 hoc
958 5568 1213 5639 nimirum
1261 5568 1616 5639 significatur,
1674 5568 1818 5639 quod
1864 5577 2051 5636 postea
2104 5572 2157 5625 in

565 5582 775 5635 aettcts,
808 5582 911 5623 huc
958 5582 1213 5622 unmrnm
1261 5583 1306 5622 SI
1349 5582 1616 5635 nIIIt-atur,
1674 5582 1818 5639 quoa
1864 5582 2051 5636 postea
2104 5588 2157 5625 tu

563 5636 807 5711 Trident.
860 5638 1070 5711 synodo
1112 5652 1250 5711 sess.
1301 5582 1359 5703 ξ,
1391 5655 1514 5695 ean.
1562 5640 1686 5707 ult.,
1739 5641 2002 5696 sancitum
2052 5653 2157 5707 est,

562 5709 1059 5783 concupiscentiam
1124 5709 1193 5763 ab
1248 5710 1509 5783 Apostolo
1558 5724 1838 5780 peccatum
1894 5713 2157 5783 appellari

563 5795 670 5837 non
688 5824 705 5849 ,
734 5780 874 5854 quod
894 5795 1008 5836 vere
1033 5789 1083 5837 et
1118 5782 1325 5852 proprie
1341 5782 1399 5854 in
1432 5784 1623 5837 renatis
1644 5795 1909 5853 peccatum
1932 5780 1999 5841 sit
2024 5801 2043 5840 :
2069 5785 2160 5840 sed

560 5854 682 5922 quia
707 5852 773 5909 ea:
816 5862 1025 5923 peccato
1050 5862 1143 5920 est,
1195 5861 1243 5906 et
1281 5852 1350 5908 ad
1388 5852 1652 5925 peccatum
1674 5856 1913 5913 inclinat.
1954 5856 2159 5915 Confer

2271 4788 2414 4845 reges
2444 4780 2595 4827 teme
2622 4788 2653 4825 α
2679 4771 2864 4842 quibus
2909 4771 3173 4844 accipiunt
3202 4770 3455 4827 tributum
3484 4772 3573 4826 vel
3591 4789 3811 4837 censum,
3834 4787 3857 4822 ι

2270 4867 2396 4938 filiis
2424 4868 2534 4922 suis
2553 4908 2567 4933 ,
2598 4877 2689 4921 aut
2718 4867 2782 4921 ab
2808 4866 2993 4921 alienis
3014 4867 3040 4920 ?
3077 4865 3359 4938 Respondit
3389 4864 3590 4921 Petrus
3620 4883 3642 4921 :
3674 4867 3737 4920 ab
3755 4865 3860 4919 alie-

2270 4959 2371 5013 nis.
2394 4955 2489 5012 Cui
2514 4958 2649 5013 dixit
2679 4955 2969 5013 Dominus:
2993 4955 3137 5029 Ergo
3158 4956 3307 5012 liberi
3323 4969 3446 5012 sunt
3467 4959 3592 5026 ﬁlii.
3621 4956 3693 5014 Ut
3710 4970 3859 5012 autent

2271 5068 2373 5107 non
2405 5052 2665 5121 faciamus
2705 5052 2812 5106 illis
2842 5050 3317 5119 o/I'endiculunt....
3352 5051 3495 5105 mitte
3523 5052 3780 5115 hamum,
3821 5063 3857 5104 et

2268 5165 2385 5204 eum
2412 5147 2602 5217 piscem
2630 5148 2719 5215 qui
2756 5146 2954 5217 primus
2980 5145 3291 5212 ascenderit,
3315 5145 3474 5211 tolle;
3512 5156 3561 5201 et
3587 5157 3770 5215 aperto
3788 5159 3859 5201 ore

2267 5285 2423 5341 sodes
2448 5285 2595 5339 hunc
2622 5284 2792 5338 nostri
2821 5284 2999 5340 locum
3029 5300 3151 5339 cum
3178 5285 3243 5339 iis
3266 5301 3389 5352 quae
3418 5286 3515 5341 lib.
3548 5303 3613 5354 ll,
3639 5303 3759 5355 cap.
3782 5287 3857 5349 40,

2268 5357 2331 5411 dc
2354 5357 2537 5431 Gratia
2562 5368 2606 5409 et
2634 5355 3139 5431 feccutooriginuli
3170 5358 3345 5431 tradit
3381 5362 3745 5429 Augustinus.
3775 5360 3859 5415 Ve-

2268 5445 2386 5513 rum
2419 5426 2675 5499 loquendi
2722 5429 2823 5483 hac
2848 5428 2917 5483 de
2947 5426 3007 5485 re
3050 5429 3184 5485 alibi
3237 5431 3420 5487 adhuc
3450 5426 3529 5489 5e
3587 5433 3744 5489 dabit
3783 5447 3857 5488 oc-

2266 5516 2434 5557 (23510.

2337 5572 2365 5611 ι)
2414 5571 2738 5636 Ηιωὶιαηάα,
2771 5588 2893 5641 qua:
2919 5572 3247 5642 proferenda
3280 5588 3389 5629 non
3420 5585 3526 5640 est,
3557 5576 3663 5632 nisi
3697 5579 3855 5633 reluc-

2264 5653 2409 5720 tante
2439 5660 2502 5720 ac
2517 5660 2697 5720 prope
2726 5644 2892 5699 invita
2921 5644 3130 5716 lingua;
3162 5654 3220 5700 ut
3245 5648 3437 5703 evenit
3470 5648 3554 5704 iis
3594 5651 3688 5720 qui
3718 5650 3858 5705 haesi-

2266 5716 2432 5771 lautia
2464 5715 2731 5771 laborant.

2318 5797 2359 5871 ,ο
2401 5787 2558 5845 Rom.
2589 5787 2723 5846 edit.
2755 5788 2870 5847 sola
2890 5829 2906 5855 ,
2957 5786 3053 5846 Est
3089 5790 3372 5849 hereditas
3400 5793 3739 5852 servientibus
3765 5791 3856 5848 Do-

2261 5874 2417 5916 mmo.
