4008 6352
116 320 246 380 1161

1191 314 1258 371 IN
1298 312 1629 371 I‘SALMUM
1671 311 1883 370 XLVIII
1923 314 2345 372 ENARRATIO.

3277 319 3419 376 1162

111 441 223 511 ejus
245 477 259 499 ,
286 431 511 489 invenies
536 438 777 488 staterem
807 448 825 486 :
852 432 1000 486 illum
1045 432 1228 485 tollens
1257 430 1401 483 dabis
1434 446 1526 500 pro
1550 445 1628 483 me
1657 437 1703 482 et
1732 432 1780 491 Α
1810 445 1916 486 non
1950 434 2150 488 veritas
2176 442 2282 489 est.
2314 431 2430 487 Non
2463 432 2607 488 enim
2639 447 2736 505 per
2758 431 3071 489 didrachma
3096 472 3110 501 ,
3143 432 3241 490 scd
3271 433 3420 489 illius

114 544 208 600 pro
233 523 513 598 te(Matth.
570 540 726 592 xvtl,
765 522 838 579 24
862 533 907 579 et
929 525 1083 595 seq.).
1129 523 1384 578 Ostendit
1426 521 1571 594 quod
1598 536 1705 578 non

113 638 211 694 pro
239 636 297 675 se
319 617 758 691 propitiationem
790 617 988 675 debeat
1018 626 1399 690 peccatorum;
1432 616 1556 686 quia
1586 631 1707 672 ser-

1808 522 1976 577 solius
1998 525 2282 598 sanguinis
2314 528 2494 597 pretio
2525 527 2846 584 liberamur.

1885 616 1971 669 l7.
2015 618 2195 673 Simus
2222 634 2352 691 ergo
2383 619 2656 676 docibiles
2684 620 2815 687 Dei;
2873 629 2934 676 ut
2977 635 3138 677 nemo
3168 628 3417 677 nostrum

113 712 445 790 vuspeccati
484 728 590 768 non
613 721 766 781 erat,
794 711 888 767 sed
918 710 989 766 ab
1018 710 1165 766 omni
1198 719 1316 766 erat
1348 710 1486 765 liber
1521 721 1709 765 errore
1810 710 1993 767 videat
2034 714 2311 770 interitum
2354 715 2408 770 in
2460 716 2555 773 illo
2604 716 2730 785 die,
2757 716 2976 788 quando
3023 717 3423 772 damnabantur

110 806 283 865 Filius
335 804 450 861 Dei.
481 803 651 860 Filius
693 804 839 860 enim
889 803 1027 859 liber
1056 844 1071 868 ,
1104 817 1297 858 servus
1336 811 1420 859 est
1448 802 1499 857 in
1532 815 1708 857 reatu.

114 901 255 972 Ergo
282 898 419 955 liber
441 897 543 953 iste
564 896 634 953 ab
663 896 919 952 omnibus
938 936 954 961 ,
985 911 1087 953 nec
1114 896 1348 967 pretium
1376 894 1711 967 redemptio-

114 997 196 1054 nis
220 994 416 1050 animtc
443 1008 557 1050 sua:
582 992 715 1061 dat,
748 994 907 1061 cujus
934 990 1215 1063 sanguinis
1240 991 1473 1062 pretium
1499 998 1715 1062 poterat

115 1088 396 1146 abundare
425 1088 491 1142 ad
523 1086 779 1143 universa
802 1085 987 1141 mundi
1020 1086 1192 1140 totius
1219 1084 1535 1141 redimenda
1581 1098 1711 1155 pec-

115 1197 254 1243 cata.
282 1184 449 1240 Recte
476 1197 606 1255 ergo
626 1182 764 1237 alios
787 1181 1000 1244 liberat,
1021 1179 1111 1252 qui
1143 1195 1240 1251 pro
1262 1195 1320 1235 se
1342 1178 1475 1234 nihil
1498 1178 1715 1233 debeat.

190 1276 275 1332 15.
319 1275 501 1350 (Vers.
537 1274 652 1344 10.)
679 1274 806 1329 Plus
856 1272 1074 1343 adjicio.
1127 1271 1240 1327 Non
1282 1271 1457 1326 solum
1512 1286 1607 1340 pro
1657 1284 1716 1324 se

115 1371 368 1429 Christus
420 1369 652 1440 pretittm
683 1383 789 1424 non
833 1366 994 1422 debet
1043 1381 1157 1420 sua:
1205 1362 1597 1433 redemptionis
1624 1371 1718 1416 aut

120 1462 562 1537 propitiationem
622 1477 721 1533 pro
763 1471 1011 1533 peccato,
1059 1458 1157 1514 sed
1201 1458 1365 1513 etiam
1390 1456 1436 1512 si
1473 1456 1541 1512 de
1574 1454 1723 1512 fideli

122 1572 464 1631 quocumque
511 1555 734 1612 homine
784 1555 1045 1625 accipias,
1101 1553 1269 1625 possit
1318 1551 1546 1624 intelligi
1595 1549 1724 1622 quia

122 1666 227 1706 non
258 1650 492 1706 debeant
516 1648 712 1721 singuli
752 1647 1197 1721 propitiatiunem
1226 1662 1411 1713 suam;
1441 1646 1569 1717 quia
1602 1659 1726 1715 pro-

119 1743 327 1815 pitiatio
352 1744 596 1815 omnium
612 1740 866 1798 Christus
894 1750 979 1797 est
998 1781 1012 1806 ,
1040 1750 1095 1796 et
1113 1742 1230 1810 ipse
1252 1738 1725 1795 estuniversorum

1813 811 1989 859 morte
2012 814 2270 874 perpetua
2299 809 2573 878 sapientes
2607 809 2763 865 istius
2792 808 2976 865 mundi
2996 850 3011 876 ,
3036 808 3121 864 vel
3149 809 3423 879 principes

1813 895 2121 953 Iudaeorum
2138 941 2153 965 ,
2188 900 2404 969 quando
2428 901 2586 958 simul
2614 904 2862 976 insipiens
2884 912 2931 957 et
2952 902 3142 957 stultus
3163 903 3423 975 peribunt.

1816 989 1932 1047 Non
1966 990 2106 1047 idem
2133 1001 2218 1048 est
2251 988 2562 1066 utrumque.
2597 996 2808 1052 Stultus
2837 1006 2922 1054 est
2951 997 3044 1067 qui
3076 996 3209 1051 nihil
3243 996 3421 1062 sapit,

1817 1094 1873 1140 ct
1903 1084 2066 1140 stulta
2092 1084 2382 1156 intelligit:
2437 1086 2734 1159 insipiens,
2769 1089 2859 1159 qui
2890 1090 3033 1144 tnale
3067 1088 3228 1158 sapit.
3285 1086 3429 1141 Dixit

1819 1175 2115 1247 insipiens,
2172 1178 2298 1250 quia
2350 1195 2458 1233 non
2501 1190 2586 1235 est
2633 1182 2792 1236 Deus.
2846 1181 3129 1249 Quomodo
3174 1182 3427 1253 iniquus,

1820 1287 1928 1327 non
1979 1272 2102 1344 quia
2134 1273 2444 1343 aequitatem
2496 1274 2732 1341 nesciat,
2776 1275 2870 1330 sed
2912 1278 3034 1347 quia
3082 1276 3429 1346 improbitate

1821 1366 2006 1421 cordis
2029 1365 2114 1421 sui
2144 1366 2323 1438 iniqua
2346 1368 2657 1422 committat
2690 1387 2701 1421 :
2734 1369 3016 1439 improbus
3046 1384 3265 1440 quoque
3296 1368 3431 1423 dlci—

1824 1465 1945 1524 tur;
1975 1474 2042 1514 eo
2062 1460 2203 1530 quod
2231 1460 2555 1530 probitatem
2581 1460 2790 1516 malitia
2814 1478 2909 1515 sua
2934 1462 3221 1517 destruere
3252 1460 3428 1527 velit,

1826 1568 1933 1607 non
1965 1552 2086 1623 quia
2118 1552 2439 1621 probitatem
2468 1553 2700 1624 ignoret.
2738 1552 2856 1623 Ipse
2881 1569 3012 1624 ergo
3061 1554 3326 1624 insipiens
3376 1561 3434 1607 et

1825 1645 2027 1702 stultus
2070 1645 2289 1717 quando
2321 1656 2585 1719 pereunt,
2616 1646 2811 1701 alienis
2851 1648 3164 1716 relinquunt
3207 1645 3431 1701 divitias

1827 1755 1984 1804 suas;
2010 1755 2165 1795 suum
2197 1743 2343 1797 enim
2372 1749 2429 1796 et
2452 1740 2753 1813 legitimum
2800 1742 3046 1796 stultitim
3074 1750 3130 1796 et
3167 1739 3435 1811 improbi-

117 1838 280 1912 950
308 1834 629 1908 redemptio.
662 1836 830 1908 Cujus
879 1836 1025 1892 cnint
1080 1834 1323 1890 hominis
1354 1832 1572 1903 sanguis
1612 1831 1723 1902 jam
1756 1844 1803 1905 Β
1831 1834 1958 1889 tatis
1988 1834 2263 1894 hmredem
2296 1836 2541 1905 reperire
2570 1852 2675 1890 non
2708 1845 2952 1906 possunt.
2994 1835 3241 1905 ngitimi
3287 1834 3434 1890 enim

119 1930 347 1987 idoneus
374 1940 454 1986 est
482 1931 551 1986 ad
582 1929 1015 2001 redemptionem
1044 1928 1127 1983 sui
1146 1968 1162 1995 ,
1190 1943 1312 1982 cum
1348 1941 1443 1995 pro
1475 1924 1724 1994 redemp-

122 2025 267 2081 tione
295 2026 541 2082 omnium
575 2041 729 2080 suum
773 2023 1092 2095 sanguinem
1124 2020 1377 2079 Christus
1425 2017 1725 2075 eﬂ'uderit?

120 2117 216 2175 Est
243 2134 376 2190 ergo
419 2117 740 2195 cujusquam
773 2117 995 2189 sanguis
1025 2116 1116 2188 qui
1148 2113 1352 2170 Christi
1384 2112 1556 2195 possit
1601 2127 1728 2166 san-

118 2215 264 2285 guini
296 2192 653 2286 comparari?
698 2214 808 2269 Aut
835 2212 957 2285 quis
1007 2218 1116 2266 tam
1150 2220 1345 2281 potens
1389 2192 1583 2275 homo,
1633 2207 1724 2277 qui

121 2321 220 2377 pro
270 2322 331 2363 se
379 2306 819 2379 propitiationem
851 2320 1003 2362 suam
1034 2303 1166 2359 dare
1198 2301 1371 2374 possit
1398 2317 1564 2372 supra
1602 2316 1725 2357 eam

122 2399 596 2470 propitiationem,
629 2415 789 2471 quam
842 2399 896 2455 in
946 2414 1008 2455 se
1057 2396 1257 2454 obtulit
1307 2394 1596 2462 Christus,
1631 2394 1725 2465 qui

122 2494 272 2550 solus
324 2494 436 2551 Deo
492 2494 756 2549 mundum
804 2490 1183 2549 reconciliavit
1227 2506 1325 2562 per
1379 2505 1538 2546 suum
1591 2505 1723 2546 san-

124 2590 376 2659 guinem?
406 2588 541 2659 Quae
569 2588 746 2656 major
775 2587 978 2653 hostia;
1009 2585 1155 2659 quod
1181 2584 1532 2654 priestantius
1551 2582 1725 2637 sacri-

126 2681 337 2750 (icium;
370 2683 463 2755 qui
495 2681 693 2739 melior
717 2681 1015 2738 advoCatus
1040 2723 1057 2746 ,
1094 2694 1257 2752 quam
1288 2680 1381 2750 qui
1411 2694 1508 2749 pro
1533 2692 1728 2750 pecca-

126 2777 196 2831 tis
227 2777 471 2833 omnium
516 2776 691 2833 factus
735 2784 822 2833 est
850 2774 1194 2846 deprecatio,
1228 2782 1283 2830 et
1311 2774 1547 2828 animam
1572 2787 1725 2827 suam

125 2870 274 2929 dedit
303 2889 403 2946 pro
433 2872 587 2929 nobis
620 2869 1090 2942 redemptionem?
1136 2866 1253 2924 Non
1307 2868 1571 2939 quaeritur
1597 2881 1729 2938 ergo

130 2958 483 3038 proriitiatio,
534 2975 629 3023 aut
678 2964 984 3036 redemptio
1031 2961 1407 3036 singulorum;
1448 2962 1570 3032 quia
1613 2976 1731 3016 om-

128 3060 275 3115 nium
306 3061 540 3133 pretium
571 3059 795 3132 sanguis
828 3065 914 3114 est
938 3055 1173 3120 Christi,
1222 3069 1331 3127 quo
1370 3068 1472 3110 nos
1502 3051 1732 3110 redemit

130 3150 394 3209 Dominus
439 3152 598 3209 Jcsus
619 3195 634 3219 ,
662 3153 753 3224 qui
800 3151 953 3208 solus
979 3149 1197 3205 Patrem
1230 3145 1607 3203 reconciliavit
1639 3163 1650 3198 :
1676 3152 1733 3202 et

1825 1925 2050 1983 dicunt:
2083 1928 2221 1996 Quia
2244 1929 2342 1998 filii
2371 1928 2467 1984 Dei
2497 1945 2699 1984 sumus.
2733 1927 2795 1984 Si
2826 1938 2997 1984 autent
3020 1929 3149 1998 ﬁlii,
3184 1938 3232 1983 et
3258 1927 3430 1982 luere-

1826 2020 1915 2076 des
1950 2038 1968 2075 :
1998 2020 2231 2089 hteredes
2259 2023 2465 2094 quidem
2500 2021 2628 2089 Dei,
2658 2022 2951 2077 cohazredes
2977 2032 3151 2076 autent
3183 2019 3382 2076 Christi
3413 2036 3431 2074 :

1825 2113 1871 2166 si
1892 2121 2060 2168 tamen
2087 2116 2456 2185 compntimur,
2483 2125 2538 2169 ut
2580 2124 2627 2170 et
2658 2115 2816 2169 simul
2857 2115 3207 2187 gloriﬁcemur
3257 2112 3434 2195 (Rom.

1828 2221 1953 2274 vui,
1980 2207 2048 2263 16
2078 2220 2123 2262 et
2150 2206 2263 2279 17).
2298 2208 2626 2280 [nsipientes
2645 2224 2776 2278 ergo
2805 2208 3023 2264 divitias
3054 2209 3432 2280 nonjhabent,

1826 2300 1951 2371 quia
1979 2316 2081 2358 nec
2120 2301 2494 2359 haareditatem
2526 2304 2750 2360 habent.
2788 2315 2813 2342 ει
2840 2304 2957 2360 Νοιι
2991 2304 3192 2360 habent
3222 2304 3440 2359 divitias

1827 2393 1981 2450 inﬁdi
2004 2438 2019 2462 ,
2078 2411 2187 2451 non
2223 2397 2386 2471 951
2443 2401 2849 2468 possessionem
2880 2416 2894 2464 ;
2929 2400 3073 2454 Iideli
3116 2402 3260 2455 enim
3295 2409 3442 2454 totus

1827 2488 2065 2544 mundus
2110 2492 2388 2562 possessio
2436 2502 2542 2547 est.
2596 2492 2714 2547 Non
2771 2493 2973 2548 habent
3030 2492 3440 2560 ha-reditatem,

1827 2585 1954 2654 quia
1992 2584 2110 2640 sola
2157 2597 2241 2642 est
2271 2583 2299 2623 δ
2342 2584 2638 2643 haereditas
2685 2586 3035 2643 credentibus
3079 2588 3131 2642 in
3184 2588 3439 2642 Domino.

1830 2677 1972 2735 Suas
1997 2688 2181 2734 autem
2210 2678 2427 2736 divitias
2467 2680 2692 2737 habent.
2738 2679 2973 2751 Ideoque
3003 2697 3201 2737 avarus
3244 2679 3378 2736 dicit
3428 2699 3441 2735 :

1833 2769 1961 2826 Non
1988 2771 2151 2826 habeo
2171 2788 2271 2842 quo
2298 2789 2605 2844 congregem
2628 2777 2830 2843 fructus
2853 2790 2991 2827 meos
3010 2772 3164 2843 (Luc.
3182 2790 3279 2837 xu,
3302 2774 3391 2844 l7)
3425 2790 3439 2839 ;

1833 2879 1941 2920 non
1966 2864 2111 2919 enim
2142 2880 2301 2920 verus
2336 2864 2577 2930 fructus,
2609 2865 2705 2921 sed
2754 2868 2901 2920 avari
2934 2865 3172 2931 fructus,
3204 2867 3441 2937 pecunia

1832 2964 1932 3011 est.
1972 2956 2040 3012 Et
2072 2957 2333 3013 Dominus
2358 2973 2524 3013 avaro
2550 2957 2683 3014 dicit
2708 2975 2720 3011 :
2755 2956 2919 3026 Vade,
2945 2959 3101 3014 vende
3122 2959 3256 3014 bona
3278 2970 3440 3017 tua...

1831 3059 1883 3104 et
1912 3050 2059 3117 veni;
2087 3066 2297 3120 sequere
2327 3067 2407 3106 me
2434 3050 2653 3124 (Matth.
2684 3067 2773 3107 xix
2794 3093 2811 3117 ,
2843 3051 2962 3123 21).
2990 3053 3107 3109 Non
3139 3054 3281 3107 enim
3314 3069 3442 3123 per-

1836 3142 2035 3201 fectum
2062 3143 2261 3200 bonum
2288 3153 2372 3200 est
2398 3144 2784 3215 patrimonium
2806 3187 2820 3209 ,
2844 3145 2940 3201 sed
2974 3146 3091 3203 haec
3121 3155 3250 3202 sunt
3288 3149 3441 3201 avari

127 3245 395 3303 laboravit
423 3262 594 3315 usque
624 3246 677 3302 in
704 3247 895 3313 linem;
924 3245 1051 3315 quia
1075 3250 1324 3299 nostrum
1346 3240 1590 3297 laborem
1615 3240 1731 3310 ipse
1758 3242 1805 3307 C
1837 3237 1979 3295 bona
2004 3282 2019 3307 ,
2049 3256 2171 3312 quae
2217 3239 2270 3295 in
2319 3239 2692 3297 emolumento
2733 3240 2915 3311 aliquo
2950 3244 3246 3299 constituta
3292 3253 3442 3298 sunt.

129 3342 374 3414 suscepit
402 3342 591 3399 dicens
616 3360 629 3396 :
671 3340 849 3396 Venite
869 3339 937 3395 ad
965 3356 1070 3405 me,
1098 3355 1273 3394 omnes
1294 3337 1382 3409 qui
1413 3334 1730 3391 laboratis...

130 3441 181 3487 et
200 3450 292 3505 ego
322 3435 554 3507 reﬁciam
576 3450 662 3490 vos
688 3431 907 3507 (Matth.
934 3448 1010 3497 xu,
1035 3430 1150 3504 28).
1189 3429 1323 3485 Vide
1351 3429 1690 3485 laborantem
1718 3443 1733 3482 :

133 3524 389 3583 Laboraui
438 3529 702 3594 clamans,
751 3542 927 3582 rauca:
988 3529 1140 3595 factm
1206 3531 1325 3579 sunt
1382 3527 1560 3595 fauces
1612 3535 1738 3576 mea:

132 3617 314 3692 (Psal.
341 3638 533 3691 Lthtt,
564 3622 640 3694 4).
682 3620 749 3677 Et
768 3619 902 3677 alibi
932 3639 947 3677 :
978 3617 1226 3675 Issachar
1257 3616 1397 3689 quod
1424 3619 1612 3672 bonum
1637 3625 1733 3681 est,

133 3716 425 3784 concupivit
455 3715 776 3785 requiescens
801 3715 935 3767 inter
960 3716 1140 3785 fortes.
1187 3710 1255 3766 Et
1296 3710 1436 3766 infra
1472 3726 1485 3763 :
1520 3709 1737 3778 Suppo-

132 3807 236 3862 suit
261 3809 534 3864 humerum
573 3824 728 3863 suum
763 3806 831 3861 ad
863 3806 1249 3870 laborandum,
1284 3814 1333 3859 et
1363 3809 1532 3875 factus
1564 3814 1637 3859 est
1661 3803 1740 3857 vir

133 3900 534 3977 agricola(Gen.
563 3916 714 3968 χιιι,
739 3898 809 3956 14
830 3909 879 3956 et
908 3898 1016 3971 l5).
1073 3899 1217 3968 Ergo
1257 3895 1424 3953 homo
1452 3911 1560 3951 non
1590 3894 1743 3951 dabit

128 3989 241 4064 jam
266 3995 708 4068 pmpitiatiouem
754 4009 937 4061 suam,
972 4009 1076 4051 nec
1104 3992 1582 4063 redemptionem;
1616 3992 1741 4062 quia

131 4087 301 4143 semel
327 4088 544 4144 ablutus
566 4096 705 4143 esta
749 4094 975 4159 peccato
1031 4101 1128 4157 per
1163 4085 1483 4155 sanguinem
1508 4082 1739 4139 Christi.

136 4173 440 4237 Laborabit
489 4190 670 4236 tamen
690 4221 706 4248 ,
737 4187 795 4235 ut
815 4187 1003 4236 servet
1048 4186 1320 4251 praecepta
1347 4175 1563 4232 vivendi
1589 4216 1604 4243 ,
1636 4185 1743 4233 eta

137 4273 412 4331 mandatis
444 4274 761 4332 emlestibus
801 4290 909 4331 non
939 4274 1181 4332 recedat.
1217 4273 1351 4330 Dum
1384 4273 1560 4339 vivit,
1588 4273 1642 4329 in
1668 4273 1744 4329 la-

132 4360 268 4420 bore
298 4367 390 4433 sit,
412 4377 466 4423 et
495 4374 811 4439 perseveret
833 4367 886 4423 in
924 4383 1027 4434 eo;
1063 4376 1123 4423 ut
1143 4366 1290 4423 vivat
1314 4367 1367 4422 in
1391 4366 1577 4434 ﬁnem,
1600 4382 1668 4422 ne
1689 4375 1745 4422 et

140 4453 257 4525 ipse
286 4470 459 4516 morte
482 4460 767 4528 moriatur,
791 4476 914 4518 cum
941 4460 1136 4530 sitjam
1167 4460 1482 4533 redemptus
1503 4476 1531 4515 a
1547 4470 1741 4516 morte.

216 4549 306 4606 16.
350 4551 530 4624 (Vers.
560 4551 675 4625 11.)
700 4553 803 4622 Qui
845 4564 1026 4609 autem
1052 4554 1356 4610 servaverit
1382 4552 1637 4609 mandata
1666 4553 1746 4608 vi-

1840 3333 2047 3402 Vende,
2103 3334 2312 3406 inquit,
2358 3351 2480 3399 qius:
2523 3345 2679 3405 putas
2712 3344 2799 3389 tua
2832 3351 2993 3403 esse;
3026 3354 3150 3393 eum
3200 3348 3289 3393 tua
3335 3354 3445 3392 non

1838 3426 1982 3492 sint,
2007 3428 2131 3499 quia
2161 3427 2230 3483 ad
2253 3428 2390 3483 alios
2420 3427 2663 3484 ﬂuminis
2698 3429 2861 3487 modo
2887 3438 3178 3485 transeunt.
3220 3449 3232 3485 :
3271 3441 3325 3487 et
3354 3446 3448 3487 se.

1838 3537 2009 3593 quere
2062 3537 2190 3588 me,
2246 3531 2305 3576 ut
2354 3522 2559 3579 bonum
2620 3522 2930 3580 immortale
2974 3538 3297 3595 cognoscas.
3349 3524 3449 3580 Sa-

1841 3616 2053 3686 pientes
2084 3630 2216 3686 ergo
2244 3616 2296 3671 in
2336 3614 2618 3672 interitum
2650 3615 3015 3679 deducuntur.
3062 3618 3261 3687 quibus
3302 3617 3447 3675 Deus

1841 3709 2126 3767 absenndit
2148 3751 2163 3776 ,
2193 3726 2315 3781 qua:
2365 3710 2605 3780 parvulis
2633 3711 2921 3766 revelavit.
2952 3710 3214 3766 Peribunt
3246 3710 3445 3779 simul,

1840 3803 1969 3858 etin
2003 3818 2115 3857 uno
2152 3802 2458 3872 eodemque
2497 3802 2618 3857 loco
2649 3811 2809 3858 erunt
2837 3803 3101 3873 insipiens
3129 3813 3185 3859 et
3213 3803 3446 3870 stultus,

1842 3903 1891 3949 et
1919 3894 2104 3950 alienis
2150 3895 2437 3965 relinquent
2486 3894 2695 3949 diuitias
2721 3912 2879 3961 suas;
2908 3896 3033 3967 quia
3082 3912 3190 3952 non
3242 3896 3449 3953 invenit

1844 3988 2084 4061 nequitia
2117 3990 2416 4061 legitimum
2443 4004 2843 4047 successorem.

1918 4082 2006 4138 18.
2051 4082 2235 4152 (Vers.
2272 4081 2389 4154 12.)
2440 4080 2509 4136 Et
2549 4082 2788 4153 sepulcra
2815 4098 2994 4138 eorum
3019 4083 3201 4141 domus
3230 4086 3443 4141 illorum

1844 4176 1900 4231 in
1923 4175 2172 4234 saeculum
2189 4216 2202 4241 ,
2235 4175 2570 4230 tabernacula
2592 4192 2773 4233 eorum
2808 4177 2861 4232 in
2892 4180 3138 4250 progenie
3159 4189 3207 4235 et
3232 4197 3446 4255 genera~

1846 4269 1985 4325 tione
2015 4285 2034 4323 :
2059 4270 2427 4325 invocaverunt
2473 4269 2683 4324 nomina
2708 4286 2887 4326 eorum
2910 4272 2967 4325 in
2995 4273 3148 4329 terris
3184 4275 3442 4345 ipsorum.

1846 4361 2063 4434 Ubique
2095 4361 2376 4432 Scriptura
2399 4362 2650 4434 sepulcra
2678 4378 2777 4434 pro
2802 4365 3003 4422 vilibus
3031 4365 3218 4435 ducit,
3246 4368 3445 4438 quibus

1846 4453 2179 4527 degeneres,
2211 4463 2265 4509 et
2287 4454 2409 4509 vitae
2433 4454 2595 4525 hujus
2610 4456 2792 4525 cupidi
2815 4470 3223 4528 comparantur.
3253 4458 3449 4530 Sepul-

1846 4563 1991 4602 crum
2013 4557 2193 4618 pateus
2213 4556 2289 4603 est
2315 4556 2494 4620 guttur
2522 4563 2701 4601 eorum
2732 4547 2907 4618 (Psal.
2940 4566 2994 4615 v,
3034 4549 3149 4623 11).
3184 4550 3281 4606 His
3313 4566 3445 4622 ergo

142 4645 247 4709 tas,
299 4661 404 4702 non
452 4646 659 4703 videbit
688 4647 966 4704 interitum
989 4690 1006 4715 ,
1038 4664 1162 4705 cum
1194 4648 1394 4704 viderit
1421 4649 1559 4705 mori
1602 4664 1732 4714 eos,

1845 4642 1934 4711 qui
1958 4639 2024 4695 ad
2046 4639 2192 4695 diem
2226 4647 2282 4694 et
2310 4637 2378 4694 de
2418 4637 2508 4693 die
2538 4639 2723 4693 vivunt
2748 4680 2761 4705 ,
2793 4642 3039 4711 sepulcra
3068 4658 3166 4712 pro
3191 4643 3444 4701 domibus

142 4734 232 4801 qui
261 4735 363 4791 sibi
392 4736 778 4808 sapientissimi
802 4748 855 4793 et
886 4739 1300 4809 prudentissimi
1332 4741 1384 4796 in
1418 4740 1525 4797 hoc
1541 4740 1745 4795 smeulo

142 4823 485 4884 videbantur.
516 4828 671 4896 Quod
688 4830 1015 4912 ‘specialiter
1039 4831 1107 4887 ad
1136 4832 1345 4887 scribas
1367 4840 1424 4888 et
1448 4832 1749 4902 pharisceos

144 4929 391 4991 spectat,
420 4924 509 4994 qui
544 4923 647 4979 sibi
673 4922 964 4981 cathedras
1006 4924 1059 4980 in
1087 4923 1383 4997 synagogis
1432 4924 1744 4990 vindicant,

141 5016 296 5084 quasi
319 5018 603 5088 sapientia:
636 5020 1019 5090 principatum.
1064 5021 1165 5089 Qui
1200 5036 1327 5076 vere
1366 5019 1562 5075 frustra
1594 5018 1748 5085 labo-

144 5115 302 5176 rant,
336 5124 459 5165 cum
504 5119 698 5181 putant
735 5113 861 5184 quia
896 5128 991 5181 per
1016 5112 1396 5169 didrachmum
1420 5112 1748 5180 liberentur,

146 5209 270 5254 cum
296 5201 540 5271 spiritale
566 5205 799 5273 pretium
825 5203 1023 5259 anima:
1061 5221 1195 5272 suae,
1224 5215 1389 5275 atque
1411 5204 1538 5259 illud
1567 5206 1746 5275 singu-

145 5290 262 5349 lare
316 5294 576 5352 Domiuiei
607 5296 856 5367 corporis
902 5298 1265 5367 sacriﬁcium,
1322 5297 1470 5353 inani
1515 5297 1746 5369 quadam

148 5378 308 5455 Legis
324 5388 775 5459 interpretatione
792 5400 1008 5447 comem
1018 5394 1247 5461 pserint,
1266 5390 1603 5461 refugientes
1620 5390 1748 5460 bap-

149 5474 382 5535 tismatis
414 5491 845 5561 sacramentum.
868 5482 1152 5539 Neminem
1176 5484 1321 5539 enim
1352 5486 1573 5554 sanguis
1594 5480 1751 5537 rede-

150 5570 252 5623 mit
295 5573 568 5630 hircorum
614 5588 777 5647 atque
834 5589 1108 5633 taurorum
1160 5594 1173 5631 :
1227 5578 1325 5633 sed
1371 5590 1563 5631 omnes
1613 5589 1751 5629 unus

150 5668 369 5735 sanguis
412 5666 606 5721 liberat
656 5666 891 5735 Christi,
935 5670 1090 5741 cujus
1141 5669 1195 5726 in
1240 5667 1486 5725 Levitico
1541 5668 1749 5738 ligura,

222 5783 409 5861 “‘Mss.
440 5782 579 5854 duo,
614 5804 716 5845 non
745 5789 929 5846 habent
952 5790 1161 5845 divitias
1192 5793 1247 5848 in
1271 5790 1397 5861 ﬁde,
1432 5787 1610 5846 nonin
1631 5801 1749 5857 pos-

155 5853 394 5911 sessione.

664 5935 940 5997 ΡΑτιιοι..
983 5935 1128 5998 XIV

1846 4744 1993 4789 sunt.
2034 4733 2237 4788 Domus
2259 4732 2405 4813 enim
2428 4732 2703 4802 justorum
2732 4749 2839 4789 non
2871 4734 2923 4789 in
2953 4740 3094 4791 terra
3120 4747 3205 4792 est
3224 4779 3239 4803 ,
3270 4738 3365 4794 sed
3389 4739 3445 4795 in

1846 4827 1986 4883 caelo
2011 4844 2027 4893 ',
2059 4827 2201 4882 sicut
2237 4826 2531 4895 Apostolus
2574 4827 2760 4884 docuit
2788 4828 2979 4885 dicens
3003 4846 3017 4882 :
3045 4829 3243 4887 Nostra
3271 4846 3445 4889 autent

1848 4921 2167 4975 conversatio
2195 4920 2250 4974 iu
2272 4920 2411 4976 uelis
2439 4931 2515 4976 est
2544 4921 2771 4995 (Philip.
2799 4938 2857 4977 tu
2877 4966 2889 4984 ,
2919 4925 3034 4993 ΞΟ).
3083 4924 3203 4993 Ipsa
3232 4937 3317 4982 est
3348 4928 3445 4984 do-

1847 5030 1972 5069 mus
2000 5021 2220 5076 nostra.
2268 5031 2390 5083 quae
2412 5014 2609 5071 domus
2649 5026 2732 5072 est
2759 5015 2984 5073 Christi.
3020 5016 3176 5074 Unde
3201 5020 3275 5075 ait
3300 5022 3449 5078 Seria

1850 5116 2006 5179 ptura
2033 5124 2048 5161 ;
2077 5104 2147 5160 Et
2180 5104 2389 5179 Moyses
2417 5109 2622 5178 quidem
2654 5107 2826 5176 ﬁdelis
2874 5109 2929 5162 iu
2961 5118 3067 5164 tota
3091 5110 3245 5166 domo
3289 5116 3403 5186 ejus
3430 5155 3445 5181 ,

1850 5210 2111 5271 tamquam
2141 5203 2370 5274 famulus
2414 5203 2468 5256 in
2494 5202 2839 5258 testimonium
2879 5220 3059 5259 eorum
3084 5222 3198 5277 qua:
3228 5208 3449 5263 dicenda

1847 5305 2014 5349 essent
2038 5311 2057 5350 :
2114 5292 2349 5350 Christus
2392 5310 2511 5349 vero
2561 5307 2819 5366 tamquam
2868 5298 3009 5368 [ilius
3049 5301 3103 5353 in
3153 5300 3305 5355 domo
3352 5319 3449 5358 sua

1851 5385 2011 5457 (Heb.
2038 5403 2096 5443 ιιι
2114 5430 2129 5453 ,
2153 5390 2187 5446 5
2214 5398 2260 5443 et
2291 5388 2370 5460 6).
2401 5387 2512 5442 Piis
2535 5404 2667 5460 ergo
2688 5388 2887 5446 domus
2916 5402 3001 5447 est
3025 5391 3275 5448 Ecclesia
3297 5434 3312 5458 ,
3342 5394 3449 5465 piis

1850 5481 2026 5553 patria
2054 5484 2253 5539 emtum
2299 5490 2403 5538 est.
2452 5480 2687 5552 Ideoque
2731 5484 2911 5552 justus
2954 5487 3030 5540 ait
3074 5487 3328 5552 :Adveua
3358 5505 3452 5560 ego

1853 5595 1968 5633 sum
1998 5581 2137 5647 apud
2169 5588 2216 5655 te
2245 5579 2298 5632 in
2329 5586 2467 5631 terra
2497 5588 2545 5633 et
2566 5580 2891 5652 peregrinus,
2923 5582 3054 5637 sicut
3077 5599 3255 5636 omnes
3278 5592 3451 5653 patres

1855 5671 1953 5725 mei
2003 5670 2178 5744 (Psal.
2231 5672 2611 5741 xxsvui,15).
2661 5672 2981 5731 Luxuriosis
3028 5675 3223 5731 domus
3272 5676 3456 5746 sepul-

1928 5787 1957 5828 ι’
1980 5789 2137 5846 Rom.
2173 5788 2330 5853 cdit.,
2356 5790 2624 5845 hwreditas
2645 5792 2977 5849 servientibus
3004 5792 3250 5850 Domino.

2815 5929 2891 5988 ΞΠ
