  <div class='ocr_page' id='page_1' title='image "/cluster/home/n/w/nwhite01/storage/ocr_20150623/14/hvd.32044015471303/587.png"; bbox 0 0 4008 6352; ppageno 0'>
   <div class='ocr_carea' id='block_1_1' title="bbox 601 344 740 402">
    <p class='ocr_par' dir='ltr' id='par_1_1' title="bbox 601 344 740 402">
     <span class='ocr_line' id='line_1_1' title="bbox 601 344 740 402; baseline -0.014 0"><span class='ocrx_word' id='word_1_1' title='bbox 601 344 740 402; x_wconf 81' lang='lat' dir='ltr'><strong>H63</strong></span> 
     </span>
    </p>
   </div>
   <div class='ocr_carea' id='block_1_2' title="bbox 1949 329 2562 390">
    <p class='ocr_par' dir='ltr' id='par_1_2' title="bbox 1949 329 2562 390">
     <span class='ocr_line' id='line_1_2' title="bbox 1949 329 2562 390; baseline 0 -2"><span class='ocrx_word' id='word_1_2' title='bbox 1949 329 2196 388; x_wconf 81' lang='lat' dir='ltr'><strong>SANCTI</strong></span> <span class='ocrx_word' id='word_1_3' title='bbox 2237 329 2562 390; x_wconf 67' lang='lat' dir='ltr'><strong>AMBROSII</strong></span> 
     </span>
    </p>
   </div>
   <div class='ocr_carea' id='block_1_3' title="bbox 3785 329 3884 382">
    <p class='ocr_par' dir='ltr' id='par_1_3' title="bbox 3785 329 3884 382">
     <span class='ocr_line' id='line_1_3' title="bbox 3785 329 3884 382; baseline 0 0"><span class='ocrx_word' id='word_1_4' title='bbox 3785 329 3884 382; x_wconf 71' lang='lat' dir='ltr'><strong>lilii</strong></span> 
     </span>
    </p>
   </div>
   <div class='ocr_carea' id='block_1_4' title="bbox 598 437 3884 524">
    <p class='ocr_par' dir='ltr' id='par_1_4' title="bbox 598 437 3884 524">
     <span class='ocr_line' id='line_1_4' title="bbox 598 437 3884 524; baseline -0.008 -7"><span class='ocrx_word' id='word_1_5' title='bbox 598 477 750 518; x_wconf 85' lang='lat' dir='ltr'><strong>crum</strong></span> <span class='ocrx_word' id='word_1_6' title='bbox 800 467 906 515; x_wconf 77' lang='lat' dir='ltr'><strong>est.</strong></span> <span class='ocrx_word' id='word_1_7' title='bbox 943 455 1184 524; x_wconf 84' lang='lat' dir='ltr'><strong>Denique</strong></span> <span class='ocrx_word' id='word_1_8' title='bbox 1231 461 1502 522; x_wconf 87' lang='lat' dir='ltr'><strong>tamquam</strong></span> <span class='ocrx_word' id='word_1_9' title='bbox 1555 447 1606 502; x_wconf 90' lang='lat' dir='ltr'><strong>in</strong></span> <span class='ocrx_word' id='word_1_10' title='bbox 1651 444 1906 517; x_wconf 88' lang='lat' dir='ltr'><strong>sepulcro</strong></span> <span class='ocrx_word' id='word_1_11' title='bbox 1961 443 2146 498; x_wconf 75' lang='lat' dir='ltr'><strong>vivunt</strong></span> <span class='ocrx_word' id='word_1_12' title='bbox 2177 484 2190 506; x_wconf 88' lang='lat'><strong>,</strong></span> <span class='ocrx_word' id='word_1_13' title='bbox 2223 449 2276 510; x_wconf 73' lang='grc' dir='ltr'><strong>Α</strong></span> <span class='ocrx_word' id='word_1_14' title='bbox 2301 447 2642 508; x_wconf 72' lang='lat' dir='ltr'><strong>matutinum;</strong></span> <span class='ocrx_word' id='word_1_15' title='bbox 2671 455 2717 498; x_wconf 85' lang='lat' dir='ltr'><strong>et</strong></span> <span class='ocrx_word' id='word_1_16' title='bbox 2745 444 3006 498; x_wconf 78' lang='lat' dir='ltr'><strong>auxilium</strong></span> <span class='ocrx_word' id='word_1_17' title='bbox 3035 459 3226 500; x_wconf 79' lang='lat' dir='ltr'><strong>eorum</strong></span> <span class='ocrx_word' id='word_1_18' title='bbox 3261 447 3556 496; x_wconf 75' lang='lat' dir='ltr'><strong>veterascet</strong></span> <span class='ocrx_word' id='word_1_19' title='bbox 3599 437 3654 491; x_wconf 82' lang='lat' dir='ltr'><strong>in</strong></span> <span class='ocrx_word' id='word_1_20' title='bbox 3692 438 3884 509; x_wconf 68' lang='lat' dir='ltr'><strong>inferae,</strong></span> 
     </span>
    </p>
   </div>
   <div class='ocr_carea' id='block_1_5' title="bbox 598 539 2194 624">
    <p class='ocr_par' dir='ltr' id='par_1_5' title="bbox 598 539 2194 624">
     <span class='ocr_line' id='line_1_5' title="bbox 598 539 2194 624; baseline -0.013 -14"><span class='ocrx_word' id='word_1_21' title='bbox 598 555 694 624; x_wconf 92' lang='lat' dir='ltr'><strong>qui</strong></span> <span class='ocrx_word' id='word_1_22' title='bbox 739 558 968 624; x_wconf 72' lang='lat' dir='ltr'><strong>possunt</strong></span> <span class='ocrx_word' id='word_1_23' title='bbox 995 548 1222 602; x_wconf 78' lang='lat' dir='ltr'><strong>dicere:</strong></span> <span class='ocrx_word' id='word_1_24' title='bbox 1261 543 1635 598; x_wconf 84' lang='lat' dir='ltr'><strong>Munducemus</strong></span> <span class='ocrx_word' id='word_1_25' title='bbox 1681 551 1727 594; x_wconf 90' lang='lat' dir='ltr'><strong>et</strong></span> <span class='ocrx_word' id='word_1_26' title='bbox 1777 539 2048 602; x_wconf 72' lang='lat' dir='ltr'><strong>bibamus;</strong></span> <span class='ocrx_word' id='word_1_27' title='bbox 2079 553 2194 590; x_wconf 88' lang='lat' dir='ltr'><strong>cras</strong></span> 
     </span>
    </p>
   </div>
   <div class='ocr_carea' id='block_1_6' title="bbox 600 632 2194 712">
    <p class='ocr_par' dir='ltr' id='par_1_6' title="bbox 600 632 2194 712">
     <span class='ocr_line' id='line_1_6' title="bbox 600 632 2194 712; baseline -0.012 -9"><span class='ocrx_word' id='word_1_28' title='bbox 600 647 734 704; x_wconf 84' lang='lat' dir='ltr'><strong>enim</strong></span> <span class='ocrx_word' id='word_1_29' title='bbox 789 643 1068 698; x_wconf 86' lang='lat' dir='ltr'><strong>morientur</strong></span> <span class='ocrx_word' id='word_1_30' title='bbox 1111 637 1284 712; x_wconf 76' lang='lat' dir='ltr'><strong>(Esai.</strong></span> <span class='ocrx_word' id='word_1_31' title='bbox 1339 653 1484 702; x_wconf 75' lang='lat' dir='ltr'><strong>xxn,</strong></span> <span class='ocrx_word' id='word_1_32' title='bbox 1551 635 1682 708; x_wconf 77' lang='lat' dir='ltr'><strong>l3),</strong></span> <span class='ocrx_word' id='word_1_33' title='bbox 1736 632 2194 690; x_wconf 76' lang='lat' dir='ltr'><strong>resurrectionem</strong></span> 
     </span>
    </p>
   </div>
   <div class='ocr_carea' id='block_1_7' title="bbox 597 721 2196 800">
    <p class='ocr_par' dir='ltr' id='par_1_7' title="bbox 597 721 2196 800">
     <span class='ocr_line' id='line_1_7' title="bbox 597 721 2196 800; baseline -0.009 -9"><span class='ocrx_word' id='word_1_34' title='bbox 597 749 722 792; x_wconf 89' lang='lat' dir='ltr'><strong>ante</strong></span> <span class='ocrx_word' id='word_1_35' title='bbox 750 737 938 790; x_wconf 86' lang='lat' dir='ltr'><strong>oculos</strong></span> <span class='ocrx_word' id='word_1_36' title='bbox 971 749 1078 788; x_wconf 92' lang='lat' dir='ltr'><strong>non</strong></span> <span class='ocrx_word' id='word_1_37' title='bbox 1121 731 1411 786; x_wconf 85' lang='lat' dir='ltr'><strong>habentes.</strong></span> <span class='ocrx_word' id='word_1_38' title='bbox 1443 728 1677 800; x_wconf 88' lang='lat' dir='ltr'><strong>Ideoque</strong></span> <span class='ocrx_word' id='word_1_39' title='bbox 1719 727 1944 782; x_wconf 86' lang='lat' dir='ltr'><strong>tumulis</strong></span> <span class='ocrx_word' id='word_1_40' title='bbox 1979 725 2090 780; x_wconf 67' lang='lat' dir='ltr'><strong>suis</strong></span> <span class='ocrx_word' id='word_1_41' title='bbox 2117 721 2196 776; x_wconf 90' lang='lat' dir='ltr'><strong>af-</strong></span> 
     </span>
    </p>
   </div>
   <div class='ocr_carea' id='block_1_8' title="bbox 600 819 2198 900">
    <p class='ocr_par' dir='ltr' id='par_1_8' title="bbox 600 819 2198 900">
     <span class='ocr_line' id='line_1_8' title="bbox 600 819 2198 900; baseline -0.008 -16"><span class='ocrx_word' id='word_1_42' title='bbox 600 831 686 885; x_wconf 86' lang='lat' dir='ltr'><strong>lixi</strong></span> <span class='ocrx_word' id='word_1_43' title='bbox 733 839 892 900; x_wconf 88' lang='lat' dir='ltr'><strong>atque</strong></span> <span class='ocrx_word' id='word_1_44' title='bbox 921 825 1228 882; x_wconf 90' lang='lat' dir='ltr'><strong>attumulati</strong></span> <span class='ocrx_word' id='word_1_45' title='bbox 1261 823 1577 888; x_wconf 66' lang='lat' dir='ltr'><strong>adhaerent,</strong></span> <span class='ocrx_word' id='word_1_46' title='bbox 1623 823 1746 892; x_wconf 86' lang='lat' dir='ltr'><strong>quia</strong></span> <span class='ocrx_word' id='word_1_47' title='bbox 1793 819 2108 876; x_wconf 86' lang='lat' dir='ltr'><strong>resuscitari</strong></span> <span class='ocrx_word' id='word_1_48' title='bbox 2139 831 2198 872; x_wconf 89' lang='lat' dir='ltr'><strong>se</strong></span> 
     </span>
    </p>
   </div>
   <div class='ocr_carea' id='block_1_9' title="bbox 599 911 2198 998">
    <p class='ocr_par' dir='ltr' id='par_1_9' title="bbox 599 911 2198 998">
     <span class='ocr_line' id='line_1_9' title="bbox 599 911 2198 998; baseline -0.009 -20"><span class='ocrx_word' id='word_1_49' title='bbox 599 939 760 998; x_wconf 85' lang='lat' dir='ltr'><strong>posse</strong></span> <span class='ocrx_word' id='word_1_50' title='bbox 809 939 914 978; x_wconf 91' lang='lat' dir='ltr'><strong>non</strong></span> <span class='ocrx_word' id='word_1_51' title='bbox 965 919 1337 976; x_wconf 89' lang='lat' dir='ltr'><strong>crediderunt.</strong></span> <span class='ocrx_word' id='word_1_52' title='bbox 1390 915 1768 972; x_wconf 87' lang='lat' dir='ltr'><strong>llabitaculnm</strong></span> <span class='ocrx_word' id='word_1_53' title='bbox 1800 929 1932 984; x_wconf 88' lang='lat' dir='ltr'><strong>ergo</strong></span> <span class='ocrx_word' id='word_1_54' title='bbox 1983 911 2090 966; x_wconf 85' lang='lat' dir='ltr'><strong>illis</strong></span> <span class='ocrx_word' id='word_1_55' title='bbox 2143 911 2198 964; x_wconf 91' lang='lat' dir='ltr'><strong>in</strong></span> 
     </span>
    </p>
   </div>
   <div class='ocr_carea' id='block_1_10' title="bbox 597 1001 2200 1078">
    <p class='ocr_par' dir='ltr' id='par_1_10' title="bbox 597 1001 2200 1078">
     <span class='ocr_line' id='line_1_10' title="bbox 597 1001 2200 1078; baseline -0.008 -5"><span class='ocrx_word' id='word_1_56' title='bbox 597 1033 696 1073; x_wconf 85' lang='lat' dir='ltr'><strong>suo</strong></span> <span class='ocrx_word' id='word_1_57' title='bbox 725 1017 884 1070; x_wconf 91' lang='lat' dir='ltr'><strong>busto</strong></span> <span class='ocrx_word' id='word_1_58' title='bbox 909 1025 986 1068; x_wconf 87' lang='lat' dir='ltr'><strong>est</strong></span> <span class='ocrx_word' id='word_1_59' title='bbox 1011 1053 1028 1078; x_wconf 93' lang='lat'><strong>,</strong></span> <span class='ocrx_word' id='word_1_60' title='bbox 1073 1019 1128 1066; x_wconf 89' lang='lat' dir='ltr'><strong>et</strong></span> <span class='ocrx_word' id='word_1_61' title='bbox 1175 1011 1591 1066; x_wconf 72' lang='lat' dir='ltr'><strong>tabernaculum</strong></span> <span class='ocrx_word' id='word_1_62' title='bbox 1625 1021 1812 1062; x_wconf 90' lang='lat' dir='ltr'><strong>eorum</strong></span> <span class='ocrx_word' id='word_1_63' title='bbox 1853 1007 1908 1060; x_wconf 92' lang='lat' dir='ltr'><strong>in</strong></span> <span class='ocrx_word' id='word_1_64' title='bbox 1941 1001 2200 1074; x_wconf 78' lang='lat' dir='ltr'><strong>progenie</strong></span> 
     </span>
    </p>
   </div>
   <div class='ocr_carea' id='block_1_11' title="bbox 595 1095 2200 1182">
    <p class='ocr_par' dir='ltr' id='par_1_11' title="bbox 595 1095 2200 1182">
     <span class='ocr_line' id='line_1_11' title="bbox 595 1095 2200 1182; baseline -0.011 -16"><span class='ocrx_word' id='word_1_65' title='bbox 595 1121 648 1166; x_wconf 83' lang='lat' dir='ltr'><strong>et</strong></span> <span class='ocrx_word' id='word_1_66' title='bbox 672 1107 1022 1182; x_wconf 84' lang='lat' dir='ltr'><strong>generatione</strong></span> <span class='ocrx_word' id='word_1_67' title='bbox 1047 1115 1072 1142; x_wconf 72' lang='grc'>⁸</span> <span class='ocrx_word' id='word_1_68' title='bbox 1096 1113 1314 1160; x_wconf 87' lang='lat' dir='ltr'><strong>terrena</strong></span> <span class='ocrx_word' id='word_1_69' title='bbox 1344 1109 1460 1168; x_wconf 90' lang='lat' dir='ltr'><strong>est;</strong></span> <span class='ocrx_word' id='word_1_70' title='bbox 1485 1101 1578 1170; x_wconf 86' lang='lat' dir='ltr'><strong>qui</strong></span> <span class='ocrx_word' id='word_1_71' title='bbox 1601 1115 1817 1155; x_wconf 90' lang='lat' dir='ltr'><strong>vermes</strong></span> <span class='ocrx_word' id='word_1_72' title='bbox 1847 1097 1928 1153; x_wconf 88' lang='lat' dir='ltr'><strong>sui</strong></span> <span class='ocrx_word' id='word_1_73' title='bbox 1951 1095 2200 1166; x_wconf 88' lang='lat' dir='ltr'><strong>corporis</strong></span> 
     </span>
    </p>
   </div>
   <div class='ocr_carea' id='block_1_12' title="bbox 596 1189 2198 1272">
    <p class='ocr_par' dir='ltr' id='par_1_12' title="bbox 596 1189 2198 1272">
     <span class='ocr_line' id='line_1_12' title="bbox 596 1189 2198 1272; baseline -0.011 -12"><span class='ocrx_word' id='word_1_74' title='bbox 596 1203 846 1260; x_wconf 74' lang='lat' dir='ltr'><strong>hteredes</strong></span> <span class='ocrx_word' id='word_1_75' title='bbox 901 1201 1248 1272; x_wconf 90' lang='lat' dir='ltr'><strong>relinquunt;</strong></span> <span class='ocrx_word' id='word_1_76' title='bbox 1309 1205 1368 1252; x_wconf 92' lang='lat' dir='ltr'><strong>ut</strong></span> <span class='ocrx_word' id='word_1_77' title='bbox 1409 1197 1496 1252; x_wconf 91' lang='lat' dir='ltr'><strong>hic</strong></span> <span class='ocrx_word' id='word_1_78' title='bbox 1551 1205 1760 1251; x_wconf 88' lang='lat' dir='ltr'><strong>tantum</strong></span> <span class='ocrx_word' id='word_1_79' title='bbox 1812 1195 1884 1250; x_wconf 88' lang='lat' dir='ltr'><strong>sit</strong></span> <span class='ocrx_word' id='word_1_80' title='bbox 1933 1189 2198 1247; x_wconf 85' lang='lat' dir='ltr'><strong>memoria</strong></span> 
     </span>
    </p>
   </div>
   <div class='ocr_carea' id='block_1_13' title="bbox 595 1287 1902 1360">
    <p class='ocr_par' dir='ltr' id='par_1_13' title="bbox 595 1287 1902 1360">
     <span class='ocr_line' id='line_1_13' title="bbox 595 1287 1902 1360; baseline -0.009 -8"><span class='ocrx_word' id='word_1_81' title='bbox 595 1313 816 1360; x_wconf 83' lang='lat' dir='ltr'><strong>eorum,</strong></span> <span class='ocrx_word' id='word_1_82' title='bbox 849 1303 902 1350; x_wconf 90' lang='lat' dir='ltr'><strong>et</strong></span> <span class='ocrx_word' id='word_1_83' title='bbox 929 1293 982 1348; x_wconf 92' lang='lat' dir='ltr'><strong>iu</strong></span> <span class='ocrx_word' id='word_1_84' title='bbox 1007 1301 1272 1348; x_wconf 76' lang='lat' dir='ltr'><strong>:eternum</strong></span> <span class='ocrx_word' id='word_1_85' title='bbox 1307 1291 1546 1345; x_wconf 77' lang='lat' dir='ltr'><strong>transire</strong></span> <span class='ocrx_word' id='word_1_86' title='bbox 1575 1305 1682 1344; x_wconf 89' lang='lat' dir='ltr'><strong>non</strong></span> <span class='ocrx_word' id='word_1_87' title='bbox 1713 1287 1902 1358; x_wconf 88' lang='lat' dir='ltr'><strong>possit.</strong></span> 
     </span>
    </p>
   </div>
   <div class='ocr_carea' id='block_1_14' title="bbox 674 1380 2204 1460">
    <p class='ocr_par' dir='ltr' id='par_1_14' title="bbox 674 1380 2204 1460">
     <span class='ocr_line' id='line_1_14' title="bbox 674 1380 2204 1460; baseline -0.009 -14"><span class='ocrx_word' id='word_1_88' title='bbox 674 1391 762 1446; x_wconf 84' lang='lat' dir='ltr'><strong>l9.</strong></span> <span class='ocrx_word' id='word_1_89' title='bbox 803 1387 1047 1460; x_wconf 85' lang='lat' dir='ltr'><strong>Denique</strong></span> <span class='ocrx_word' id='word_1_90' title='bbox 1073 1387 1286 1440; x_wconf 87' lang='lat' dir='ltr'><strong>nomina</strong></span> <span class='ocrx_word' id='word_1_91' title='bbox 1313 1401 1490 1438; x_wconf 87' lang='lat' dir='ltr'><strong>eorum</strong></span> <span class='ocrx_word' id='word_1_92' title='bbox 1522 1386 1572 1436; x_wconf 86' lang='lat' dir='ltr'><strong>in</strong></span> <span class='ocrx_word' id='word_1_93' title='bbox 1603 1383 1750 1439; x_wconf 79' lang='lat' dir='ltr'><strong>terris</strong></span> <span class='ocrx_word' id='word_1_94' title='bbox 1781 1383 2051 1454; x_wconf 81' lang='lat' dir='ltr'><strong>ipsorum;</strong></span> <span class='ocrx_word' id='word_1_95' title='bbox 2078 1380 2204 1450; x_wconf 84' lang='lat' dir='ltr'><strong>quia</strong></span> 
     </span>
    </p>
   </div>
   <div class='ocr_carea' id='block_1_15' title="bbox 597 1471 2204 1556">
    <p class='ocr_par' dir='ltr' id='par_1_15' title="bbox 597 1471 2204 1556">
     <span class='ocr_line' id='line_1_15' title="bbox 597 1471 2204 1556; baseline -0.007 -20"><span class='ocrx_word' id='word_1_96' title='bbox 597 1500 761 1556; x_wconf 80' lang='lat' dir='ltr'><strong>opera</strong></span> <span class='ocrx_word' id='word_1_97' title='bbox 794 1497 982 1536; x_wconf 87' lang='lat' dir='ltr'><strong>eorum</strong></span> <span class='ocrx_word' id='word_1_98' title='bbox 1013 1478 1390 1550; x_wconf 88' lang='lat' dir='ltr'><strong>corruptibilia</strong></span> <span class='ocrx_word' id='word_1_99' title='bbox 1425 1491 1586 1548; x_wconf 87' lang='lat' dir='ltr'><strong>atque</strong></span> <span class='ocrx_word' id='word_1_100' title='bbox 1619 1487 1855 1531; x_wconf 90' lang='lat' dir='ltr'><strong>terrena.</strong></span> <span class='ocrx_word' id='word_1_101' title='bbox 1881 1473 1950 1530; x_wconf 85' lang='lat' dir='ltr'><strong>Et</strong></span> <span class='ocrx_word' id='word_1_102' title='bbox 1973 1473 2099 1528; x_wconf 90' lang='lat' dir='ltr'><strong>ideo</strong></span> <span class='ocrx_word' id='word_1_103' title='bbox 2131 1471 2204 1526; x_wconf 88' lang='lat' dir='ltr'><strong>ibi</strong></span> 
     </span>
    </p>
   </div>
   <div class='ocr_carea' id='block_1_16' title="bbox 597 1567 2202 1634">
    <p class='ocr_par' dir='ltr' id='par_1_16' title="bbox 597 1567 2202 1634">
     <span class='ocr_line' id='line_1_16' title="bbox 597 1567 2202 1634; baseline -0.009 -2"><span class='ocrx_word' id='word_1_104' title='bbox 597 1579 908 1633; x_wconf 86' lang='lat' dir='ltr'><strong>scribuntur</strong></span> <span class='ocrx_word' id='word_1_105' title='bbox 964 1589 1152 1628; x_wconf 88' lang='lat' dir='ltr'><strong>eorum</strong></span> <span class='ocrx_word' id='word_1_106' title='bbox 1207 1571 1457 1634; x_wconf 88' lang='lat' dir='ltr'><strong>nomina,</strong></span> <span class='ocrx_word' id='word_1_107' title='bbox 1493 1571 1582 1625; x_wconf 87' lang='lat' dir='ltr'><strong>ubi</strong></span> <span class='ocrx_word' id='word_1_108' title='bbox 1633 1569 1816 1624; x_wconf 82' lang='lat' dir='ltr'><strong>vivere</strong></span> <span class='ocrx_word' id='word_1_109' title='bbox 1871 1567 2202 1622; x_wconf 90' lang='lat' dir='ltr'><strong>maluerunt.</strong></span> 
     </span>
    </p>
   </div>
   <div class='ocr_carea' id='block_1_17' title="bbox 601 1655 2208 1739">
    <p class='ocr_par' dir='ltr' id='par_1_17' title="bbox 601 1655 2208 1739">
     <span class='ocr_line' id='line_1_17' title="bbox 601 1655 2208 1739; baseline -0.006 -17"><span class='ocrx_word' id='word_1_110' title='bbox 601 1671 702 1739; x_wconf 86' lang='lat' dir='ltr'><strong>Qui</strong></span> <span class='ocrx_word' id='word_1_111' title='bbox 735 1681 917 1724; x_wconf 87' lang='lat' dir='ltr'><strong>autem</strong></span> <span class='ocrx_word' id='word_1_112' title='bbox 961 1667 1316 1722; x_wconf 84' lang='lat' dir='ltr'><strong>elevaverunt</strong></span> <span class='ocrx_word' id='word_1_113' title='bbox 1347 1677 1512 1734; x_wconf 83' lang='lat' dir='ltr'><strong>opera</strong></span> <span class='ocrx_word' id='word_1_114' title='bbox 1559 1675 1652 1716; x_wconf 87' lang='lat' dir='ltr'><strong>sua</strong></span> <span class='ocrx_word' id='word_1_115' title='bbox 1673 1701 1686 1726; x_wconf 89' lang='lat'><strong>,</strong></span> <span class='ocrx_word' id='word_1_116' title='bbox 1721 1659 1789 1714; x_wconf 89' lang='lat' dir='ltr'><strong>iis</strong></span> <span class='ocrx_word' id='word_1_117' title='bbox 1819 1658 2058 1714; x_wconf 88' lang='lat' dir='ltr'><strong>dicitur:</strong></span> <span class='ocrx_word' id='word_1_118' title='bbox 2092 1655 2208 1712; x_wconf 87' lang='lat' dir='ltr'><strong>No-</strong></span> 
     </span>
    </p>
   </div>
   <div class='ocr_carea' id='block_1_18' title="bbox 601 1753 2207 1836">
    <p class='ocr_par' dir='ltr' id='par_1_18' title="bbox 601 1753 2207 1836">
     <span class='ocr_line' id='line_1_18' title="bbox 601 1753 2207 1836; baseline -0.009 -17"><span class='ocrx_word' id='word_1_119' title='bbox 601 1767 689 1821; x_wconf 95' lang='lat' dir='ltr'><strong>lite</strong></span> <span class='ocrx_word' id='word_1_120' title='bbox 745 1764 1004 1836; x_wconf 82' lang='lat' dir='ltr'><strong>gaudere,</strong></span> <span class='ocrx_word' id='word_1_121' title='bbox 1078 1761 1200 1831; x_wconf 88' lang='lat' dir='ltr'><strong>quia</strong></span> <span class='ocrx_word' id='word_1_122' title='bbox 1254 1758 1508 1812; x_wconf 81' lang='lat' dir='ltr'><strong>dtemouia</strong></span> <span class='ocrx_word' id='word_1_123' title='bbox 1553 1755 1692 1810; x_wconf 69' lang='lat' dir='ltr'><strong>vobis</strong></span> <span class='ocrx_word' id='word_1_124' title='bbox 1750 1753 1978 1826; x_wconf 82' lang='lat' dir='ltr'><strong>subjecta</strong></span> <span class='ocrx_word' id='word_1_125' title='bbox 2043 1761 2207 1806; x_wconf 88' lang='lat' dir='ltr'><strong>sunt:</strong></span> 
     </span>
    </p>
   </div>
   <div class='ocr_carea' id='block_1_19' title="bbox 2297 529 3886 608">
    <p class='ocr_par' dir='ltr' id='par_1_19' title="bbox 2297 529 3886 608">
     <span class='ocr_line' id='line_1_19' title="bbox 2297 529 3886 608; baseline -0.003 -17"><span class='ocrx_word' id='word_1_126' title='bbox 2297 555 2330 591; x_wconf 88' lang='lat' dir='ltr'><strong>a</strong></span> <span class='ocrx_word' id='word_1_127' title='bbox 2353 537 2524 608; x_wconf 82' lang='lat' dir='ltr'><strong>gloria</strong></span> <span class='ocrx_word' id='word_1_128' title='bbox 2553 553 2750 590; x_wconf 86' lang='lat' dir='ltr'><strong>eorum.</strong></span> <span class='ocrx_word' id='word_1_129' title='bbox 2786 535 2886 604; x_wconf 85' lang='lat' dir='ltr'><strong>Qui</strong></span> <span class='ocrx_word' id='word_1_130' title='bbox 2917 535 3230 590; x_wconf 88' lang='lat' dir='ltr'><strong>noluerunt</strong></span> <span class='ocrx_word' id='word_1_131' title='bbox 3265 541 3322 586; x_wconf 88' lang='lat' dir='ltr'><strong>ut</strong></span> <span class='ocrx_word' id='word_1_132' title='bbox 3357 539 3624 604; x_wconf 81' lang='lat' dir='ltr'><strong>pasceret</strong></span> <span class='ocrx_word' id='word_1_133' title='bbox 3647 545 3742 584; x_wconf 85' lang='lat' dir='ltr'><strong>eos</strong></span> <span class='ocrx_word' id='word_1_134' title='bbox 3773 529 3886 586; x_wconf 79' lang='lat' dir='ltr'><strong>Chr.-</strong></span> 
     </span>
    </p>
   </div>
   <div class='ocr_carea' id='block_1_20' title="bbox 2299 625 3890 702">
    <p class='ocr_par' dir='ltr' id='par_1_20' title="bbox 2299 625 3890 702">
     <span class='ocr_line' id='line_1_20' title="bbox 2299 625 3890 702; baseline -0.003 -15"><span class='ocrx_word' id='word_1_135' title='bbox 2299 643 2447 692; x_wconf 82' lang='lat' dir='ltr'><strong>stus.</strong></span> <span class='ocrx_word' id='word_1_136' title='bbox 2473 631 2730 702; x_wconf 63' lang='lat' dir='ltr'><strong>depaseet</strong></span> <span class='ocrx_word' id='word_1_137' title='bbox 2779 645 2878 684; x_wconf 90' lang='lat' dir='ltr'><strong>eos</strong></span> <span class='ocrx_word' id='word_1_138' title='bbox 2911 645 3083 686; x_wconf 89' lang='lat' dir='ltr'><strong>mors.</strong></span> <span class='ocrx_word' id='word_1_139' title='bbox 3107 629 3254 696; x_wconf 84' lang='lat' dir='ltr'><strong>Quis</strong></span> <span class='ocrx_word' id='word_1_140' title='bbox 3287 641 3430 696; x_wconf 74' lang='lat' dir='ltr'><strong>ergo</strong></span> <span class='ocrx_word' id='word_1_141' title='bbox 3461 625 3704 682; x_wconf 78' lang='lat' dir='ltr'><strong>dimittat</strong></span> <span class='ocrx_word' id='word_1_142' title='bbox 3739 626 3890 682; x_wconf 72' lang='lat' dir='ltr'><strong>bonae</strong></span> 
     </span>
    </p>
   </div>
   <div class='ocr_carea' id='block_1_21' title="bbox 2301 717 3890 794">
    <p class='ocr_par' dir='ltr' id='par_1_21' title="bbox 2301 717 3890 794">
     <span class='ocr_line' id='line_1_21' title="bbox 2301 717 3890 794; baseline -0.002 -18"><span class='ocrx_word' id='word_1_143' title='bbox 2301 731 2598 794; x_wconf 87' lang='lat' dir='ltr'><strong>pastorem,</strong></span> <span class='ocrx_word' id='word_1_144' title='bbox 2623 723 2710 794; x_wconf 87' lang='lat' dir='ltr'><strong>qui</strong></span> <span class='ocrx_word' id='word_1_145' title='bbox 2753 737 2848 792; x_wconf 90' lang='lat' dir='ltr'><strong>pro</strong></span> <span class='ocrx_word' id='word_1_146' title='bbox 2875 721 3072 776; x_wconf 64' lang='lat' dir='ltr'><strong>utilius</strong></span> <span class='ocrx_word' id='word_1_147' title='bbox 3095 721 3218 776; x_wconf 87' lang='lat' dir='ltr'><strong>suis</strong></span> <span class='ocrx_word' id='word_1_148' title='bbox 3265 717 3524 774; x_wconf 84' lang='lat' dir='ltr'><strong>animant</strong></span> <span class='ocrx_word' id='word_1_149' title='bbox 3563 732 3718 772; x_wconf 81' lang='lat' dir='ltr'><strong>suam</strong></span> <span class='ocrx_word' id='word_1_150' title='bbox 3749 723 3890 787; x_wconf 73' lang='lat' dir='ltr'><strong>ponit.</strong></span> 
     </span>
    </p>
   </div>
   <div class='ocr_carea' id='block_1_22' title="bbox 2299 809 3896 886">
    <p class='ocr_par' dir='ltr' id='par_1_22' title="bbox 2299 809 3896 886">
     <span class='ocr_line' id='line_1_22' title="bbox 2299 809 3896 886; baseline -0.001 -18"><span class='ocrx_word' id='word_1_151' title='bbox 2299 815 2424 886; x_wconf 83' lang='lat' dir='ltr'><strong>quia</strong></span> <span class='ocrx_word' id='word_1_152' title='bbox 2455 815 2691 880; x_wconf 83' lang='lat' dir='ltr'><strong>pertinet</strong></span> <span class='ocrx_word' id='word_1_153' title='bbox 2717 813 2784 868; x_wconf 91' lang='lat' dir='ltr'><strong>ad</strong></span> <span class='ocrx_word' id='word_1_154' title='bbox 2815 829 2938 870; x_wconf 90' lang='lat' dir='ltr'><strong>eum</strong></span> <span class='ocrx_word' id='word_1_155' title='bbox 2967 813 3154 886; x_wconf 86' lang='lat' dir='ltr'><strong>gregis</strong></span> <span class='ocrx_word' id='word_1_156' title='bbox 3187 812 3276 868; x_wconf 87' lang='lat' dir='ltr'><strong>sui</strong></span> <span class='ocrx_word' id='word_1_157' title='bbox 3319 827 3464 868; x_wconf 86' lang='lat' dir='ltr'><strong>cura</strong></span> <span class='ocrx_word' id='word_1_158' title='bbox 3493 809 3516 863; x_wconf 81' lang='lat'><strong>.’</strong></span> <span class='ocrx_word' id='word_1_159' title='bbox 3543 809 3660 868; x_wconf 73' lang='lat' dir='ltr'><strong>Aut</strong></span> <span class='ocrx_word' id='word_1_160' title='bbox 3695 811 3808 882; x_wconf 82' lang='lat' dir='ltr'><strong>quis</strong></span> <span class='ocrx_word' id='word_1_161' title='bbox 3829 815 3896 868; x_wconf 74' lang='lat' dir='ltr'><strong>cl.-</strong></span> 
     </span>
    </p>
   </div>
   <div class='ocr_carea' id='block_1_23' title="bbox 2299 905 3892 980">
    <p class='ocr_par' dir='ltr' id='par_1_23' title="bbox 2299 905 3892 980">
     <span class='ocr_line' id='line_1_23' title="bbox 2299 905 3892 980; baseline -0.001 -18"><span class='ocrx_word' id='word_1_162' title='bbox 2299 917 2392 980; x_wconf 87' lang='lat' dir='ltr'><strong>gat</strong></span> <span class='ocrx_word' id='word_1_163' title='bbox 2421 907 2812 963; x_wconf 84' lang='lat' dir='ltr'><strong>mercenariam</strong></span> <span class='ocrx_word' id='word_1_164' title='bbox 2847 917 3102 968; x_wconf 87' lang='lat' dir='ltr'><strong>mortem.</strong></span> <span class='ocrx_word' id='word_1_165' title='bbox 3133 921 3263 978; x_wconf 77' lang='lat' dir='ltr'><strong>qua:</strong></span> <span class='ocrx_word' id='word_1_166' title='bbox 3288 919 3540 974; x_wconf 84' lang='lat' dir='ltr'><strong>operum</strong></span> <span class='ocrx_word' id='word_1_167' title='bbox 3583 905 3892 974; x_wconf 73' lang='lat' dir='ltr'><strong>pessimum</strong></span> 
     </span>
    </p>
   </div>
   <div class='ocr_carea' id='block_1_24' title="bbox 2303 998 3894 1074">
    <p class='ocr_par' dir='ltr' id='par_1_24' title="bbox 2303 998 3894 1074">
     <span class='ocr_line' id='line_1_24' title="bbox 2303 998 3894 1074; baseline -0.003 -18"><span class='ocrx_word' id='word_1_168' title='bbox 2303 1003 2464 1074; x_wconf 85' lang='lat' dir='ltr'><strong>digna</strong></span> <span class='ocrx_word' id='word_1_169' title='bbox 2493 1001 2742 1056; x_wconf 87' lang='lat' dir='ltr'><strong>mercede</strong></span> <span class='ocrx_word' id='word_1_170' title='bbox 2773 999 3075 1056; x_wconf 75' lang='lat' dir='ltr'><strong>referatur?</strong></span> <span class='ocrx_word' id='word_1_171' title='bbox 3107 999 3292 1056; x_wconf 85' lang='lat' dir='ltr'><strong>Simul</strong></span> <span class='ocrx_word' id='word_1_172' title='bbox 3333 1011 3658 1070; x_wconf 81' lang='lat' dir='ltr'><strong>cognosce,</strong></span> <span class='ocrx_word' id='word_1_173' title='bbox 3689 1014 3716 1050; x_wconf 75' lang='grc' dir='ltr'>ο</span> <span class='ocrx_word' id='word_1_174' title='bbox 3745 998 3894 1064; x_wconf 73' lang='lat' dir='ltr'><strong>homo,</strong></span> 
     </span>
    </p>
   </div>
   <div class='ocr_carea' id='block_1_25' title="bbox 2303 1091 3894 1166">
    <p class='ocr_par' dir='ltr' id='par_1_25' title="bbox 2303 1091 3894 1166">
     <span class='ocr_line' id='line_1_25' title="bbox 2303 1091 3894 1166; baseline -0.004 -16"><span class='ocrx_word' id='word_1_175' title='bbox 2303 1095 2424 1166; x_wconf 84' lang='lat' dir='ltr'><strong>quia</strong></span> <span class='ocrx_word' id='word_1_176' title='bbox 2449 1093 2698 1150; x_wconf 80' lang='lat' dir='ltr'><strong>Christus</strong></span> <span class='ocrx_word' id='word_1_177' title='bbox 2717 1109 2878 1150; x_wconf 89' lang='lat' dir='ltr'><strong>verus</strong></span> <span class='ocrx_word' id='word_1_178' title='bbox 2903 1103 2990 1150; x_wconf 87' lang='lat' dir='ltr'><strong>est</strong></span> <span class='ocrx_word' id='word_1_179' title='bbox 3017 1102 3232 1164; x_wconf 81' lang='lat' dir='ltr'><strong>pastor,</strong></span> <span class='ocrx_word' id='word_1_180' title='bbox 3265 1091 3368 1164; x_wconf 89' lang='lat' dir='ltr'><strong>qui</strong></span> <span class='ocrx_word' id='word_1_181' title='bbox 3395 1105 3544 1146; x_wconf 74' lang='lat' dir='ltr'><strong>suos</strong></span> <span class='ocrx_word' id='word_1_182' title='bbox 3573 1091 3742 1160; x_wconf 83' lang='lat' dir='ltr'><strong>pascit</strong></span> <span class='ocrx_word' id='word_1_183' title='bbox 3763 1091 3818 1144; x_wconf 77' lang='lat' dir='ltr'><strong>ad</strong></span> <span class='ocrx_word' id='word_1_184' title='bbox 3841 1097 3894 1144; x_wconf 73' lang='lat' dir='ltr'><strong>ti-</strong></span> 
     </span>
    </p>
   </div>
   <div class='ocr_carea' id='block_1_26' title="bbox 2305 1184 3894 1252">
    <p class='ocr_par' dir='ltr' id='par_1_26' title="bbox 2305 1184 3894 1252">
     <span class='ocr_line' id='line_1_26' title="bbox 2305 1184 3894 1252; baseline -0.003 -10"><span class='ocrx_word' id='word_1_185' title='bbox 2305 1197 2436 1242; x_wconf 88' lang='lat' dir='ltr'><strong>tam.</strong></span> <span class='ocrx_word' id='word_1_186' title='bbox 2489 1187 2636 1244; x_wconf 80' lang='lat' dir='ltr'><strong>Mors</strong></span> <span class='ocrx_word' id='word_1_187' title='bbox 2681 1187 3036 1252; x_wconf 87' lang='lat' dir='ltr'><strong>subintravit,</strong></span> <span class='ocrx_word' id='word_1_188' title='bbox 3085 1202 3214 1252; x_wconf 70' lang='lat' dir='ltr'><strong>quae</strong></span> <span class='ocrx_word' id='word_1_189' title='bbox 3260 1185 3336 1242; x_wconf 90' lang='lat' dir='ltr'><strong>ad</strong></span> <span class='ocrx_word' id='word_1_190' title='bbox 3385 1184 3690 1240; x_wconf 84' lang='lat' dir='ltr'><strong>interitum</strong></span> <span class='ocrx_word' id='word_1_191' title='bbox 3723 1184 3894 1238; x_wconf 64' lang='lat' dir='ltr'><strong>addita:</strong></span> 
     </span>
    </p>
   </div>
   <div class='ocr_carea' id='block_1_27' title="bbox 2304 1277 3894 1346">
    <p class='ocr_par' dir='ltr' id='par_1_27' title="bbox 2304 1277 3894 1346">
     <span class='ocr_line' id='line_1_27' title="bbox 2304 1277 3894 1346; baseline -0.004 -12"><span class='ocrx_word' id='word_1_192' title='bbox 2304 1281 2554 1346; x_wconf 89' lang='lat' dir='ltr'><strong>alienos,</strong></span> <span class='ocrx_word' id='word_1_193' title='bbox 2603 1291 2656 1334; x_wconf 89' lang='lat' dir='ltr'><strong>et</strong></span> <span class='ocrx_word' id='word_1_194' title='bbox 2706 1279 2934 1335; x_wconf 77' lang='lat' dir='ltr'><strong>devorat</strong></span> <span class='ocrx_word' id='word_1_195' title='bbox 2993 1293 3126 1346; x_wconf 88' lang='lat' dir='ltr'><strong>eos,</strong></span> <span class='ocrx_word' id='word_1_196' title='bbox 3180 1277 3390 1346; x_wconf 87' lang='lat' dir='ltr'><strong>quibus</strong></span> <span class='ocrx_word' id='word_1_197' title='bbox 3465 1284 3660 1346; x_wconf 80' lang='lat' dir='ltr'><strong>potest</strong></span> <span class='ocrx_word' id='word_1_198' title='bbox 3725 1291 3894 1346; x_wconf 70' lang='lat' dir='ltr'><strong>propter</strong></span> 
     </span>
    </p>
   </div>
   <div class='ocr_carea' id='block_1_28' title="bbox 2305 1371 3892 1446">
    <p class='ocr_par' dir='ltr' id='par_1_28' title="bbox 2305 1371 3892 1446">
     <span class='ocr_line' id='line_1_28' title="bbox 2305 1371 3892 1446; baseline -0.003 -16"><span class='ocrx_word' id='word_1_199' title='bbox 2305 1389 2492 1430; x_wconf 87' lang='lat' dir='ltr'><strong>eorum</strong></span> <span class='ocrx_word' id='word_1_200' title='bbox 2553 1373 2753 1446; x_wconf 85' lang='lat' dir='ltr'><strong>ﬂagitia</strong></span> <span class='ocrx_word' id='word_1_201' title='bbox 2799 1373 3121 1446; x_wconf 63' lang='lat' dir='ltr'><strong>praevalere.</strong></span> <span class='ocrx_word' id='word_1_202' title='bbox 3169 1372 3395 1440; x_wconf 82' lang='lat' dir='ltr'><strong>Quibus</strong></span> <span class='ocrx_word' id='word_1_203' title='bbox 3437 1371 3584 1426; x_wconf 82' lang='lat' dir='ltr'><strong>licet</strong></span> <span class='ocrx_word' id='word_1_204' title='bbox 3631 1373 3682 1424; x_wconf 88' lang='lat' dir='ltr'><strong>in</strong></span> <span class='ocrx_word' id='word_1_205' title='bbox 3709 1371 3800 1426; x_wconf 79' lang='lat' dir='ltr'><strong>hac</strong></span> <span class='ocrx_word' id='word_1_206' title='bbox 3823 1385 3892 1426; x_wconf 44' lang='lat' dir='ltr'><strong>riu</strong></span> 
     </span>
    </p>
   </div>
   <div class='ocr_carea' id='block_1_29' title="bbox 2305 1467 3874 1538">
    <p class='ocr_par' dir='ltr' id='par_1_29' title="bbox 2305 1467 3874 1538">
     <span class='ocr_line' id='line_1_29' title="bbox 2305 1467 3874 1538; baseline -0.001 -14"><span class='ocrx_word' id='word_1_207' title='bbox 2305 1469 2544 1524; x_wconf 82' lang='lat' dir='ltr'><strong>studium</strong></span> <span class='ocrx_word' id='word_1_208' title='bbox 2576 1469 2833 1538; x_wconf 68' lang='lat' dir='ltr'><strong>potentia:</strong></span> <span class='ocrx_word' id='word_1_209' title='bbox 2865 1469 3098 1524; x_wconf 88' lang='lat' dir='ltr'><strong>fueritet</strong></span> <span class='ocrx_word' id='word_1_210' title='bbox 3125 1468 3490 1534; x_wconf 82' lang='lat' dir='ltr'><strong>divitiarum,</strong></span> <span class='ocrx_word' id='word_1_211' title='bbox 3529 1475 3596 1522; x_wconf 86' lang='lat' dir='ltr'><strong>ut</strong></span> <span class='ocrx_word' id='word_1_212' title='bbox 3617 1467 3736 1522; x_wconf 81' lang='lat' dir='ltr'><strong>aliis</strong></span> <span class='ocrx_word' id='word_1_213' title='bbox 3763 1469 3874 1522; x_wconf 63' lang='lat' dir='ltr'><strong>dum</strong></span> 
     </span>
    </p>
   </div>
   <div class='ocr_carea' id='block_1_30' title="bbox 2307 1561 3892 1624">
    <p class='ocr_par' dir='ltr' id='par_1_30' title="bbox 2307 1561 3892 1624">
     <span class='ocr_line' id='line_1_30' title="bbox 2307 1561 3892 1624; baseline -0.001 -7"><span class='ocrx_word' id='word_1_214' title='bbox 2307 1573 2600 1618; x_wconf 84' lang='lat' dir='ltr'><strong>narentur:</strong></span> <span class='ocrx_word' id='word_1_215' title='bbox 2633 1561 2730 1616; x_wconf 84' lang='lat' dir='ltr'><strong>sed</strong></span> <span class='ocrx_word' id='word_1_216' title='bbox 2781 1563 2832 1616; x_wconf 90' lang='lat' dir='ltr'><strong>in</strong></span> <span class='ocrx_word' id='word_1_217' title='bbox 2880 1563 3291 1616; x_wconf 84' lang='lat' dir='ltr'><strong>resurrectione</strong></span> <span class='ocrx_word' id='word_1_218' title='bbox 3339 1561 3458 1616; x_wconf 86' lang='lat' dir='ltr'><strong>erit</strong></span> <span class='ocrx_word' id='word_1_219' title='bbox 3501 1561 3776 1624; x_wconf 77' lang='lat' dir='ltr'><strong>servitus,</strong></span> <span class='ocrx_word' id='word_1_220' title='bbox 3811 1578 3892 1616; x_wconf 73' lang='lat' dir='ltr'><strong>cas</strong></span> 
     </span>
    </p>
   </div>
   <div class='ocr_carea' id='block_1_31' title="bbox 2303 1655 3890 1728">
    <p class='ocr_par' dir='ltr' id='par_1_31' title="bbox 2303 1655 3890 1728">
     <span class='ocr_line' id='line_1_31' title="bbox 2303 1655 3890 1728; baseline 0 -20"><span class='ocrx_word' id='word_1_221' title='bbox 2303 1657 2466 1728; x_wconf 89' lang='lat' dir='ltr'><strong>jnstis</strong></span> <span class='ocrx_word' id='word_1_222' title='bbox 2509 1659 2808 1712; x_wconf 85' lang='lat' dir='ltr'><strong>matutinus</strong></span> <span class='ocrx_word' id='word_1_223' title='bbox 2839 1655 3102 1726; x_wconf 86' lang='lat' dir='ltr'><strong>splendor</strong></span> <span class='ocrx_word' id='word_1_224' title='bbox 3129 1657 3384 1710; x_wconf 82' lang='lat' dir='ltr'><strong>illuxerit</strong></span> <span class='ocrx_word' id='word_1_225' title='bbox 3419 1673 3436 1708; x_wconf 86' lang='lat'><strong>:</strong></span> <span class='ocrx_word' id='word_1_226' title='bbox 3471 1671 3732 1728; x_wconf 59' lang='lat' dir='ltr'><strong>quorum</strong></span> <span class='ocrx_word' id='word_1_227' title='bbox 3773 1659 3890 1724; x_wconf 66' lang='lat' dir='ltr'><strong>ligat:</strong></span> 
     </span>
    </p>
   </div>
   <div class='ocr_carea' id='block_1_32' title="bbox 2309 1743 3894 1820">
    <p class='ocr_par' dir='ltr' id='par_1_32' title="bbox 2309 1743 3894 1820">
     <span class='ocr_line' id='line_1_32' title="bbox 2309 1743 3894 1820; baseline 0.001 -16"><span class='ocrx_word' id='word_1_228' title='bbox 2309 1761 2390 1804; x_wconf 90' lang='lat' dir='ltr'><strong>est</strong></span> <span class='ocrx_word' id='word_1_229' title='bbox 2412 1791 2428 1816; x_wconf 96' lang='lat'><strong>,</strong></span> <span class='ocrx_word' id='word_1_230' title='bbox 2453 1751 2596 1820; x_wconf 89' lang='lat' dir='ltr'><strong>quod</strong></span> <span class='ocrx_word' id='word_1_231' title='bbox 2625 1749 2796 1806; x_wconf 79' lang='lat' dir='ltr'><strong>Jacob</strong></span> <span class='ocrx_word' id='word_1_232' title='bbox 2834 1749 3088 1804; x_wconf 89' lang='lat' dir='ltr'><strong>dominus</strong></span> <span class='ocrx_word' id='word_1_233' title='bbox 3109 1747 3136 1786; x_wconf 65' lang='grc'><strong><em>³³</em></strong></span> <span class='ocrx_word' id='word_1_234' title='bbox 3169 1743 3540 1820; x_wconf 67' lang='grc' dir='ltr'><strong>ρτιιιροιιίιιιι·</strong></span> <span class='ocrx_word' id='word_1_235' title='bbox 3583 1747 3756 1802; x_wconf 78' lang='lat' dir='ltr'><strong>fratri.</strong></span> <span class='ocrx_word' id='word_1_236' title='bbox 3787 1749 3894 1806; x_wconf 53' lang='lat' dir='ltr'><strong>iliu-</strong></span> 
     </span>
    </p>
   </div>
   <div class='ocr_carea' id='block_1_33' title="bbox 601 1843 3963 1930">
    <p class='ocr_par' dir='ltr' id='par_1_33' title="bbox 601 1843 3963 1930">
     <span class='ocr_line' id='line_1_33' title="bbox 601 1843 3963 1930; baseline -0.005 -18"><span class='ocrx_word' id='word_1_237' title='bbox 601 1859 692 1913; x_wconf 84' lang='lat' dir='ltr'><strong>setl</strong></span> <span class='ocrx_word' id='word_1_238' title='bbox 719 1857 938 1930; x_wconf 78' lang='lat' dir='ltr'><strong>gaudete</strong></span> <span class='ocrx_word' id='word_1_239' title='bbox 960 1897 975 1922; x_wconf 94' lang='lat'><strong>,</strong></span> <span class='ocrx_word' id='word_1_240' title='bbox 1007 1855 1132 1926; x_wconf 83' lang='lat' dir='ltr'><strong>quia</strong></span> <span class='ocrx_word' id='word_1_241' title='bbox 1175 1853 1388 1906; x_wconf 86' lang='lat' dir='ltr'><strong>nomina</strong></span> <span class='ocrx_word' id='word_1_242' title='bbox 1441 1859 1608 1904; x_wconf 77' lang='lat' dir='ltr'><strong>vestra</strong></span> <span class='ocrx_word' id='word_1_243' title='bbox 1639 1849 1834 1918; x_wconf 80' lang='lat' dir='ltr'><strong>scripta</strong></span> <span class='ocrx_word' id='word_1_244' title='bbox 1861 1855 1979 1901; x_wconf 83' lang='lat' dir='ltr'><strong>sunt</strong></span> <span class='ocrx_word' id='word_1_245' title='bbox 2007 1846 2058 1900; x_wconf 84' lang='lat' dir='ltr'><strong>in</strong></span> <span class='ocrx_word' id='word_1_246' title='bbox 2081 1843 2206 1898; x_wconf 75' lang='lat' dir='ltr'><strong>cwlo</strong></span> <span class='ocrx_word' id='word_1_247' title='bbox 2237 1859 2284 1920; x_wconf 81' lang='grc' dir='ltr'><strong>Β</strong></span> <span class='ocrx_word' id='word_1_248' title='bbox 2311 1843 2496 1900; x_wconf 83' lang='lat' dir='ltr'><strong>rabilis</strong></span> <span class='ocrx_word' id='word_1_249' title='bbox 2519 1844 2702 1916; x_wconf 84' lang='lat' dir='ltr'><strong>itaque</strong></span> <span class='ocrx_word' id='word_1_250' title='bbox 2727 1845 2984 1908; x_wconf 82' lang='lat' dir='ltr'><strong>servitus,</strong></span> <span class='ocrx_word' id='word_1_251' title='bbox 3009 1853 3150 1898; x_wconf 88' lang='lat' dir='ltr'><strong>uteo</strong></span> <span class='ocrx_word' id='word_1_252' title='bbox 3179 1852 3446 1912; x_wconf 86' lang='lat' dir='ltr'><strong>tempore</strong></span> <span class='ocrx_word' id='word_1_253' title='bbox 3481 1859 3602 1914; x_wconf 85' lang='lat' dir='ltr'><strong>quo</strong></span> <span class='ocrx_word' id='word_1_254' title='bbox 3633 1844 3722 1900; x_wconf 82' lang='lat' dir='ltr'><strong>alii</strong></span> <span class='ocrx_word' id='word_1_255' title='bbox 3749 1859 3888 1900; x_wconf 64' lang='lat' dir='ltr'><strong>mna</strong></span> 
     </span>
    </p>
   </div>
   <div class='ocr_carea' id='block_1_34' title="bbox 604 1939 2208 2021">
    <p class='ocr_par' dir='ltr' id='par_1_34' title="bbox 604 1939 2208 2021">
     <span class='ocr_line' id='line_1_34' title="bbox 604 1939 2208 2021; baseline -0.009 -15"><span class='ocrx_word' id='word_1_256' title='bbox 604 1949 762 2021; x_wconf 85' lang='lat' dir='ltr'><strong>(Luc.</strong></span> <span class='ocrx_word' id='word_1_257' title='bbox 799 1947 983 2018; x_wconf 59' lang='lat'><strong>$.20).</strong></span> <span class='ocrx_word' id='word_1_258' title='bbox 1017 1947 1152 2001; x_wconf 90' lang='lat' dir='ltr'><strong>lliuc</strong></span> <span class='ocrx_word' id='word_1_259' title='bbox 1183 1959 1315 2015; x_wconf 83' lang='lat' dir='ltr'><strong>ergo</strong></span> <span class='ocrx_word' id='word_1_260' title='bbox 1344 1943 1711 2012; x_wconf 78' lang='lat' dir='ltr'><strong>intelligamus</strong></span> <span class='ocrx_word' id='word_1_261' title='bbox 1741 1941 1866 2012; x_wconf 83' lang='lat' dir='ltr'><strong>quia</strong></span> <span class='ocrx_word' id='word_1_262' title='bbox 1897 1953 2006 1994; x_wconf 90' lang='lat' dir='ltr'><strong>non</strong></span> <span class='ocrx_word' id='word_1_263' title='bbox 2031 1939 2208 1992; x_wconf 88' lang='lat' dir='ltr'><strong>otiose</strong></span> 
     </span>
    </p>
   </div>
   <div class='ocr_carea' id='block_1_35' title="bbox 608 2031 2206 2110">
    <p class='ocr_par' dir='ltr' id='par_1_35' title="bbox 608 2031 2206 2110">
     <span class='ocr_line' id='line_1_35' title="bbox 608 2031 2206 2110; baseline -0.009 -12"><span class='ocrx_word' id='word_1_264' title='bbox 608 2045 871 2100; x_wconf 86' lang='lat' dir='ltr'><strong>Dominus</strong></span> <span class='ocrx_word' id='word_1_265' title='bbox 901 2057 998 2097; x_wconf 87' lang='lat' dir='ltr'><strong>eos</strong></span> <span class='ocrx_word' id='word_1_266' title='bbox 1026 2041 1236 2110; x_wconf 84' lang='lat' dir='ltr'><strong>arguit,</strong></span> <span class='ocrx_word' id='word_1_267' title='bbox 1267 2037 1358 2110; x_wconf 88' lang='lat' dir='ltr'><strong>qui</strong></span> <span class='ocrx_word' id='word_1_268' title='bbox 1401 2033 1748 2091; x_wconf 59' lang='lat' dir='ltr'><strong>a&#39;diliCabant</strong></span> <span class='ocrx_word' id='word_1_269' title='bbox 1792 2033 1896 2088; x_wconf 90' lang='lat' dir='ltr'><strong>sibi</strong></span> <span class='ocrx_word' id='word_1_270' title='bbox 1925 2031 2206 2100; x_wconf 86' lang='lat' dir='ltr'><strong>sepulcra,</strong></span> 
     </span>
    </p>
   </div>
   <div class='ocr_carea' id='block_1_36' title="bbox 603 2123 2208 2204">
    <p class='ocr_par' dir='ltr' id='par_1_36' title="bbox 603 2123 2208 2204">
     <span class='ocr_line' id='line_1_36' title="bbox 603 2123 2208 2204; baseline -0.009 -12"><span class='ocrx_word' id='word_1_271' title='bbox 603 2139 688 2193; x_wconf 88' lang='lat' dir='ltr'><strong>vel</strong></span> <span class='ocrx_word' id='word_1_272' title='bbox 715 2137 954 2194; x_wconf 91' lang='lat' dir='ltr'><strong>tumulos</strong></span> <span class='ocrx_word' id='word_1_273' title='bbox 983 2135 1394 2204; x_wconf 64' lang='lat' dir='ltr'><strong>protlltetarum,</strong></span> <span class='ocrx_word' id='word_1_274' title='bbox 1422 2141 1476 2186; x_wconf 91' lang='lat' dir='ltr'><strong>et</strong></span> <span class='ocrx_word' id='word_1_275' title='bbox 1505 2129 1848 2184; x_wconf 75' lang='lat' dir='ltr'><strong>exornabant</strong></span> <span class='ocrx_word' id='word_1_276' title='bbox 1897 2142 1956 2181; x_wconf 89' lang='lat' dir='ltr'><strong>ea</strong></span> <span class='ocrx_word' id='word_1_277' title='bbox 1990 2123 2208 2198; x_wconf 78' lang='lat' dir='ltr'><strong>(Matth.</strong></span> 
     </span>
    </p>
   </div>
   <div class='ocr_carea' id='block_1_37' title="bbox 607 2215 2212 2302">
    <p class='ocr_par' dir='ltr' id='par_1_37' title="bbox 607 2215 2212 2302">
     <span class='ocr_line' id='line_1_37' title="bbox 607 2215 2212 2302; baseline -0.01 -14"><span class='ocrx_word' id='word_1_278' title='bbox 607 2245 742 2288; x_wconf 82' lang='lat' dir='ltr'><strong>xxnt</strong></span> <span class='ocrx_word' id='word_1_279' title='bbox 763 2273 778 2296; x_wconf 94' lang='lat'><strong>,</strong></span> <span class='ocrx_word' id='word_1_280' title='bbox 809 2229 922 2302; x_wconf 71' lang='lat'><strong>28).</strong></span> <span class='ocrx_word' id='word_1_281' title='bbox 955 2227 1410 2287; x_wconf 86' lang='lat' dir='ltr'><strong>Condemnantur</strong></span> <span class='ocrx_word' id='word_1_282' title='bbox 1439 2223 1584 2278; x_wconf 90' lang='lat' dir='ltr'><strong>enim</strong></span> <span class='ocrx_word' id='word_1_283' title='bbox 1613 2221 1784 2276; x_wconf 72' lang='lat' dir='ltr'><strong>Judtei</strong></span> <span class='ocrx_word' id='word_1_284' title='bbox 1807 2263 1822 2284; x_wconf 91' lang='lat'><strong>,</strong></span> <span class='ocrx_word' id='word_1_285' title='bbox 1851 2219 1941 2292; x_wconf 91' lang='lat' dir='ltr'><strong>qui</strong></span> <span class='ocrx_word' id='word_1_286' title='bbox 1975 2215 2212 2288; x_wconf 86' lang='lat' dir='ltr'><strong>prephe-</strong></span> 
     </span>
    </p>
   </div>
   <div class='ocr_carea' id='block_1_38' title="bbox 603 2315 2208 2394">
    <p class='ocr_par' dir='ltr' id='par_1_38' title="bbox 603 2315 2208 2394">
     <span class='ocr_line' id='line_1_38' title="bbox 603 2315 2208 2394; baseline -0.011 -13"><span class='ocrx_word' id='word_1_287' title='bbox 603 2327 673 2381; x_wconf 91' lang='lat' dir='ltr'><strong>Iis</strong></span> <span class='ocrx_word' id='word_1_288' title='bbox 728 2339 864 2394; x_wconf 85' lang='lat' dir='ltr'><strong>quos</strong></span> <span class='ocrx_word' id='word_1_289' title='bbox 917 2321 1270 2382; x_wconf 88' lang='lat' dir='ltr'><strong>occiderant,</strong></span> <span class='ocrx_word' id='word_1_290' title='bbox 1323 2327 1538 2374; x_wconf 86' lang='lat' dir='ltr'><strong>terrena</strong></span> <span class='ocrx_word' id='word_1_291' title='bbox 1587 2315 1800 2382; x_wconf 89' lang='lat' dir='ltr'><strong>solatia,</strong></span> <span class='ocrx_word' id='word_1_292' title='bbox 1849 2328 1954 2368; x_wconf 91' lang='lat' dir='ltr'><strong>non</strong></span> <span class='ocrx_word' id='word_1_293' title='bbox 2009 2320 2208 2366; x_wconf 75' lang='lat' dir='ltr'><strong>teterna</strong></span> 
     </span>
    </p>
   </div>
   <div class='ocr_carea' id='block_1_39' title="bbox 603 2403 2212 2490">
    <p class='ocr_par' dir='ltr' id='par_1_39' title="bbox 603 2403 2212 2490">
     <span class='ocr_line' id='line_1_39' title="bbox 603 2403 2212 2490; baseline -0.01 -18"><span class='ocrx_word' id='word_1_294' title='bbox 603 2421 823 2490; x_wconf 73' lang='lat' dir='ltr'><strong>prtemia</strong></span> <span class='ocrx_word' id='word_1_295' title='bbox 851 2414 1193 2470; x_wconf 82' lang='lat' dir='ltr'><strong>deferebant.</strong></span> <span class='ocrx_word' id='word_1_296' title='bbox 1227 2411 1462 2479; x_wconf 85' lang='lat' dir='ltr'><strong>Ideoque</strong></span> <span class='ocrx_word' id='word_1_297' title='bbox 1491 2408 1775 2480; x_wconf 86' lang='lat' dir='ltr'><strong>prohibet,</strong></span> <span class='ocrx_word' id='word_1_298' title='bbox 1805 2415 1864 2460; x_wconf 90' lang='lat' dir='ltr'><strong>ut</strong></span> <span class='ocrx_word' id='word_1_299' title='bbox 1915 2403 2212 2472; x_wconf 84' lang='lat' dir='ltr'><strong>discipulus</strong></span> 
     </span>
    </p>
   </div>
   <div class='ocr_carea' id='block_1_40' title="bbox 605 2497 2212 2578">
    <p class='ocr_par' dir='ltr' id='par_1_40' title="bbox 605 2497 2212 2578">
     <span class='ocr_line' id='line_1_40' title="bbox 605 2497 2212 2578; baseline -0.011 -12"><span class='ocrx_word' id='word_1_300' title='bbox 605 2525 738 2566; x_wconf 88' lang='lat' dir='ltr'><strong>suus</strong></span> <span class='ocrx_word' id='word_1_301' title='bbox 765 2507 994 2578; x_wconf 80' lang='lat' dir='ltr'><strong>sepeliat</strong></span> <span class='ocrx_word' id='word_1_302' title='bbox 1029 2513 1237 2575; x_wconf 86' lang='lat' dir='ltr'><strong>patrem</strong></span> <span class='ocrx_word' id='word_1_303' title='bbox 1266 2502 1486 2576; x_wconf 80' lang='lat' dir='ltr'><strong>(Matth.</strong></span> <span class='ocrx_word' id='word_1_304' title='bbox 1521 2516 1610 2554; x_wconf 84' lang='lat' dir='ltr'><strong>vm</strong></span> <span class='ocrx_word' id='word_1_305' title='bbox 1633 2541 1646 2564; x_wconf 90' lang='lat'><strong>,</strong></span> <span class='ocrx_word' id='word_1_306' title='bbox 1671 2499 1804 2566; x_wconf 68' lang='lat'><strong>22);</strong></span> <span class='ocrx_word' id='word_1_307' title='bbox 1849 2497 1970 2566; x_wconf 91' lang='lat' dir='ltr'><strong>quia</strong></span> <span class='ocrx_word' id='word_1_308' title='bbox 2001 2505 2212 2549; x_wconf 79' lang='lat' dir='ltr'><strong>:eteruo</strong></span> 
     </span>
    </p>
   </div>
   <div class='ocr_carea' id='block_1_41' title="bbox 605 2585 2212 2658">
    <p class='ocr_par' dir='ltr' id='par_1_41' title="bbox 605 2585 2212 2658">
     <span class='ocr_line' id='line_1_41' title="bbox 605 2585 2212 2658; baseline -0.011 0"><span class='ocrx_word' id='word_1_309' title='bbox 605 2601 752 2658; x_wconf 87' lang='lat' dir='ltr'><strong>Patri</strong></span> <span class='ocrx_word' id='word_1_310' title='bbox 784 2599 902 2654; x_wconf 88' lang='lat' dir='ltr'><strong>sine</strong></span> <span class='ocrx_word' id='word_1_311' title='bbox 923 2597 1230 2654; x_wconf 86' lang='lat' dir='ltr'><strong>cessatione</strong></span> <span class='ocrx_word' id='word_1_312' title='bbox 1249 2609 1371 2650; x_wconf 88' lang='lat' dir='ltr'><strong>esse</strong></span> <span class='ocrx_word' id='word_1_313' title='bbox 1397 2593 1558 2648; x_wconf 88' lang='lat' dir='ltr'><strong>debet</strong></span> <span class='ocrx_word' id='word_1_314' title='bbox 1585 2591 1846 2646; x_wconf 88' lang='lat' dir='ltr'><strong>intentus.</strong></span> <span class='ocrx_word' id='word_1_315' title='bbox 1879 2587 1944 2642; x_wconf 82' lang='lat' dir='ltr'><strong>Et</strong></span> <span class='ocrx_word' id='word_1_316' title='bbox 1963 2587 2014 2641; x_wconf 89' lang='lat' dir='ltr'><strong>in</strong></span> <span class='ocrx_word' id='word_1_317' title='bbox 2039 2585 2212 2641; x_wconf 69' lang='lat' dir='ltr'><strong>Esaiae</strong></span> 
     </span>
    </p>
   </div>
   <div class='ocr_carea' id='block_1_42' title="bbox 609 2679 2214 2760">
    <p class='ocr_par' dir='ltr' id='par_1_42' title="bbox 609 2679 2214 2760">
     <span class='ocr_line' id='line_1_42' title="bbox 609 2679 2214 2760; baseline -0.011 -10"><span class='ocrx_word' id='word_1_318' title='bbox 609 2695 752 2750; x_wconf 89' lang='lat' dir='ltr'><strong>libro</strong></span> <span class='ocrx_word' id='word_1_319' title='bbox 773 2693 1034 2760; x_wconf 88' lang='lat' dir='ltr'><strong>scriptum</strong></span> <span class='ocrx_word' id='word_1_320' title='bbox 1068 2699 1194 2744; x_wconf 88' lang='lat' dir='ltr'><strong>est:</strong></span> <span class='ocrx_word' id='word_1_321' title='bbox 1234 2687 1406 2756; x_wconf 83' lang='lat' dir='ltr'><strong>Quid,</strong></span> <span class='ocrx_word' id='word_1_322' title='bbox 1441 2685 1648 2754; x_wconf 90' lang='lat' dir='ltr'><strong>inquit,</strong></span> <span class='ocrx_word' id='word_1_323' title='bbox 1695 2683 1816 2752; x_wconf 84' lang='lat' dir='ltr'><strong>quia</strong></span> <span class='ocrx_word' id='word_1_324' title='bbox 1845 2679 2124 2750; x_wconf 74' lang='lat' dir='ltr'><strong>tediﬁcasti</strong></span> <span class='ocrx_word' id='word_1_325' title='bbox 2165 2689 2214 2733; x_wconf 88' lang='lat' dir='ltr'><strong>et</strong></span> 
     </span>
    </p>
   </div>
   <div class='ocr_carea' id='block_1_43' title="bbox 608 2771 2212 2849">
    <p class='ocr_par' dir='ltr' id='par_1_43' title="bbox 608 2771 2212 2849">
     <span class='ocr_line' id='line_1_43' title="bbox 608 2771 2212 2849; baseline -0.009 -9"><span class='ocrx_word' id='word_1_326' title='bbox 608 2784 847 2842; x_wconf 72' lang='lat' dir='ltr'><strong>excidisti</strong></span> <span class='ocrx_word' id='word_1_327' title='bbox 872 2782 966 2838; x_wconf 84' lang='lat' dir='ltr'><strong>tibi</strong></span> <span class='ocrx_word' id='word_1_328' title='bbox 991 2781 1286 2848; x_wconf 74' lang='lat' dir='ltr'><strong>sepulcrum</strong></span> <span class='ocrx_word' id='word_1_329' title='bbox 1319 2775 1491 2849; x_wconf 81' lang='lat' dir='ltr'><strong>(Esai.</strong></span> <span class='ocrx_word' id='word_1_330' title='bbox 1527 2791 1638 2830; x_wconf 71' lang='grc' dir='ltr'><strong>χιιι</strong></span> <span class='ocrx_word' id='word_1_331' title='bbox 1659 2816 1672 2838; x_wconf 86' lang='grc'><em>,</em></span> <span class='ocrx_word' id='word_1_332' title='bbox 1701 2773 1798 2848; x_wconf 82' lang='lat'><strong>6)?</strong></span> <span class='ocrx_word' id='word_1_333' title='bbox 1823 2773 1889 2829; x_wconf 85' lang='lat' dir='ltr'><strong>Et</strong></span> <span class='ocrx_word' id='word_1_334' title='bbox 1911 2771 2212 2844; x_wconf 87' lang='lat' dir='ltr'><strong>reprehen-</strong></span> 
     </span>
    </p>
   </div>
   <div class='ocr_carea' id='block_1_44' title="bbox 607 2863 2209 2945">
    <p class='ocr_par' dir='ltr' id='par_1_44' title="bbox 607 2863 2209 2945">
     <span class='ocr_line' id='line_1_44' title="bbox 607 2863 2209 2945; baseline -0.012 -9"><span class='ocrx_word' id='word_1_335' title='bbox 607 2879 756 2936; x_wconf 91' lang='lat' dir='ltr'><strong>ditur</strong></span> <span class='ocrx_word' id='word_1_336' title='bbox 806 2877 1008 2944; x_wconf 76' lang='lat' dir='ltr'><strong>Maria,</strong></span> <span class='ocrx_word' id='word_1_337' title='bbox 1057 2889 1178 2945; x_wconf 72' lang='lat' dir='ltr'><strong>qua:</strong></span> <span class='ocrx_word' id='word_1_338' title='bbox 1207 2871 1482 2928; x_wconf 88' lang='lat' dir='ltr'><strong>Christum</strong></span> <span class='ocrx_word' id='word_1_339' title='bbox 1535 2869 1588 2923; x_wconf 90' lang='lat' dir='ltr'><strong>in</strong></span> <span class='ocrx_word' id='word_1_340' title='bbox 1621 2867 1829 2922; x_wconf 89' lang='lat' dir='ltr'><strong>tumulo</strong></span> <span class='ocrx_word' id='word_1_341' title='bbox 1876 2863 2209 2936; x_wconf 87' lang='lat' dir='ltr'><strong>requirebat.</strong></span> 
     </span>
    </p>
   </div>
   <div class='ocr_carea' id='block_1_45' title="bbox 610 2961 2215 3043">
    <p class='ocr_par' dir='ltr' id='par_1_45' title="bbox 610 2961 2215 3043">
     <span class='ocr_line' id='line_1_45' title="bbox 610 2961 2215 3043; baseline -0.009 -14"><span class='ocrx_word' id='word_1_342' title='bbox 610 2973 875 3043; x_wconf 78' lang='lat' dir='ltr'><strong>Relinque</strong></span> <span class='ocrx_word' id='word_1_343' title='bbox 898 2969 1181 3042; x_wconf 87' lang='lat' dir='ltr'><strong>sepulcra,</strong></span> <span class='ocrx_word' id='word_1_344' title='bbox 1211 2983 1330 3037; x_wconf 65' lang='lat' dir='ltr'><strong>quae</strong></span> <span class='ocrx_word' id='word_1_345' title='bbox 1361 2963 1698 3034; x_wconf 62' lang='lat' dir='ltr'><strong>reliquerunt</strong></span> <span class='ocrx_word' id='word_1_346' title='bbox 1723 2962 1846 3032; x_wconf 89' lang='lat' dir='ltr'><strong>,qui</strong></span> <span class='ocrx_word' id='word_1_347' title='bbox 1875 2961 2057 3014; x_wconf 88' lang='lat' dir='ltr'><strong>audita</strong></span> <span class='ocrx_word' id='word_1_348' title='bbox 2079 2973 2215 3014; x_wconf 83' lang='lat' dir='ltr'><strong>voce</strong></span> 
     </span>
    </p>
   </div>
   <div class='ocr_carea' id='block_1_46' title="bbox 613 3051 2214 3131">
    <p class='ocr_par' dir='ltr' id='par_1_46' title="bbox 613 3051 2214 3131">
     <span class='ocr_line' id='line_1_46' title="bbox 613 3051 2214 3131; baseline -0.006 -13"><span class='ocrx_word' id='word_1_349' title='bbox 613 3063 824 3118; x_wconf 88' lang='lat' dir='ltr'><strong>Domini</strong></span> <span class='ocrx_word' id='word_1_350' title='bbox 857 3064 910 3116; x_wconf 92' lang='lat' dir='ltr'><strong>in</strong></span> <span class='ocrx_word' id='word_1_351' title='bbox 943 3061 1113 3131; x_wconf 89' lang='lat' dir='ltr'><strong>ipsius</strong></span> <span class='ocrx_word' id='word_1_352' title='bbox 1135 3055 1388 3130; x_wconf 78' lang='lat' dir='ltr'><strong>passione</strong></span> <span class='ocrx_word' id='word_1_353' title='bbox 1411 3070 1700 3112; x_wconf 81' lang='lat' dir='ltr'><strong>surrexere</strong></span> <span class='ocrx_word' id='word_1_354' title='bbox 1722 3053 1788 3110; x_wconf 90' lang='lat' dir='ltr'><strong>de</strong></span> <span class='ocrx_word' id='word_1_355' title='bbox 1810 3053 2054 3108; x_wconf 90' lang='lat' dir='ltr'><strong>tumulis.</strong></span> <span class='ocrx_word' id='word_1_356' title='bbox 2094 3051 2214 3108; x_wconf 88' lang='lat' dir='ltr'><strong>Noli</strong></span> 
     </span>
    </p>
   </div>
   <div class='ocr_carea' id='block_1_47' title="bbox 611 3145 2208 3228">
    <p class='ocr_par' dir='ltr' id='par_1_47' title="bbox 611 3145 2208 3228">
     <span class='ocr_line' id='line_1_47' title="bbox 611 3145 2208 3228; baseline -0.008 -17"><span class='ocrx_word' id='word_1_357' title='bbox 611 3158 750 3211; x_wconf 88' lang='lat' dir='ltr'><strong>inter</strong></span> <span class='ocrx_word' id='word_1_358' title='bbox 768 3155 932 3228; x_wconf 73' lang='lat'><strong>952</strong></span> <span class='ocrx_word' id='word_1_359' title='bbox 957 3161 1202 3206; x_wconf 86' lang='lat' dir='ltr'><strong>mortuos</strong></span> <span class='ocrx_word' id='word_1_360' title='bbox 1235 3149 1500 3212; x_wconf 84' lang='lat' dir='ltr'><strong>habitare,</strong></span> <span class='ocrx_word' id='word_1_361' title='bbox 1535 3147 1624 3218; x_wconf 91' lang='lat' dir='ltr'><strong>qui</strong></span> <span class='ocrx_word' id='word_1_362' title='bbox 1656 3147 1812 3201; x_wconf 74' lang='lat' dir='ltr'><strong>vivis.</strong></span> <span class='ocrx_word' id='word_1_363' title='bbox 1837 3145 1975 3201; x_wconf 82' lang='lat' dir='ltr'><strong>Audi</strong></span> <span class='ocrx_word' id='word_1_364' title='bbox 2017 3159 2208 3198; x_wconf 78' lang='lat' dir='ltr'><strong>vocent</strong></span> 
     </span>
    </p>
   </div>
   <div class='ocr_carea' id='block_1_48' title="bbox 2311 1935 3890 2008">
    <p class='ocr_par' dir='ltr' id='par_1_48' title="bbox 2311 1935 3890 2008">
     <span class='ocr_line' id='line_1_48' title="bbox 2311 1935 3890 2008; baseline 0.001 -18"><span class='ocrx_word' id='word_1_365' title='bbox 2311 1945 2402 1990; x_wconf 90' lang='lat' dir='ltr'><strong>tur</strong></span> <span class='ocrx_word' id='word_1_366' title='bbox 2445 1936 2496 1990; x_wconf 90' lang='lat' dir='ltr'><strong>in</strong></span> <span class='ocrx_word' id='word_1_367' title='bbox 2527 1935 2756 2006; x_wconf 75' lang='lat' dir='ltr'><strong>gloriam</strong></span> <span class='ocrx_word' id='word_1_368' title='bbox 2799 1937 3107 2006; x_wconf 82' lang='lat' dir='ltr'><strong>splendoris</strong></span> <span class='ocrx_word' id='word_1_369' title='bbox 3133 1945 3190 1992; x_wconf 88' lang='lat' dir='ltr'><strong>et</strong></span> <span class='ocrx_word' id='word_1_370' title='bbox 3219 1935 3468 1992; x_wconf 86' lang='lat' dir='ltr'><strong>luminis</strong></span> <span class='ocrx_word' id='word_1_371' title='bbox 3488 1979 3504 1996; x_wconf 86' lang='lat'><strong>.</strong></span> <span class='ocrx_word' id='word_1_372' title='bbox 3545 1935 3740 1992; x_wconf 85' lang='lat' dir='ltr'><strong>borum</strong></span> <span class='ocrx_word' id='word_1_373' title='bbox 3773 1939 3890 2008; x_wconf 66' lang='lat' dir='ltr'><strong>glori:</strong></span> 
     </span>
    </p>
   </div>
   <div class='ocr_carea' id='block_1_49' title="bbox 2311 2029 3888 2086">
    <p class='ocr_par' dir='ltr' id='par_1_49' title="bbox 2311 2029 3888 2086">
     <span class='ocr_line' id='line_1_49' title="bbox 2311 2029 3888 2086; baseline -0.003 -2"><span class='ocrx_word' id='word_1_374' title='bbox 2311 2039 2620 2084; x_wconf 72' lang='lat' dir='ltr'><strong>Volet-ascat</strong></span> <span class='ocrx_word' id='word_1_375' title='bbox 2667 2039 2724 2084; x_wconf 85' lang='lat' dir='ltr'><strong>et</strong></span> <span class='ocrx_word' id='word_1_376' title='bbox 2767 2039 3122 2086; x_wconf 78' lang='lat' dir='ltr'><strong>consumatur</strong></span> <span class='ocrx_word' id='word_1_377' title='bbox 3187 2029 3240 2084; x_wconf 89' lang='lat' dir='ltr'><strong>in</strong></span> <span class='ocrx_word' id='word_1_378' title='bbox 3301 2029 3576 2086; x_wconf 85' lang='lat' dir='ltr'><strong>tenebris</strong></span> <span class='ocrx_word' id='word_1_379' title='bbox 3635 2029 3888 2084; x_wconf 67' lang='lat' dir='ltr'><strong>inferorum.</strong></span> 
     </span>
    </p>
   </div>
   <div class='ocr_carea' id='block_1_50' title="bbox 2315 2109 3963 2194">
    <p class='ocr_par' dir='ltr' id='par_1_50' title="bbox 2315 2109 3963 2194">
     <span class='ocr_line' id='line_1_50' title="bbox 2315 2109 3963 2194; baseline -0.001 -15"><span class='ocrx_word' id='word_1_380' title='bbox 2315 2123 2620 2194; x_wconf 80' lang='lat' dir='ltr'><strong>Meritoque</strong></span> <span class='ocrx_word' id='word_1_381' title='bbox 2639 2123 2708 2178; x_wconf 87' lang='lat' dir='ltr'><strong>de</strong></span> <span class='ocrx_word' id='word_1_382' title='bbox 2757 2123 2842 2180; x_wconf 92' lang='lat' dir='ltr'><strong>his</strong></span> <span class='ocrx_word' id='word_1_383' title='bbox 2892 2123 3091 2180; x_wconf 86' lang='lat' dir='ltr'><strong>dicitur</strong></span> <span class='ocrx_word' id='word_1_384' title='bbox 3125 2142 3136 2176; x_wconf 93' lang='lat'>:</span> <span class='ocrx_word' id='word_1_385' title='bbox 3171 2125 3248 2178; x_wconf 88' lang='lat' dir='ltr'><strong>De</strong></span> <span class='ocrx_word' id='word_1_386' title='bbox 3279 2125 3516 2180; x_wconf 85' lang='lat' dir='ltr'><strong>honore</strong></span> <span class='ocrx_word' id='word_1_387' title='bbox 3565 2136 3668 2178; x_wconf 75' lang='grc' dir='ltr'><strong>ευυ</strong></span> <span class='ocrx_word' id='word_1_388' title='bbox 3693 2131 3744 2178; x_wconf 86' lang='lat' dir='ltr'><strong>et</strong></span> <span class='ocrx_word' id='word_1_389' title='bbox 3773 2125 3888 2193; x_wconf 65' lang='lat' dir='ltr'><strong>gloria</strong></span> <span class='ocrx_word' id='word_1_390' title='bbox 3961 2109 3963 2132; x_wconf 58' lang='grc' dir='ltr'><strong>ί</strong></span> 
     </span>
    </p>
   </div>
   <div class='ocr_carea' id='block_1_51' title="bbox 2313 2215 3736 2288">
    <p class='ocr_par' dir='ltr' id='par_1_51' title="bbox 2313 2215 3736 2288">
     <span class='ocr_line' id='line_1_51' title="bbox 2313 2215 3736 2288; baseline -0.001 -17"><span class='ocrx_word' id='word_1_391' title='bbox 2313 2231 2411 2272; x_wconf 89' lang='lat' dir='ltr'><strong>sna</strong></span> <span class='ocrx_word' id='word_1_392' title='bbox 2434 2217 2646 2288; x_wconf 81' lang='lat' dir='ltr'><strong>expulsi</strong></span> <span class='ocrx_word' id='word_1_393' title='bbox 2673 2225 2836 2282; x_wconf 89' lang='lat' dir='ltr'><strong>sunt;</strong></span> <span class='ocrx_word' id='word_1_394' title='bbox 2867 2218 2992 2287; x_wconf 89' lang='lat' dir='ltr'><strong>quia</strong></span> <span class='ocrx_word' id='word_1_395' title='bbox 3023 2219 3354 2287; x_wconf 87' lang='lat' dir='ltr'><strong>temporalis</strong></span> <span class='ocrx_word' id='word_1_396' title='bbox 3385 2216 3520 2272; x_wconf 63' lang='lat' dir='ltr'><strong>haec</strong></span> <span class='ocrx_word' id='word_1_397' title='bbox 3547 2215 3736 2286; x_wconf 80' lang='lat' dir='ltr'><strong>gloria.</strong></span> 
     </span>
    </p>
   </div>
   <div class='ocr_carea' id='block_1_52' title="bbox 2385 2309 3886 2384">
    <p class='ocr_par' dir='ltr' id='par_1_52' title="bbox 2385 2309 3886 2384">
     <span class='ocr_line' id='line_1_52' title="bbox 2385 2309 3886 2384; baseline 0.003 -18"><span class='ocrx_word' id='word_1_398' title='bbox 2385 2311 2475 2366; x_wconf 75' lang='grc'><strong>22.</strong></span> <span class='ocrx_word' id='word_1_399' title='bbox 2507 2309 2690 2384; x_wconf 73' lang='lat' dir='ltr'><strong>(Vers.</strong></span> <span class='ocrx_word' id='word_1_400' title='bbox 2723 2311 2836 2384; x_wconf 84' lang='lat' dir='ltr'><strong>l6.)</strong></span> <span class='ocrx_word' id='word_1_401' title='bbox 2871 2309 3236 2366; x_wconf 74' lang='lat' dir='ltr'><strong>Verumtamen</strong></span> <span class='ocrx_word' id='word_1_402' title='bbox 3261 2309 3422 2366; x_wconf 81' lang='lat' dir='ltr'><strong>Deus</strong></span> <span class='ocrx_word' id='word_1_403' title='bbox 3451 2311 3723 2376; x_wconf 76' lang='lat' dir='ltr'><strong>liberabit,</strong></span> <span class='ocrx_word' id='word_1_404' title='bbox 3749 2313 3886 2382; x_wconf 72' lang='lat' dir='ltr'><strong>inquit.</strong></span> 
     </span>
    </p>
   </div>
   <div class='ocr_carea' id='block_1_53' title="bbox 2313 2407 3886 2478">
    <p class='ocr_par' dir='ltr' id='par_1_53' title="bbox 2313 2407 3886 2478">
     <span class='ocr_line' id='line_1_53' title="bbox 2313 2407 3886 2478; baseline -0.003 -18"><span class='ocrx_word' id='word_1_405' title='bbox 2313 2407 2541 2460; x_wconf 85' lang='lat' dir='ltr'><strong>animum</strong></span> <span class='ocrx_word' id='word_1_406' title='bbox 2571 2423 2736 2460; x_wconf 81' lang='lat' dir='ltr'><strong>meam</strong></span> <span class='ocrx_word' id='word_1_407' title='bbox 2779 2408 2844 2460; x_wconf 87' lang='lat' dir='ltr'><strong>de</strong></span> <span class='ocrx_word' id='word_1_408' title='bbox 2873 2423 3030 2460; x_wconf 88' lang='lat' dir='ltr'><strong>manu</strong></span> <span class='ocrx_word' id='word_1_409' title='bbox 3075 2407 3314 2478; x_wconf 70' lang='lat' dir='ltr'><strong>inferni;</strong></span> <span class='ocrx_word' id='word_1_410' title='bbox 3347 2422 3480 2460; x_wconf 80' lang='lat' dir='ltr'><strong>cum</strong></span> <span class='ocrx_word' id='word_1_411' title='bbox 3511 2408 3764 2477; x_wconf 71' lang='lat' dir='ltr'><strong>acceperit</strong></span> <span class='ocrx_word' id='word_1_412' title='bbox 3799 2423 3886 2458; x_wconf 61' lang='lat' dir='ltr'><strong>ea.</strong></span> 
     </span>
    </p>
   </div>
   <div class='ocr_carea' id='block_1_54' title="bbox 2315 2499 3887 2569">
    <p class='ocr_par' dir='ltr' id='par_1_54' title="bbox 2315 2499 3887 2569">
     <span class='ocr_line' id='line_1_54' title="bbox 2315 2499 3887 2569; baseline 0 -15"><span class='ocrx_word' id='word_1_413' title='bbox 2315 2499 2460 2556; x_wconf 84' lang='lat' dir='ltr'><strong>Bene</strong></span> <span class='ocrx_word' id='word_1_414' title='bbox 2489 2501 2592 2555; x_wconf 86' lang='lat' dir='ltr'><strong>hoc</strong></span> <span class='ocrx_word' id='word_1_415' title='bbox 2621 2499 2780 2564; x_wconf 87' lang='lat' dir='ltr'><strong>dicit,</strong></span> <span class='ocrx_word' id='word_1_416' title='bbox 2823 2500 2912 2569; x_wconf 86' lang='lat' dir='ltr'><strong>qui</strong></span> <span class='ocrx_word' id='word_1_417' title='bbox 2960 2501 3171 2556; x_wconf 85' lang='lat' dir='ltr'><strong>sciebat</strong></span> <span class='ocrx_word' id='word_1_418' title='bbox 3199 2501 3460 2557; x_wconf 82' lang='lat' dir='ltr'><strong>animam</strong></span> <span class='ocrx_word' id='word_1_419' title='bbox 3495 2516 3660 2558; x_wconf 84' lang='lat' dir='ltr'><strong>suam</strong></span> <span class='ocrx_word' id='word_1_420' title='bbox 3703 2503 3752 2554; x_wconf 88' lang='lat' dir='ltr'><strong>in</strong></span> <span class='ocrx_word' id='word_1_421' title='bbox 3775 2500 3887 2554; x_wconf 77' lang='lat' dir='ltr'><strong>inier-</strong></span> 
     </span>
    </p>
   </div>
   <div class='ocr_carea' id='block_1_55' title="bbox 2317 2591 3886 2664">
    <p class='ocr_par' dir='ltr' id='par_1_55' title="bbox 2317 2591 3886 2664">
     <span class='ocr_line' id='line_1_55' title="bbox 2317 2591 3886 2664; baseline -0.001 -18"><span class='ocrx_word' id='word_1_422' title='bbox 2317 2609 2387 2646; x_wconf 85' lang='lat' dir='ltr'><strong>no</strong></span> <span class='ocrx_word' id='word_1_423' title='bbox 2423 2609 2528 2646; x_wconf 88' lang='lat' dir='ltr'><strong>non</strong></span> <span class='ocrx_word' id='word_1_424' title='bbox 2579 2591 3086 2664; x_wconf 82' lang='lat' dir='ltr'><strong>derelinqueudam.</strong></span> <span class='ocrx_word' id='word_1_425' title='bbox 3125 2593 3436 2646; x_wconf 88' lang='lat' dir='ltr'><strong>Descendit</strong></span> <span class='ocrx_word' id='word_1_426' title='bbox 3462 2592 3656 2656; x_wconf 84' lang='lat' dir='ltr'><strong>enim,</strong></span> <span class='ocrx_word' id='word_1_427' title='bbox 3691 2603 3740 2646; x_wconf 88' lang='lat' dir='ltr'><strong>ut</strong></span> <span class='ocrx_word' id='word_1_428' title='bbox 3763 2593 3886 2660; x_wconf 65' lang='lat' dir='ltr'><strong>Capti-</strong></span> 
     </span>
    </p>
   </div>
   <div class='ocr_carea' id='block_1_56' title="bbox 2319 2681 3886 2752">
    <p class='ocr_par' dir='ltr' id='par_1_56' title="bbox 2319 2681 3886 2752">
     <span class='ocr_line' id='line_1_56' title="bbox 2319 2681 3886 2752; baseline 0.001 -16"><span class='ocrx_word' id='word_1_429' title='bbox 2319 2699 2416 2738; x_wconf 89' lang='lat' dir='ltr'><strong>vos</strong></span> <span class='ocrx_word' id='word_1_430' title='bbox 2447 2683 2754 2738; x_wconf 53' lang='lat' dir='ltr'><strong>absolveret</strong></span> <span class='ocrx_word' id='word_1_431' title='bbox 2781 2683 2848 2738; x_wconf 89' lang='lat' dir='ltr'><strong>de</strong></span> <span class='ocrx_word' id='word_1_432' title='bbox 2877 2681 3122 2740; x_wconf 87' lang='lat' dir='ltr'><strong>faucibus</strong></span> <span class='ocrx_word' id='word_1_433' title='bbox 3151 2684 3476 2740; x_wconf 82' lang='lat' dir='ltr'><strong>inferomnt</strong></span> <span class='ocrx_word' id='word_1_434' title='bbox 3499 2727 3515 2752; x_wconf 90' lang='lat'><strong>,</strong></span> <span class='ocrx_word' id='word_1_435' title='bbox 3551 2701 3662 2740; x_wconf 91' lang='lat' dir='ltr'><strong>non</strong></span> <span class='ocrx_word' id='word_1_436' title='bbox 3691 2695 3746 2740; x_wconf 90' lang='lat' dir='ltr'><strong>ut</strong></span> <span class='ocrx_word' id='word_1_437' title='bbox 3779 2683 3886 2738; x_wconf 76' lang='lat' dir='ltr'><strong>iuius</strong></span> 
     </span>
    </p>
   </div>
   <div class='ocr_carea' id='block_1_57' title="bbox 2313 2775 2878 2846">
    <p class='ocr_par' dir='ltr' id='par_1_57' title="bbox 2313 2775 2878 2846">
     <span class='ocr_line' id='line_1_57' title="bbox 2313 2775 2878 2846; baseline 0 -14"><span class='ocrx_word' id='word_1_438' title='bbox 2313 2775 2526 2846; x_wconf 82' lang='lat' dir='ltr'><strong>captiva</strong></span> <span class='ocrx_word' id='word_1_439' title='bbox 2553 2785 2878 2832; x_wconf 87' lang='lat' dir='ltr'><strong>remaneret.</strong></span> 
     </span>
    </p>
   </div>
   <div class='ocr_carea' id='block_1_58' title="bbox 2385 2868 3963 2944">
    <p class='ocr_par' dir='ltr' id='par_1_58' title="bbox 2385 2868 3963 2944">
     <span class='ocr_line' id='line_1_58' title="bbox 2385 2868 3963 2944; baseline 0.001 -20"><span class='ocrx_word' id='word_1_440' title='bbox 2385 2871 2477 2926; x_wconf 70' lang='grc'><strong>95.</strong></span> <span class='ocrx_word' id='word_1_441' title='bbox 2523 2869 2703 2944; x_wconf 78' lang='lat' dir='ltr'><strong>(\‘crs.</strong></span> <span class='ocrx_word' id='word_1_442' title='bbox 2759 2868 2877 2940; x_wconf 78' lang='lat' dir='ltr'><strong>i7.)</strong></span> <span class='ocrx_word' id='word_1_443' title='bbox 2921 2869 3061 2942; x_wconf 76' lang='lat' dir='ltr'><strong>Ergo</strong></span> <span class='ocrx_word' id='word_1_444' title='bbox 3105 2872 3377 2942; x_wconf 87' lang='lat' dir='ltr'><strong>quoniam</strong></span> <span class='ocrx_word' id='word_1_445' title='bbox 3411 2873 3540 2928; x_wconf 71' lang='lat' dir='ltr'><strong>haec</strong></span> <span class='ocrx_word' id='word_1_446' title='bbox 3567 2915 3584 2938; x_wconf 88' lang='lat'><strong>,</strong></span> <span class='ocrx_word' id='word_1_447' title='bbox 3616 2873 3884 2944; x_wconf 55' lang='lat' dir='ltr'><strong>quaeultra</strong></span> <span class='ocrx_word' id='word_1_448' title='bbox 3962 2868 3963 2882; x_wconf 62' lang='grc'>³</span> 
     </span>
    </p>
   </div>
   <div class='ocr_carea' id='block_1_59' title="bbox 2315 2949 3963 3036">
    <p class='ocr_par' dir='ltr' id='par_1_59' title="bbox 2315 2949 3963 3036">
     <span class='ocr_line' id='line_1_59' title="bbox 2315 2949 3963 3036; baseline -0.001 -16"><span class='ocrx_word' id='word_1_449' title='bbox 2315 2965 2518 3020; x_wconf 78' lang='lat' dir='ltr'><strong>szeculo</strong></span> <span class='ocrx_word' id='word_1_450' title='bbox 2547 2973 2706 3026; x_wconf 89' lang='lat' dir='ltr'><strong>sunt,</strong></span> <span class='ocrx_word' id='word_1_451' title='bbox 2747 2962 3032 3018; x_wconf 74' lang='lat' dir='ltr'><strong>nobiscum</strong></span> <span class='ocrx_word' id='word_1_452' title='bbox 3067 2966 3308 3020; x_wconf 89' lang='lat' dir='ltr'><strong>transire</strong></span> <span class='ocrx_word' id='word_1_453' title='bbox 3357 2981 3478 3018; x_wconf 84' lang='lat' dir='ltr'><strong>non</strong></span> <span class='ocrx_word' id='word_1_454' title='bbox 3517 2979 3776 3036; x_wconf 80' lang='lat' dir='ltr'><strong>possunt;</strong></span> <span class='ocrx_word' id='word_1_455' title='bbox 3805 2966 3882 3019; x_wconf 70' lang='lat' dir='ltr'><strong>idet</strong></span> <span class='ocrx_word' id='word_1_456' title='bbox 3962 2949 3963 2964; x_wconf 35' lang='lat'>‘</span> 
     </span>
    </p>
   </div>
   <div class='ocr_carea' id='block_1_60' title="bbox 2317 3039 3963 3138">
    <p class='ocr_par' dir='ltr' id='par_1_60' title="bbox 2317 3039 3963 3138">
     <span class='ocr_line' id='line_1_60' title="bbox 2317 3039 3963 3138; baseline -0.001 -26"><span class='ocrx_word' id='word_1_457' title='bbox 2317 3057 2414 3116; x_wconf 88' lang='lat' dir='ltr'><strong>tibi</strong></span> <span class='ocrx_word' id='word_1_458' title='bbox 2447 3057 2684 3112; x_wconf 85' lang='lat' dir='ltr'><strong>dicitur:</strong></span> <span class='ocrx_word' id='word_1_459' title='bbox 2720 3055 2804 3111; x_wconf 84' lang='lat' dir='ltr'><strong>Ne</strong></span> <span class='ocrx_word' id='word_1_460' title='bbox 2829 3057 3064 3114; x_wconf 72' lang='lat' dir='ltr'><strong>timueris</strong></span> <span class='ocrx_word' id='word_1_461' title='bbox 3107 3073 3226 3138; x_wconf 62' lang='lat' dir='ltr'><strong>city:</strong></span> <span class='ocrx_word' id='word_1_462' title='bbox 3267 3057 3420 3112; x_wconf 78' lang='lat' dir='ltr'><strong>diues</strong></span> <span class='ocrx_word' id='word_1_463' title='bbox 3465 3063 3648 3130; x_wconf 77' lang='lat' dir='ltr'><strong>factus</strong></span> <span class='ocrx_word' id='word_1_464' title='bbox 3674 3059 3882 3132; x_wconf 64' lang='lat' dir='ltr'><strong>{ueritis-</strong></span> 
     </span>
    </p>
   </div>
   <div class='ocr_carea' id='block_1_61' title="bbox 2319 3145 3963 3222">
    <p class='ocr_par' dir='ltr' id='par_1_61' title="bbox 2319 3145 3963 3222">
     <span class='ocr_line' id='line_1_61' title="bbox 2319 3145 3963 3222; baseline 0 -22"><span class='ocrx_word' id='word_1_465' title='bbox 2319 3165 2402 3202; x_wconf 89' lang='lat' dir='ltr'><strong>mo</strong></span> <span class='ocrx_word' id='word_1_466' title='bbox 2441 3165 2460 3202; x_wconf 83' lang='lat'><strong>.&#39;</strong></span> <span class='ocrx_word' id='word_1_467' title='bbox 2491 3159 2538 3202; x_wconf 88' lang='lat' dir='ltr'><strong>et</strong></span> <span class='ocrx_word' id='word_1_468' title='bbox 2588 3165 2704 3202; x_wconf 88' lang='lat' dir='ltr'><strong>cum</strong></span> <span class='ocrx_word' id='word_1_469' title='bbox 2749 3149 3097 3218; x_wconf 85' lang='lat' dir='ltr'><strong>multiplicata</strong></span> <span class='ocrx_word' id='word_1_470' title='bbox 3139 3149 3300 3220; x_wconf 79' lang='lat' dir='ltr'><strong>fuerit</strong></span> <span class='ocrx_word' id='word_1_471' title='bbox 3359 3149 3548 3220; x_wconf 82' lang='lat' dir='ltr'><strong>gloria</strong></span> <span class='ocrx_word' id='word_1_472' title='bbox 3599 3151 3880 3222; x_wconf 67' lang='lat' dir='ltr'><strong>domuseju.</strong></span> <span class='ocrx_word' id='word_1_473' title='bbox 3961 3145 3963 3164; x_wconf 87' lang='grc'>¹</span> 
     </span>
    </p>
   </div>
   <div class='ocr_carea' id='block_1_62' title="bbox 615 3222 3882 3314">
    <p class='ocr_par' dir='ltr' id='par_1_62' title="bbox 615 3222 3882 3314">
     <span class='ocr_line' id='line_1_62' title="bbox 615 3222 3882 3314; baseline -0.003 -10"><span class='ocrx_word' id='word_1_474' title='bbox 615 3245 992 3304; x_wconf 66' lang='lat' dir='ltr'><strong>resuscdautis</strong></span> <span class='ocrx_word' id='word_1_475' title='bbox 1019 3244 1149 3300; x_wconf 79' lang='lat' dir='ltr'><strong>Jesu</strong></span> <span class='ocrx_word' id='word_1_476' title='bbox 1201 3263 1212 3296; x_wconf 90' lang='lat'><strong>:</strong></span> <span class='ocrx_word' id='word_1_477' title='bbox 1249 3243 1418 3314; x_wconf 81' lang='lat' dir='ltr'><strong>Surge</strong></span> <span class='ocrx_word' id='word_1_478' title='bbox 1445 3241 1535 3313; x_wconf 85' lang='lat' dir='ltr'><strong>qui</strong></span> <span class='ocrx_word' id='word_1_479' title='bbox 1563 3239 1792 3302; x_wconf 79' lang='lat' dir='ltr'><strong>dormis,</strong></span> <span class='ocrx_word' id='word_1_480' title='bbox 1834 3249 1880 3292; x_wconf 85' lang='lat' dir='ltr'><strong>et</strong></span> <span class='ocrx_word' id='word_1_481' title='bbox 1917 3253 2136 3307; x_wconf 70' lang='lat' dir='ltr'><strong>exsurge</strong></span> <span class='ocrx_word' id='word_1_482' title='bbox 2181 3251 2212 3290; x_wconf 89' lang='lat' dir='ltr'><strong>a</strong></span> <span class='ocrx_word' id='word_1_483' title='bbox 2239 3222 2282 3284; x_wconf 86' lang='lat' dir='ltr'><strong>C</strong></span> <span class='ocrx_word' id='word_1_484' title='bbox 2321 3239 2580 3308; x_wconf 78' lang='lat' dir='ltr'><strong>Quoniam</strong></span> <span class='ocrx_word' id='word_1_485' title='bbox 2623 3257 2726 3294; x_wconf 90' lang='lat' dir='ltr'><strong>non</strong></span> <span class='ocrx_word' id='word_1_486' title='bbox 2774 3257 2892 3294; x_wconf 87' lang='lat' dir='ltr'><strong>cum</strong></span> <span class='ocrx_word' id='word_1_487' title='bbox 2941 3241 3211 3306; x_wconf 85' lang='lat' dir='ltr'><strong>morietur,</strong></span> <span class='ocrx_word' id='word_1_488' title='bbox 3235 3243 3472 3312; x_wconf 85' lang='lat' dir='ltr'><strong>accipiet</strong></span> <span class='ocrx_word' id='word_1_489' title='bbox 3499 3245 3682 3298; x_wconf 83' lang='lat' dir='ltr'><strong>omnia</strong></span> <span class='ocrx_word' id='word_1_490' title='bbox 3725 3260 3742 3297; x_wconf 94' lang='lat'><em>:</em></span> <span class='ocrx_word' id='word_1_491' title='bbox 3775 3259 3882 3311; x_wconf 72' lang='lat' dir='ltr'><strong>nequ</strong></span> 
     </span>
    </p>
   </div>
   <div class='ocr_carea' id='block_1_63' title="bbox 611 3329 2210 3407">
    <p class='ocr_par' dir='ltr' id='par_1_63' title="bbox 611 3329 2210 3407">
     <span class='ocr_line' id='line_1_63' title="bbox 611 3329 2210 3407; baseline -0.008 -11"><span class='ocrx_word' id='word_1_492' title='bbox 611 3343 854 3407; x_wconf 75' lang='lat' dir='ltr'><strong>mortuis;</strong></span> <span class='ocrx_word' id='word_1_493' title='bbox 873 3349 928 3394; x_wconf 88' lang='lat' dir='ltr'><strong>ut</strong></span> <span class='ocrx_word' id='word_1_494' title='bbox 957 3339 1127 3392; x_wconf 83' lang='lat' dir='ltr'><strong>lumen</strong></span> <span class='ocrx_word' id='word_1_495' title='bbox 1154 3337 1242 3391; x_wconf 86' lang='lat' dir='ltr'><strong>tibi</strong></span> <span class='ocrx_word' id='word_1_496' title='bbox 1257 3335 1450 3390; x_wconf 81' lang='lat' dir='ltr'><strong>Christi</strong></span> <span class='ocrx_word' id='word_1_497' title='bbox 1474 3329 2004 3404; x_wconf 68' lang='lat' dir='ltr'><strong>iufundatur(l€phes.</strong></span> <span class='ocrx_word' id='word_1_498' title='bbox 2033 3330 2210 3400; x_wconf 74' lang='lat' dir='ltr'><strong>v,”).</strong></span> 
     </span>
    </p>
   </div>
   <div class='ocr_carea' id='block_1_64' title="bbox 618 3422 2219 3502">
    <p class='ocr_par' dir='ltr' id='par_1_64' title="bbox 618 3422 2219 3502">
     <span class='ocr_line' id='line_1_64' title="bbox 618 3422 2219 3502; baseline -0.01 -10"><span class='ocrx_word' id='word_1_499' title='bbox 618 3437 864 3492; x_wconf 78' lang='lat' dir='ltr'><strong>Alterum</strong></span> <span class='ocrx_word' id='word_1_500' title='bbox 897 3435 1075 3489; x_wconf 87' lang='lat' dir='ltr'><strong>lumen</strong></span> <span class='ocrx_word' id='word_1_501' title='bbox 1092 3431 1208 3502; x_wconf 80' lang='lat' dir='ltr'><strong>ejus</strong></span> <span class='ocrx_word' id='word_1_502' title='bbox 1225 3429 1462 3498; x_wconf 83' lang='lat' dir='ltr'><strong>Spiritus</strong></span> <span class='ocrx_word' id='word_1_503' title='bbox 1476 3435 1696 3482; x_wconf 89' lang='lat' dir='ltr'><strong>sanctus</strong></span> <span class='ocrx_word' id='word_1_504' title='bbox 1717 3434 1825 3490; x_wconf 88' lang='lat' dir='ltr'><strong>est,</strong></span> <span class='ocrx_word' id='word_1_505' title='bbox 1841 3425 1930 3496; x_wconf 90' lang='lat' dir='ltr'><strong>qui</strong></span> <span class='ocrx_word' id='word_1_506' title='bbox 1955 3422 2219 3494; x_wconf 88' lang='lat' dir='ltr'><strong>apostolis</strong></span> 
     </span>
    </p>
   </div>
   <div class='ocr_carea' id='block_1_65' title="bbox 617 3515 2214 3598">
    <p class='ocr_par' dir='ltr' id='par_1_65' title="bbox 617 3515 2214 3598">
     <span class='ocr_line' id='line_1_65' title="bbox 617 3515 2214 3598; baseline -0.011 -14"><span class='ocrx_word' id='word_1_507' title='bbox 617 3529 818 3584; x_wconf 85' lang='lat' dir='ltr'><strong>sanctis</strong></span> <span class='ocrx_word' id='word_1_508' title='bbox 833 3529 886 3582; x_wconf 91' lang='lat' dir='ltr'><strong>in</strong></span> <span class='ocrx_word' id='word_1_509' title='bbox 901 3523 1555 3598; x_wconf 85' lang='lat' dir='ltr'><strong>dispersiouelinguarum</strong></span> <span class='ocrx_word' id='word_1_510' title='bbox 1577 3515 2214 3588; x_wconf 85' lang='lat' dir='ltr'><strong>tamquamignisilluxit.</strong></span> 
     </span>
    </p>
   </div>
   <div class='ocr_carea' id='block_1_66' title="bbox 689 3607 2221 3690">
    <p class='ocr_par' dir='ltr' id='par_1_66' title="bbox 689 3607 2221 3690">
     <span class='ocr_line' id='line_1_66' title="bbox 689 3607 2221 3690; baseline -0.009 -16"><span class='ocrx_word' id='word_1_511' title='bbox 689 3621 780 3677; x_wconf 76' lang='lat'><strong>&#39;20.</strong></span> <span class='ocrx_word' id='word_1_512' title='bbox 828 3617 1008 3690; x_wconf 80' lang='lat' dir='ltr'><strong>(Vers.</strong></span> <span class='ocrx_word' id='word_1_513' title='bbox 1046 3617 1130 3680; x_wconf 72' lang='lat'><strong>1&#39;5,</strong></span> <span class='ocrx_word' id='word_1_514' title='bbox 1169 3613 1284 3684; x_wconf 68' lang='lat' dir='ltr'><strong>li.)</strong></span> <span class='ocrx_word' id='word_1_515' title='bbox 1315 3613 1571 3682; x_wconf 81' lang='lat' dir='ltr'><strong>Sequitur</strong></span> <span class='ocrx_word' id='word_1_516' title='bbox 1605 3629 1617 3664; x_wconf 87' lang='lat'><strong>:</strong></span> <span class='ocrx_word' id='word_1_517' title='bbox 1653 3609 1823 3664; x_wconf 84' lang='lat' dir='ltr'><strong>Homo</strong></span> <span class='ocrx_word' id='word_1_518' title='bbox 1873 3625 1988 3662; x_wconf 87' lang='lat' dir='ltr'><strong>cum</strong></span> <span class='ocrx_word' id='word_1_519' title='bbox 2029 3609 2082 3660; x_wconf 87' lang='lat' dir='ltr'><strong>in</strong></span> <span class='ocrx_word' id='word_1_520' title='bbox 2129 3607 2221 3660; x_wconf 65' lang='grc' dir='ltr'><strong>ξιο-</strong></span> 
     </span>
    </p>
   </div>
   <div class='ocr_carea' id='block_1_67' title="bbox 619 3699 2221 3775">
    <p class='ocr_par' dir='ltr' id='par_1_67' title="bbox 619 3699 2221 3775">
     <span class='ocr_line' id='line_1_67' title="bbox 619 3699 2221 3775; baseline -0.01 -8"><span class='ocrx_word' id='word_1_521' title='bbox 619 3728 746 3766; x_wconf 87' lang='lat' dir='ltr'><strong>nore</strong></span> <span class='ocrx_word' id='word_1_522' title='bbox 775 3721 935 3774; x_wconf 88' lang='lat' dir='ltr'><strong>esset,</strong></span> <span class='ocrx_word' id='word_1_523' title='bbox 983 3725 1085 3762; x_wconf 86' lang='lat' dir='ltr'><strong>non</strong></span> <span class='ocrx_word' id='word_1_524' title='bbox 1129 3705 1380 3760; x_wconf 71' lang='lat' dir='ltr'><strong>intellexit</strong></span> <span class='ocrx_word' id='word_1_525' title='bbox 1427 3720 1442 3757; x_wconf 91' lang='lat'><strong><em>:</em></strong></span> <span class='ocrx_word' id='word_1_526' title='bbox 1489 3711 1814 3775; x_wconf 80' lang='lat' dir='ltr'><strong>comparatus</strong></span> <span class='ocrx_word' id='word_1_527' title='bbox 1863 3709 1936 3754; x_wconf 80' lang='lat' dir='ltr'><strong>est</strong></span> <span class='ocrx_word' id='word_1_528' title='bbox 1969 3699 2221 3770; x_wconf 85' lang='lat' dir='ltr'><strong>jumeutis</strong></span> 
     </span>
    </p>
   </div>
   <div class='ocr_carea' id='block_1_68' title="bbox 619 3789 2224 3874">
    <p class='ocr_par' dir='ltr' id='par_1_68' title="bbox 619 3789 2224 3874">
     <span class='ocr_line' id='line_1_68' title="bbox 619 3789 2224 3874; baseline -0.011 -15"><span class='ocrx_word' id='word_1_529' title='bbox 619 3821 732 3874; x_wconf 62' lang='lat' dir='ltr'><strong>quae</strong></span> <span class='ocrx_word' id='word_1_530' title='bbox 757 3805 870 3858; x_wconf 86' lang='lat' dir='ltr'><strong>sine</strong></span> <span class='ocrx_word' id='word_1_531' title='bbox 893 3817 1044 3854; x_wconf 81' lang='lat' dir='ltr'><strong>sensu</strong></span> <span class='ocrx_word' id='word_1_532' title='bbox 1075 3809 1194 3853; x_wconf 76' lang='lat' dir='ltr'><strong>sunt</strong></span> <span class='ocrx_word' id='word_1_533' title='bbox 1214 3812 1232 3862; x_wconf 84' lang='lat'><strong><em>;</em></strong></span> <span class='ocrx_word' id='word_1_534' title='bbox 1253 3807 1302 3852; x_wconf 87' lang='lat' dir='ltr'><strong>et</strong></span> <span class='ocrx_word' id='word_1_535' title='bbox 1331 3797 1514 3850; x_wconf 76' lang='lat' dir='ltr'><strong>similis</strong></span> <span class='ocrx_word' id='word_1_536' title='bbox 1549 3793 1715 3862; x_wconf 77' lang='lat' dir='ltr'><strong>{actus</strong></span> <span class='ocrx_word' id='word_1_537' title='bbox 1738 3801 1811 3846; x_wconf 75' lang='lat' dir='ltr'><strong>est</strong></span> <span class='ocrx_word' id='word_1_538' title='bbox 1839 3792 1966 3846; x_wconf 87' lang='lat' dir='ltr'><strong>illis.</strong></span> <span class='ocrx_word' id='word_1_539' title='bbox 1995 3789 2120 3844; x_wconf 68' lang='lat' dir='ltr'><strong>Haec</strong></span> <span class='ocrx_word' id='word_1_540' title='bbox 2141 3790 2224 3843; x_wconf 79' lang='lat' dir='ltr'><strong>via</strong></span> 
     </span>
    </p>
   </div>
   <div class='ocr_carea' id='block_1_69' title="bbox 619 3889 2224 3972">
    <p class='ocr_par' dir='ltr' id='par_1_69' title="bbox 619 3889 2224 3972">
     <span class='ocr_line' id='line_1_69' title="bbox 619 3889 2224 3972; baseline -0.009 -19"><span class='ocrx_word' id='word_1_541' title='bbox 619 3913 800 3954; x_wconf 83' lang='lat' dir='ltr'><strong>eorum</strong></span> <span class='ocrx_word' id='word_1_542' title='bbox 821 3897 874 3950; x_wconf 89' lang='lat' dir='ltr'><strong>in</strong></span> <span class='ocrx_word' id='word_1_543' title='bbox 895 3893 1274 3972; x_wconf 54' lang='lat' dir='ltr'><strong>.olfeudirulum</strong></span> <span class='ocrx_word' id='word_1_544' title='bbox 1300 3891 1428 3961; x_wconf 78' lang='lat' dir='ltr'><strong>ipsis</strong></span> <span class='ocrx_word' id='word_1_545' title='bbox 1453 3905 1470 3944; x_wconf 88' lang='lat'><strong><em>:</em></strong></span> <span class='ocrx_word' id='word_1_546' title='bbox 1494 3899 1538 3943; x_wconf 89' lang='lat' dir='ltr'><strong>et</strong></span> <span class='ocrx_word' id='word_1_547' title='bbox 1567 3899 1748 3960; x_wconf 85' lang='lat' dir='ltr'><strong>postea</strong></span> <span class='ocrx_word' id='word_1_548' title='bbox 1775 3889 1830 3941; x_wconf 88' lang='lat' dir='ltr'><strong>in</strong></span> <span class='ocrx_word' id='word_1_549' title='bbox 1852 3903 1938 3942; x_wconf 87' lang='lat' dir='ltr'><strong>ore</strong></span> <span class='ocrx_word' id='word_1_550' title='bbox 1961 3903 2053 3940; x_wconf 81' lang='lat' dir='ltr'><strong>suo</strong></span> <span class='ocrx_word' id='word_1_551' title='bbox 2083 3903 2224 3940; x_wconf 83' lang='lat' dir='ltr'><strong>rom-</strong></span> 
     </span>
    </p>
   </div>
   <div class='ocr_carea' id='block_1_70' title="bbox 623 3980 2224 4066">
    <p class='ocr_par' dir='ltr' id='par_1_70' title="bbox 623 3980 2224 4066">
     <span class='ocr_line' id='line_1_70' title="bbox 623 3980 2224 4066; baseline -0.009 -19"><span class='ocrx_word' id='word_1_552' title='bbox 623 3991 920 4066; x_wconf 74' lang='lat' dir='ltr'><strong>placebunt.</strong></span> <span class='ocrx_word' id='word_1_553' title='bbox 953 3988 1088 4056; x_wconf 84' lang='lat' dir='ltr'><strong>Quia</strong></span> <span class='ocrx_word' id='word_1_554' title='bbox 1119 4003 1226 4042; x_wconf 88' lang='lat' dir='ltr'><strong>non</strong></span> <span class='ocrx_word' id='word_1_555' title='bbox 1259 3983 1530 4040; x_wconf 77' lang='lat' dir='ltr'><strong>intellexit</strong></span> <span class='ocrx_word' id='word_1_556' title='bbox 1563 3983 1747 4049; x_wconf 88' lang='lat' dir='ltr'><strong>homo,</strong></span> <span class='ocrx_word' id='word_1_557' title='bbox 1781 3997 1901 4036; x_wconf 91' lang='lat' dir='ltr'><strong>cum</strong></span> <span class='ocrx_word' id='word_1_558' title='bbox 1934 3981 1985 4034; x_wconf 91' lang='lat' dir='ltr'><strong>in</strong></span> <span class='ocrx_word' id='word_1_559' title='bbox 2014 3980 2224 4034; x_wconf 85' lang='lat' dir='ltr'><strong>honore</strong></span> 
     </span>
    </p>
   </div>
   <div class='ocr_carea' id='block_1_71' title="bbox 627 4071 2222 4154">
    <p class='ocr_par' dir='ltr' id='par_1_71' title="bbox 627 4071 2222 4154">
     <span class='ocr_line' id='line_1_71' title="bbox 627 4071 2222 4154; baseline -0.009 -15"><span class='ocrx_word' id='word_1_560' title='bbox 627 4095 772 4138; x_wconf 77' lang='lat' dir='ltr'><strong>esset</strong></span> <span class='ocrx_word' id='word_1_561' title='bbox 803 4081 914 4154; x_wconf 88' lang='lat' dir='ltr'><strong>(est</strong></span> <span class='ocrx_word' id='word_1_562' title='bbox 959 4087 1138 4133; x_wconf 90' lang='lat' dir='ltr'><strong>autem</strong></span> <span class='ocrx_word' id='word_1_563' title='bbox 1171 4077 1371 4142; x_wconf 90' lang='lat' dir='ltr'><strong>honor,</strong></span> <span class='ocrx_word' id='word_1_564' title='bbox 1411 4075 1538 4144; x_wconf 87' lang='lat' dir='ltr'><strong>quia</strong></span> <span class='ocrx_word' id='word_1_565' title='bbox 1578 4073 1644 4128; x_wconf 89' lang='lat' dir='ltr'><strong>ad</strong></span> <span class='ocrx_word' id='word_1_566' title='bbox 1687 4071 1977 4142; x_wconf 73' lang='lat' dir='ltr'><strong>imaginem</strong></span> <span class='ocrx_word' id='word_1_567' title='bbox 2016 4071 2110 4126; x_wconf 85' lang='lat' dir='ltr'><strong>Dei</strong></span> <span class='ocrx_word' id='word_1_568' title='bbox 2141 4071 2222 4125; x_wconf 89' lang='lat' dir='ltr'><strong>fa-</strong></span> 
     </span>
    </p>
   </div>
   <div class='ocr_carea' id='block_1_72' title="bbox 624 4165 2228 4242">
    <p class='ocr_par' dir='ltr' id='par_1_72' title="bbox 624 4165 2228 4242">
     <span class='ocr_line' id='line_1_72' title="bbox 624 4165 2228 4242; baseline -0.008 -10"><span class='ocrx_word' id='word_1_569' title='bbox 624 4187 742 4232; x_wconf 89' lang='lat' dir='ltr'><strong>ctus</strong></span> <span class='ocrx_word' id='word_1_570' title='bbox 757 4185 862 4242; x_wconf 85' lang='lat' dir='ltr'><strong>est,</strong></span> <span class='ocrx_word' id='word_1_571' title='bbox 883 4174 1054 4228; x_wconf 85' lang='lat' dir='ltr'><strong>factus</strong></span> <span class='ocrx_word' id='word_1_572' title='bbox 1078 4181 1158 4227; x_wconf 87' lang='lat' dir='ltr'><strong>est</strong></span> <span class='ocrx_word' id='word_1_573' title='bbox 1185 4169 1408 4226; x_wconf 86' lang='lat' dir='ltr'><strong>rationis</strong></span> <span class='ocrx_word' id='word_1_574' title='bbox 1429 4165 1644 4239; x_wconf 81' lang='lat' dir='ltr'><strong>capax),</strong></span> <span class='ocrx_word' id='word_1_575' title='bbox 1666 4177 2013 4237; x_wconf 80' lang='lat' dir='ltr'><strong>comparatus</strong></span> <span class='ocrx_word' id='word_1_576' title='bbox 2040 4165 2228 4236; x_wconf 84' lang='lat' dir='ltr'><strong>estju-</strong></span> 
     </span>
    </p>
   </div>
   <div class='ocr_carea' id='block_1_73' title="bbox 629 4259 2229 4336">
    <p class='ocr_par' dir='ltr' id='par_1_73' title="bbox 629 4259 2229 4336">
     <span class='ocr_line' id='line_1_73' title="bbox 629 4259 2229 4336; baseline -0.007 -13"><span class='ocrx_word' id='word_1_577' title='bbox 629 4269 860 4334; x_wconf 86' lang='lat' dir='ltr'><strong>mentis,</strong></span> <span class='ocrx_word' id='word_1_578' title='bbox 893 4281 1012 4336; x_wconf 67' lang='lat' dir='ltr'><strong>qua:</strong></span> <span class='ocrx_word' id='word_1_579' title='bbox 1041 4279 1260 4320; x_wconf 65' lang='lat' dir='ltr'><strong>sensum</strong></span> <span class='ocrx_word' id='word_1_580' title='bbox 1309 4276 1418 4316; x_wconf 90' lang='lat' dir='ltr'><strong>non</strong></span> <span class='ocrx_word' id='word_1_581' title='bbox 1449 4261 1690 4316; x_wconf 87' lang='lat' dir='ltr'><strong>habent:</strong></span> <span class='ocrx_word' id='word_1_582' title='bbox 1725 4259 1815 4330; x_wconf 89' lang='lat' dir='ltr'><strong>qui</strong></span> <span class='ocrx_word' id='word_1_583' title='bbox 1857 4269 2037 4314; x_wconf 87' lang='lat' dir='ltr'><strong>autem</strong></span> <span class='ocrx_word' id='word_1_584' title='bbox 2071 4259 2229 4314; x_wconf 84' lang='lat' dir='ltr'><strong>intel-</strong></span> 
     </span>
    </p>
   </div>
   <div class='ocr_carea' id='block_1_74' title="bbox 629 4353 2228 4428">
    <p class='ocr_par' dir='ltr' id='par_1_74' title="bbox 629 4353 2228 4428">
     <span class='ocr_line' id='line_1_74' title="bbox 629 4353 2228 4428; baseline -0.004 -14"><span class='ocrx_word' id='word_1_585' title='bbox 629 4361 762 4416; x_wconf 79' lang='lat' dir='ltr'><strong>lexit</strong></span> <span class='ocrx_word' id='word_1_586' title='bbox 781 4399 797 4426; x_wconf 92' lang='lat'><strong>,</strong></span> <span class='ocrx_word' id='word_1_587' title='bbox 825 4357 1032 4428; x_wconf 82' lang='lat' dir='ltr'><strong>angelis</strong></span> <span class='ocrx_word' id='word_1_588' title='bbox 1047 4363 1416 4424; x_wconf 83' lang='lat' dir='ltr'><strong>comparatur.</strong></span> <span class='ocrx_word' id='word_1_589' title='bbox 1451 4355 1518 4408; x_wconf 90' lang='lat' dir='ltr'><strong>Et</strong></span> <span class='ocrx_word' id='word_1_590' title='bbox 1547 4354 1667 4408; x_wconf 91' lang='lat' dir='ltr'><strong>ideo</strong></span> <span class='ocrx_word' id='word_1_591' title='bbox 1697 4353 1782 4408; x_wconf 88' lang='lat' dir='ltr'><strong>hic</strong></span> <span class='ocrx_word' id='word_1_592' title='bbox 1809 4353 2073 4408; x_wconf 88' lang='lat' dir='ltr'><strong>bonorum</strong></span> <span class='ocrx_word' id='word_1_593' title='bbox 2098 4367 2228 4422; x_wconf 86' lang='lat' dir='ltr'><strong>ope-</strong></span> 
     </span>
    </p>
   </div>
   <div class='ocr_carea' id='block_1_75' title="bbox 629 4445 2224 4528">
    <p class='ocr_par' dir='ltr' id='par_1_75' title="bbox 629 4445 2224 4528">
     <span class='ocr_line' id='line_1_75' title="bbox 629 4445 2224 4528; baseline -0.005 -20"><span class='ocrx_word' id='word_1_594' title='bbox 629 4469 750 4528; x_wconf 84' lang='lat' dir='ltr'><strong>rum</strong></span> <span class='ocrx_word' id='word_1_595' title='bbox 777 4449 1024 4506; x_wconf 83' lang='lat' dir='ltr'><strong>claritate</strong></span> <span class='ocrx_word' id='word_1_596' title='bbox 1075 4447 1452 4517; x_wconf 76' lang='lat' dir='ltr'><strong>magniﬁcatus</strong></span> <span class='ocrx_word' id='word_1_597' title='bbox 1481 4455 1566 4500; x_wconf 88' lang='lat' dir='ltr'><strong>est</strong></span> <span class='ocrx_word' id='word_1_598' title='bbox 1595 4463 1608 4500; x_wconf 75' lang='grc' dir='ltr'><strong>ε</strong></span> <span class='ocrx_word' id='word_1_599' title='bbox 1645 4445 1734 4500; x_wconf 90' lang='lat' dir='ltr'><strong>ille</strong></span> <span class='ocrx_word' id='word_1_600' title='bbox 1770 4445 1911 4500; x_wconf 77' lang='lat' dir='ltr'><strong>sicut</strong></span> <span class='ocrx_word' id='word_1_601' title='bbox 1935 4459 2108 4516; x_wconf 88' lang='lat' dir='ltr'><strong>equus</strong></span> <span class='ocrx_word' id='word_1_602' title='bbox 2133 4446 2224 4500; x_wconf 89' lang='lat' dir='ltr'><strong>ad-</strong></span> 
     </span>
    </p>
   </div>
   <div class='ocr_carea' id='block_1_76' title="bbox 575 4536 2232 4620">
    <p class='ocr_par' dir='ltr' id='par_1_76' title="bbox 575 4536 2232 4620">
     <span class='ocr_line' id='line_1_76' title="bbox 575 4536 2232 4620; baseline -0.005 -20"><span class='ocrx_word' id='word_1_603' title='bbox 575 4617 578 4620; x_wconf 12' lang='lat'><strong><em>.</em></strong></span> <span class='ocrx_word' id='word_1_604' title='bbox 635 4543 892 4600; x_wconf 89' lang='lat' dir='ltr'><strong>hinniens</strong></span> <span class='ocrx_word' id='word_1_605' title='bbox 917 4541 1218 4596; x_wconf 62' lang='lat' dir='ltr'><strong>aestimatur</strong></span> <span class='ocrx_word' id='word_1_606' title='bbox 1251 4538 1566 4594; x_wconf 84' lang='lat' dir='ltr'><strong>colluvione</strong></span> <span class='ocrx_word' id='word_1_607' title='bbox 1591 4537 1840 4604; x_wconf 84' lang='lat' dir='ltr'><strong>vivendi,</strong></span> <span class='ocrx_word' id='word_1_608' title='bbox 1871 4551 1996 4608; x_wconf 59' lang='lat' dir='ltr'><strong>quae</strong></span> <span class='ocrx_word' id='word_1_609' title='bbox 2018 4539 2119 4592; x_wconf 85' lang='lat' dir='ltr'><strong>viae</strong></span> <span class='ocrx_word' id='word_1_610' title='bbox 2150 4536 2232 4592; x_wconf 90' lang='lat' dir='ltr'><strong>of-</strong></span> 
     </span>
    </p>
   </div>
   <div class='ocr_carea' id='block_1_77' title="bbox 632 4632 2230 4702">
    <p class='ocr_par' dir='ltr' id='par_1_77' title="bbox 632 4632 2230 4702">
     <span class='ocr_line' id='line_1_77' title="bbox 632 4632 2230 4702; baseline -0.004 -8"><span class='ocrx_word' id='word_1_611' title='bbox 632 4637 968 4696; x_wconf 85' lang='lat' dir='ltr'><strong>fendiculutn</strong></span> <span class='ocrx_word' id='word_1_612' title='bbox 999 4634 1158 4689; x_wconf 77' lang='lat' dir='ltr'><strong>affert</strong></span> <span class='ocrx_word' id='word_1_613' title='bbox 1186 4635 1238 4688; x_wconf 90' lang='lat' dir='ltr'><strong>in</strong></span> <span class='ocrx_word' id='word_1_614' title='bbox 1257 4633 1593 4702; x_wconf 86' lang='lat' dir='ltr'><strong>turpitudine</strong></span> <span class='ocrx_word' id='word_1_615' title='bbox 1613 4639 1670 4687; x_wconf 89' lang='lat' dir='ltr'><strong>et</strong></span> <span class='ocrx_word' id='word_1_616' title='bbox 1692 4632 2027 4688; x_wconf 89' lang='lat' dir='ltr'><strong>obscenitate</strong></span> <span class='ocrx_word' id='word_1_617' title='bbox 2049 4635 2230 4688; x_wconf 87' lang='lat' dir='ltr'><strong>viven—</strong></span> 
     </span>
    </p>
   </div>
   <div class='ocr_carea' id='block_1_78' title="bbox 635 4725 2226 4799">
    <p class='ocr_par' dir='ltr' id='par_1_78' title="bbox 635 4725 2226 4799">
     <span class='ocr_line' id='line_1_78' title="bbox 635 4725 2226 4799; baseline -0.006 -10"><span class='ocrx_word' id='word_1_618' title='bbox 635 4733 798 4788; x_wconf 87' lang='lat' dir='ltr'><strong>tibus.</strong></span> <span class='ocrx_word' id='word_1_619' title='bbox 843 4728 1156 4799; x_wconf 76' lang='lat' dir='ltr'><strong>lnsipieutia</strong></span> <span class='ocrx_word' id='word_1_620' title='bbox 1205 4726 1349 4781; x_wconf 89' lang='lat' dir='ltr'><strong>enim</strong></span> <span class='ocrx_word' id='word_1_621' title='bbox 1399 4725 1500 4779; x_wconf 87' lang='lat' dir='ltr'><strong>viri</strong></span> <span class='ocrx_word' id='word_1_622' title='bbox 1551 4725 1886 4779; x_wconf 80' lang='lat' dir='ltr'><strong>contaminat</strong></span> <span class='ocrx_word' id='word_1_623' title='bbox 1939 4727 2049 4780; x_wconf 86' lang='lat' dir='ltr'><strong>vias</strong></span> <span class='ocrx_word' id='word_1_624' title='bbox 2089 4731 2226 4796; x_wconf 88' lang='lat' dir='ltr'><strong>ejus.</strong></span> 
     </span>
    </p>
   </div>
   <div class='ocr_carea' id='block_1_79' title="bbox 637 4818 2231 4896">
    <p class='ocr_par' dir='ltr' id='par_1_79' title="bbox 637 4818 2231 4896">
     <span class='ocr_line' id='line_1_79' title="bbox 637 4818 2231 4896; baseline -0.004 -16"><span class='ocrx_word' id='word_1_625' title='bbox 637 4822 954 4896; x_wconf 86' lang='lat' dir='ltr'><strong>Ilujusmodi</strong></span> <span class='ocrx_word' id='word_1_626' title='bbox 985 4829 1164 4876; x_wconf 89' lang='lat' dir='ltr'><strong>autem</strong></span> <span class='ocrx_word' id='word_1_627' title='bbox 1195 4819 1294 4874; x_wconf 74' lang='lat' dir='ltr'><strong>viri</strong></span> <span class='ocrx_word' id='word_1_628' title='bbox 1327 4818 1510 4873; x_wconf 85' lang='lat' dir='ltr'><strong>vivunt</strong></span> <span class='ocrx_word' id='word_1_629' title='bbox 1541 4819 1837 4874; x_wconf 90' lang='lat' dir='ltr'><strong>secundum</strong></span> <span class='ocrx_word' id='word_1_630' title='bbox 1867 4819 2231 4888; x_wconf 84' lang='lat' dir='ltr'><strong>appeteuliam</strong></span> 
     </span>
    </p>
   </div>
   <div class='ocr_carea' id='block_1_80' title="bbox 635 4911 2230 4986">
    <p class='ocr_par' dir='ltr' id='par_1_80' title="bbox 635 4911 2230 4986">
     <span class='ocr_line' id='line_1_80' title="bbox 635 4911 2230 4986; baseline -0.004 -13"><span class='ocrx_word' id='word_1_631' title='bbox 635 4933 788 4973; x_wconf 81' lang='lat' dir='ltr'><strong>suam</strong></span> <span class='ocrx_word' id='word_1_632' title='bbox 809 4959 822 4981; x_wconf 91' lang='lat'><strong>,</strong></span> <span class='ocrx_word' id='word_1_633' title='bbox 849 4931 970 4986; x_wconf 79' lang='lat' dir='ltr'><strong>qua:</strong></span> <span class='ocrx_word' id='word_1_634' title='bbox 991 4913 1377 4969; x_wconf 72' lang='lat' dir='ltr'><strong>aliendiculnm</strong></span> <span class='ocrx_word' id='word_1_635' title='bbox 1401 4921 1550 4966; x_wconf 86' lang='lat' dir='ltr'><strong>creat</strong></span> <span class='ocrx_word' id='word_1_636' title='bbox 1575 4953 1586 4976; x_wconf 88' lang='lat'><strong>,</strong></span> <span class='ocrx_word' id='word_1_637' title='bbox 1617 4921 1671 4965; x_wconf 89' lang='lat' dir='ltr'><strong>et</strong></span> <span class='ocrx_word' id='word_1_638' title='bbox 1697 4921 1817 4982; x_wconf 90' lang='lat' dir='ltr'><strong>post</strong></span> <span class='ocrx_word' id='word_1_639' title='bbox 1847 4911 2230 4967; x_wconf 76' lang='lat' dir='ltr'><strong>olfendiculum</strong></span> 
     </span>
    </p>
   </div>
   <div class='ocr_carea' id='block_1_81' title="bbox 638 5005 2234 5082">
    <p class='ocr_par' dir='ltr' id='par_1_81' title="bbox 638 5005 2234 5082">
     <span class='ocr_line' id='line_1_81' title="bbox 638 5005 2234 5082; baseline -0.004 -14"><span class='ocrx_word' id='word_1_640' title='bbox 638 5011 1056 5082; x_wconf 87' lang='lat' dir='ltr'><strong>complaccbunt</strong></span> <span class='ocrx_word' id='word_1_641' title='bbox 1097 5007 1150 5063; x_wconf 92' lang='lat' dir='ltr'><strong>in</strong></span> <span class='ocrx_word' id='word_1_642' title='bbox 1197 5023 1294 5062; x_wconf 89' lang='lat' dir='ltr'><strong>ore</strong></span> <span class='ocrx_word' id='word_1_643' title='bbox 1340 5019 1440 5060; x_wconf 90' lang='lat' dir='ltr'><strong>suo</strong></span> <span class='ocrx_word' id='word_1_644' title='bbox 1465 5047 1479 5069; x_wconf 87' lang='lat'><strong>,</strong></span> <span class='ocrx_word' id='word_1_645' title='bbox 1513 5005 1608 5060; x_wconf 87' lang='lat' dir='ltr'><strong>sed</strong></span> <span class='ocrx_word' id='word_1_646' title='bbox 1661 5020 1767 5060; x_wconf 91' lang='lat' dir='ltr'><strong>non</strong></span> <span class='ocrx_word' id='word_1_647' title='bbox 1819 5006 1872 5061; x_wconf 94' lang='lat' dir='ltr'><strong>in</strong></span> <span class='ocrx_word' id='word_1_648' title='bbox 1900 5006 2085 5060; x_wconf 88' lang='lat' dir='ltr'><strong>corde.</strong></span> <span class='ocrx_word' id='word_1_649' title='bbox 2119 5005 2234 5062; x_wconf 83' lang='lat' dir='ltr'><strong>Non</strong></span> 
     </span>
    </p>
   </div>
   <div class='ocr_carea' id='block_1_82' title="bbox 637 5083 2248 5172">
    <p class='ocr_par' dir='ltr' id='par_1_82' title="bbox 637 5083 2248 5172">
     <span class='ocr_line' id='line_1_82' title="bbox 637 5083 2248 5172; baseline -0.006 -10"><span class='ocrx_word' id='word_1_650' title='bbox 637 5106 781 5162; x_wconf 87' lang='lat' dir='ltr'><strong>enim</strong></span> <span class='ocrx_word' id='word_1_651' title='bbox 807 5103 932 5160; x_wconf 89' lang='lat' dir='ltr'><strong>boni</strong></span> <span class='ocrx_word' id='word_1_652' title='bbox 959 5143 974 5169; x_wconf 92' lang='lat'><strong>,</strong></span> <span class='ocrx_word' id='word_1_653' title='bbox 1011 5103 1078 5156; x_wconf 86' lang='lat' dir='ltr'><strong>de</strong></span> <span class='ocrx_word' id='word_1_654' title='bbox 1100 5102 1296 5172; x_wconf 84' lang='lat' dir='ltr'><strong>quibus</strong></span> <span class='ocrx_word' id='word_1_655' title='bbox 1326 5099 1526 5153; x_wconf 89' lang='lat' dir='ltr'><strong>dicitur</strong></span> <span class='ocrx_word' id='word_1_656' title='bbox 1557 5115 1569 5151; x_wconf 87' lang='lat'><strong>:</strong></span> <span class='ocrx_word' id='word_1_657' title='bbox 1599 5083 1710 5152; x_wconf 82' lang='lat' dir='ltr'><strong>Ore</strong></span> <span class='ocrx_word' id='word_1_658' title='bbox 1725 5113 1818 5152; x_wconf 84' lang='lat' dir='ltr'><strong>suo</strong></span> <span class='ocrx_word' id='word_1_659' title='bbox 1845 5098 2248 5166; x_wconf 63' lang='lat' dir='ltr'><strong>benedicebant,‘</strong></span> 
     </span>
    </p>
   </div>
   <div class='ocr_carea' id='block_1_83' title="bbox 638 5191 2236 5265">
    <p class='ocr_par' dir='ltr' id='par_1_83' title="bbox 638 5191 2236 5265">
     <span class='ocr_line' id='line_1_83' title="bbox 638 5191 2236 5265; baseline -0.005 -10"><span class='ocrx_word' id='word_1_660' title='bbox 638 5213 682 5255; x_wconf 89' lang='lat' dir='ltr'><strong>et</strong></span> <span class='ocrx_word' id='word_1_661' title='bbox 707 5202 862 5254; x_wconf 83' lang='lat' dir='ltr'><strong>corde</strong></span> <span class='ocrx_word' id='word_1_662' title='bbox 889 5213 982 5252; x_wconf 86' lang='lat' dir='ltr'><strong>suo</strong></span> <span class='ocrx_word' id='word_1_663' title='bbox 1013 5196 1385 5250; x_wconf 78' lang='lat' dir='ltr'><strong>utaledicebaut</strong></span> <span class='ocrx_word' id='word_1_664' title='bbox 1405 5191 1584 5265; x_wconf 70' lang='lat' dir='ltr'><strong>(Paul.</strong></span> <span class='ocrx_word' id='word_1_665' title='bbox 1617 5207 1704 5247; x_wconf 78' lang='lat' dir='ltr'><strong>ut</strong></span> <span class='ocrx_word' id='word_1_666' title='bbox 1727 5234 1741 5259; x_wconf 93' lang='lat'><strong>,</strong></span> <span class='ocrx_word' id='word_1_667' title='bbox 1767 5191 1843 5263; x_wconf 78' lang='grc'>5).</span> <span class='ocrx_word' id='word_1_668' title='bbox 1866 5193 1983 5260; x_wconf 86' lang='lat' dir='ltr'><strong>Quo</strong></span> <span class='ocrx_word' id='word_1_669' title='bbox 2010 5207 2236 5263; x_wconf 84' lang='lat' dir='ltr'><strong>respon-</strong></span> 
     </span>
    </p>
   </div>
   <div class='ocr_carea' id='block_1_84' title="bbox 636 5289 2236 5361">
    <p class='ocr_par' dir='ltr' id='par_1_84' title="bbox 636 5289 2236 5361">
     <span class='ocr_line' id='line_1_84' title="bbox 636 5289 2236 5361; baseline -0.003 -11"><span class='ocrx_word' id='word_1_670' title='bbox 636 5312 756 5352; x_wconf 87' lang='lat' dir='ltr'><strong>sum</strong></span> <span class='ocrx_word' id='word_1_671' title='bbox 787 5305 872 5350; x_wconf 85' lang='lat' dir='ltr'><strong>est</strong></span> <span class='ocrx_word' id='word_1_672' title='bbox 919 5293 1084 5348; x_wconf 87' lang='lat' dir='ltr'><strong>etiam</strong></span> <span class='ocrx_word' id='word_1_673' title='bbox 1135 5292 1200 5346; x_wconf 87' lang='lat' dir='ltr'><strong>iis</strong></span> <span class='ocrx_word' id='word_1_674' title='bbox 1248 5293 1340 5361; x_wconf 87' lang='lat' dir='ltr'><strong>qui</strong></span> <span class='ocrx_word' id='word_1_675' title='bbox 1371 5291 1573 5345; x_wconf 85' lang='lat' dir='ltr'><strong>habent</strong></span> <span class='ocrx_word' id='word_1_676' title='bbox 1611 5290 1664 5345; x_wconf 93' lang='lat' dir='ltr'><strong>in</strong></span> <span class='ocrx_word' id='word_1_677' title='bbox 1711 5289 1988 5346; x_wconf 88' lang='lat' dir='ltr'><strong>codicibus</strong></span> <span class='ocrx_word' id='word_1_678' title='bbox 2019 5291 2132 5345; x_wconf 88' lang='lat' dir='ltr'><strong>suis</strong></span> <span class='ocrx_word' id='word_1_679' title='bbox 2165 5291 2236 5345; x_wconf 85' lang='lat' dir='ltr'><strong>ita</strong></span> 
     </span>
    </p>
   </div>
   <div class='ocr_carea' id='block_1_85' title="bbox 635 5382 2236 5457">
    <p class='ocr_par' dir='ltr' id='par_1_85' title="bbox 635 5382 2236 5457">
     <span class='ocr_line' id='line_1_85' title="bbox 635 5382 2236 5457; baseline -0.001 -15"><span class='ocrx_word' id='word_1_680' title='bbox 635 5390 897 5457; x_wconf 84' lang='lat' dir='ltr'><strong>scriptum</strong></span> <span class='ocrx_word' id='word_1_681' title='bbox 929 5401 945 5442; x_wconf 85' lang='lat'><strong>:</strong></span> <span class='ocrx_word' id='word_1_682' title='bbox 987 5383 1053 5438; x_wconf 87' lang='lat' dir='ltr'><strong>Et</strong></span> <span class='ocrx_word' id='word_1_683' title='bbox 1083 5395 1258 5455; x_wconf 80' lang='lat' dir='ltr'><strong>postea</strong></span> <span class='ocrx_word' id='word_1_684' title='bbox 1287 5385 1340 5436; x_wconf 81' lang='lat' dir='ltr'><strong>in</strong></span> <span class='ocrx_word' id='word_1_685' title='bbox 1393 5399 1480 5438; x_wconf 90' lang='lat' dir='ltr'><strong>ore</strong></span> <span class='ocrx_word' id='word_1_686' title='bbox 1515 5399 1609 5438; x_wconf 89' lang='lat' dir='ltr'><strong>suo</strong></span> <span class='ocrx_word' id='word_1_687' title='bbox 1633 5382 1947 5436; x_wconf 85' lang='lat' dir='ltr'><strong>benediceut.</strong></span> <span class='ocrx_word' id='word_1_688' title='bbox 2000 5382 2236 5440; x_wconf 85' lang='lat' dir='ltr'><strong>Verbum</strong></span> 
     </span>
    </p>
   </div>
   <div class='ocr_carea' id='block_1_86' title="bbox 637 5479 2126 5550">
    <p class='ocr_par' dir='ltr' id='par_1_86' title="bbox 637 5479 2126 5550">
     <span class='ocr_line' id='line_1_86' title="bbox 637 5479 2126 5550; baseline -0.003 -12"><span class='ocrx_word' id='word_1_689' title='bbox 637 5483 784 5538; x_wconf 88' lang='lat' dir='ltr'><strong>enim</strong></span> <span class='ocrx_word' id='word_1_690' title='bbox 815 5491 964 5536; x_wconf 88' lang='lat' dir='ltr'><strong>tuum</strong></span> <span class='ocrx_word' id='word_1_691' title='bbox 991 5493 1196 5550; x_wconf 87' lang='lat' dir='ltr'><strong>pr0pe,</strong></span> <span class='ocrx_word' id='word_1_692' title='bbox 1223 5489 1280 5533; x_wconf 89' lang='lat' dir='ltr'><strong>et</strong></span> <span class='ocrx_word' id='word_1_693' title='bbox 1317 5479 1370 5532; x_wconf 90' lang='lat' dir='ltr'><strong>in</strong></span> <span class='ocrx_word' id='word_1_694' title='bbox 1397 5493 1492 5534; x_wconf 89' lang='lat' dir='ltr'><strong>ore</strong></span> <span class='ocrx_word' id='word_1_695' title='bbox 1525 5489 1618 5534; x_wconf 93' lang='lat' dir='ltr'><strong>tuo</strong></span> <span class='ocrx_word' id='word_1_696' title='bbox 1648 5481 1754 5544; x_wconf 90' lang='lat' dir='ltr'><strong>sit,</strong></span> <span class='ocrx_word' id='word_1_697' title='bbox 1783 5489 1839 5533; x_wconf 91' lang='lat' dir='ltr'><strong>et</strong></span> <span class='ocrx_word' id='word_1_698' title='bbox 1861 5479 1912 5533; x_wconf 92' lang='lat' dir='ltr'><strong>in</strong></span> <span class='ocrx_word' id='word_1_699' title='bbox 1941 5480 2126 5535; x_wconf 91' lang='lat' dir='ltr'><strong>corde.</strong></span> 
     </span>
    </p>
   </div>
   <div class='ocr_carea' id='block_1_87' title="bbox 703 5569 2235 5644">
    <p class='ocr_par' dir='ltr' id='par_1_87' title="bbox 703 5569 2235 5644">
     <span class='ocr_line' id='line_1_87' title="bbox 703 5569 2235 5644; baseline -0.001 -15"><span class='ocrx_word' id='word_1_700' title='bbox 703 5577 793 5630; x_wconf 62' lang='lat'><strong>2|.</strong></span> <span class='ocrx_word' id='word_1_701' title='bbox 847 5573 1030 5644; x_wconf 63' lang='grc' dir='ltr'><strong>(νει-5.</strong></span> <span class='ocrx_word' id='word_1_702' title='bbox 1059 5572 1172 5642; x_wconf 79' lang='grc'>15.)</span> <span class='ocrx_word' id='word_1_703' title='bbox 1198 5571 1348 5626; x_wconf 83' lang='lat' dir='ltr'><strong>Sicut</strong></span> <span class='ocrx_word' id='word_1_704' title='bbox 1379 5587 1494 5626; x_wconf 80' lang='lat' dir='ltr'><strong>oves</strong></span> <span class='ocrx_word' id='word_1_705' title='bbox 1515 5572 1566 5624; x_wconf 85' lang='lat' dir='ltr'><strong>in</strong></span> <span class='ocrx_word' id='word_1_706' title='bbox 1595 5572 1854 5643; x_wconf 78' lang='lat' dir='ltr'><strong>infernum</strong></span> <span class='ocrx_word' id='word_1_707' title='bbox 1885 5569 2235 5628; x_wconf 75' lang='lat' dir='ltr'><strong>deducentur:</strong></span> 
     </span>
    </p>
   </div>
   <div class='ocr_carea' id='block_1_88' title="bbox 651 5664 2239 5738">
    <p class='ocr_par' dir='ltr' id='par_1_88' title="bbox 651 5664 2239 5738">
     <span class='ocr_line' id='line_1_88' title="bbox 651 5664 2239 5738; baseline 0.001 -18"><span class='ocrx_word' id='word_1_708' title='bbox 651 5687 770 5724; x_wconf 84' lang='lat' dir='ltr'><strong>uors</strong></span> <span class='ocrx_word' id='word_1_709' title='bbox 811 5669 1054 5736; x_wconf 81' lang='lat' dir='ltr'><strong>deposcet</strong></span> <span class='ocrx_word' id='word_1_710' title='bbox 1097 5682 1204 5719; x_wconf 80' lang='lat' dir='ltr'><strong>eos.</strong></span> <span class='ocrx_word' id='word_1_711' title='bbox 1257 5664 1324 5718; x_wconf 85' lang='lat' dir='ltr'><strong>Et</strong></span> <span class='ocrx_word' id='word_1_712' title='bbox 1354 5666 1760 5722; x_wconf 86' lang='lat' dir='ltr'><strong>dominabuntur</strong></span> <span class='ocrx_word' id='word_1_713' title='bbox 1797 5683 1978 5723; x_wconf 86' lang='lat' dir='ltr'><strong>eorum</strong></span> <span class='ocrx_word' id='word_1_714' title='bbox 2011 5667 2145 5738; x_wconf 79' lang='lat' dir='ltr'><strong>justi</strong></span> <span class='ocrx_word' id='word_1_715' title='bbox 2184 5667 2239 5722; x_wconf 85' lang='lat' dir='ltr'><strong>in</strong></span> 
     </span>
    </p>
   </div>
   <div class='ocr_carea' id='block_1_89' title="bbox 707 5781 2236 5852">
    <p class='ocr_par' dir='ltr' id='par_1_89' title="bbox 707 5781 2236 5852">
     <span class='ocr_line' id='line_1_89' title="bbox 707 5781 2236 5852; baseline 0 -14"><span class='ocrx_word' id='word_1_716' title='bbox 707 5795 730 5824; x_wconf 77' lang='grc' dir='ltr'><strong>ι</strong></span> <span class='ocrx_word' id='word_1_717' title='bbox 767 5785 891 5838; x_wconf 74' lang='lat' dir='ltr'><strong>Mss.</strong></span> <span class='ocrx_word' id='word_1_718' title='bbox 925 5781 1160 5851; x_wconf 86' lang='lat' dir='ltr'><strong>aliquot,</strong></span> <span class='ocrx_word' id='word_1_719' title='bbox 1193 5783 1380 5836; x_wconf 79' lang='lat' dir='ltr'><strong>terreni</strong></span> <span class='ocrx_word' id='word_1_720' title='bbox 1409 5794 1524 5836; x_wconf 83' lang='lat' dir='ltr'><strong>sunt</strong></span> <span class='ocrx_word' id='word_1_721' title='bbox 1548 5824 1562 5850; x_wconf 93' lang='lat'><strong>,</strong></span> <span class='ocrx_word' id='word_1_722' title='bbox 1598 5787 1686 5852; x_wconf 80' lang='lat' dir='ltr'><strong>qui</strong></span> <span class='ocrx_word' id='word_1_723' title='bbox 1715 5801 1907 5839; x_wconf 81' lang='lat' dir='ltr'><strong>vermes</strong></span> <span class='ocrx_word' id='word_1_724' title='bbox 1937 5783 2018 5837; x_wconf 84' lang='lat' dir='ltr'><strong>sui</strong></span> <span class='ocrx_word' id='word_1_725' title='bbox 2049 5798 2236 5852; x_wconf 85' lang='lat' dir='ltr'><strong>corpo-</strong></span> 
     </span>
    </p>
   </div>
   <div class='ocr_carea' id='block_1_90' title="bbox 641 5860 876 5924">
    <p class='ocr_par' dir='ltr' id='par_1_90' title="bbox 641 5860 876 5924">
     <span class='ocr_line' id='line_1_90' title="bbox 641 5860 876 5924; baseline 0.004 -18"><span class='ocrx_word' id='word_1_726' title='bbox 641 5860 708 5908; x_wconf 74' lang='lat' dir='ltr'><strong>ris</strong></span> <span class='ocrx_word' id='word_1_727' title='bbox 721 5895 736 5924; x_wconf 90' lang='lat'><strong>,</strong></span> <span class='ocrx_word' id='word_1_728' title='bbox 769 5867 876 5911; x_wconf 84' lang='lat' dir='ltr'><strong>etc.</strong></span> 
     </span>
    </p>
   </div>
   <div class='ocr_carea' id='block_1_91' title="bbox 2321 3331 3880 3406">
    <p class='ocr_par' dir='ltr' id='par_1_91' title="bbox 2321 3331 3880 3406">
     <span class='ocr_line' id='line_1_91' title="bbox 2321 3331 3880 3406; baseline 0.001 -22"><span class='ocrx_word' id='word_1_729' title='bbox 2321 3331 2478 3384; x_wconf 79' lang='lat' dir='ltr'><strong>simul</strong></span> <span class='ocrx_word' id='word_1_730' title='bbox 2517 3331 2786 3386; x_wconf 71' lang='lat' dir='ltr'><strong>descendet</strong></span> <span class='ocrx_word' id='word_1_731' title='bbox 2825 3348 2939 3384; x_wconf 87' lang='lat' dir='ltr'><strong>cum</strong></span> <span class='ocrx_word' id='word_1_732' title='bbox 2967 3349 3024 3386; x_wconf 86' lang='lat' dir='ltr'><strong>eo</strong></span> <span class='ocrx_word' id='word_1_733' title='bbox 3063 3333 3234 3404; x_wconf 86' lang='lat' dir='ltr'><strong>gloria</strong></span> <span class='ocrx_word' id='word_1_734' title='bbox 3267 3332 3467 3390; x_wconf 82' lang='lat' dir='ltr'><strong>domus</strong></span> <span class='ocrx_word' id='word_1_735' title='bbox 3497 3335 3643 3406; x_wconf 78' lang='lat' dir='ltr'><strong>ejus.</strong></span> <span class='ocrx_word' id='word_1_736' title='bbox 3685 3334 3880 3402; x_wconf 72' lang='lat' dir='ltr'><strong>Noli,&#39;tu-</strong></span> 
     </span>
    </p>
   </div>
   <div class='ocr_carea' id='block_1_92' title="bbox 2321 3421 3963 3496">
    <p class='ocr_par' dir='ltr' id='par_1_92' title="bbox 2321 3421 3963 3496">
     <span class='ocr_line' id='line_1_92' title="bbox 2321 3421 3963 3496; baseline 0.002 -20"><span class='ocrx_word' id='word_1_737' title='bbox 2321 3421 2472 3492; x_wconf 85' lang='lat' dir='ltr'><strong>quit,</strong></span> <span class='ocrx_word' id='word_1_738' title='bbox 2506 3437 2877 3492; x_wconf 80' lang='lat' dir='ltr'><strong>expavescere</strong></span> <span class='ocrx_word' id='word_1_739' title='bbox 2901 3424 3158 3492; x_wconf 86' lang='lat' dir='ltr'><strong>divitias,</strong></span> <span class='ocrx_word' id='word_1_740' title='bbox 3197 3435 3250 3480; x_wconf 89' lang='lat' dir='ltr'><strong>et</strong></span> <span class='ocrx_word' id='word_1_741' title='bbox 3285 3429 3612 3496; x_wconf 85' lang='lat' dir='ltr'><strong>potentiam</strong></span> <span class='ocrx_word' id='word_1_742' title='bbox 3657 3428 3824 3488; x_wconf 73' lang='lat' dir='ltr'><strong>divitis.</strong></span> <span class='ocrx_word' id='word_1_743' title='bbox 3845 3436 3878 3480; x_wconf 72' lang='lat' dir='ltr'><strong>et</strong></span> <span class='ocrx_word' id='word_1_744' title='bbox 3961 3421 3963 3496; x_wconf 49' lang='grc' dir='ltr'>Ε</span> 
     </span>
    </p>
   </div>
   <div class='ocr_carea' id='block_1_93' title="bbox 2320 3517 3963 3588">
    <p class='ocr_par' dir='ltr' id='par_1_93' title="bbox 2320 3517 3963 3588">
     <span class='ocr_line' id='line_1_93' title="bbox 2320 3517 3963 3588; baseline 0.002 -18"><span class='ocrx_word' id='word_1_745' title='bbox 2320 3517 2548 3588; x_wconf 87' lang='lat' dir='ltr'><strong>gloriam</strong></span> <span class='ocrx_word' id='word_1_746' title='bbox 2581 3517 2938 3584; x_wconf 83' lang='lat' dir='ltr'><strong>s:ecularem;</strong></span> <span class='ocrx_word' id='word_1_747' title='bbox 2997 3521 3252 3586; x_wconf 84' lang='lat' dir='ltr'><strong>quoniam</strong></span> <span class='ocrx_word' id='word_1_748' title='bbox 3287 3522 3510 3576; x_wconf 83' lang='lat' dir='ltr'><strong>caduca</strong></span> <span class='ocrx_word' id='word_1_749' title='bbox 3548 3523 3644 3580; x_wconf 85' lang='lat' dir='ltr'><strong>illa</strong></span> <span class='ocrx_word' id='word_1_750' title='bbox 3693 3531 3820 3584; x_wconf 83' lang='lat' dir='ltr'><strong>sunt,</strong></span> <span class='ocrx_word' id='word_1_751' title='bbox 3843 3533 3876 3574; x_wconf 78' lang='lat' dir='ltr'><strong>et</strong></span> <span class='ocrx_word' id='word_1_752' title='bbox 3962 3525 3963 3568; x_wconf 74' lang='grc'><strong>1</strong></span> 
     </span>
    </p>
   </div>
   <div class='ocr_carea' id='block_1_94' title="bbox 2322 3609 3877 3684">
    <p class='ocr_par' dir='ltr' id='par_1_94' title="bbox 2322 3609 3877 3684">
     <span class='ocr_line' id='line_1_94' title="bbox 2322 3609 3877 3684; baseline -0.001 -18"><span class='ocrx_word' id='word_1_753' title='bbox 2322 3611 2482 3666; x_wconf 87' lang='lat' dir='ltr'><strong>citius</strong></span> <span class='ocrx_word' id='word_1_754' title='bbox 2511 3609 2676 3684; x_wconf 71' lang='lat'><strong>953</strong></span> <span class='ocrx_word' id='word_1_755' title='bbox 2713 3612 2914 3666; x_wconf 84' lang='lat' dir='ltr'><strong>abeunt</strong></span> <span class='ocrx_word' id='word_1_756' title='bbox 2971 3627 3132 3682; x_wconf 90' lang='lat' dir='ltr'><strong>quam</strong></span> <span class='ocrx_word' id='word_1_757' title='bbox 3165 3626 3470 3668; x_wconf 83' lang='lat' dir='ltr'><strong>venerunt.</strong></span> <span class='ocrx_word' id='word_1_758' title='bbox 3527 3615 3788 3670; x_wconf 83' lang='lat' dir='ltr'><strong>Somnium</strong></span> <span class='ocrx_word' id='word_1_759' title='bbox 3825 3627 3877 3668; x_wconf 74' lang='lat' dir='ltr'><strong>es:</strong></span> 
     </span>
    </p>
   </div>
   <div class='ocr_carea' id='block_1_95' title="bbox 2325 3705 3876 3782">
    <p class='ocr_par' dir='ltr' id='par_1_95' title="bbox 2325 3705 3876 3782">
     <span class='ocr_line' id='line_1_95' title="bbox 2325 3705 3876 3782; baseline 0.001 -24"><span class='ocrx_word' id='word_1_760' title='bbox 2325 3705 2426 3758; x_wconf 90' lang='lat' dir='ltr'><strong>iste</strong></span> <span class='ocrx_word' id='word_1_761' title='bbox 2477 3705 2806 3760; x_wconf 87' lang='lat' dir='ltr'><strong>thesaurus:</strong></span> <span class='ocrx_word' id='word_1_762' title='bbox 2839 3705 3084 3776; x_wconf 76' lang='lat' dir='ltr'><strong>evigilas,</strong></span> <span class='ocrx_word' id='word_1_763' title='bbox 3127 3717 3184 3762; x_wconf 90' lang='lat' dir='ltr'><strong>et</strong></span> <span class='ocrx_word' id='word_1_764' title='bbox 3225 3709 3500 3774; x_wconf 69' lang='lat' dir='ltr'><strong>reces~it;</strong></span> <span class='ocrx_word' id='word_1_765' title='bbox 3549 3711 3786 3782; x_wconf 81' lang='lat' dir='ltr'><strong>quoniam</strong></span> <span class='ocrx_word' id='word_1_766' title='bbox 3819 3711 3876 3778; x_wconf 70' lang='lat' dir='ltr'><strong>qui</strong></span> 
     </span>
    </p>
   </div>
   <div class='ocr_carea' id='block_1_96' title="bbox 2327 3799 3877 3868">
    <p class='ocr_par' dir='ltr' id='par_1_96' title="bbox 2327 3799 3877 3868">
     <span class='ocr_line' id='line_1_96' title="bbox 2327 3799 3877 3868; baseline 0.005 -20"><span class='ocrx_word' id='word_1_767' title='bbox 2327 3800 2556 3867; x_wconf 86' lang='lat' dir='ltr'><strong>potuerit</strong></span> <span class='ocrx_word' id='word_1_768' title='bbox 2584 3799 2864 3868; x_wconf 67' lang='lat' dir='ltr'><strong>crapulam</strong></span> <span class='ocrx_word' id='word_1_769' title='bbox 2905 3799 3088 3854; x_wconf 87' lang='lat' dir='ltr'><strong>mundi</strong></span> <span class='ocrx_word' id='word_1_770' title='bbox 3123 3801 3278 3856; x_wconf 77' lang='lat' dir='ltr'><strong>istius</strong></span> <span class='ocrx_word' id='word_1_771' title='bbox 3306 3801 3620 3864; x_wconf 78' lang='lat' dir='ltr'><strong>edormire,</strong></span> <span class='ocrx_word' id='word_1_772' title='bbox 3653 3813 3700 3856; x_wconf 84' lang='lat' dir='ltr'><strong>et</strong></span> <span class='ocrx_word' id='word_1_773' title='bbox 3731 3801 3877 3855; x_wconf 65' lang='lat' dir='ltr'><strong>statuis-</strong></span> 
     </span>
    </p>
   </div>
   <div class='ocr_carea' id='block_1_97' title="bbox 2327 3891 3878 3966">
    <p class='ocr_par' dir='ltr' id='par_1_97' title="bbox 2327 3891 3878 3966">
     <span class='ocr_line' id='line_1_97' title="bbox 2327 3891 3878 3966; baseline 0.001 -21"><span class='ocrx_word' id='word_1_774' title='bbox 2327 3899 2488 3947; x_wconf 89' lang='lat' dir='ltr'><strong>tatem</strong></span> <span class='ocrx_word' id='word_1_775' title='bbox 2517 3891 2728 3946; x_wconf 80' lang='lat' dir='ltr'><strong>virtutis</strong></span> <span class='ocrx_word' id='word_1_776' title='bbox 2769 3908 3082 3961; x_wconf 87' lang='lat' dir='ltr'><strong>assumere,</strong></span> <span class='ocrx_word' id='word_1_777' title='bbox 3115 3893 3216 3948; x_wconf 76' lang='lat' dir='ltr'><strong>ista</strong></span> <span class='ocrx_word' id='word_1_778' title='bbox 3257 3899 3614 3964; x_wconf 86' lang='lat' dir='ltr'><strong>contemnit,</strong></span> <span class='ocrx_word' id='word_1_779' title='bbox 3651 3909 3701 3952; x_wconf 86' lang='lat' dir='ltr'><strong>et</strong></span> <span class='ocrx_word' id='word_1_780' title='bbox 3729 3911 3806 3966; x_wconf 83' lang='lat' dir='ltr'><strong>pro</strong></span> <span class='ocrx_word' id='word_1_781' title='bbox 3825 3895 3878 3948; x_wconf 82' lang='lat' dir='ltr'><strong>tti-</strong></span> 
     </span>
    </p>
   </div>
   <div class='ocr_carea' id='block_1_98' title="bbox 2329 3983 3879 4058">
    <p class='ocr_par' dir='ltr' id='par_1_98' title="bbox 2329 3983 3879 4058">
     <span class='ocr_line' id='line_1_98' title="bbox 2329 3983 3879 4058; baseline 0.001 -20"><span class='ocrx_word' id='word_1_782' title='bbox 2329 3983 2441 4038; x_wconf 87' lang='lat' dir='ltr'><strong>hilo</strong></span> <span class='ocrx_word' id='word_1_783' title='bbox 2471 3987 2750 4054; x_wconf 76' lang='lat' dir='ltr'><strong>pecuniam</strong></span> <span class='ocrx_word' id='word_1_784' title='bbox 2794 3987 2966 4044; x_wconf 81' lang='lat' dir='ltr'><strong>ducit.</strong></span> <span class='ocrx_word' id='word_1_785' title='bbox 2997 3987 3178 4058; x_wconf 77' lang='lat' dir='ltr'><strong>Neque</strong></span> <span class='ocrx_word' id='word_1_786' title='bbox 3218 3989 3479 4044; x_wconf 85' lang='lat' dir='ltr'><strong>timueris</strong></span> <span class='ocrx_word' id='word_1_787' title='bbox 3507 4005 3636 4044; x_wconf 87' lang='lat' dir='ltr'><strong>cum</strong></span> <span class='ocrx_word' id='word_1_788' title='bbox 3687 3989 3879 4053; x_wconf 67' lang='lat' dir='ltr'><strong>molunt.-</strong></span> 
     </span>
    </p>
   </div>
   <div class='ocr_carea' id='block_1_99' title="bbox 2333 4079 3876 4152">
    <p class='ocr_par' dir='ltr' id='par_1_99' title="bbox 2333 4079 3876 4152">
     <span class='ocr_line' id='line_1_99' title="bbox 2333 4079 3876 4152; baseline 0.001 -22"><span class='ocrx_word' id='word_1_789' title='bbox 2333 4085 2509 4132; x_wconf 85' lang='lat' dir='ltr'><strong>catam</strong></span> <span class='ocrx_word' id='word_1_790' title='bbox 2542 4079 2770 4148; x_wconf 89' lang='lat' dir='ltr'><strong>gloriam</strong></span> <span class='ocrx_word' id='word_1_791' title='bbox 2798 4079 2994 4134; x_wconf 87' lang='lat' dir='ltr'><strong>domus</strong></span> <span class='ocrx_word' id='word_1_792' title='bbox 3023 4079 3252 4151; x_wconf 86' lang='lat' dir='ltr'><strong>alicujus</strong></span> <span class='ocrx_word' id='word_1_793' title='bbox 3277 4083 3530 4152; x_wconf 82' lang='lat' dir='ltr'><strong>potentis</strong></span> <span class='ocrx_word' id='word_1_794' title='bbox 3553 4083 3792 4138; x_wconf 77' lang='lat' dir='ltr'><strong>audieris.</strong></span> <span class='ocrx_word' id='word_1_795' title='bbox 3823 4080 3876 4134; x_wconf 73' lang='lat' dir='ltr'><strong>lt;-</strong></span> 
     </span>
    </p>
   </div>
   <div class='ocr_carea' id='block_1_100' title="bbox 2329 4173 3878 4248">
    <p class='ocr_par' dir='ltr' id='par_1_100' title="bbox 2329 4173 3878 4248">
     <span class='ocr_line' id='line_1_100' title="bbox 2329 4173 3878 4248; baseline 0.003 -21"><span class='ocrx_word' id='word_1_796' title='bbox 2329 4173 2800 4243; x_wconf 81' lang='lat' dir='ltr'><strong>spicediligeutcr,</strong></span> <span class='ocrx_word' id='word_1_797' title='bbox 2831 4187 2884 4229; x_wconf 90' lang='lat' dir='ltr'><strong>et</strong></span> <span class='ocrx_word' id='word_1_798' title='bbox 2917 4190 3086 4230; x_wconf 81' lang='lat' dir='ltr'><strong>vacua</strong></span> <span class='ocrx_word' id='word_1_799' title='bbox 3117 4185 3230 4244; x_wconf 89' lang='lat' dir='ltr'><strong>est,</strong></span> <span class='ocrx_word' id='word_1_800' title='bbox 3257 4193 3380 4248; x_wconf 82' lang='lat' dir='ltr'><strong>quae</strong></span> <span class='ocrx_word' id='word_1_801' title='bbox 3411 4177 3552 4234; x_wconf 87' lang='lat' dir='ltr'><strong>nihil</strong></span> <span class='ocrx_word' id='word_1_802' title='bbox 3582 4179 3766 4236; x_wconf 86' lang='lat' dir='ltr'><strong>habeat</strong></span> <span class='ocrx_word' id='word_1_803' title='bbox 3787 4179 3878 4232; x_wconf 64' lang='lat' dir='ltr'><strong>isse</strong></span> 
     </span>
    </p>
   </div>
   <div class='ocr_carea' id='block_1_101' title="bbox 2329 4267 3877 4342">
    <p class='ocr_par' dir='ltr' id='par_1_101' title="bbox 2329 4267 3877 4342">
     <span class='ocr_line' id='line_1_101' title="bbox 2329 4267 3877 4342; baseline 0.005 -20"><span class='ocrx_word' id='word_1_804' title='bbox 2329 4267 2398 4324; x_wconf 90' lang='lat' dir='ltr'><strong>de</strong></span> <span class='ocrx_word' id='word_1_805' title='bbox 2433 4268 2556 4322; x_wconf 82' lang='lat' dir='ltr'><strong>ﬁdei</strong></span> <span class='ocrx_word' id='word_1_806' title='bbox 2591 4269 2951 4338; x_wconf 86' lang='lat' dir='ltr'><strong>plenitudine.</strong></span> <span class='ocrx_word' id='word_1_807' title='bbox 3003 4271 3068 4324; x_wconf 80' lang='lat' dir='ltr'><strong>Et</strong></span> <span class='ocrx_word' id='word_1_808' title='bbox 3097 4271 3225 4342; x_wconf 92' lang='lat' dir='ltr'><strong>quid</strong></span> <span class='ocrx_word' id='word_1_809' title='bbox 3265 4272 3334 4327; x_wconf 89' lang='lat' dir='ltr'><strong>de</strong></span> <span class='ocrx_word' id='word_1_810' title='bbox 3387 4272 3560 4330; x_wconf 91' lang='lat' dir='ltr'><strong>domo</strong></span> <span class='ocrx_word' id='word_1_811' title='bbox 3588 4271 3877 4329; x_wconf 48' lang='lat' dir='ltr'><strong>dicamne-</strong></span> 
     </span>
    </p>
   </div>
   <div class='ocr_carea' id='block_1_102' title="bbox 2330 4365 3880 4438">
    <p class='ocr_par' dir='ltr' id='par_1_102' title="bbox 2330 4365 3880 4438">
     <span class='ocr_line' id='line_1_102' title="bbox 2330 4365 3880 4438; baseline 0.001 -20"><span class='ocrx_word' id='word_1_812' title='bbox 2330 4379 2465 4418; x_wconf 88' lang='lat' dir='ltr'><strong>cuus</strong></span> <span class='ocrx_word' id='word_1_813' title='bbox 2484 4373 2600 4418; x_wconf 74' lang='lat' dir='ltr'><strong>erat</strong></span> <span class='ocrx_word' id='word_1_814' title='bbox 2634 4365 2778 4419; x_wconf 84' lang='lat' dir='ltr'><strong>totus</strong></span> <span class='ocrx_word' id='word_1_815' title='bbox 2807 4365 2894 4420; x_wconf 91' lang='lat' dir='ltr'><strong>hic</strong></span> <span class='ocrx_word' id='word_1_816' title='bbox 2931 4367 3168 4422; x_wconf 89' lang='lat' dir='ltr'><strong>mundus</strong></span> <span class='ocrx_word' id='word_1_817' title='bbox 3215 4375 3522 4438; x_wconf 85' lang='lat' dir='ltr'><strong>antequam</strong></span> <span class='ocrx_word' id='word_1_818' title='bbox 3571 4382 3782 4424; x_wconf 88' lang='lat' dir='ltr'><strong>numero</strong></span> <span class='ocrx_word' id='word_1_819' title='bbox 3801 4381 3880 4422; x_wconf 73' lang='lat' dir='ltr'><strong>cu:—</strong></span> 
     </span>
    </p>
   </div>
   <div class='ocr_carea' id='block_1_103' title="bbox 2331 4455 3878 4536">
    <p class='ocr_par' dir='ltr' id='par_1_103' title="bbox 2331 4455 3878 4536">
     <span class='ocr_line' id='line_1_103' title="bbox 2331 4455 3878 4536; baseline 0.003 -26"><span class='ocrx_word' id='word_1_820' title='bbox 2331 4455 2574 4510; x_wconf 86' lang='lat' dir='ltr'><strong>denlium</strong></span> <span class='ocrx_word' id='word_1_821' title='bbox 2621 4471 2745 4512; x_wconf 90' lang='lat' dir='ltr'><strong>eum</strong></span> <span class='ocrx_word' id='word_1_822' title='bbox 2785 4457 3034 4514; x_wconf 80' lang='lat' dir='ltr'><strong>Christus</strong></span> <span class='ocrx_word' id='word_1_823' title='bbox 3079 4460 3346 4532; x_wconf 87' lang='lat' dir='ltr'><strong>impleret.</strong></span> <span class='ocrx_word' id='word_1_824' title='bbox 3399 4462 3644 4536; x_wconf 86' lang='lat' dir='ltr'><strong>Ideoque</strong></span> <span class='ocrx_word' id='word_1_825' title='bbox 3681 4465 3878 4530; x_wconf 76' lang='lat' dir='ltr'><strong>scriptun</strong></span> 
     </span>
    </p>
   </div>
   <div class='ocr_carea' id='block_1_104' title="bbox 2333 4547 3878 4628">
    <p class='ocr_par' dir='ltr' id='par_1_104' title="bbox 2333 4547 3878 4628">
     <span class='ocr_line' id='line_1_104' title="bbox 2333 4547 3878 4628; baseline 0.005 -24"><span class='ocrx_word' id='word_1_826' title='bbox 2333 4559 2414 4604; x_wconf 88' lang='lat' dir='ltr'><strong>est</strong></span> <span class='ocrx_word' id='word_1_827' title='bbox 2449 4566 2460 4600; x_wconf 93' lang='lat'>:</span> <span class='ocrx_word' id='word_1_828' title='bbox 2489 4547 2755 4603; x_wconf 81' lang='lat' dir='ltr'><strong>Judicabit</strong></span> <span class='ocrx_word' id='word_1_829' title='bbox 2776 4551 2910 4604; x_wconf 86' lang='lat' dir='ltr'><strong>inter</strong></span> <span class='ocrx_word' id='word_1_830' title='bbox 2932 4563 3125 4626; x_wconf 80' lang='lat' dir='ltr'><strong>gentes,</strong></span> <span class='ocrx_word' id='word_1_831' title='bbox 3161 4553 3376 4624; x_wconf 88' lang='lat' dir='ltr'><strong>replebit</strong></span> <span class='ocrx_word' id='word_1_832' title='bbox 3407 4557 3598 4611; x_wconf 78' lang='lat' dir='ltr'><strong>ruinas</strong></span> <span class='ocrx_word' id='word_1_833' title='bbox 3625 4553 3786 4628; x_wconf 79' lang='lat' dir='ltr'><strong>(Psal.</strong></span> <span class='ocrx_word' id='word_1_834' title='bbox 3805 4569 3878 4612; x_wconf 74' lang='lat' dir='ltr'><strong>cn.</strong></span> 
     </span>
    </p>
   </div>
   <div class='ocr_carea' id='block_1_105' title="bbox 2257 4641 3880 4722">
    <p class='ocr_par' dir='ltr' id='par_1_105' title="bbox 2257 4641 3880 4722">
     <span class='ocr_line' id='line_1_105' title="bbox 2257 4641 3880 4722; baseline 0.003 -25"><span class='ocrx_word' id='word_1_835' title='bbox 2257 4659 2311 4722; x_wconf 80' lang='lat' dir='ltr'><strong>D</strong></span> <span class='ocrx_word' id='word_1_836' title='bbox 2335 4641 2412 4714; x_wconf 89' lang='grc'><strong>6).</strong></span> <span class='ocrx_word' id='word_1_837' title='bbox 2444 4641 2581 4710; x_wconf 89' lang='lat' dir='ltr'><strong>Quid</strong></span> <span class='ocrx_word' id='word_1_838' title='bbox 2637 4645 2779 4697; x_wconf 90' lang='lat' dir='ltr'><strong>enim</strong></span> <span class='ocrx_word' id='word_1_839' title='bbox 2823 4643 2970 4699; x_wconf 89' lang='lat' dir='ltr'><strong>aliud</strong></span> <span class='ocrx_word' id='word_1_840' title='bbox 3014 4655 3132 4699; x_wconf 91' lang='lat' dir='ltr'><strong>erat</strong></span> <span class='ocrx_word' id='word_1_841' title='bbox 3177 4654 3304 4702; x_wconf 88' lang='lat' dir='ltr'><strong>ante</strong></span> <span class='ocrx_word' id='word_1_842' title='bbox 3335 4647 3388 4701; x_wconf 90' lang='lat' dir='ltr'><strong>in</strong></span> <span class='ocrx_word' id='word_1_843' title='bbox 3421 4647 3532 4704; x_wconf 85' lang='lat' dir='ltr'><strong>hoc</strong></span> <span class='ocrx_word' id='word_1_844' title='bbox 3577 4650 3786 4713; x_wconf 86' lang='lat' dir='ltr'><strong>mundo,</strong></span> <span class='ocrx_word' id='word_1_845' title='bbox 3813 4645 3880 4702; x_wconf 77' lang='lat' dir='ltr'><strong>uisi</strong></span> 
     </span>
    </p>
   </div>
   <div class='ocr_carea' id='block_1_106' title="bbox 2335 4733 3880 4806">
    <p class='ocr_par' dir='ltr' id='par_1_106' title="bbox 2335 4733 3880 4806">
     <span class='ocr_line' id='line_1_106' title="bbox 2335 4733 3880 4806; baseline 0.004 -18"><span class='ocrx_word' id='word_1_846' title='bbox 2335 4735 2488 4790; x_wconf 88' lang='lat' dir='ltr'><strong>ruina</strong></span> <span class='ocrx_word' id='word_1_847' title='bbox 2517 4733 2754 4806; x_wconf 69' lang='lat' dir='ltr'><strong>perﬁdiae</strong></span> <span class='ocrx_word' id='word_1_848' title='bbox 2773 4735 2798 4790; x_wconf 84' lang='lat'><strong>?</strong></span> <span class='ocrx_word' id='word_1_849' title='bbox 2819 4735 2958 4805; x_wconf 90' lang='lat' dir='ltr'><strong>Quid</strong></span> <span class='ocrx_word' id='word_1_850' title='bbox 2982 4747 3064 4794; x_wconf 88' lang='lat' dir='ltr'><strong>est</strong></span> <span class='ocrx_word' id='word_1_851' title='bbox 3095 4739 3291 4794; x_wconf 82' lang='lat' dir='ltr'><strong>ruina?</strong></span> <span class='ocrx_word' id='word_1_852' title='bbox 3316 4739 3456 4796; x_wconf 77' lang='lat' dir='ltr'><strong>Audi</strong></span> <span class='ocrx_word' id='word_1_853' title='bbox 3491 4741 3792 4799; x_wconf 84' lang='lat' dir='ltr'><strong>dicentem:</strong></span> <span class='ocrx_word' id='word_1_854' title='bbox 3817 4742 3880 4796; x_wconf 70' lang='lat' dir='ltr'><strong>lii</strong></span> 
     </span>
    </p>
   </div>
   <div class='ocr_carea' id='block_1_107' title="bbox 2331 4829 3884 4906">
    <p class='ocr_par' dir='ltr' id='par_1_107' title="bbox 2331 4829 3884 4906">
     <span class='ocr_line' id='line_1_107' title="bbox 2331 4829 3884 4906; baseline 0.003 -25"><span class='ocrx_word' id='word_1_855' title='bbox 2331 4829 2522 4893; x_wconf 85' lang='lat' dir='ltr'><strong>ruina,</strong></span> <span class='ocrx_word' id='word_1_856' title='bbox 2565 4829 2635 4880; x_wconf 83' lang='lat' dir='ltr'><strong>ibi</strong></span> <span class='ocrx_word' id='word_1_857' title='bbox 2673 4837 2720 4882; x_wconf 85' lang='lat' dir='ltr'><strong>et</strong></span> <span class='ocrx_word' id='word_1_858' title='bbox 2751 4829 2940 4897; x_wconf 70' lang='lat' dir='ltr'><strong>aquila:</strong></span> <span class='ocrx_word' id='word_1_859' title='bbox 2971 4829 3185 4901; x_wconf 76' lang='lat' dir='ltr'><strong>(Matth.</strong></span> <span class='ocrx_word' id='word_1_860' title='bbox 3215 4847 3367 4900; x_wconf 78' lang='lat' dir='ltr'><strong>xxrv,</strong></span> <span class='ocrx_word' id='word_1_861' title='bbox 3421 4833 3556 4906; x_wconf 74' lang='lat'><strong>28);</strong></span> <span class='ocrx_word' id='word_1_862' title='bbox 3592 4835 3648 4890; x_wconf 90' lang='lat' dir='ltr'><strong>id</strong></span> <span class='ocrx_word' id='word_1_863' title='bbox 3695 4846 3798 4898; x_wconf 85' lang='lat' dir='ltr'><strong>est,</strong></span> <span class='ocrx_word' id='word_1_864' title='bbox 3823 4832 3884 4888; x_wconf 75' lang='lat' dir='ltr'><strong>ubi</strong></span> 
     </span>
    </p>
   </div>
   <div class='ocr_carea' id='block_1_108' title="bbox 2337 4921 3884 4992">
    <p class='ocr_par' dir='ltr' id='par_1_108' title="bbox 2337 4921 3884 4992">
     <span class='ocr_line' id='line_1_108' title="bbox 2337 4921 3884 4992; baseline 0.003 -16"><span class='ocrx_word' id='word_1_865' title='bbox 2337 4924 2526 4988; x_wconf 89' lang='lat' dir='ltr'><strong>ruina,</strong></span> <span class='ocrx_word' id='word_1_866' title='bbox 2563 4921 2638 4976; x_wconf 85' lang='lat' dir='ltr'><strong>ibi</strong></span> <span class='ocrx_word' id='word_1_867' title='bbox 2683 4933 2732 4978; x_wconf 89' lang='lat' dir='ltr'><strong>et</strong></span> <span class='ocrx_word' id='word_1_868' title='bbox 2785 4929 3136 4982; x_wconf 80' lang='lat' dir='ltr'><strong>resurrectio.</strong></span> <span class='ocrx_word' id='word_1_869' title='bbox 3181 4927 3396 4992; x_wconf 74' lang='lat' dir='ltr'><strong>Ruina,</strong></span> <span class='ocrx_word' id='word_1_870' title='bbox 3449 4945 3626 4986; x_wconf 82' lang='lat' dir='ltr'><strong>vacua</strong></span> <span class='ocrx_word' id='word_1_871' title='bbox 3671 4929 3884 4984; x_wconf 72' lang='lat' dir='ltr'><strong>[inuitatis</strong></span> 
     </span>
    </p>
   </div>
   <div class='ocr_carea' id='block_1_109' title="bbox 2337 5021 3884 5096">
    <p class='ocr_par' dir='ltr' id='par_1_109' title="bbox 2337 5021 3884 5096">
     <span class='ocr_line' id='line_1_109' title="bbox 2337 5021 3884 5096; baseline 0.003 -24"><span class='ocrx_word' id='word_1_872' title='bbox 2337 5027 2421 5072; x_wconf 73' lang='lat' dir='ltr'><strong>est</strong></span> <span class='ocrx_word' id='word_1_873' title='bbox 2473 5034 2485 5071; x_wconf 91' lang='lat'>:</span> <span class='ocrx_word' id='word_1_874' title='bbox 2539 5021 2906 5087; x_wconf 89' lang='lat' dir='ltr'><strong>resurrectio,</strong></span> <span class='ocrx_word' id='word_1_875' title='bbox 2959 5021 3240 5092; x_wconf 84' lang='lat' dir='ltr'><strong>plenitudo</strong></span> <span class='ocrx_word' id='word_1_876' title='bbox 3279 5024 3502 5080; x_wconf 86' lang='lat' dir='ltr'><strong>vivendi</strong></span> <span class='ocrx_word' id='word_1_877' title='bbox 3553 5037 3660 5082; x_wconf 88' lang='lat' dir='ltr'><strong>est.</strong></span> <span class='ocrx_word' id='word_1_878' title='bbox 3703 5025 3884 5096; x_wconf 75' lang='lat' dir='ltr'><strong>Ideoque</strong></span> 
     </span>
    </p>
   </div>
   <div class='ocr_carea' id='block_1_110' title="bbox 2341 5109 3886 5190">
    <p class='ocr_par' dir='ltr' id='par_1_110' title="bbox 2341 5109 3886 5190">
     <span class='ocr_line' id='line_1_110' title="bbox 2341 5109 3886 5190; baseline 0.006 -28"><span class='ocrx_word' id='word_1_879' title='bbox 2341 5123 2437 5162; x_wconf 83' lang='lat' dir='ltr'><strong>nos</strong></span> <span class='ocrx_word' id='word_1_880' title='bbox 2466 5109 2595 5164; x_wconf 67' lang='lat' dir='ltr'><strong>Adte</strong></span> <span class='ocrx_word' id='word_1_881' title='bbox 2625 5110 2768 5165; x_wconf 86' lang='lat' dir='ltr'><strong>illius</strong></span> <span class='ocrx_word' id='word_1_882' title='bbox 2811 5112 2962 5169; x_wconf 89' lang='lat' dir='ltr'><strong>ruina</strong></span> <span class='ocrx_word' id='word_1_883' title='bbox 2995 5115 3273 5182; x_wconf 86' lang='lat' dir='ltr'><strong>vacuavit,</strong></span> <span class='ocrx_word' id='word_1_884' title='bbox 3331 5116 3426 5172; x_wconf 89' lang='lat' dir='ltr'><strong>sed</strong></span> <span class='ocrx_word' id='word_1_885' title='bbox 3466 5117 3676 5176; x_wconf 84' lang='lat' dir='ltr'><strong>Christi</strong></span> <span class='ocrx_word' id='word_1_886' title='bbox 3713 5118 3886 5190; x_wconf 66' lang='lat' dir='ltr'><strong>replevit</strong></span> 
     </span>
    </p>
   </div>
   <div class='ocr_carea' id='block_1_111' title="bbox 2339 5203 3886 5286">
    <p class='ocr_par' dir='ltr' id='par_1_111' title="bbox 2339 5203 3886 5286">
     <span class='ocr_line' id='line_1_111' title="bbox 2339 5203 3886 5286; baseline 0.008 -30"><span class='ocrx_word' id='word_1_887' title='bbox 2339 5205 2531 5272; x_wconf 87' lang='lat' dir='ltr'><strong>gratia.</strong></span> <span class='ocrx_word' id='word_1_888' title='bbox 2563 5203 2689 5260; x_wconf 89' lang='lat' dir='ltr'><strong>Ideo</strong></span> <span class='ocrx_word' id='word_1_889' title='bbox 2717 5221 2776 5261; x_wconf 90' lang='lat' dir='ltr'><strong>se</strong></span> <span class='ocrx_word' id='word_1_890' title='bbox 2807 5207 2900 5262; x_wconf 88' lang='lat' dir='ltr'><strong>ille</strong></span> <span class='ocrx_word' id='word_1_891' title='bbox 2921 5210 3258 5277; x_wconf 79' lang='lat' dir='ltr'><strong>exinanivit;</strong></span> <span class='ocrx_word' id='word_1_892' title='bbox 3289 5221 3345 5265; x_wconf 89' lang='grc' dir='ltr'><strong>ιιι</strong></span> <span class='ocrx_word' id='word_1_893' title='bbox 3367 5227 3466 5266; x_wconf 90' lang='lat' dir='ltr'><strong>nos</strong></span> <span class='ocrx_word' id='word_1_894' title='bbox 3497 5215 3886 5286; x_wconf 74' lang='lat' dir='ltr'><strong>repleret,atqst</strong></span> 
     </span>
    </p>
   </div>
   <div class='ocr_carea' id='block_1_112' title="bbox 2340 5295 3886 5374">
    <p class='ocr_par' dir='ltr' id='par_1_112' title="bbox 2340 5295 3886 5374">
     <span class='ocr_line' id='line_1_112' title="bbox 2340 5295 3886 5374; baseline 0.01 -28"><span class='ocrx_word' id='word_1_895' title='bbox 2340 5295 2390 5347; x_wconf 88' lang='lat' dir='ltr'><strong>in</strong></span> <span class='ocrx_word' id='word_1_896' title='bbox 2433 5311 2599 5349; x_wconf 70' lang='lat' dir='ltr'><strong>carne</strong></span> <span class='ocrx_word' id='word_1_897' title='bbox 2627 5297 2861 5352; x_wconf 87' lang='lat' dir='ltr'><strong>hominis</strong></span> <span class='ocrx_word' id='word_1_898' title='bbox 2895 5301 3172 5370; x_wconf 85' lang='lat' dir='ltr'><strong>plenitudo</strong></span> <span class='ocrx_word' id='word_1_899' title='bbox 3205 5302 3424 5359; x_wconf 86' lang='lat' dir='ltr'><strong>virtutis</strong></span> <span class='ocrx_word' id='word_1_900' title='bbox 3463 5305 3758 5364; x_wconf 81' lang='lat' dir='ltr'><strong>habitaret.</strong></span> <span class='ocrx_word' id='word_1_901' title='bbox 3789 5305 3886 5374; x_wconf 71' lang='lat' dir='ltr'><strong>Quid</strong></span> 
     </span>
    </p>
   </div>
   <div class='ocr_carea' id='block_1_113' title="bbox 2339 5389 3958 5470">
    <p class='ocr_par' dir='ltr' id='par_1_113' title="bbox 2339 5389 3958 5470">
     <span class='ocr_line' id='line_1_113' title="bbox 2339 5389 3958 5470; baseline 0.004 -21"><span class='ocrx_word' id='word_1_902' title='bbox 2339 5389 2406 5442; x_wconf 82' lang='lat' dir='ltr'><strong>Sil</strong></span> <span class='ocrx_word' id='word_1_903' title='bbox 2441 5389 2614 5455; x_wconf 74' lang='lat' dir='ltr'><strong>ruina,</strong></span> <span class='ocrx_word' id='word_1_904' title='bbox 2645 5405 2932 5462; x_wconf 79' lang='lat' dir='ltr'><strong>cognosce.</strong></span> <span class='ocrx_word' id='word_1_905' title='bbox 2969 5394 3104 5449; x_wconf 91' lang='lat' dir='ltr'><strong>Dum</strong></span> <span class='ocrx_word' id='word_1_906' title='bbox 3129 5397 3260 5452; x_wconf 88' lang='lat' dir='ltr'><strong>vivit</strong></span> <span class='ocrx_word' id='word_1_907' title='bbox 3285 5396 3476 5466; x_wconf 84' lang='lat' dir='ltr'><strong>homo,</strong></span> <span class='ocrx_word' id='word_1_908' title='bbox 3499 5400 3714 5458; x_wconf 87' lang='lat' dir='ltr'><strong>infusus</strong></span> <span class='ocrx_word' id='word_1_909' title='bbox 3735 5399 3890 5470; x_wconf 75' lang='lat' dir='ltr'><strong>estspi-</strong></span> 
     </span>
    </p>
   </div>
   <div class='ocr_carea' id='block_1_114' title="bbox 2339 5482 3890 5567">
    <p class='ocr_par' dir='ltr' id='par_1_114' title="bbox 2339 5482 3890 5567">
     <span class='ocr_line' id='line_1_114' title="bbox 2339 5482 3890 5567; baseline 0.008 -32"><span class='ocrx_word' id='word_1_910' title='bbox 2339 5482 2444 5536; x_wconf 91' lang='lat' dir='ltr'><strong>ritu</strong></span> <span class='ocrx_word' id='word_1_911' title='bbox 2481 5501 2492 5534; x_wconf 87' lang='lat'><strong>:</strong></span> <span class='ocrx_word' id='word_1_912' title='bbox 2528 5483 2614 5536; x_wconf 89' lang='lat' dir='ltr'><strong>ubi</strong></span> <span class='ocrx_word' id='word_1_913' title='bbox 2641 5495 2885 5540; x_wconf 89' lang='lat' dir='ltr'><strong>mortuus</strong></span> <span class='ocrx_word' id='word_1_914' title='bbox 2913 5487 3110 5556; x_wconf 86' lang='lat' dir='ltr'><strong>fuerit,</strong></span> <span class='ocrx_word' id='word_1_915' title='bbox 3141 5505 3342 5546; x_wconf 87' lang='lat' dir='ltr'><strong>vacuus</strong></span> <span class='ocrx_word' id='word_1_916' title='bbox 3390 5492 3588 5564; x_wconf 89' lang='lat' dir='ltr'><strong>utique</strong></span> <span class='ocrx_word' id='word_1_917' title='bbox 3623 5497 3890 5567; x_wconf 59' lang='lat' dir='ltr'><strong>hujustiuo</strong></span> 
     </span>
    </p>
   </div>
   <div class='ocr_carea' id='block_1_115' title="bbox 2342 5574 3890 5654">
    <p class='ocr_par' dir='ltr' id='par_1_115' title="bbox 2342 5574 3890 5654">
     <span class='ocr_line' id='line_1_115' title="bbox 2342 5574 3890 5654; baseline 0.01 -26"><span class='ocrx_word' id='word_1_918' title='bbox 2342 5574 2408 5629; x_wconf 91' lang='lat' dir='ltr'><strong>lis</strong></span> <span class='ocrx_word' id='word_1_919' title='bbox 2435 5585 2517 5630; x_wconf 87' lang='lat' dir='ltr'><strong>est</strong></span> <span class='ocrx_word' id='word_1_920' title='bbox 2558 5575 2804 5644; x_wconf 87' lang='lat' dir='ltr'><strong>spiritus.</strong></span> <span class='ocrx_word' id='word_1_921' title='bbox 2845 5579 3016 5636; x_wconf 77' lang='lat' dir='ltr'><strong>Multo</strong></span> <span class='ocrx_word' id='word_1_922' title='bbox 3057 5583 3231 5654; x_wconf 81' lang='lat' dir='ltr'><strong>magis</strong></span> <span class='ocrx_word' id='word_1_923' title='bbox 3279 5599 3510 5640; x_wconf 85' lang='lat' dir='ltr'><strong>vacuum</strong></span> <span class='ocrx_word' id='word_1_924' title='bbox 3555 5587 3686 5644; x_wconf 83' lang='lat' dir='ltr'><strong>facit</strong></span> <span class='ocrx_word' id='word_1_925' title='bbox 3721 5585 3890 5644; x_wconf 75' lang='lat' dir='ltr'><strong>antissitt</strong></span> 
     </span>
    </p>
   </div>
   <div class='ocr_carea' id='block_1_116' title="bbox 2343 5669 3888 5750">
    <p class='ocr_par' dir='ltr' id='par_1_116' title="bbox 2343 5669 3888 5750">
     <span class='ocr_line' id='line_1_116' title="bbox 2343 5669 3888 5750; baseline 0.01 -29"><span class='ocrx_word' id='word_1_926' title='bbox 2343 5669 2529 5738; x_wconf 84' lang='lat' dir='ltr'><strong>gratiae</strong></span> <span class='ocrx_word' id='word_1_927' title='bbox 2569 5669 2866 5739; x_wconf 75' lang='lat' dir='ltr'><strong>Spiritalis,</strong></span> <span class='ocrx_word' id='word_1_928' title='bbox 2923 5689 3082 5744; x_wconf 85' lang='lat' dir='ltr'><strong>quem</strong></span> <span class='ocrx_word' id='word_1_929' title='bbox 3133 5677 3304 5746; x_wconf 85' lang='lat' dir='ltr'><strong>gratia</strong></span> <span class='ocrx_word' id='word_1_930' title='bbox 3353 5679 3574 5750; x_wconf 87' lang='lat' dir='ltr'><strong>replere</strong></span> <span class='ocrx_word' id='word_1_931' title='bbox 3621 5683 3888 5747; x_wconf 80' lang='lat' dir='ltr'><strong>consuevit;</strong></span> 
     </span>
    </p>
   </div>
   <div class='ocr_carea' id='block_1_117' title="bbox 2403 5783 3888 5870">
    <p class='ocr_par' dir='ltr' id='par_1_117' title="bbox 2403 5783 3888 5870">
     <span class='ocr_line' id='line_1_117' title="bbox 2403 5783 3888 5870; baseline 0.011 -34"><span class='ocrx_word' id='word_1_932' title='bbox 2403 5783 2441 5866; x_wconf 74' lang='lat' dir='ltr'><strong>_b</strong></span> <span class='ocrx_word' id='word_1_933' title='bbox 2469 5783 2759 5870; x_wconf 40' lang='lat' dir='ltr'><strong>alss.&quot;\’at.</strong></span> <span class='ocrx_word' id='word_1_934' title='bbox 2811 5796 2864 5842; x_wconf 91' lang='lat' dir='ltr'><strong>et</strong></span> <span class='ocrx_word' id='word_1_935' title='bbox 2895 5797 3125 5870; x_wconf 72' lang='lat' dir='ltr'><strong>quatuor</strong></span> <span class='ocrx_word' id='word_1_936' title='bbox 3167 5789 3382 5870; x_wconf 60' lang='lat' dir='ltr'><strong>Gallio,</strong></span> <span class='ocrx_word' id='word_1_937' title='bbox 3427 5799 3750 5868; x_wconf 70' lang='grc' dir='ltr'><strong>ρητροηὶιιιτ</strong></span> <span class='ocrx_word' id='word_1_938' title='bbox 3775 5791 3888 5870; x_wconf 67' lang='lat' dir='ltr'><strong>[mai</strong></span> 
     </span>
    </p>
   </div>
   <div class='ocr_carea' id='block_1_118' title="bbox 2345 5854 3432 5933">
    <p class='ocr_par' dir='ltr' id='par_1_118' title="bbox 2345 5854 3432 5933">
     <span class='ocr_line' id='line_1_118' title="bbox 2345 5854 3432 5933; baseline 0.008 -23"><span class='ocrx_word' id='word_1_939' title='bbox 2345 5856 2642 5913; x_wconf 73' lang='lat' dir='ltr'><strong>miserabili.</strong></span> <span class='ocrx_word' id='word_1_940' title='bbox 2678 5854 2866 5929; x_wconf 80' lang='lat' dir='ltr'><strong>Itaque</strong></span> <span class='ocrx_word' id='word_1_941' title='bbox 2893 5854 3031 5915; x_wconf 83' lang='lat' dir='ltr'><strong>mala</strong></span> <span class='ocrx_word' id='word_1_942' title='bbox 3051 5863 3270 5920; x_wconf 77' lang='lat' dir='ltr'><strong>seruitus</strong></span> <span class='ocrx_word' id='word_1_943' title='bbox 3289 5904 3304 5933; x_wconf 91' lang='lat'><strong>,</strong></span> <span class='ocrx_word' id='word_1_944' title='bbox 3327 5854 3432 5921; x_wconf 50' lang='lat' dir='ltr'><strong>etc;</strong></span> 
     </span>
    </p>
   </div>
  </div>
