4008 6352
174 260 315 323 1165

1281 259 1349 323 lN
1391 265 1722 328 PSALMUM
1759 261 1878 330 th
1918 265 2342 335 ENARRA'I‘lO.

3336 273 3474 336 1166

169 388 228 433 ιιι
261 380 530 449 possimus
551 379 736 437 dicere
769 399 782 436 :
813 382 1070 452 Quoniam
1096 398 1188 438 nos
1229 400 1406 437 omnes
1437 384 1501 437 de
1533 384 1759 453 plenitu-
1793 391 1846 454 Α
1871 400 1976 445 tem
2010 391 2060 444 in
2093 392 2354 462 angustiis
2392 391 2561 460 magis
2594 389 2879 446 Dominum
2909 399 3062 462 grato
3088 389 3362 446 benedirit
3394 391 3476 444 af-

170 472 292 527 dine
307 473 419 544 ejus
445 476 763 546 accepimus,
782 487 825 530 et
843 476 1063 550 gratiam
1091 492 1184 548 pro
1205 477 1376 548 gratia
1395 473 1575 546 (Joan.
1593 493 1632 544 1,
1652 476 1763 551 16).

172 567 248 622 De
287 568 396 623 alio
422 569 620 624 dicitur
663 588 676 624 :
725 569 788 625 In
823 588 1042 626 vacuum
1080 571 1309 626 laboravi
1353 570 1548 644 (Esai.
1599 559 1722 628 xu'x
1749 615 1765 641 ,

175 657 236 729 4)
268 676 282 714 :
310 660 494 729 justus
516 672 693 716 autem
719 663 857 719 sicut
883 664 1018 720 odor
1047 665 1160 735 agri
1190 662 1356 734 pleni.

242 751 333 806 ‘24.
366 752 546 826 (Vers.
581 754 694 826 18.)
723 755 859 823 Quid
891 767 1070 811 autem
1101 772 1207 810 non
1231 771 1477 823 vacuum,
1505 757 1645 828 quod
1668 772 1768 812 sze—

172 846 358 900 cnlare
409 856 568 918 atque
610 849 980 916 mundanum;
1025 866 1146 906 cum
1193 861 1339 906 recte
1383 851 1622 921 dixerit,
1677 851 1771 922 qui

172 939 434 993 mundum
462 940 622 995 istum
652 941 831 997 sobria
860 942 1056 998 virtute
1080 943 1438 1014 contempsit:
1465 945 1634 1000 nudus
1659 961 1771 999 sum

172 1043 349 1099 natus,
381 1025 551 1088 unitas
582 1044 629 1088 ct
657 1037 848 1089 moriar
886 1036 1028 1108 (Job.
1056 1055 1093 1104 ι,
1127 1037 1257 1109 21)ἶ’
1287 1037 1555 1109 Numquid
1585 1054 1769 1096 secum

169 1125 294 1194 quis
343 1135 521 1196 p0test
557 1125 772 1182 auferre
804 1144 922 1198 qua:
955 1130 1242 1199 possidet?
1276 1129 1371 1186 llic
1402 1132 1582 1186 omnia
1616 1132 1772 1187 dere—

173 1215 408 1288 linquit,
451 1218 598 1274 solus
635 1219 802 1274 intrat
834 1221 884 1274 in
924 1224 1186 1277 ιιιιιιιιΙιιιιι
1215 1266 1229 1292 ,
1276 1233 1329 1278 et
1359 1240 1590 1279 vacuum
1625 1225 1771 1280 illius

171 1303 481 1366 divitis'est
523 1312 854 1384 sepulcrum,
881 1330 1042 1386 quem
1077 1330 1175 1370 nec
1213 1326 1238 1353 ³
1285 1315 1398 1388 ipsa
1431 1328 1571 1373 terra
1596 1319 1775 1391 capie-

171 1401 285 1457 bat.
326 1402 480 1458 Unde
526 1403 730 1459 dictum
761 1414 845 1461 est
879 1423 892 1459 :
927 1405 1192 1479 Numquid
1219 1410 1316 1463 soli
1356 1409 1646 1466 habitabilis
1686 1429 1775 1466 su-

175 1513 268 1566 per
320 1498 550 1552 terram?
593 1497 863 1566 Numquid
911 1499 1168 1554 descendit
1212 1503 1266 1556 in
1310 1504 1441 1558 illud
1482 1504 1774 1578 sepulcrum

172 1587 346 1660 gloria
385 1590 570 1645 domus
599 1591 717 1666 ejus'
744 1602 834 1646 aut
873 1594 1034 1666 capite
1070 1593 1244 1667 (Esai.
1279 1610 1336 1662 v,
1363 1595 1468 1668 8)?
1500 1597 1634 1654 Vide
1666 1599 1771 1653 vim

174 1682 493 1752 Scripturae.
509 1682 692 1739 Gloria
709 1685 890 1740 saeculi
908 1701 1012 1740 non
1033 1686 1309 1742 descendit
1324 1704 1442 1744 cum
1465 1700 1771 1760 peccatore,

1876 483 2037 539 fectu.
2064 485 2302 556 Denique
2324 484 2574 540 diabolus
2597 485 2661 538 ad
2694 484 2858 540 Deum
2882 483 3050 539 dicit:
3079 482 3218 550 Quid
3249 485 3470 544 miruu'i,

1822 644 1837 655 _
1872 575 1916 629 si
1951 585 2003 632 te
2031 576 2300 632 benedicit
2329 575 2475 632 .lob?
2505 576 2802 631 Abundant
2831 577 2878 629 ei
2912 576 3112 629 omnia.
3151 574 3258 630 Sed
3289 576 3428 629 mitte
3454 616 3470 640 ,

1875 667 2075 737 inquit,
2107 687 2316 724 manuni
2356 678 2516 735 luant,
2547 678 2596 724 et
2621 679 2769 742 tange
2797 685 2855 722 ea
2880 684 2993 739 qua:
3022 667 3266 738 possidet,
3298 667 3474 720 videa-

1871 777 1985 816 mus
2029 763 2071 816 si
2118 764 2172 816 in
2213 763 2394 835 [aciem
2427 773 2473 818 te
2518 763 2769 817 benedicet
2816 760 2959 832 (Job.
2995 777 3032 827 1,
3075 761 3188 831 11).
3224 759 3291 814 Ει
3321 759 3474 815 dedit

1874 855 1972 926 ipsi
2016 857 2270 912 Dominus
2299 867 2664 927 potestatem,
2701 865 2760 911 ut
2801 872 2920 925 tium
2951 855 3133 910 saeculi
3160 862 3345 911 essent
3373 854 3474 908 hu-

1862 948 1973 1020 jus,
2008 949 2240 1005 auferret
2269 968 2282 1003 :
2315 965 2530 1005 carnem
2565 951 2732 1020 ipsius
2782 949 2980 1004 ulceris
3009 950 3290 1004 atrocitate
3346 963 3467 1019 per—

1873 1042 2144 1098 funderet.
2177 1041 2281 1097 Joh
2323 1052 2502 1099 tamen
2535 1043 2887 1099 benedicebat
2910 1042 3095 1097 dicens
3132 1060 3144 1097 :
3177 1040 3430 1095 Dominus
3453 1083 3467 1108 ,

1874 1135 2050 1201 dedit,
2094 1133 2345 1190 Dominus
2381 1135 2622 1190 abstulit.
2654 1179 2664 1192 .
2696 1177 2708 1189 .
2746 1177 2756 1189 .
2801 1135 2866 1190 sit
2905 1151 3086 1189 nomen
3130 1131 3339 1188 Domini
3386 1133 3472 1188 be-

1875 1227 2133 1282 nedictum
2170 1227 2359 1297 (lbid.,
2399 1227 2517 1298 21).

1943 1319 2035 1376 Q6.
2078 1320 2256 1392 (Vers.
2313 1322 2404 1387 ‘20,
2444 1321 2836 1392 ‘21.)lntroibit
2883 1339 3044 1393 usque
3082 1325 3134 1376 in
3175 1323 3472 1395 progeniem

1875 1424 2080 1483 patrum
2121 1416 2231 1486 ejus
2263 1431 2283 1468 :
2322 1431 2479 1484 usque
2519 1417 2572 1471 in
2621 1417 2865 1472 steculum
2915 1433 3014 1472 non
3057 1415 3245 1472 videbit
3273 1417 3467 1471 lumen.

1875 1507 2046 1563 Homo
2077 1526 2193 1563 cum
2223 1511 2274 1564 in
2309 1509 2500 1565 honore
2525 1519 2675 1576 esset,
2706 1526 2808 1564 non
2831 1509 3118 1577 intellexit;
3142 1517 3472 1580 comparatus

1874 1611 1946 1656 est
1980 1604 2255 1675 jumentis,
2278 1620 2392 1672 qua:
2431 1619 2636 1658 sensum
2662 1619 2764 1656 non
2787 1600 2992 1669 habent,
3017 1614 3063 1658 et
3091 1603 3276 1658 similis
3304 1602 3472 1673 [actus

1876 1704 1947 1747 est
1977 1693 2100 1748 illis.
2129 1694 2278 1760 Ideo,
2314 1695 2507 1766 inquit,
2542 1700 2642 1752 iste
2672 1697 2724 1750 in
2759 1685 3070 1766 progeniem
3105 1707 3316 1766 patrum
3348 1709 3474 1748 seo-

175 1775 460 1842 sedgloria
481 1776 693 1832 virtutis
717 1777 1096 1834 ascenditcum
1121 1780 1426 1836 innocente.
1455 1782 1523 1838 Et
1545 1793 1764 1840 utcom—
1798 1793 1846 1854 Β
1874 1803 1988 1840 rum
2022 1786 2284 1842 introibit.
2310 1787 2412 1856 Qui
2439 1797 2521 1844 est
2555 1797 2704 1858 pater
2732 1787 3047 1859 impiorum,
3081 1788 3341 1842 Dominus
3371 1786 3471 1840 de-

175 1866 493 1935 pendiosius
523 1868 787 1936 dicamus,
814 1871 982 1942 gloria
1029 1872 1266 1929 hominis
1294 1892 1412 1930 cum
1441 1877 1768 1933 ascendente

171 1959 476 2016 ascendet:
509 1977 630 2016 cum
682 1964 1046 2022 descendente
1095 1982 1200 2022 non
1250 1968 1564 2026 descendet.
1614 1971 1767 2040 Quod

170 2056 363 2123 gratia!
385 2066 464 2111 est
487 2074 547 2110 ac
573 2059 808 2125 virtutis,
825 2061 1104 2117 ascendet.
1127 2063 1182 2116 In
1197 2045 1515 2131 paradisum
1533 2067 1770 2122 ascendi-

173 2154 283 2212 tur,
307 2149 356 2201 in
379 2149 642 2203 infernum
665 2151 1028 2208 descenditur.
1046 2152 1393 2225 Descendunt,
1417 2158 1605 2228 inquit,
1627 2160 1677 2213 in
1693 2160 1770 2212 in-

172 2245 383 2312 [eruunt
419 2245 943 2317 viventes(l’sal.t.lv,
969 2247 1078 2320 lC).
1111 2249 1347 2322 Ideoque
1373 2251 1611 2308 Lazarus
1643 2269 1772 2325 pau-

174 2352 274 2406 per
303 2352 397 2406 per
423 2339 642 2409 angelos
673 2339 726 2394 in
746 2340 972 2395 Abrahae
1003 2341 1178 2396 sinum
1211 2354 1291 2397 est
1320 2344 1586 2400 elevatus.
1613 2346 1773 2402 Dives

173 2429 486 2485 luxuriosus
544 2431 764 2486 elevans
815 2434 868 2487 in
925 2433 1139 2489 inferno
1195 2437 1385 2491 oculos
1436 2454 1566 2493 suos
1619 2449 1774 2510 rogat

171 2521 449 2578 Abraham
490 2533 545 2577 ιιι
569 2523 742 2578 mittat
764 2541 1078 2595 pauperem,
1105 2527 1345 2599 etdigito
1367 2547 1468 2585 suo
1497 2532 1774 2603 contingat

171 2615 412 2686 linguam
450 2616 600 2686 ejus,
641 2631 748 2686 quo
793 2620 1034 2688 requiem
1078 2621 1310 2690 aliquam
1359 2626 1409 2677 in
1440 2624 1637 2680 ardore
1662 2641 1776 2680 ma-

176 2707 324 2762 ximo
345 2711 670 2763 constitutus
695 2717 880 2779 posset
902 2711 1147 2782 adipisci.
1169 2711 1301 2768 Vide
1318 2716 1463 2768 illum
1481 2731 1772 2787 pauperem

176 2800 336 2856 benis
367 2802 621 2856 omnibus
651 2802 1041 2872 abundantem,
1061 2821 1220 2875 quem
1249 2809 1418 2861 sancti
1442 2807 1773 2864 Patriarchae

175 2893 393 2964 requies
441 2894 599 2949 beata
642 2895 1034 2951 circumdabat.
1068 2898 1198 2953 Vide
1231 2900 1372 2952 hunc
1403 2915 1652 2968 vacuum,
1685 2901 1775 2972 qui

175 2989 276 3045 sibi
306 2991 354 3045 in
392 2989 492 3045 hoc
529 2991 729 3045 suaequ
754 2992 1032 3047 abundare
1062 2994 1312 3047 omnibus
1344 2994 1650 3060 videbatur,
1677 3010 1774 3050 cn-

170 3083 259 3152 jus
304 3083 481 3136 anima
525 3083 576 3137 in
606 3083 710 3138 vita
761 3083 930 3154 ipsius
980 3085 1447 3141 benedicebatur:
1494 3089 1585 3142 sed
1613 3087 1778 3162 954.

176 3192 318 3231 nunc
351 3177 493 3231 iners
521 3187 695 3232 morte
717 3177 1154 3248 crnciatur(Luc.
1185 3180 1388 3245 “1,22
1413 3191 1458 3234 et
1482 3181 1638 3254 seq.).

249 3269 338 3324 ‘25.
383 3268 563 3340 (Vers.
606 3269 722 3340 19.)
756 3270 910 3327 Unde
940 3273 1164 3342 pulchre
1195 3275 1439 3346 sequitur
1473 3294 1486 3329 :
1525 3276 1782 3344 Quoniam

178 3363 352 3416 anima
383 3365 495 3435 ejus
527 3363 578 3416 in
607 3365 708 3417 vita
737 3365 898 3433 ipsius
925 3365 1248 3420 benetlicetur
1274 3383 1290 3420 :
1318 3368 1648 3436 conﬁtebitur
1669 3370 1776 3437 tibi,

182 3473 300 3510 cum
342 3457 649 3527 benefeceris
676 3459 794 3528 ipsi.
830 3458 1188 3527 Benedicent,
1225 3461 1428 3532 inquit,
1461 3479 1580 3518 eum
1617 3464 1781 3521 hrne-

179 3550 416 3606 dictione
443 3560 678 3606 terrena.
712 3552 874 3607 Stulti
901 3554 1170 3621 homines,
1204 3556 1291 3626 qui
1323 3559 1632 3626 praesentia,
1670 3576 1776 3614 non

181 3641 360 3696 futura
392 3643 760 3701 considerant.
801 3644 1120 3701 Benediccnt
1148 3663 1266 3701 eum
1298 3650 1520 3703 asseclae
1548 3652 1666 3721 ejus
1693 3660 1775 3704 at-

181 3749 285 3802 que
333 3731 359 3770 ι’
411 3735 652 3802 parasiti.
711 3734 830 3805 Ipse
883 3754 1100 3807 qttoque
1143 3740 1352 3793 beatum
1409 3756 1466 3795 se
1509 3752 1694 3812 putat,
1733 3741 1778 3797 si

181 3842 368 3897 agrum
398 3826 628 3896 aliquem
657 3843 816 3896 quem
842 3830 1209 3897 desiderabat,
1243 3832 1520 3888 invaserit.
1546 3835 1782 3888 Conﬁte-

183 3929 269 3972 tur
301 3928 427 3972 tunc
461 3918 592 3983 Deo,
625 3934 745 3973 cum
785 3921 831 3973 ei
866 3920 918 3974 in
950 3922 1050 3976 hoc
1086 3926 1288 3978 saeculo
1318 3927 1553 3980 secunda
1596 3943 1784 3982 succe-

183 4012 320 4066 dunt
355 4013 610 4082 :quando
641 4021 822 4067 autem
861 4015 1085 4069 adversa
1115 4017 1454 4088 contingunt,
1492 4019 1658 4088 impio
1691 4035 1785 4075 ore

186 4101 480 4158 maledicit.
525 4103 638 4158 Hoc
678 4120 808 4175 ergo
855 4106 979 4160 dicit
1008 4109 1195 4182 ,Kquia
1228 4111 1506 4166 smcatlaris
1542 4128 1646 4164 non
1679 4114 1788 4182 agit

185 4196 388 4266 gratias
420 4196 473 4250 in
508 4206 825 4268 paupertate
857 4200 1063 4268 positus
1092 4210 1146 4254 et
1178 4202 1450 4269 adversis;
1488 4203 1668 4274 justus
1696 4220 1791 4259 au-

265 4339 290 4366 τι
342 4329 604 4386 Videntur
659 4329 774 4385 haec
822 4333 1040 4401 proprie
1073 4334 1270 4390 cadere
1320 4335 1371 4389 in
1420 4334 1785 4390 Alexandrum

199 4402 568 4466 Macedonem,
612 4417 771 4471 quem
796 4402 1119 4460 Plutarchus
1143 4417 1197 4462 et
1224 4405 1338 4460 Val.
1373 4406 1637 4461 lilaximns
1666 4424 1789 4462 nar-

1872 1881 2096 1935 claravit
2142 1879 2377 1936 dicens:
2439 1881 2543 1935 l’os
2599 1899 2661 1937 ex
2708 1895 2852 1954 patre
2898 1882 3105 1936 diabolo
3134 1882 3253 1936 estis
3288 1880 3470 1952 (Joan.

1875 1989 1986 2039 vni,
2016 1972 2130 2045 44).
2159 1974 2295 2030 Sunt
2323 1983 2376 2028 et
2403 1974 2478 2028 illi
2505 1984 2684 2045 patres
2715 1975 2782 2028 de
2813 1974 3008 2044 quibus
3033 1973 3258 2028 dicitur:
3292 1971 3475 2027 Relin-

1871 2084 1969 2138 que
2013 2077 2238 2122 mortuos
2282 2068 2501 2140 sepelire
2525 2077 2750 2122 mortuos
2794 2083 2914 2122 suos
2947 2065 3162 2139 (Matth.
3204 2080 3322 2131 vm,
3352 2063 3471 2135 2‘2).

1873 2159 2001 2217 ldeo
2023 2170 2075 2216 et
2104 2161 2353 2217 Moabitae
2377 2177 2546 2232 usque
2579 2162 2631 2217 in
2656 2161 2870 2216 tertiam
2899 2170 2950 2215 et
2977 2166 3222 2230 quartam
3247 2174 3476 2230 genera-

1871 2257 2075 2312 tionem
2124 2256 2380 2324 prohibiti
2427 2267 2552 2312 sunt
2585 2256 2811 2312 introire
2849 2257 2899 2310 in
2929 2255 3230 2311 Ecclesium
3263 2254 3475 2310 Domini

1874 2351 2054 2418 (Deut.
2105 2367 2269 2418 χχιιι,
2300 2353 2406 2422 ξ5);
2447 2361 2504 2407 ιιι
2543 2350 2636 2406 ﬁlii
2662 2367 2851 2408 eorum
2882 2361 3104 2421 propter
3133 2356 3347 2419 peccata
3381 2362 3478 2420 pa-

1875 2453 2012 2499 trum
2039 2459 2258 2500 suorum
2291 2445 2581 2500 introirent
2602 2445 2653 2500 in
2682 2461 2868 2500 corum
2890 2442 3323 2516 generationem,
3343 2457 3477 2513 quo-

1875 2554 1992 2593 rum
2043 2537 2179 2592 iacta
2227 2537 2578 2592 imitabantur
2617 2547 2670 2592 et
2702 2553 2902 2592 mores.
2936 2535 3093 2593 Unde
3135 2544 3189 2590 et
3217 2534 3478 2605 scriptum

1875 2642 1956 2686 cst
2009 2649 2021 2684 :
2069 2627 2199 2685 Filii
2251 2632 2602 2686 adulterorum
2652 2642 2672 2669 ε
2734 2632 2787 2684 in
2838 2631 3279 2685 consummatione
3329 2639 3480 2682 erunt

1875 2728 2032 2800 (Sap.
2083 2744 2180 2794 ιιι,
2229 2728 2343 2799 16).
2396 2728 2535 2799 Ergo
2577 2728 2666 2799 qui
2706 2704 2811 2782 uati
2852 2727 3004 2781 illum
3046 2732 3256 2796 patrem
3298 2723 3390 2796 qui
3423 2723 3479 2778 in

1876 2821 2016 2876 coelo
2059 2829 2169 2888 cst,
2198 2821 2472 2891 sequitur;
2499 2820 2592 2874 sed
2626 2820 2774 2874 illum
2809 2828 3022 2875 terrena
3051 2817 3360 2872 colluvione
3391 2815 3476 2869 vi-

1877 2921 2134 2978 ventem,
2192 2913 2243 2968 in
2287 2913 2543 2984 progenie
2594 2911 2794 2968 terreni
2851 2911 3019 2982 patris
3062 2910 3247 2964 intrat.
3301 2909 3484 2974 Qualis

1879 3005 2024 3060 enim
2068 3014 2343 3073 terrenus,
2381 3005 2518 3060 tales
2547 3015 2601 3060 et
2644 3006 2876 3070 terreni;
2910 3014 2967 3058 ut
2992 3004 3060 3057 sit
3088 3002 3206 3074 ejus
3234 2999 3340 3056 vita
3367 3008 3482 3056 ter-

1880 3117 2006 3156 rena
2033 3143 2048 3169 ,
2096 3100 2310 3171 requies
2360 3100 2506 3155 nulla
2548 3109 2670 3176 post
2715 3110 2967 3180 mortem.
2995 3098 3051 3154 ln
3081 3108 3344 3152 :eternum
3373 3110 3478 3148 non

1804 3185 1850 3250 C
1885 3194 2086 3250 videbit
2117 3195 2300 3250 lumen
2327 3209 2340 3260 ;
2368 3192 2622 3264 quoniam
2647 3190 2944 3262 temporale
2972 3188 3240 3261 quaisivit.
3265 3185 3361 3240 llle
3390 3200 3484 3239 au-

1885 3299 1991 3343 tem
2021 3289 2108 3358 qui
2139 3287 2340 3343 Christi
2370 3295 2588 3342 secutus
2628 3294 2710 3340 est
2737 3285 2997 3356 gloriam,
3027 3283 3117 3354 qui
3153 3279 3486 3336 desideravit

1882 3382 2012 3438 illud
2066 3383 2283 3448 lumen,
2317 3379 2456 3452 quod
2499 3379 2764 3434 illuminat
2803 3395 3018 3434 omnem
3070 3375 3343 3432 hominem
3385 3389 3482 3430 ve-

1884 3478 2120 3533 nientem
2153 3476 2204 3531 in
2239 3475 2381 3532 hunc
2410 3472 2692 3540 mundum,
2727 3472 2967 3527 inveniet
2992 3481 3046 3527 et
3069 3469 3270 3526 videbit
3302 3469 3484 3524 lumen

1883 3579 2171 3633 aeternum;
2219 3567 2340 3640 quia
2373 3582 2498 3624 eum
2528 3550 2778 3621 ChriStns
2809 3565 3038 3619 redemit
3065 3579 3092 3616 a
3123 3564 3316 3618 marte.

1961 3663 2044 3716 2.7.
2072 3661 2222 3717 Tunc
2253 3675 2380 3731 ergo
2410 3659 2900 3730 cogitabiﬁsecum,
2929 3656 3050 3728 quia
3077 3672 3193 3710 cum
3214 3657 3267 3709 in
3296 3655 3490 3709 honore

1889 3735 2036 3820 esset,
2064 3772 2164 3809 non
2198 3755 2478 3819 intellexit;
2510 3765 2563 3808 et
2601 3753 2722 3807 ideo
2749 3753 2850 3808 erit
2879 3751 3072 3806 similis
3093 3751 3486 3821 jumentorum,

1889 3846 1982 3917 qui
2037 3847 2227 3899 similis
2272 3844 2457 3900 debuit
2488 3861 2609 3900 esse
2638 3845 2978 3916 angelorum,
3007 3859 3100 3914 per
3133 3844 3346 3899 Domini
3392 3859 3490 3897 no-

1889 3937 1985 3990 stri
2015 3935 2139 3990 Jesu
2172 3938 2367 3991 Christi
2393 3937 2619 4006 gratiam
2656 3954 2667 3989 :
2700 3937 2786 3991 cui
2816 3947 2895 3991 est
2929 3937 3124 4001 honor,
3147 3934 3336 4006 gloria,
3368 3949 3489 4004 per-

1894 4033 2124 4099 petuitas
2160 4046 2188 4084 a
2220 4031 2465 4097 saeculis,
2497 4040 2552 4087 et
2585 4046 2763 4096 nime,
2796 4041 2851 4088 et
2879 4043 3112 4101 semper,
3142 4038 3197 4086 et
3227 4029 3277 4084 in
3307 4029 3488 4084 omnia

1892 4125 2087 4180 sarcula
2111 4125 2456 4180 saeculorum.
2488 4124 2681 4181 Amen.

2143 4337 2281 4400 Unus
2303 4337 2488 4400 Pellaeo
2507 4338 2677 4400 juveni
2703 4350 2799 4400 non
2822 4333 3002 4386 suftlcit
3025 4337 3174 4400 orbis.

2141 4399 2330 4450 Estuat
2356 4398 2527 4450 infeliii
2554 4408 2764 4464 angusto
2783 4398 2937 4449 limite
2959 4399 3146 4460 mundi,
3173 4408 3269 4450 etc.

191 4481 333 4550 rant,
357 4488 476 4550 cum
497 4469 1177 4550 deinlinilatemundorum
1206 4479 1582 4548 philosophum
1601 4495 1791 4550 quenu
1818 4479 1872 4541 D
1965 4469 1993 4508 ι’
2027 4469 2278 4550 Parasiti.
2311 4471 2480 4550 Sunt,
2512 4470 2602 4542 qui
2646 4471 2888 4550 ciborum
2934 4470 3106 4550 gratia
3154 4470 3494 4550 Inagitiatibus

192 4546 710 4622 damdisputatrtem
733 4546 1056 4622 audivisset,
1081 4543 1316 4616 ﬂevisse,
1345 4543 1488 4622 quod
1513 4552 1596 4606 vix
1620 4543 1787 4622 unum

1897 4553 2060 4612 alque
2081 4543 2339 4599 divitibus
2357 4543 2666 4608 adulantur,
2686 4545 2788 4599 ἀπὸ
2808 4549 2899 4599 τοῦ
2914 4543 3074 4618 παρὰ,
3099 4546 3294 4600 καὶτοῦ
3321 4545 3490 4597 σίτου.

196 4617 516 4688 possideret.
552 4616 688 4672 llinc
714 4616 781 4674 de
807 4619 897 4674 illo
923 4619 1116 4677 Jusen.
1142 4623 1255 4679 Sat.
1290 4616 1392 4682 1οξ
1701 4620 1706 4624 ”
1973 4635 1994 4663 ο
2025 4624 2155 4680 Mss.
2185 4624 2313 4680 duo.
2342 4625 2736 4679 iuconsummati
2757 4633 2925 4680 erunt.

1749 4747 1808 4756 ...ν

926 4867 1046 4953 ΙΝ
1125 4866 1692 4951 PSALMUM
1761 4867 1966 4952 LXI
2039 4860 2759 4949 ENARRATIO.

1056 5051 1310 5107 Titulus:
1337 5048 1402 5104 In
1435 5051 1609 5120 ﬁnem,
1647 5064 1740 5122 pro
1767 5047 2026 5113 ldithum,
2060 5043 2302 5100 Psatmus
2330 5043 2432 5115 ipsi
2464 5041 2656 5097 David.

1650 5207 2032 5225 ῃ

1988 5303 2031 5355 1.
2064 5298 2244 5372 (Vers.
2280 5297 2360 5370 1.)
2378 5294 2629 5354 Omnium
2662 5301 2908 5349 nostrum
2928 5289 3146 5346 indubia
3171 5291 3510 5348 consuetudo

1909 5404 2020 5460 est,
2057 5404 2114 5450 ut
2153 5393 2468 5449 festinemus
2495 5387 2562 5442 ad
2596 5386 2754 5442 linem
2775 5428 2789 5452 ,
2815 5392 2870 5440 et
2895 5399 3083 5439 eorum
3127 5399 3245 5453 qua:
3278 5383 3512 5452 legimus

1911 5488 1995 5542 vel
2028 5487 2259 5542 vidimus
2291 5491 2346 5538 et
2383 5479 2711 5544 audivimus,
2741 5478 2971 5534 velimus
3016 5491 3284 5532 summam
3310 5489 3516 5546 cogno-

1912 5595 2085 5636 scere.
2118 5579 2266 5635 Unde
2297 5575 2482 5631 titulus
2514 5573 2630 5644 ipse
2655 5573 2860 5627 otiosos
2889 5585 2988 5624 nos
3015 5585 3136 5626 esse
3157 5585 3264 5625 non
3289 5569 3512 5638 patitur,

1916 5689 2016 5729 nec
2045 5671 2247 5728 feriatis
2276 5667 2558 5740 praeterire
2578 5667 2798 5723 auribus
2829 5662 3084 5718 desiderii
3107 5661 3410 5718 communis
3431 5662 3517 5718 in-

1916 5767 2137 5825 ditium.
2171 5763 2288 5820 Prae
2318 5760 2730 5832 cmterisqcnim,
2762 5756 3070 5816 licetetiam
3093 5757 3148 5813 in
3174 5754 3389 5814 emissis
3409 5755 3522 5813 cla-

204 5309 370 5385 955
402 5309 466 5364 In
501 5310 654 5382 hujus
677 5308 863 5380 psalmi
892 5316 1115 5362 tractatu
1140 5305 1203 5360 B.
1235 5305 1532 5359 Ambrosius
1576 5302 1796 5372 inﬁdeli.

277 5409 430 5455 tatem
478 5410 522 5453 et
553 5401 864 5470 impietatem
898 5398 1120 5453 Maximi
1149 5399 1353 5469 tyranni
1374 5398 1592 5468 graviter
1622 5395 1802 5450 redar-

279 5493 410 5560 guit,
437 5493 524 5559 qui
553 5509 710 5545 ausus
741 5503 813 5546 est
837 5492 1099 5545 dominum
1126 5506 1280 5544 suum
1307 5488 1617 5544 Gratianum
1643 5489 1808 5559 impe-

279 5594 501 5637 ratorem
531 5584 718 5658 fraude
745 5594 792 5638 ct
817 5585 934 5638 dolo
960 5583 1245 5654 perimere:
1276 5601 1426 5654 quem
1453 5585 1809 5653 imperatorem

195 5729 198 5733 .
280 5677 335 5728 in
364 5674 574 5731 Domini
613 5676 941 5732 tabernaculo
969 5675 1221 5742 habitare,
1247 5686 1294 5731 et
1321 5677 1375 5732 in
1404 5683 1575 5730 monte
1595 5674 1704 5743 ejus
1729 5689 1811 5728 re-

195 5812 201 5821 .
282 5769 540 5838 quiescere
572 5770 716 5825 dicit.
