4008 6352
575 323 713 380 1167

1918 305 2167 368 SANCTI
2205 305 2534 364 AMBROSII

3762 297 3870 358 ne

564 441 685 488 reat
712 474 726 497 ,
772 431 1017 487 divinum
1067 438 1244 483 tamen
1277 426 1329 482 in
1363 424 1672 493 huiusmodi
1705 422 1913 495 psalmo
1941 422 2168 493 refulget
2199 419 2250 481 Α
2278 419 2471 476 affectu
2504 431 2558 475 et
2586 419 2791 491 prmmii
2837 417 3100 475 immunis
3146 426 3209 472 et
3242 412 3435 484 culpa:
3481 420 3586 468 est.
3623 413 3751 469 Illud
3775 431 3869 483 erga

568 529 873 584 oraculum.
914 523 1069 582 Unde
1111 522 1427 593 diligentius
1456 522 1584 590 quid
1608 519 1678 575 sit
1709 519 1831 572 linis
1852 517 2169 573 considere-

570 637 731 687 mus;
785 620 904 674 tinis
949 619 1093 673 enim
1142 614 1337 671 dicirur
1384 616 1555 676 τίλος.
1597 624 1649 667 et
1695 627 1903 666 summa
1935 610 2009 665 rei
2054 610 2171 679 ejus

568 729 727 785 quam
778 714 1027 765 volumus
1080 710 1377 779 explicare.
1432 707 1581 761 Finis
1631 705 1828 760 dicitur
1879 703 2166 766 Christus,

567 807 689 878 quia
737 805 854 875 ipse
897 813 981 858 est
1025 802 1147 857 ﬁnis
1170 802 1357 871 togis;
1397 801 1537 855 sit-ut
1568 798 1827 867 scriptum
1857 806 1983 852 est:
2023 794 2172 849 Finis

566 899 699 953 enim
731 896 878 968 Lrgis
908 895 1143 951 Christus
1174 896 1242 947 ad
1261 894 1523 963 justitiam
1565 892 1702 945 omni
1738 890 1960 945 credenti
1991 888 2168 960 (Rom.

566 1004 628 1053 ι,
660 986 738 1059 4).
776 987 923 1043 Finis
961 991 1126 1043 etiam
1159 988 1378 1051 dicuur,
1426 986 1551 1055 quia
1585 986 1700 1053 ipse
1732 993 1815 1037 est
1846 982 2169 1051 principium

562 1092 619 1139 et
670 1083 809 1147 linis.
864 1082 1002 1148 Ergo
1053 1081 1137 1136 isti
1184 1079 1373 1149 psalmi
1400 1078 1489 1149 qui
1524 1078 1809 1132 titulantur
1838 1093 1851 1131 :
1885 1073 1949 1129 In
1978 1075 2171 1143 ﬁnem;

562 1184 661 1231 aut
696 1174 765 1230 de
794 1173 1014 1229 Christo
1044 1183 1192 1238 sunt,
1221 1188 1309 1225 aut
1355 1171 1522 1241 ipsius
1552 1170 1753 1224 Christi
1782 1186 1793 1221 :
1830 1168 1898 1223 de
1929 1167 2167 1229 Christo,

564 1284 691 1325 cum
736 1270 850 1337 ipse
891 1268 1246 1321 atmnntiatur
1276 1283 1289 1319 :
1338 1265 1507 1335 ipsius
1546 1262 1745 1318 Christi
1769 1304 1782 1323 ,
1811 1276 1932 1318 eum
1966 1262 2079 1330 ipse
2114 1275 2173 1315 se

564 1362 795 1420 numiat.
829 1370 1223 1431 venturmuqne
1256 1358 1521 1429 prtnnittit
1549 1357 1601 1412 in
1637 1366 1829 1417 terras,
1856 1366 1908 1410 et
1938 1354 2170 1409 futuram

565 1456 725 1511 nobis
761 1455 1001 1511 revelare
1046 1456 1303 1525 dignazur
1335 1454 1536 1522 proprii
1568 1454 1811 1521 corporis
1840 1450 2171 1521 passiotnem.

637 1548 692 1603 2.
760 1548 998 1619 Ideoque
1066 1548 1167 1619 ipsi
1234 1545 1405 1601 David
1458 1545 1829 1600 inscribuntur
1883 1545 1933 1598 in
1981 1542 2170 1608 titulo,

565 1642 763 1713 ‘quasi
782 1656 913 1696 vero
936 1640 1129 1705 David,
1158 1642 1256 1710 ipsi
1285 1640 1513 1696 Domino
1542 1638 1840 1709 projthetici
1874 1638 1984 1692 oris
2015 1636 2175 1691 mini-

560 1733 728 1789 steria
776 1734 1105 1804 deputentur
1130 1774 1145 1792 .
1178 1749 1273 1800 per
1307 1749 1469 1803 quem
1517 1731 1764 1786 humana:
1804 1730 1952 1784 vocis
1992 1728 2174 1783 ofﬁcio

2274 516 2550 583 suscipere
2596 512 2785 570 debuit
2825 522 2881 569 et
2918 527 3142 576 sanare,
3191 508 3353 565 unde
3383 509 3545 578 cu'pa
3572 523 3866 567 manarent:

2277 621 2334 664 ut
2359 608 2623 679 originem
2670 608 2875 664 erroris
2898 618 2951 663 et
2980 605 3259 679 quasdam
3289 601 3702 674 prorumpentis
3724 601 3868 656 delicti

2276 701 2420 757 tores
2462 701 2757 756 clauderet.
2795 700 2948 757 Unde
2975 716 3079 769 ego
3121 697 3299 752 hodie
3340 695 3633 751 hominem
3660 708 3867 762 agnosce-

2274 810 2388 850 rem
2423 795 2704 849 Dominum
2735 793 2921 849 Jesum
2947 836 2962 856 ,
2994 792 3155 864 cujus
3188 804 3435 847 carnem
3468 802 3578 841 non
3612 786 3790 849 rideo,
3815 788 3870 841 ai-

2275 887 2474 943 feCIum
2507 888 2627 958 lego
2661 906 2673 942 :
2706 886 2869 954 unde,
2898 887 3147 957 inquam,
3181 884 3485 939 hominem
3510 896 3637 933 eum
3662 894 3872 951 agnosce—

2275 997 2426 1042 rem;
2463 981 2566 1037 nisi
2611 981 2905 1045 esurisset,
2936 979 3040 1035 nisi
3089 979 3335 1035 sitisset.
3371 975 3483 1030 nisi
3518 973 3775 1036 ﬂevisset,
3798 974 3869 1026 nisi

2275 1075 2500 1131 dixisset
2554 1095 2566 1132 :
2623 1075 2805 1131 Tristis
2853 1086 2927 1129 est
2982 1075 3165 1129 anima
3214 1089 3339 1126 mea
3380 1087 3557 1143 usque
3596 1072 3663 1123 ad
3705 1085 3871 1122 morsa

2277 1170 2492 1242 (Matth.
2547 1187 2706 1233 xwt.
2738 1169 2852 1241 58).
2909 1170 3152 1237 Denique
3180 1168 3473 1235 scriptum
3509 1175 3597 1219 est
3629 1181 3644 1217 :
3678 1162 3735 1216 Et
3756 1168 3870 1215 item:

2275 1276 2348 1321 est
2367 1308 2381 1331 ,
2413 1277 2461 1321 et
2497 1267 2611 1337 quis
2639 1275 2906 1338 cognoscet
2934 1281 3048 1319 eum
3090 1262 3278 1332 (Hier.
3314 1277 3467 1323 xvtt.
3492 1260 3553 1325 9)
3575 1260 3599 1311 ἲ
3624 1260 3723 1314 Sed
3748 1258 3870 1313 hom

2274 1376 2373 1431 per
2403 1360 2503 1415 ista
2530 1364 2901 1430 cognoscitur,
2931 1358 3021 1430 qui
3055 1376 3153 1429 per
3190 1374 3371 1429 opera
3402 1356 3601 1411 di\ina
3632 1370 3776 1423 supra
3801 1354 3868 1409 ho-

2276 1456 2450 1511 mines
2492 1457 2807 1510 mstimatur.
2847 1455 3030 1525 Itaque
3062 1454 3183 1523 ipse
3221 1469 3293 1507 eo
3324 1466 3516 1520 usque
3548 1466 3612 1506 se
3641 1449 3865 1504 hominem

2276 1548 2421 1603 credi
2452 1549 2696 1613 volebat,
2734 1563 2857 1603 cum
2891 1547 3031 1602 Deus
3062 1561 3253 1613 eSset;
3289 1555 3355 1601 ut
3380 1561 3447 1601 se
3479 1544 3771 1615 appellaret
3796 1548 3867 1598 bo-

2276 1646 2476 1699 minetn
2525 1644 2714 1699 dicens
2746 1662 2759 1697 :
2804 1643 2943 1713 Quid
2970 1659 3051 1697 me
3088 1643 3329 1711 quwritis
3360 1642 3633 1701 occidere,
3664 1642 3866 1694 nomine:

2275 1739 2364 1805 qui
2396 1739 2657 1792 ceritatem
2696 1739 2900 1792 locutus
2929 1754 3045 1792 sum
3080 1736 3224 1791 vobis
3258 1734 3453 1808 (Joan.
3488 1750 3609 1799 \‘lll,
3635 1734 3760 1801 40)?
3788 1735 3865 1789 Nec

562 1829 646 1884 vis
674 1828 915 1883 cmlestis
944 1828 1233 1897 inrrepuit.
1276 1838 1327 1881 et
1360 1826 1540 1881 divina
1571 1826 1837 1880 sententia
1865 1823 2169 1878 resultavit.
2205 1817 2252 1877 B
2278 1830 2451 1885 solum
2503 1830 2813 1895 hominem,
2844 1830 2937 1884 sed
2975 1830 3139 1885 etiam
3175 1829 3355 1884 tilium
3388 1828 3642 1883 btilltiltis
3669 1828 3863 1889 diceret,

634 1923 690 1978 5.
732 1923 1027 1993 Meritoque
1069 1939 1163 1994 pro
1208 1920 1479 1985 Idilhttnt,
1509 1921 1598 1990 qui
1646 1919 1745 1975 fuit
1792 1919 2087 1989 propheta,
2118 1926 2171 1971 et

562 2016 803 2089 psilmos
828 2014 855 2053 ι)
881 2034 1000 2070 cum
1033 2030 1125 2071 sex
1161 2015 1284 2071 ﬁliis
1315 2014 1545 2070 canebat
1571 2015 1683 2068 suis
1704 2054 1720 2079 ,
1750 2014 1898 2068 velut
1922 2011 2168 2083 qumdam

561 2108 808 2181 putatio
847 2119 962 2175 est;
1006 2126 1072 2164 eo
1102 2109 1242 2181 quod
1292 2117 1437 2163 esset
1478 2107 1559 2162 his
1592 2108 1743 2161 venia
1773 2105 2167 2177 prophetanda,

561 2204 652 2275 qui
683 2205 734 2257 itt
775 2203 1037 2274 psallendi
1064 2202 1365 2259 ministerio
1390 2200 1673 2258 constituti
1695 2243 1709 2264 ,
1740 2200 1915 2255 divina
1948 2200 2169 2255 oracula

562 2297 800 2353 hutnana
844 2314 979 2354 voce
1010 2298 1383 2368 loquerentur.
1420 2297 1487 2350 Et
1510 2295 1631 2363 quia
1665 2311 1759 2363 pro
1790 2294 1951 2348 tOtius
1984 2292 2169 2347 tuntnli

559 2390 828 2447 abolendo
849 2406 1035 2446 errore
1063 2390 1406 2458 suscipienda
1431 2388 1694 2444 Dominici
1723 2388 1970 2456 corporis
1991 2387 2169 2457 passio

560 2486 725 2555 foret,
761 2488 919 2556 hujus
947 2486 1071 2542 licet
1103 2486 1323 2541 nomine
1348 2486 1501 2555 cujus
1531 2483 1794 2538 sedulitas
1827 2482 2165 2552 probaretur,

561 2580 1087 2636 commendatiorem
1145 2578 1509 2632 eruditionem
1541 2577 1715 2647 plebis
1746 2574 2031 2645 expressit.
2066 2572 2170 2628 Ita-

573 2690 682 2745 que
710 2675 886 2743 ipsum
918 2672 1202 2726 audiamus
1228 2673 1560 2743 loquentem,

635 2764 692 2819 «ί.
730 2764 912 2837 (vers.
944 2765 979 2819 2
1007 2764 1027 2835 )
1071 2762 1261 2818 Nonne
1288 2761 1400 2817 Deo
1425 2761 1631 2817 subdita
1668 2761 1764 2815 erit
1794 2762 1968 2815 aninta
2006 2777 2117 2815 mea
2143 2759 2168 2812 ?

563 2854 933 2927 Suscepturus
960 2873 1179 2912 carnem
1213 2855 1446 2911 hominis
1484 2854 1745 2910 Dominus
1777 2866 1959 2909 noster
1984 2854 2165 2919 Jesns,

562 2961 618 3004 ut
654 2949 706 3005 in
735 2965 794 3006 se
824 2965 942 3004 eam
978 2950 1093 3020 ipse
1122 2949 1430 3015 mundaret,
1456 2948 1582 3019 quid
1610 2948 1755 3017 prius
1776 2964 1935 3016 quam
1962 2950 2167 3011 peccati

560 3048 763 3102 veteris
790 3046 1023 3116 primum
1046 3044 1232 3099 delntit
1258 3045 1479 3098 abolere
1506 3041 1856 3112 contagium?
1882 3040 2011 3095 Nam
2041 3041 2166 3109 quia

558 3153 657 3208 per
703 3137 1131 3193 int-bedieuttnm
1178 3138 1335 3205 culpa
1384 3138 1707 3206 irrepserat,
1740 3134 1867 3189 dum
1911 3134 2163 3189 mandata

560 3231 740 3287 divina
790 3242 1127 3287 temerautur
1148 3272 1162 3297 ,
1194 3230 1556 3286 obedientiam
1597 3229 1781 3297 utique
1814 3244 1922 3299 prie
1953 3229 2167 3283 ωειθιίε
2195 3217 2241 3279 C
2274 3236 2328 3290 in
2378 3235 2662 3291 doloribus
2707 3252 2719 3287 ;

562 3324 754 3380 debuit
785 3324 1103 3389 reformare,
1134 3331 1192 3377 ut
1226 3322 1574 3377 seminarium
1605 3322 1810 3377 erroris
1831 3321 2165 3375 excluderet.

567 3428 591 3456 ο
620 3416 779 3472 Fibra
821 3417 963 3472 enim
998 3417 1200 3487 peccati
1245 3415 1368 3472 inde
1397 3422 1710 3470 nuntiaverat
1741 3433 1755 3469 :
1796 3425 1849 3469 et
1880 3414 1999 3470 ideo
2030 3414 2172 3468 sicut

559 3509 739 3565 bonus
784 3508 1028 3565 medicus
1077 3508 1286 3565 radices
1336 3508 1484 3579 prius
1527 3508 1722 3563 ulceris
1756 3507 1945 3563 debuit
1980 3523 2172 3577 ampu-

563 3610 722 3669 tare;
755 3612 813 3656 ut
846 3602 1367 3657 medicmnentorum
1396 3602 1616 3657 Salubre
1648 3601 1945 3658 remedium
1979 3602 2168 3658 vulne-

563 3696 642 3749 ris
664 3710 759 3749 ora
791 3696 1080 3751 sentirent.
1114 3694 1337 3750 Frustra
1362 3695 1507 3750 enim
1537 3696 1845 3749 cicatricem
1870 3696 2167 3759 curaveris,

564 3787 613 3845 si
661 3798 881 3859 serpant
924 3790 1180 3843 interiora
1228 3788 1511 3860 contagia;
1542 3789 1710 3842 inuno
1742 3790 2025 3845 acerbatur
2054 3790 2171 3844 vul-

565 3896 693 3945 nus,
725 3882 770 3937 si
818 3880 951 3937 foris
975 3881 1267 3947 clauditur,
1298 3898 1422 3938 cum
1456 3883 1683 3938 interius
1710 3884 1854 3939 virus
1886 3892 2167 3939 csa-stunt.

565 3974 702 4031 Nam
749 3974 879 4046 quid
924 3977 1180 4044 proderat
1220 3976 1455 4032 donasse
1489 3986 1766 4046 peccatum
1790 4021 1804 4044 ,
1837 3978 1881 4033 si
1914 3979 2169 4047 peceandi

566 4080 811 4125 mani-ret
854 4071 1117 4129 allectus?
1149 4072 1259 4127 lloc
1288 4082 1405 4128 erat
1446 4090 1552 4128 non
1600 4088 1797 4128 sanare
1834 4074 2167 4139 cicatricem,

566 4166 662 4219 sed
690 4166 857 4239 956
877 4166 1151 4223 claudere.
1182 4167 1359 4222 Voluit
1385 4168 1565 4240 itaque
1590 4169 1851 4225 mundare
1876 4170 2089 4233 vulnus,
2115 4179 2173 4224 ut

569 4258 818 4315 aﬂ'ectum
845 4269 1096 4325 sanaret;
1126 4276 1194 4314 ne
1227 4262 1607 4317 inohedieutize
1634 4278 1755 4317 sors
1786 4263 1893 4319 ulla
1923 4279 2172 4318 remane-

568 4362 674 4406 ret.
721 4353 970 4418 Suscepit
1000 4356 1116 4423 ipse
1143 4354 1533 4421 obedientiam,
1559 4367 1617 4412 ut
1646 4357 1802 4412 nobis
1831 4374 1950 4413 eam
1994 4366 2172 4413 trans-

567 4440 844 4498 funderet.
894 4443 985 4499 Sic
1020 4442 1165 4499 etiim
1194 4448 1477 4515 oportebat
1499 4489 1515 4513 ,
1551 4457 1609 4502 ut
1638 4449 1894 4518 quoniam
1929 4467 2022 4521 per
2050 4453 2172 4505 ino-

570 4535 903 4594 hedientiam
932 4537 1089 4592 tltlitls
1108 4538 1341 4595 hominis
1370 4552 1683 4611 peceatores
1703 4543 1989 4598 constituti
2014 4554 2173 4599 erant

574 4629 819 4700 plurimi,
853 4646 950 4700 per
991 4631 1150 4688 unius
1175 4646 1363 4689 rursus
1395 4634 1759 4691 obedientiam
1791 4635 1924 4706 justi
1966 4635 2172 4692 consti-

571 4737 854 4785 tuerentur
883 4730 1057 4784 multi.

642 4824 696 4879 5.
733 4821 884 4879 Unde
916 4822 1071 4879 valde
1096 4838 1287 4879 errare
1316 4839 1413 4880 eos
1443 4840 1530 4881 res
1560 4825 1763 4883 indicat
1783 4869 1797 4892 ,
1826 4827 1915 4899 qui
1949 4842 2169 4883 carnem

572 4916 812 4973 hominis
855 4934 884 4972 a
932 4918 1148 4975 Chri5to
1195 4918 1344 4974 aiunt
1384 4935 1507 4975 esse
1534 4934 1872 4991 susceptam,
1915 4922 2168 4978 alIecmm

573 5021 773 5077 negant
809 5027 823 5066 :
855 5022 909 5067 et
936 5022 1121 5066 contra
1154 5011 1324 5083 ipsius
1359 5013 1569 5067 Domini
1594 5015 1722 5069 Jesu
1764 5015 1953 5071 venire
1981 5016 2167 5071 consi-

572 5100 737 5169 lium,
788 5102 879 5171 qui
910 5103 1183 5161 hominem
1213 5122 1278 5161 ex
1325 5105 1545 5162 homine
1591 5107 1819 5172 tollunt;
1850 5124 1970 5163 cum
2005 5110 2170 5165 homo

569 5194 689 5250 sine
720 5195 912 5250 aﬁ'ectu
952 5197 1189 5253 hominis
1222 5214 1342 5257 esse
1373 5217 1478 5256 non
1510 5200 1701 5272 possit.
1738 5200 1871 5256 Nam
1898 5218 2024 5259 caro
2050 5204 2170 5261 sine

645 5340 671 5370 ι
704 5332 864 5388 Rom.
896 5333 1027 5389 edit.
1058 5334 1197 5401 Sola,
1227 5337 1374 5400 quasi
1398 5354 1513 5391 vero
1540 5335 1707 5407 David
1734 5336 1835 5400 ipsi
1857 5353 1887 5389 a
1912 5337 2168 5407 Domino;

568 5418 690 5480 cum
728 5415 839 5480 ant.
890 5407 1017 5460 edit.
1051 5423 1113 5462 ac
1144 5422 1269 5480 t_uss.
1304 5408 1525 5478 aliquot,
1554 5406 1834 5480 prophetici
1875 5411 1979 5463 oris
2009 5412 2163 5465 mini-

566 5477 722 5547 sterio
770 5478 1098 5544 deputentur.
1147 5478 1339 5533 Plures
1373 5477 1621 5541 codices,
1649 5477 1711 5533 ἰιι
1755 5481 2001 5547 quaedam
2028 5482 2161 5537 edit.

567 5545 763 5615 Paris"
812 5588 822 5600 .
856 5588 869 5601 .
903 5549 1190 5602 ministeria
1230 5550 1557 5614 deputentur.
1586 5545 1808 5615 Melius;
1842 5561 1983 5603 totus
2016 5569 2159 5607 enim

564 5613 655 5669 hic
701 5618 849 5672 locus
891 5620 1148 5685 explicari
1200 5613 1363 5676 ilo-bet
1400 5637 1466 5675 eo
1494 5638 1655 5674 sensu
1688 5640 1697 5674 :
1728 5613 1888 5689 Quasi
1920 5621 2017 5685 ipsi
2051 5623 2159 5677 Do-

561 5690 712 5740 mino
755 5690 845 5755 qui
891 5705 1048 5745 vrrns
1095 5704 1176 5745 eSt
1220 5691 1406 5757 David,
1440 5696 1876 5759 prottltetit'orltlll
1923 5692 2159 5761 psalmo-

569 5774 780 5814 morum
823 5772 1023 5836 cantus
1071 5762 1417 5836 attribuatur.
1467 5764 1803 5836 Quamquam
1851 5779 1953 5821 nec
1989 5780 2158 5823 sensu

564 5840 770 5901 careat,
793 5832 837 5888 si
864 5847 1054 5891 vocem
1080 5832 1365 5889 ministerio
1395 5841 1653 5891 retineas.

2273 1922 2410 1977 sicut
2436 1923 2510 1976 ait
2538 1943 2549 1977 :
2586 1923 2724 1991 Quid
2756 1940 2833 1976 me
2864 1924 3043 1976 dicunt
3074 1937 3184 1975 esse
3208 1921 3457 1975 homines
3490 1920 3665 1990 ﬁlium
3695 1921 3867 1973 Itonia:

2274 2014 2488 2087 (Matth.
2506 2031 2619 2079 XVI,
2656 2013 2787 2087 13)?
2815 2014 2967 2071 Unde
2990 2014 3082 2069 ille
3106 2029 3388 2069 summam
3416 2023 3617 2067 tenere
3641 2013 3675 2067 ﬁ
3697 2013 3754 2066 εει
3778 2028 3863 2081 pro-

2272 2108 2551 2162 nuntiatus
2592 2114 2697 2169 est,
2724 2106 2817 2176 qui
2848 2116 2903 2161 et
2948 2106 3038 2159 Dei
3086 2104 3287 2159 Filium
3321 2106 3627 2174 C(tgll0\il,
3654 2104 3861 2158 etbnmi-

2271 2218 2395 2257 nem
2423 2219 2528 2257 non
2562 2203 2793 2272 negavit.
2828 2199 2947 2273 Ipse
2976 2201 3137 2272 igitur
3172 2214 3481 2270 Utrumque
3512 2216 3673 2265 unus,
3700 2200 3861 2269 insepa-

2272 2298 2457 2354 rabilis
2500 2314 2760 2363 numero,
2794 2307 2849 2351 et
2887 2296 3272 2367 agnost-endus
3296 2296 3493 2364 operis
3535 2296 3860 2357 disnnctiomi,

2272 2410 2380 2449 non
2410 2392 2668 2448 varietate
2693 2407 2954 2462 pet-sonte.
2984 2390 3101 2445 Non
3130 2392 3280 2446 enim
3299 2390 3447 2445 alter
3468 2406 3539 2445 ex
3564 2389 3735 2453 Patre,
3752 2400 3793 2443 et
3806 2392 3860 2444 al-

2274 2498 2355 2544 ter
2381 2505 2446 2543 ex
2478 2488 2639 2543 Maria
2668 2506 2681 2541 :
2706 2486 2800 2541 sed
2834 2486 2922 2557 qui
2956 2495 3075 2542 erat
3108 2501 3177 2540 ex
3210 2485 3654 2551 Patre,carnem
3673 2486 3859 2549 sumpsit

2270 2599 2337 2639 ex
2372 2582 2625 2651 Virgine:
2658 2581 2910 2635 alTet-tum
2939 2579 3233 2649 assumpsit
3258 2595 3330 2633 ex
3364 2587 3579 2643 matre,
3609 2586 3666 2630 ut
3690 2576 3859 2631 inﬁrmi-

2271 2682 2410 2729 tates
2440 2687 2650 2729 nostras
2683 2674 2799 2744 ipse
2838 2672 3155 2740 susciperet.
3189 2670 3348 2728 Unde
3377 2671 3459 2726 ait
3496 2670 3757 2740 I'rOphela
3779 2688 3789 2722 :
3813 2667 3857 2721 Et

2269 2786 2359 2841 pro
2384 2770 2528 2822 nobis
2558 2769 2694 2821 donat
2725 2766 2894 2837 (Esai.
2926 2781 3016 2821 LIII
3040 2806 3054 2832 ,
3086 2764 3167 2836 4).
3214 2764 3518 2833 Quomodo
3548 2765 3857 2819 dolebatme)

2268 2862 2476 2929 dolore,
2504 2862 2548 2915 si
2580 2878 2755 2916 meum
2787 2876 2891 2915 non
2913 2860 3136 2931 gerebat
3157 2859 3418 2915 affectum
3438 2864 3461 2911 ’ἐ
3496 2858 3855 2930 lloino,inquit,

2266 2971 2321 3025 in
2355 2958 2530 3028 plaga,
2559 2967 2605 3012 et
2626 2958 2791 3011 sciens
2826 2960 2961 3027 ferre
2990 2957 3344 3024 inﬁrmitatem
3375 2953 3582 3027 (lbid.,
3616 2952 3695 3025 5).

2340 3048 2394 3105 6.
2432 3049 2615 3119 Itaque
2658 3047 2814 3119 quasi
2848 3046 3009 3102 homo
3055 3048 3365 3101 inﬁrmatus
3396 3055 3485 3101 est
3509 3088 3528 3112 ,
3559 3044 3713 3116 quasi
3736 3046 3855 3099 homo

2269 3144 2435 3199 doluit
2459 3161 2472 3206 ;
2506 3156 2558 3197 et
2587 3159 2685 3198 nos
2709 3143 2862 3214 quasi
2899 3141 3174 3197 hominem
3196 3140 3612 3197 :estimavimus
3638 3158 3750 3195 eum
3771 3154 3854 3195 asc

2774 3234 2869 3290 sed
2915 3234 3065 3304 quasi
3114 3233 3293 3288 victor
3323 3232 3747 3298 iuﬁrtnitatum,
3780 3246 3851 3285 non

2274 3330 2679 3386 inﬁrmitatibus
2711 3328 2902 3394 victus,
2948 3344 3047 3399 pro
3076 3326 3233 3384 nobis
3264 3344 3379 3383 non
3414 3342 3524 3398 pro
3561 3344 3623 3384 se
3653 3326 3850 3389 dolebat;

2271 3432 2327 3478 et
2353 3423 2655 3478 inﬁrmatus
2684 3437 2766 3477 est
2800 3437 2907 3477 non
2936 3432 3154 3491 propter
3179 3437 3301 3489 sua,
3329 3422 3430 3476 sed
3463 3431 3695 3491 propter
3718 3430 3848 3475 nostra

2275 3525 2524 3589 peccata,
2558 3525 2616 3571 ut
2661 3531 2760 3571 nos
2800 3530 2899 3570 suo
2938 3514 3114 3570 livore
3149 3522 3396 3570 sanaret.
3432 3515 3581 3581 Quid
3615 3514 3853 3584 utiquecst

2274 3612 2427 3666 homo
2465 3615 2518 3665 in
2550 3613 2727 3682 plaga,
2760 3620 2805 3664 et
2833 3610 2998 3665 sciens
3018 3612 3174 3681 ferre
3202 3610 3620 3679 inﬁrmitatem;
3649 3610 3740 3664 nisi
3764 3608 3849 3678 quis

2274 3705 2443 3775 plagae
2473 3704 2703 3759 habebat
2733 3702 3205 3771 eotnpassionem?
3234 3703 3347 3756 Aut
3376 3702 3666 3772 quomodo
3697 3701 3850 3757 sciebzt

2273 3796 2417 3851 ferre
2443 3796 2839 3860 inﬁrmitatem,
2864 3794 2909 3849 si
2937 3810 3154 3849 sensum
3187 3794 3537 3851 inﬁrmitatis
3562 3792 3848 3851 est-luserat?

2272 3888 2426 3957 Quod
2456 3891 2599 3943 enim
2629 3897 2927 3958 put-tomus,
2956 3887 3057 3943 hoc
3080 3904 3177 3958 pro
3198 3903 3373 3943 onere
3388 3888 3847 3943 SUStittetttuS.Sﬂ$-

2273 3984 2593 4053 cepitergo
2642 3992 2857 4052 peccata
2911 3992 3126 4048 nostra,
3178 3991 3237 4035 ut
3287 3992 3545 4052 portaret
3602 4000 3615 4035 :
3664 3980 3847 4045 suscepit

2274 4081 2458 4142 etiam,
2492 4090 2547 4132 ut
2578 4088 2847 4149 purgaret.
2887 4076 3131 4147 Denique
3160 4078 3429 4147 scriptum
3463 4088 3558 4132 est
3585 4096 3600 4130 :
3629 4074 3657 4115 ά
3683 4076 3742 4130 Et
3766 4089 3846 4144 per-

2273 4182 2391 4227 cata
2433 4190 2610 4228 eoru-n
2655 4174 2765 4243 ipse
2789 4175 3044 4244 purgavit.
3077 4172 3203 4228 Ideo
3235 4175 3350 4244 ipse
3378 4173 3695 4231 hereditate

2273 4266 2410 4321 debit
2454 4267 2664 4333 multos,
2712 4276 2760 4322 et
2806 4268 3021 4331 fortium
3065 4268 3319 4339 partietur
3366 4270 3547 4338 spolia
3586 4268 3761 4343 (ιδιά,
3803 4267 3840 4321 ll

2274 4371 2322 4415 et
2357 4361 2466 4429 t2).
2501 4361 2577 4417 lbi
2623 4362 2767 4417 enim
2801 4363 2973 4431 major
3005 4361 3332 4432 triumphus,
3368 4364 3462 4418 ubi
3495 4380 3656 4421 mens
3686 4366 3843 4419 intenta

2274 4454 2583 4511 mundatur.
2617 4456 2770 4524 Quod
2804 4467 2984 4526 portat
3015 4455 3177 4527 igitur
3206 4456 3275 4510 ad
3305 4456 3694 4513 remissionem
3722 4455 3842 4527 ιιεηὶ-

2275 4542 2410 4605 ῐιθιὶ
2448 4548 2610 4623 957
2638 4549 2782 4620 quod
2829 4560 3049 4621 purgat,
3081 4549 3146 4604 ad
3185 4551 3620 4607 correctionem.
3649 4548 3843 4618 Suscepit

2200 4682 2253 4745 Ι)
2279 4643 2459 4715 itaque
2480 4645 2912 4713 compassiouem
2946 4652 3208 4703 nostram.
3233 4645 3477 4715 suscepit
3502 4654 3564 4700 et
3592 4642 3841 4715 subjectiu-

2277 4750 2422 4792 nem.
2470 4736 2623 4803 Quod
2671 4738 2815 4793 enim
2862 4737 3095 4807 subjecit
3141 4736 3245 4793 sibi
3293 4738 3517 4803 omnia,
3561 4753 3713 4793 suum
3742 4745 3841 4792 est:

2273 4831 2417 4901 quod
2444 4830 2722 4899 subjectus
2752 4841 2854 4897 est,
2876 4841 3123 4887 nostrum
3147 4839 3252 4886 est.
3283 4830 3523 4902 Ideoque
3550 4834 3669 4886 ait:
3698 4829 3843 4885 Nam

2275 4920 2389 4977 Deo
2421 4923 2625 4977 subdita
2654 4925 2750 4977 erit
2776 4924 2951 4977 anima
2982 4940 3095 4977 mea
3114 4923 3141 4975 ζ)
3164 4923 3382 4988 Anima,
3413 4923 3622 4992 inquit,
3650 4922 3841 4983 subdita,

2275 5033 2381 5072 non
2415 5018 2667 5071 divinitas
2698 5033 2710 5071 :
2742 5018 2920 5073 anima
2951 5017 3194 5086 subjecta
3216 5057 3232 5081 ,
3265 5032 3372 5071 non
3413 5017 3511 5072 Dei
3544 5018 3735 5073 virtus.
3763 5017 3845 5071 \‘it-

2275 5121 2360 5167 tus
2383 5111 2525 5166 enim
2560 5110 2649 5164 Dt-i
2681 5118 2703 5147 ο
2735 5124 2841 5164 non
2866 5108 3117 5181 potestati
3142 5108 3471 5173 subtlitaﬁst
3495 5125 3511 5175 ;
3538 5110 3637 5165 sed
3662 5110 3845 5172 unitate,

2278 5215 2332 5263 et
2360 5204 2638 5261 consortio
2666 5205 2784 5274 ejus
2816 5203 2983 5259 utitur
3020 5203 3329 5276 potestatis.
3372 5201 3471 5258 Illa
3503 5204 3749 5274 subjecta
3769 5212 3843 5265 est,

2345 5338 2374 5377 ι)
2422 5339 2622 5395 llorum
2661 5340 2877 5396 nomina
2925 5341 3165 5412 reperias
3203 5339 3391 5396 licebit
3431 5340 3529 5396 lib.
3568 5342 3591 5398 Ι
3622 5341 3785 5399 Paral.
3811 5356 3843 5395 ε.

2274 5427 2405 5477 xxv,
2437 5428 2577 5465 vers.
2613 5412 2665 5467 5.

2350 5495 2371 5522 c
2426 5483 2587 5609 [Iit‘libra
2632 5485 2856 5555 peccati,
2906 5482 3105 5539 dicitur
3136 5500 3232 5556 per
3262 5484 3649 5558 metaphoram
3676 5501 3706 5540 ι
3740 5483 3848 5541 radi-

2350 5572 2392 5607 ru
2484 5572 2596 5609 )l'lS.

2269 5570 2392 5610 cum
2426 5558 2596 5609 ﬁbris.

2340 5623 2563 5715 (illium.
2601 5624 2759 5715 edita,
2807 5624 2874 5679 Et
2924 5635 3133 5715 peccata
3162 5629 3445 5683 multorum
3477 5630 3595 5699 ipse
3626 5630 3846 5715 progerit.

2343 5706 2367 5735 ε
2389 5695 2611 5752 Cuncta-
2637 5697 2770 5751 edit.
2801 5712 2866 5753 ac
2896 5695 3139 5769 plerique
3166 5714 3321 5759 mss.
3360 5717 3463 5754 non
3489 5695 3740 5767 potestati
3756 5703 3847 5757 sub-

2265 5769 2375 5846 dita
2403 5780 2500 5846 est,
2529 5770 2618 5825 sed
2644 5770 2855 5837 unitati,
3099 5769 3291 5827 Melius
3312 5771 3440 5828 cod.
3477 5772 3623 5846 Reg.
3654 5777 3844 5843 alter,...

2265 5840 2356 5896 sed
2384 5840 2603 5913 unitate,
2634 5850 2744 5898 etc.
