4008 6352
9 391 43 448 I
75 392 215 449 169

1234 397 1301 455 IN
1339 395 1666 457 PSALMUM
1704 396 1819 456 LXI
1861 397 2284 459 ENARRA'I‘IO.

3263 406 3406 465 H70

9 524 191 581 quae
246 510 520 567 humana:
550 511 882 570 conditionis
914 513 1201 587 fragilitate
1242 515 1563 588 plerumque
1593 531 1691 571 mu.

1810 538 2145 599 incremento
2176 551 2261 599 est
2281 586 2296 608 ,
2332 558 2429 613 per
2457 560 2617 615 quam
2670 546 2921 603 omnibus
2955 545 3113 604 nobis
3140 545 3406 604 Dominus

10 610 248 669 tatur,
287 622 405 661 non
432 622 551 676 qua:
576 608 768 662 mutari
800 626 905 663 nou
936 618 1132 679 potest.
1161 610 1351 664 Anima
1381 609 1529 664 carni
1555 624 1704 662 com-

10 698 296 765 pntitur
322 740 338 765 ,
388 709 442 753 et
483 701 680 753 anima:
716 716 883 769 caro,
931 717 1052 773 qua:
1086 702 1189 757 sibi
1237 703 1468 773 quodam
1512 712 1705 758 conlu-

14 788 280 845 bcrnio
337 792 682 862 copulantur.
731 793 823 848 Illa
869 796 1189 865 subjicitur,
1222 811 1343 865 qua:
1388 793 1555 849 tristis
1584 803 1699 861 est;

14 885 198 953 quia
259 885 537 955 seriptum
582 896 713 941 est:
761 884 947 940 Tristis
986 897 1060 941 est
1107 888 1281 940 anima
1310 904 1421 941 mea
1450 904 1608 959 usque
1633 888 1702 942 ad

20 988 304 1031 nsortem
329 976 549 1048 (Matth.
571 993 716 1045 xxvt,
735 979 849 1049 58).
873 979 963 1034 Illa
988 980 1269 1049 subjicitur
1290 998 1407 1053 qua:
1424 990 1698 1054 suscepta,

23 1086 178 1125 ιιυιι
229 1087 306 1126 ex
351 1070 467 1126 Deo
507 1071 669 1127 Patre
717 1083 838 1126 Itala
877 1090 891 1126 :
936 1089 1259 1145 qttatttham
1290 1076 1405 1146 ipsa
1434 1077 1700 1147 subjectio

30 1182 178 1220 non
228 1166 290 1220 in
338 1166 523 1236 Specie
563 1166 779 1235 quidem
808 1166 1138 1223 inﬁrmitatis
1162 1170 1263 1233 sit,
1296 1170 1391 1225 sed
1423 1170 1475 1224 in
1507 1186 1701 1242 opera-

31 1258 226 1315 tione
252 1257 523 1326 virtutis;
550 1257 973 1331 dispensationis
1002 1261 1169 1330 magis
1198 1262 1539 1331 I8ltt|t0rztrItB
1566 1272 1591 1301 ⁸
1612 1280 1700 1319 ar-

34 1353 254 1423 bitra,
310 1370 480 1424 quam
530 1364 787 1425 perpetuo
831 1354 1056 1409 servitio
1095 1355 1421 1425 mancipata.
1461 1355 1616 1414 Unde
1644 1367 1700 1415 ct

33 1446 140 1500 ait
174 1463 189 1499 :
232 1445 437 1501 Nonne
463 1444 570 1500 Deo
592 1445 795 1501 subdita
823 1448 921 1501 erit
941 1447 1115 1501 anima
1144 1464 1253 1502 mea
1275 1450 1301 1503 .9

141 1537 206 1591 7.
239 1537 363 1592 Cur
388 1536 555 1599 dixit,
579 1538 701 1603 erit,
726 1537 771 1592 si
790 1539 1120 1607 sempiterna
1141 1539 1406 1609 subjectio
1446 1545 1565 1600 est?
1590 1544 1698 1601 Sed

41 1629 201 1699 quia
244 1628 427 1685 Filius
450 1629 546 1686 Dei
577 1632 667 1701 qtti
696 1629 1024 1702 loquebatur
1050 1645 1288 1688 aeternus
1309 1643 1396 1691 cst
1416 1678 1430 1702 ,
1460 1637 1695 1694 animum

46 1733 266 1779 autem
302 1726 547 1796 suscepit
574 1741 641 1780 ex
675 1735 953 1796 tetnpore;
982 1726 1107 1782 ideo
1138 1727 1372 1784 futuram
1405 1731 1697 1803 subjectio—

48 1834 203 1874 nem
230 1818 438 1874 animae
473 1834 588 1875 sua:
624 1820 776 1876 dicit.
826 1820 933 1878 Per
964 1822 1134 1894 ipsam
1177 1838 1308 1896 ergo
1348 1825 1691 1894 obedientia,

57 1927 178 1981 per
204 1913 389 1983 ipsam
424 1913 729 1981 humilitas;
752 1932 874 1988 qua:
896 1925 1075 1972 tamen
1104 1933 1209 1972 non
1233 1920 1299 1973 ad
1322 1918 1691 1980 inﬁrmitatem

1800 1952 1884 1997 est
1912 1941 2092 2009 Patri;
2125 1946 2249 2015 quia
2284 1948 2520 2002 nondum
2552 1964 2637 2002 out

56 2009 359 2078 potentia:
388 2020 641 2077 suscepta
680 2020 843 2076 sunt,
878 2011 972 2066 sed
1018 2012 1087 2066 ad
1117 2013 1490 2083 iungisteritun
1532 2016 1698 2073 disci-

59 2101 271 2172 plinae.
300 2097 425 2171 Ipse
446 2104 590 2157 enim
621 2100 881 2157 Dominus
901 2101 1061 2160 Jcsus
1086 2120 1205 2159 cum
1225 2117 1354 2161 estet
1381 2108 1435 2161 in
1462 2107 1558 2162 Dei
1586 2112 1698 2181 [or-

58 2211 195 2262 ma,
234 2210 344 2249 non
386 2196 622 2266 rapinam
652 2194 928 2250 arbitratus
957 2206 1029 2251 est
1052 2213 1160 2251 esse
1187 2214 1241 2251 se
1276 2199 1525 2269 teqttalem
1554 2198 1696 2268 Deo;

61 2288 166 2344 sed
227 2290 564 2361 semetipsum
622 2289 904 2343 exinanivit
962 2292 1181 2360 [armant
1228 2292 1359 2346 servi
1410 2294 1693 2362 accipiens,

60 2384 128 2437 in
160 2383 565 2437 similitudinem
592 2383 856 2437 hominum
880 2388 1079 2456 factus,
1112 2386 1164 2439 in
1188 2390 1357 2454 specie
1385 2373 1615 2442 inventus
1638 2396 1695 2442 ut

68 2476 236 2531 homo
264 2492 284 2532 :
316 2478 604 2532 humiliavit
654 2480 1020 2551 semetipsum,
1054 2480 1221 2547 [actus
1268 2481 1508 2536 obediens
1539 2499 1694 2554 usque

70 2570 151 2626 ad
199 2581 417 2626 mortem
459 2570 686 2645 (Philip.
717 2588 777 2640 ιι,
813 2571 971 2645 6-8).
1005 2572 1155 2628 Sicut
1180 2576 1476 2645 ApoStolus
1524 2575 1687 2644 dicit,

72 2682 195 2721 non
225 2667 411 2736 jugem
436 2676 491 2722 et
523 2681 859 2737 perpetuam,
884 2667 979 2723 sed
1011 2668 1363 2737 temporalem
1395 2671 1690 2741 subjectio-

76 2776 214 2816 nem
241 2762 467 2831 cupiens
489 2762 770 2818 declarare
796 2781 808 2818 :
842 2764 1019 2833 qualis
1040 2764 1111 2817 sit
1138 2773 1386 2833 suscepta
1420 2782 1541 2820 cum
1572 2782 1692 2822 car-

78 2871 179 2923 ne,
212 2869 266 2911 et
297 2856 541 2926 deposita
566 2872 689 2911 cum
718 2856 888 2923 ipsius
916 2852 947 2894 δ
978 2858 1222 2927 corporis
1266 2862 1548 2917 servitute.
1600 2861 1691 2918 Sic

81 2953 255 3005 etiam
297 2950 362 3003 ad
396 2949 653 3005 Hebraeos
682 2950 945 3019 scriptum
998 2960 1101 3005 est.
1133 2950 1264 3006 Nam
1320 2968 1441 3009 cum
1494 2970 1693 3025 propo-

82 3044 291 3098 Suisset
323 3043 630 3113 exemplum
657 3043 875 3099 dicens:
906 3043 982 3098 Tit
1007 3061 1061 3099 es
1083 3047 1392 3099 sacerdosin
1415 3058 1685 3114 veternum,

84 3137 373 3191 secundum
418 3137 650 3191 ordinem
676 3136 1052 3191 Melchisedech
1075 3154 1095 3203 ;
1122 3138 1353 3208 subjecit
1386 3139 1524 3193 idem
1552 3140 1690 3195 Pau-

88 3230 179 3285 lus
215 3247 229 3284 :
274 3229 376 3295 Qui
427 3230 481 3284 in
533 3228 713 3284 diebus
763 3234 936 3286 carnis
974 3248 1153 3301 preces
1200 3242 1249 3287 et
1286 3232 1690 3304 supplicationes

89 3324 324 3378 adhibuit
352 3324 416 3386 ei,
446 3325 533 3396 qui
557 3336 727 3395 posset
755 3328 971 3381 liberare
988 3342 1106 3381 eum
1135 3327 1199 3381 de
1226 3340 1405 3396 morte,
1434 3344 1550 3382 cum
1573 3344 1686 3382 ma-
1716 3300 1761 3366 Ο

92 3435 195 3491 gna
217 3432 335 3471 voce
358 3429 404 3470 et
433 3417 676 3489 lacrymis
699 3436 719 3474 :
743 3431 790 3474 et
811 3422 1084 3475 em'tuditus
1109 3422 1287 3476 abillo
1312 3432 1467 3476 tttrtu.
1496 3421 1692 3489 Quant-

94 3526 247 3578 quam
273 3520 400 3565 esset
429 3509 624 3577 Filius,
657 3512 841 3567 didicit
870 3530 933 3568 ex
952 3514 1032 3569 Itis
1067 3532 1179 3581 qua:
1204 3533 1386 3583 passus
1443 3527 1515 3570 est
1573 3516 1693 3570 obe~

98 3603 378 3658 duritiam:
405 3615 456 3659 et
482 3616 865 3660 consummatus
895 3606 1359 3677 obtemperantibus
1386 3608 1485 3662 sibi
1531 3624 1692 3665 causa

100 3697 259 3769 [actus
284 3706 356 3752 est
377 3698 560 3753 salutis
588 3712 828 3755 wternaz:
846 3713 1096 3756 vocatusa
1115 3702 1217 3756 Deo
1244 3703 1483 3759 sacerdos
1508 3720 1693 3759 secun-

101 3794 216 3845 dum
232 3793 459 3847 ordinem
479 3792 853 3849 Melchisedech
873 3795 1061 3866 (Hebr.
1079 3796 1511 3865 v.6-IO).Nontte
1528 3800 1689 3869 igitur

101 3886 639 3942 evidenter‘t-latuavit
656 3890 945 3957 Apostolus
960 3891 1146 3945 dicens
1162 3891 1524 3946 obedientiam
1541 3894 1689 3949 illam

104 3979 519 4036 ethttmilitatem
539 3995 644 4034 non
657 3979 953 4037 divinitatis
973 3983 1157 4048 fuisse,
1178 3984 1274 4038 sed
1294 3987 1475 4039 carnis
1493 3987 1514 4035 7
1532 3986 1689 4054 Quod

106 4074 242 4129 enim
263 4074 505 4140 discitur,
531 4076 835 4145 temporale
860 4087 962 4131 est.
988 4078 1148 4143 Quasi
1175 4077 1335 4133 homo
1358 4094 1488 4149 ergo
1518 4096 1583 4135 ex
1608 4080 1690 4135 his

109 4181 223 4237 qua:
254 4181 435 4233 passus
465 4177 575 4231 est,
607 4168 799 4223 didicit
826 4169 1228 4237 obedientiam;
1264 4182 1321 4226 ut
1343 4186 1691 4229 consumma-

111 4264 251 4312 rctur
279 4258 326 4312 in
371 4274 557 4321 carne,
583 4269 637 4315 et
676 4277 771 4329 per
797 4262 1123 4317 obedientia:
1151 4267 1479 4320 transl'usam
1507 4267 1556 4321 in
1592 4283 1692 4325 nos

112 4350 491 4405 succesdouem
518 4366 677 4406 eausa
712 4352 865 4409 litaret
897 4355 1055 4409 nobis
1082 4354 1271 4410 salutis
1298 4372 1538 4426 internae,
1570 4360 1691 4431 qui-

115 4451 205 4507 bus
233 4462 345 4505 ante
389 4466 481 4521 per
512 4452 897 4508 inobcdicntia:
941 4453 1318 4510 litercdttatern
1362 4455 1691 4527 pritnustille

117 4542 270 4597 Adam
302 4557 462 4598 eausa
487 4542 657 4599 factus
687 4553 771 4599 est
795 4545 1007 4599 mortis.

180 4659 228 4714 8.
257 4658 525 4727 SnbjeCIio
552 4673 683 4727 ergo
724 4658 1095 4730 magisterium
1139 4658 1356 4714 virtutis
1405 4661 1685 4730 humanae,

120 4764 216 4805 non
244 4750 426 4803 divina:
470 4750 773 4804 imminutio
826 4752 1108 4817 potestatis
1142 4759 1245 4805 est.
1269 4749 1405 4806 Nam
1449 4753 1493 4807 si
1535 4753 1685 4807 illum

122 4842 362 4895 minorem
411 4840 605 4895 Filium
659 4850 713 4895 et
761 4841 1079 4911 inmqualem
1122 4840 1269 4896 Patri
1314 4843 1531 4909 dicunt,
1562 4846 1687 4915 quia

122 4935 476 4991 eratsubditus
505 4935 647 4990 Patri
678 4934 824 4999 Deo;
857 4935 1116 5006 numquid
1147 4944 1202 4990 et
1224 4948 1394 4992 matre
1432 4938 1555 4993 ideo
1587 4940 1686 4993 mi-

125 5046 230 5091 nor.
254 5034 362 5101 quia
393 5031 640 5087 subditus
682 5041 799 5086 erat
844 5031 1006 5087 matri
1027 5035 1051 5084 Ἰ
1079 5032 1301 5088 Lectum
1324 5043 1405 5089 est
1434 5034 1578 5090 enim
1620 5036 1688 5092 de

124 5120 299 5191 Josepb
320 5134 367 5176 et
390 5122 553 5177 Mrtria
586 5135 607 5177 :
638 5122 703 5177 Et
727 5133 833 5178 erat
874 5123 1105 5178 subditus
1150 5124 1257 5178 illis
1286 5121 1435 5196 (Luc.
1466 5139 1539 5193 ιι,
1569 5126 1685 5199 51).

100 5215 270 5289 -958
295 5216 391 5273 Sed
420 5216 591 5287 pietas
629 5218 882 5273 omnibus
924 5217 1081 5274 nobis
1105 5232 1213 5273 non
1235 5217 1525 5289 diapendio
1545 5262 1561 5288 ,
1592 5221 1689 5277 sed

195 5378 458 5441 uArbitra.
494 5379 544 5434 id
593 5390 695 5445 εει,
742 5380 929 5443 testis;
974 5396 1071 5449 per
1120 5380 1260 5435 hanc
1300 5379 1445 5434 enim
1497 5380 1693 5437 animm

133 5449 302 5506 Chrisu
322 5451 710 5519 sttbjcctioucm
738 5450 1076 5519 dispeitSntio
1095 5452 1343 5506 humanm
1362 5451 1694 5520 redemptio-

134 5524 205 5577 nis
231 5522 543 5577 manifestata
568 5534 680 5585 est;
711 5539 830 5578 cum
858 5524 980 5577 inde
1003 5524 1289 5579 consilium
1313 5522 1549 5577 divinum
1578 5524 1692 5578 ino-

137 5593 378 5649 betlientiat
411 5597 565 5662 primi
595 5594 726 5649 Atla:
752 5609 849 5665 per
875 5595 1101 5651 secundi
1130 5594 1496 5650 obedietttiam
1539 5610 1691 5663 repa-

137 5666 289 5720 ratttlte
327 5666 769 5720 intellexerimus.
822 5670 931 5720 Aut
959 5666 1094 5721 forte
1136 5666 1331 5720 arbitra
1378 5665 1516 5719 idem
1559 5682 1693 5736 quo-

138 5736 381 5791 dammodo
427 5746 511 5791 est
553 5754 615 5790 ac
660 5737 1019 5801 moderatrix;
1063 5740 1186 5805 quia
1227 5738 1690 5806 dispensationem

140 5807 261 5862 illum
280 5810 442 5861 anima
468 5808 669 5863 Christi
699 5807 911 5863 Domini
942 5811 1183 5877 suscepit
1222 5826 1326 5862 non
1357 5817 1566 5871 coacta,
1593 5811 1691 5866 sed

140 5878 309 5954 volens.
358 5881 567 5954 Quippe
619 5879 832 5954 oblatus
880 5890 995 5944 est.
1050 5883 1174 5951 quia
1224 5880 1340 5951 ipse
1386 5880 1590 5946 voluit,
1635 5891 1694 5938 ιιι

142 5949 293 6007 libatas
318 5961 421 6018 tau,
453 5949 512 6018 7,
532 5951 878 6006 vaticinatur.

1803 632 1962 689 Jesus
1986 636 2143 690 iidem
2187 637 2384 693 infudit
2427 649 2483 695 et
2509 642 2771 711 gratiam;
2804 652 2861 696 ιιι
2892 659 2991 699 nos
3020 645 3212 713 Spiritu
3263 643 3408 700 lideli

1805 726 2050 780 subditos
2081 727 2225 783 Patri
2260 728 2424 785 faciat
2476 732 2604 787 Deo.
2638 733 2706 788 Et
2738 736 2858 790 ideo
2890 751 3030 790 novo
3055 745 3108 789 ct
3136 735 3406 807 pt'oltlndo

1803 819 2035 874 consilio
2064 822 2359 890 Apostolus
2384 826 2457 879 :tit
2486 827 2627 896 quod
2661 825 2777 895 ipse
2821 827 2964 881 Patri
2992 828 3094 883 erit
3124 828 3405 897 subjectus

1803 910 1857 966 in
1892 913 2067 981 nobis,
2102 928 2223 969 eum
2268 915 2430 972 fuerit
2463 917 2513 971 in
2564 921 2816 975 omnibus
2852 921 3131 990 plenitudo
3165 921 3320 988 ﬁdei,
3350 929 3407 977 et

1803 1006 2049 1076 quasdam
2082 1006 2389 1065 devotionis
2414 1012 2610 1067 unitas.
2644 1012 2797 1070 Nunc
2819 1016 2964 1070 cnim
2994 1015 3250 1085 quamdiu
3278 1030 3407 1071 sen-

1804 1101 1986 1154 tentiis
2033 1100 2446 1171 discrepamus,
2479 1106 2882 1175 quodammodo
2929 1124 3154 1179 regnum
3200 1107 3407 1165 Christi

1802 1192 2171 1261 ntiuuramtts;
2205 1197 2330 1266 quia
2376 1200 2612 1254 nondum
2642 1201 2690 1255 ei
2737 1202 2980 1271 subjecta
3029 1211 3159 1258 sunt
3186 1206 3403 1271 omnia,

1801 1289 1957 1358 Cujus
1988 1306 2209 1361 regnum
2236 1292 2411 1346 unitas
2434 1303 2518 1348 est
2550 1311 2563 1348 :
2596 1292 2723 1349 Cum
2744 1308 2914 1351 autent
2936 1297 3165 1367 subjecta
3191 1299 3271 1353 illi
3292 1302 3407 1365 lues

1798 1382 1902 1436 rint
1924 1384 2115 1449 omnia,
2141 1394 2262 1437 tunc
2281 1394 2329 1438 et
2358 1385 2468 1455 ipse
2495 1385 2754 1459 subjectus
2796 1389 2890 1442 erit
2918 1388 3019 1450 illi.
3043 1391 3130 1460 qui
3156 1391 3250 1444 sibi
3285 1390 3407 1443 sub-

1789 1474 1919 1546 jecit
1950 1474 2143 1539 omnia,
2173 1484 2229 1530 ut
2251 1477 2316 1530 sit
2347 1474 2485 1531 Deus
2514 1479 2687 1531 omnia
2716 1480 2769 1533 in
2792 1482 3025 1535 omnibus
3078 1480 3123 1554 (ι
3149 1481 3273 1537 Cor.
3306 1498 3400 1549 xv,

1797 1566 1941 1638 28);
1970 1569 2109 1622 sicut
2137 1569 2397 1640 scriptmn
2429 1576 2532 1625 cst.
2581 1570 2733 1626 Nunc
2766 1574 2909 1627 enim
2945 1585 3214 1645 potestate
3238 1590 3403 1646 supra

1798 1675 1989 1716 omnes
2017 1670 2121 1725 est,
2153 1662 2247 1718 sed
2276 1678 2411 1735 opus
2435 1674 2593 1721 estut
2622 1667 2693 1720 sit
2722 1667 2773 1721 itt
2799 1669 3052 1724 omnibus
3081 1671 3359 1726 voluntate
3385 1685 3399 1723 :

1800 1755 1951 1809 volet
1979 1766 2182 1817 autem.
2216 1772 2337 1812 cum
2362 1760 2544 1813 omnia
2570 1760 2620 1815 in
2652 1761 2809 1815 nobis
2832 1762 3149 1832 cognoverit
3177 1767 3258 1817 sui
3288 1764 3405 1836 ple-

1797 1862 1901 1913 na,
1931 1858 1985 1902 et
2017 1864 2181 1904 vacua
2230 1849 2573 1908 delictorum.
2622 1852 2873 1910 Nondum
2918 1857 3079 1925 igitur
3124 1856 3405 1927 Subjectus

2647 1950 2735 2004 nia
2762 1958 2820 2006 et
2867 1966 2919 2005 tn
2950 1951 3207 2007 omnibus
3245 1953 3405 2008 Chri-

1797 2042 1913 2089 stus
1937 2052 1950 2087 :
1983 2050 2104 2090 cum
2128 2048 2309 2093 autem
2336 2037 2497 2094 fuerit
2516 2044 2695 2095 omnia
2719 2045 2837 2097 etin
2856 2044 3108 2099 omnibus
3127 2043 3399 2112 Christus,

1795 2127 1901 2183 erit
1921 2130 2099 2183 omnia
2118 2140 2171 2185 ct
2200 2132 2251 2186 in
2281 2133 2532 2188 omnibus
2554 2132 2719 2190 Deus.
2754 2135 2905 2191 Unde
2924 2137 3200 2208 Colligitur
3232 2153 3400 2194 unum

1797 2236 1917 2277 esse
1949 2238 2174 2294 regnum
2203 2223 2377 2282 Patris
2410 2236 2467 2282 et
2496 2228 2648 2293 Filii,
2682 2239 2737 2284 et
2761 2231 2924 2285 etiam
2949 2230 3185 2300 Spit-itus
3204 2231 3401 2299 sanati;

1796 2315 1921 2385 quia
1945 2318 2035 2387 qui
2072 2317 2267 2373 Filium
2303 2322 2603 2389 receperit,
2638 2324 2828 2393 recipit
2876 2334 2931 2379 et
2985 2324 3197 2380 Patrem
3220 2367 3235 2391 ,
3264 2326 3407 2382 reci-

1797 2410 1874 2478 pit
1933 2420 1985 2463 ct
2016 2410 2279 2480 Spiritum
2322 2428 2607 2481 sanetum;
2664 2417 2786 2486 quia
2840 2433 2945 2472 una
2999 2426 3263 2489 potestas,
3297 2435 3402 2475 una

1792 2502 1987 2570 gratia,
2020 2518 2124 2556 una
2154 2505 2399 2572 Operatio
2428 2505 2712 2561 Trinitatis
2740 2517 2845 2563 est.

1865 2593 1918 2649 9.
1949 2593 2249 2665 Meritoque
2271 2596 2477 2651 addidit
2504 2597 2771 2653 Dominus
2806 2618 2818 2653 :
2853 2600 2929 2659 Ab
2952 2602 3065 2672 ipso
3090 2604 3227 2658 enim
3254 2605 3403 2676 salu-

1793 2693 1904 2741 tare
1926 2703 2117 2742 meum.
2153 2688 2316 2755 Quasi
2365 2688 2617 2744 diceret:
2655 2690 3067 2749 Nolileturbari
3114 2699 3239 2767 quia
3290 2696 3405 2753 dixi

1793 2779 2030 2834 animam
2077 2797 2253 2835 meam
2284 2783 2398 2837 lore
2449 2782 2559 2837 Deo
2581 2784 2875 2840 subditam.
2908 2786 3101 2842 Anima
3137 2790 3241 2843 erit
3268 2790 3404 2844 sub-

1792 2873 1925 2940 dita,
1956 2890 2078 2946 quae
2104 2874 2269 2931 vestri
2291 2886 2373 2930 est
2403 2877 2615 2946 portio:
2645 2878 2886 2931 salutare
2914 2890 3093 2934 autem
3127 2897 3305 2937 meum
3329 2882 3402 2938 ab

1793 2969 1951 3040 ipso;
1976 2970 2078 3026 ltoc
2106 2980 2211 3039 est,
2239 2972 2365 3041 quia
2411 2986 2439 3024 a
2473 2971 2634 3028 Patre
2655 2982 2711 3026 et
2742 2973 2793 3027 itt
2828 2972 2986 3028 Patre
3010 2988 3227 3043 semper
3252 2992 3397 3030 sum.

1792 3066 1837 3118 Α
1876 3064 2036 3120 Patre
2076 3066 2219 3120 enim
2272 3067 2392 3120 veni
2422 3066 2474 3120 in
2523 3066 2666 3121 hunc
2709 3067 2967 3122 mundqu
3000 3085 3014 3122 :
3048 3068 3151 3123 etsi
3205 3069 3405 3127 videtis

1794 3155 2088 3223 hominem,
2113 3156 2207 3211 Dei
2238 3157 2432 3213 Filium
2454 3156 2683 3214 credite.
2713 3156 2840 3213 Cum
2870 3163 3060 3215 uenerit
3082 3169 3254 3215 autem
3281 3159 3395 3217 Ρα-

1792 3250 2015 3303 rat-lctus
2043 3266 2194 3317 quem
2217 3267 2309 3322 ego
2338 3252 2531 3305 mittam
2564 3250 2702 3305 vobis
2751 3268 2783 3305 (ι
2821 3249 2984 3306 Patre
3021 3268 3154 3317 meo,
3184 3252 3403 3322 spiritus

1794 3342 2041 3409 veritatis,
2070 3343 2156 3413 qui
2206 3360 2239 3397 a
2265 3341 2421 3398 Patre
2464 3360 2575 3398 meo
2628 3343 2900 3414 procedit,
2932 3343 3021 3398 ille
3047 3346 3400 3399 testimonium

1796 3435 2082 3505 perhibcbit
2117 3437 2180 3492 de
2208 3454 2286 3493 me
2312 3435 2508 3493 (Joan.
2564 3454 2657 3505 xv,
2684 3438 2799 3509 26).
2837 3439 2905 3493 Iit
2952 3438 3119 3495 Filius
3150 3446 3195 3493 'a
3242 3440 3403 3499 Patre

1796 3532 2076 3602 procedit,
2106 3540 2163 3587 et
2200 3531 2435 3603 Spiritus
2480 3533 2549 3587 ab
2578 3534 2695 3604 ipso
2744 3533 3009 3603 procedit.
3064 3532 3141 3588 De
3188 3542 3404 3590 unitate

1760 3641 1923 3696 .ergo
1944 3625 2243 3681 divinitatis
2274 3626 2584 3695 ambiguum
2622 3627 2777 3682 nihil.
2814 3625 3049 3695 Ideoque
3088 3629 3405 3698 concupivit

1792 3720 1960 3775 David
1990 3722 2093 3777 hoc
2120 3721 2360 3776 Salutare
2380 3720 2475 3776 Dei
2511 3722 2666 3778 nobis
2690 3720 2840 3789 dari;
2874 3723 2997 3792 quia
3027 3722 3143 3793 ipse
3172 3733 3254 3777 est
3287 3723 3401 3777 vita

1793 3825 1996 3868 aeterna
2018 3853 2032 3876 ,
2066 3813 2110 3866 si
2139 3822 2195 3867 et
2235 3812 2451 3867 Patrem
2475 3829 2661 3868 verum
2713 3813 2881 3868 Deum
2904 3827 3299 3883 cognoscamus
3342 3823 3403 3871 et

1792 3904 1989 3960 Filium
2009 3948 2022 3967 .
2052 3922 2212 3977 quem
2249 3921 2346 3976 pro
2374 3917 2557 3961 nostra
2589 3917 2798 3961 certum
2822 3918 2906 3963 est
2932 3908 3109 3962 salute
3132 3905 3351 3962 venisse
3382 3926 3397 3963 :

1791 3998 1887 4054 sed
1920 4016 2024 4053 nott
2053 3999 2294 4069 rapinam
2313 3999 2608 4053 arbitratus
2634 4011 2717 4055 est
2744 4014 2866 4056 esse
2888 4015 2948 4055 se
2964 3999 3230 4071 aequalem
3260 3997 3396 4055 Deo.

1792 4092 2162 4147 Asserttoncm
2193 4106 2305 4146 sua:
2331 4092 2632 4146 divinitatis
2665 4101 3007 4163 sequestrat,
3034 4102 3089 4149 et
3113 4092 3402 4164 dispensa-

1794 4188 1955 4241 tionis
1985 4185 2234 4243 humanm
2266 4196 2623 4257 reprtcsentat
2645 4188 2908 4242 ollicium.

1866 4281 1955 4335 10.
1986 4279 2166 4353 (Vers.
2202 4282 2282 4351 5.)
2309 4280 2807 4351 Ideoqueatljunxit
2831 4281 3043 4337 statim:
3065 4280 3405 4351 Etenimipss

1792 4383 1863 4428 est
1890 4374 2060 4427 cItetts
2088 4376 2462 4446 tneus,adjutor
2492 4392 2654 4437 meus.
2679 4377 2921 4448 defensor
2949 4394 3093 4434 meus
3122 4395 3142 4434 .'
3164 4396 3266 4435 non
3290 4396 3403 4436 mo-

1792 4466 1946 4521 vebor
1988 4468 2231 4537 antplius.
2280 4472 2422 4545 Itale
2475 4471 2661 4539 utique
2704 4471 2858 4541 quasi
2912 4470 3075 4529 homo
3119 4472 3393 4547 loquitur;

1789 4564 1915 4633 quia
1961 4563 2013 4617 in
2044 4561 2156 4617 Deo
2187 4578 2337 4632 spent
2387 4578 2630 4619 uoStram
2679 4565 2942 4622 debemus
2996 4584 3294 4635 reponere,
3328 4585 3400 4627 ne

1792 4656 1949 4711 facile
1982 4658 2226 4711 labamur
2255 4673 2267 4710 :
2299 4672 2625 4725 quamquam
2658 4658 2711 4712 in
2741 4675 2808 4715 eo
2844 4660 2987 4731 quod
3031 4661 3243 4715 locutus
3266 4671 3353 4718 est
3380 4677 3398 4719 :

1796 4749 1921 4805 Non
1950 4752 2185 4806 movebar
2207 4750 2467 4822 amplius;
2496 4752 2745 4807 ostendat
2768 4753 2970 4811 habere
2990 4770 3049 4810 se
3072 4755 3271 4810 divinae
3311 4754 3397 4812 in-

1793 4847 1963 4915 signia
1994 4847 2300 4915 poteSIatis.
2338 4845 2517 4900 Habes
2546 4848 2692 4901 enim
2720 4847 2849 4902 alibi
2879 4848 3150 4905 dicentem
3174 4867 3188 4903 :
3212 4848 3401 4907 Adhuc

1794 4956 1888 5009 ego
1917 4940 2072 4993 semet
2100 4948 2288 4994 terram
2317 4940 2522 4996 movebo
2555 4939 2755 5011 (.lggte.
2785 4955 2843 5005 tt,
2864 4940 2944 5010 7).
2979 4941 3142 4997 Movit
3166 4943 3397 5011 diluvio,

1795 5032 2012 5102 quando
2043 5044 2237 5099 praeter
2282 5050 2463 5089 arcam
2492 5033 2610 5089 Noe
2639 5048 2768 5089 curo
2788 5035 2967 5089 omnis
2995 5036 3198 5093 interiit
3227 5055 3241 5093 :
3276 5054 3397 5095 mo-

1793 5131 1872 5184 vit
1890 5145 2011 5184 cutn
2043 5127 2277 5185 Sodoma
2319 5143 2371 5187 et
2400 5129 2703 5185 Gomorrba
2736 5145 2895 5186 sacro
2923 5130 3044 5202 igne
3063 5144 3403 5206 consumpta

1795 5234 1940 5281 Sunt.
1970 5223 2097 5280 Ilaec
2134 5238 2384 5295 superna:
2425 5223 2811 5294 indignationis
2858 5224 3056 5281 indicia
3105 5239 3255 5284 sunt.
3288 5229 3401 5286 Sed

1873 5380 1901 5420 ι)
1932 5382 2023 5459 Dei
2070 5382 2246 5459 Filius
2293 5384 2688 5459 subiectionem
2738 5386 2955 5453 quidem
3001 5402 3122 5443 cum
3169 5404 3404 5459 corpore

1800 5457 2074 5531 suscepit,
2110 5456 2205 5531 sed
2242 5472 2348 5509 non
2377 5457 2629 5531 deposuit
2655 5469 2778 5507 cum
2809 5473 3073 5527 corpore;
3112 5463 3235 5531 quia
3270 5456 3404 5521 illud

1799 5527 1943 5596 quod
1990 5528 2156 5581 selltel
2202 5530 2522 5603 :tsstllltpsit,
2548 5541 2837 5596 numquam
2865 5531 3099 5603 dimisit.
3132 5527 3407 5603 Deposuit

1798 5612 1927 5652 vero
1952 5613 2075 5653 cum
2100 5600 2664 5676 corpt_tris_~ervitttte;
2699 5601 2916 5676 quando
2943 5600 3147 5676 scilicet
3175 5600 3395 5676 corpus.

1796 5684 2027 5745 excussit
2051 5670 2392 5745 mortalitatis
2407 5668 2561 5739 jugo,
2581 5673 3005 5730 immortalitatis
3024 5674 3243 5730 dotibus
3266 5668 3403 5745 prte-

1796 5739 1964 5796 ditum
1998 5743 2315 5795 resurrexit.

1871 5824 1894 5851 c
1920 5811 2078 5865 Rom.
2116 5812 2274 5876 edit.,
2323 5811 2459 5863 Deus
2509 5827 2673 5880 meus,
2714 5826 2762 5868 et
2803 5815 3048 5870 salutaris
3092 5834 3258 5871 metis.
3307 5818 3399 5877 Sic

1795 5894 1850 5938 et
1892 5884 2043 5959 intra
2067 5898 2214 5935 num.
2246 5883 2333 5959 18.
2360 5880 2623 5959 Nimirum
2654 5903 2722 5942 ex
2762 5885 2942 5959 LXX,
2973 5889 3114 5959 apud
3148 5902 3286 5959 quos
3322 5885 3403 5945 lii)

1795 5969 1923 6025 gas,
1955 5954 2078 6015 θεὸς
2104 5973 2202 6025 μιν
2228 5958 2313 6010 ttat
2338 5958 2647 6026 σωτήρμον,
2679 5968 2809 6031 etc.~
