  <div class='ocr_page' id='page_1' title='image "/cluster/home/n/w/nwhite01/storage/ocr_20150623/14/hvd.32044015471303/591.png"; bbox 0 0 4008 6352; ppageno 0'>
   <div class='ocr_carea' id='block_1_1' title="bbox 600 426 737 486">
    <p class='ocr_par' dir='ltr' id='par_1_1' title="bbox 600 426 737 486">
     <span class='ocr_line' id='line_1_1' title="bbox 600 426 737 486; baseline 0.015 -2"><span class='ocrx_word' id='word_1_1' title='bbox 600 426 737 486; x_wconf 77' lang='grc' dir='ltr'>ΗΠ</span> 
     </span>
    </p>
   </div>
   <div class='ocr_carea' id='block_1_2' title="bbox 1935 425 2534 485">
    <p class='ocr_par' dir='ltr' id='par_1_2' title="bbox 1935 425 2534 485">
     <span class='ocr_line' id='line_1_2' title="bbox 1935 425 2534 485; baseline -0.007 0"><span class='ocrx_word' id='word_1_2' title='bbox 1935 429 2015 485; x_wconf 66' lang='lat' dir='ltr'><strong>SA</strong></span> <span class='ocrx_word' id='word_1_3' title='bbox 2029 425 2180 482; x_wconf 70' lang='lat' dir='ltr'><strong>.‘ICTl</strong></span> <span class='ocrx_word' id='word_1_4' title='bbox 2213 425 2534 483; x_wconf 72' lang='lat' dir='ltr'><strong>MlBROSll</strong></span> 
     </span>
    </p>
   </div>
   <div class='ocr_carea' id='block_1_3' title="bbox 3789 429 3885 485">
    <p class='ocr_par' dir='ltr' id='par_1_3' title="bbox 3789 429 3885 485">
     <span class='ocr_line' id='line_1_3' title="bbox 3789 429 3885 485; baseline 0.042 -4"><span class='ocrx_word' id='word_1_5' title='bbox 3789 429 3885 485; x_wconf 67' lang='lat' dir='ltr'><strong>liti</strong></span> 
     </span>
    </p>
   </div>
   <div class='ocr_carea' id='block_1_4' title="bbox 597 539 3884 619">
    <p class='ocr_par' dir='ltr' id='par_1_4' title="bbox 597 539 3884 619">
     <span class='ocr_line' id='line_1_4' title="bbox 597 539 3884 619; baseline -0.002 -19"><span class='ocrx_word' id='word_1_6' title='bbox 597 548 722 619; x_wconf 84' lang='lat' dir='ltr'><strong>quia</strong></span> <span class='ocrx_word' id='word_1_7' title='bbox 763 547 924 619; x_wconf 83' lang='lat' dir='ltr'><strong>elegit</strong></span> <span class='ocrx_word' id='word_1_8' title='bbox 962 559 1134 618; x_wconf 82' lang='lat' dir='ltr'><strong>genus</strong></span> <span class='ocrx_word' id='word_1_9' title='bbox 1160 543 1438 600; x_wconf 83' lang='lat' dir='ltr'><strong>hominum</strong></span> <span class='ocrx_word' id='word_1_10' title='bbox 1475 544 1735 600; x_wconf 81' lang='lat' dir='ltr'><strong>Dominus</strong></span> <span class='ocrx_word' id='word_1_11' title='bbox 1765 548 1934 614; x_wconf 76' lang='lat' dir='ltr'><strong>magis</strong></span> <span class='ocrx_word' id='word_1_12' title='bbox 1976 557 2193 598; x_wconf 73' lang='lat' dir='ltr'><strong>servare</strong></span> <span class='ocrx_word' id='word_1_13' title='bbox 2223 541 2267 604; x_wconf 69' lang='grc' dir='ltr'><strong>Α</strong></span> <span class='ocrx_word' id='word_1_14' title='bbox 2301 542 2562 610; x_wconf 86' lang='lat' dir='ltr'><strong>proditor.</strong></span> <span class='ocrx_word' id='word_1_15' title='bbox 2597 543 2682 612; x_wconf 58' lang='lat' dir='ltr'><strong>qui</strong></span> <span class='ocrx_word' id='word_1_16' title='bbox 2714 542 2911 596; x_wconf 89' lang='lat' dir='ltr'><strong>refudit</strong></span> <span class='ocrx_word' id='word_1_17' title='bbox 2941 544 3181 612; x_wconf 86' lang='lat' dir='ltr'><strong>pretium</strong></span> <span class='ocrx_word' id='word_1_18' title='bbox 3229 539 3385 612; x_wconf 85' lang='lat' dir='ltr'><strong>quod</strong></span> <span class='ocrx_word' id='word_1_19' title='bbox 3424 539 3660 608; x_wconf 79' lang='lat' dir='ltr'><strong>accepit,</strong></span> <span class='ocrx_word' id='word_1_20' title='bbox 3688 539 3884 598; x_wconf 75' lang='lat' dir='ltr'><strong>inﬁrmus</strong></span> 
     </span>
    </p>
   </div>
   <div class='ocr_carea' id='block_1_5' title="bbox 597 637 2193 711">
    <p class='ocr_par' dir='ltr' id='par_1_5' title="bbox 597 637 2193 711">
     <span class='ocr_line' id='line_1_5' title="bbox 597 637 2193 711; baseline -0.003 -18"><span class='ocrx_word' id='word_1_21' title='bbox 597 656 760 711; x_wconf 88' lang='lat' dir='ltr'><strong>quam</strong></span> <span class='ocrx_word' id='word_1_22' title='bbox 816 639 1063 710; x_wconf 83' lang='lat' dir='ltr'><strong>perdere,</strong></span> <span class='ocrx_word' id='word_1_23' title='bbox 1111 655 1218 694; x_wconf 83' lang='lat' dir='ltr'><strong>non</strong></span> <span class='ocrx_word' id='word_1_24' title='bbox 1251 638 1557 694; x_wconf 73' lang='lat' dir='ltr'><strong>movebitur</strong></span> <span class='ocrx_word' id='word_1_25' title='bbox 1585 639 1818 708; x_wconf 85' lang='lat' dir='ltr'><strong>amplius</strong></span> <span class='ocrx_word' id='word_1_26' title='bbox 1847 637 1910 691; x_wconf 85' lang='lat' dir='ltr'><strong>ad</strong></span> <span class='ocrx_word' id='word_1_27' title='bbox 1945 637 2193 708; x_wconf 85' lang='lat' dir='ltr'><strong>indigna-</strong></span> 
     </span>
    </p>
   </div>
   <div class='ocr_carea' id='block_1_6' title="bbox 599 731 2198 805">
    <p class='ocr_par' dir='ltr' id='par_1_6' title="bbox 599 731 2198 805">
     <span class='ocr_line' id='line_1_6' title="bbox 599 731 2198 805; baseline -0.003 -15"><span class='ocrx_word' id='word_1_28' title='bbox 599 735 823 800; x_wconf 91' lang='lat' dir='ltr'><strong>tionem,</strong></span> <span class='ocrx_word' id='word_1_29' title='bbox 851 734 946 805; x_wconf 89' lang='lat' dir='ltr'><strong>qui</strong></span> <span class='ocrx_word' id='word_1_30' title='bbox 972 733 1120 788; x_wconf 91' lang='lat' dir='ltr'><strong>venit</strong></span> <span class='ocrx_word' id='word_1_31' title='bbox 1145 732 1212 787; x_wconf 90' lang='lat' dir='ltr'><strong>ad</strong></span> <span class='ocrx_word' id='word_1_32' title='bbox 1243 732 1673 788; x_wconf 87' lang='lat' dir='ltr'><strong>misericordiam</strong></span> <span class='ocrx_word' id='word_1_33' title='bbox 1710 750 1722 786; x_wconf 89' lang='lat'>:</span> <span class='ocrx_word' id='word_1_34' title='bbox 1758 733 1902 787; x_wconf 89' lang='lat' dir='ltr'><strong>venit</strong></span> <span class='ocrx_word' id='word_1_35' title='bbox 1946 741 2007 785; x_wconf 91' lang='lat' dir='ltr'><strong>ttt</strong></span> <span class='ocrx_word' id='word_1_36' title='bbox 2053 731 2198 786; x_wconf 83' lang='lat' dir='ltr'><strong>redi-</strong></span> 
     </span>
    </p>
   </div>
   <div class='ocr_carea' id='block_1_7' title="bbox 599 825 2192 897">
    <p class='ocr_par' dir='ltr' id='par_1_7' title="bbox 599 825 2192 897">
     <span class='ocr_line' id='line_1_7' title="bbox 599 825 2192 897; baseline -0.001 -15"><span class='ocrx_word' id='word_1_37' title='bbox 599 836 775 882; x_wconf 90' lang='lat' dir='ltr'><strong>meret</strong></span> <span class='ocrx_word' id='word_1_38' title='bbox 798 841 897 882; x_wconf 90' lang='lat' dir='ltr'><strong>nos</strong></span> <span class='ocrx_word' id='word_1_39' title='bbox 925 840 1023 881; x_wconf 91' lang='lat' dir='ltr'><strong>suo</strong></span> <span class='ocrx_word' id='word_1_40' title='bbox 1048 827 1314 897; x_wconf 87' lang='lat' dir='ltr'><strong>sanguine</strong></span> <span class='ocrx_word' id='word_1_41' title='bbox 1331 867 1343 890; x_wconf 93' lang='lat'><strong>,</strong></span> <span class='ocrx_word' id='word_1_42' title='bbox 1377 840 1484 880; x_wconf 92' lang='lat' dir='ltr'><strong>non</strong></span> <span class='ocrx_word' id='word_1_43' title='bbox 1507 835 1564 880; x_wconf 91' lang='lat' dir='ltr'><strong>ut</strong></span> <span class='ocrx_word' id='word_1_44' title='bbox 1592 835 1838 880; x_wconf 91' lang='lat' dir='ltr'><strong>nostrum</strong></span> <span class='ocrx_word' id='word_1_45' title='bbox 1862 825 2192 880; x_wconf 82' lang='lat' dir='ltr'><strong>effunderet:</strong></span> 
     </span>
    </p>
   </div>
   <div class='ocr_carea' id='block_1_8' title="bbox 596 920 2195 991">
    <p class='ocr_par' dir='ltr' id='par_1_8' title="bbox 596 920 2195 991">
     <span class='ocr_line' id='line_1_8' title="bbox 596 920 2195 991; baseline -0.002 -16"><span class='ocrx_word' id='word_1_46' title='bbox 596 921 750 976; x_wconf 87' lang='lat' dir='ltr'><strong>venit</strong></span> <span class='ocrx_word' id='word_1_47' title='bbox 778 930 836 974; x_wconf 90' lang='lat' dir='ltr'><strong>ttt</strong></span> <span class='ocrx_word' id='word_1_48' title='bbox 863 935 923 975; x_wconf 89' lang='lat' dir='ltr'><strong>se</strong></span> <span class='ocrx_word' id='word_1_49' title='bbox 949 920 1171 976; x_wconf 81' lang='lat' dir='ltr'><strong>offerret</strong></span> <span class='ocrx_word' id='word_1_50' title='bbox 1219 934 1319 990; x_wconf 92' lang='lat' dir='ltr'><strong>pro</strong></span> <span class='ocrx_word' id='word_1_51' title='bbox 1357 920 1535 986; x_wconf 88' lang='lat' dir='ltr'><strong>nobis,</strong></span> <span class='ocrx_word' id='word_1_52' title='bbox 1560 929 1614 975; x_wconf 91' lang='lat' dir='ltr'><strong>et</strong></span> <span class='ocrx_word' id='word_1_53' title='bbox 1634 921 1786 991; x_wconf 89' lang='lat' dir='ltr'><strong>quasi</strong></span> <span class='ocrx_word' id='word_1_54' title='bbox 1826 921 1999 976; x_wconf 87' lang='lat' dir='ltr'><strong>bonus</strong></span> <span class='ocrx_word' id='word_1_55' title='bbox 2028 936 2195 990; x_wconf 64' lang='lat' dir='ltr'><strong>nego.</strong></span> 
     </span>
    </p>
   </div>
   <div class='ocr_carea' id='block_1_9' title="bbox 595 1014 2198 1088">
    <p class='ocr_par' dir='ltr' id='par_1_9' title="bbox 595 1014 2198 1088">
     <span class='ocr_line' id='line_1_9' title="bbox 595 1014 2198 1088; baseline 0 -19"><span class='ocrx_word' id='word_1_56' title='bbox 595 1016 760 1069; x_wconf 88' lang='lat' dir='ltr'><strong>tiator</strong></span> <span class='ocrx_word' id='word_1_57' title='bbox 782 1015 949 1088; x_wconf 80' lang='lat'><strong>959</strong></span> <span class='ocrx_word' id='word_1_58' title='bbox 979 1030 1217 1071; x_wconf 86' lang='lat' dir='ltr'><strong>mercem</strong></span> <span class='ocrx_word' id='word_1_59' title='bbox 1250 1030 1402 1070; x_wconf 86' lang='lat' dir='ltr'><strong>suam</strong></span> <span class='ocrx_word' id='word_1_60' title='bbox 1447 1015 1652 1086; x_wconf 83' lang='lat' dir='ltr'><strong>proprii</strong></span> <span class='ocrx_word' id='word_1_61' title='bbox 1671 1014 1919 1085; x_wconf 89' lang='lat' dir='ltr'><strong>corporis</strong></span> <span class='ocrx_word' id='word_1_62' title='bbox 1946 1017 2198 1086; x_wconf 81' lang='lat' dir='ltr'><strong>passione</strong></span> 
     </span>
    </p>
   </div>
   <div class='ocr_carea' id='block_1_10' title="bbox 597 1118 862 1164">
    <p class='ocr_par' dir='ltr' id='par_1_10' title="bbox 597 1118 862 1164">
     <span class='ocr_line' id='line_1_10' title="bbox 597 1118 862 1164; baseline 0.008 -2"><span class='ocrx_word' id='word_1_63' title='bbox 597 1118 862 1164; x_wconf 82' lang='lat' dir='ltr'><strong>servaret.</strong></span> 
     </span>
    </p>
   </div>
   <div class='ocr_carea' id='block_1_11' title="bbox 673 1198 2198 1273">
    <p class='ocr_par' dir='ltr' id='par_1_11' title="bbox 673 1198 2198 1273">
     <span class='ocr_line' id='line_1_11' title="bbox 673 1198 2198 1273; baseline 0.001 -19"><span class='ocrx_word' id='word_1_64' title='bbox 673 1201 761 1256; x_wconf 77' lang='grc' dir='ltr'><strong>Η.</strong></span> <span class='ocrx_word' id='word_1_65' title='bbox 794 1198 956 1272; x_wconf 85' lang='lat' dir='ltr'><strong>(Vers</strong></span> <span class='ocrx_word' id='word_1_66' title='bbox 983 1199 1065 1273; x_wconf 74' lang='grc'><strong>4.)</strong></span> <span class='ocrx_word' id='word_1_67' title='bbox 1096 1199 1165 1255; x_wconf 84' lang='grc' dir='ltr'><strong>Ει</strong></span> <span class='ocrx_word' id='word_1_68' title='bbox 1193 1217 1314 1255; x_wconf 88' lang='lat' dir='ltr'><strong>cttm</strong></span> <span class='ocrx_word' id='word_1_69' title='bbox 1364 1201 1465 1254; x_wconf 92' lang='lat' dir='ltr'><strong>hoc</strong></span> <span class='ocrx_word' id='word_1_70' title='bbox 1510 1199 1747 1264; x_wconf 90' lang='lat' dir='ltr'><strong>diceret,</strong></span> <span class='ocrx_word' id='word_1_71' title='bbox 1780 1200 1976 1255; x_wconf 85' lang='lat' dir='ltr'><strong>levavit</strong></span> <span class='ocrx_word' id='word_1_72' title='bbox 2007 1200 2198 1256; x_wconf 87' lang='lat' dir='ltr'><strong>oculos</strong></span> 
     </span>
    </p>
   </div>
   <div class='ocr_carea' id='block_1_12' title="bbox 597 1292 2196 1364">
    <p class='ocr_par' dir='ltr' id='par_1_12' title="bbox 597 1292 2196 1364">
     <span class='ocr_line' id='line_1_12' title="bbox 597 1292 2196 1364; baseline -0.001 -16"><span class='ocrx_word' id='word_1_73' title='bbox 597 1307 726 1348; x_wconf 82' lang='lat' dir='ltr'><strong>suos</strong></span> <span class='ocrx_word' id='word_1_74' title='bbox 745 1335 760 1359; x_wconf 91' lang='lat'><strong>,</strong></span> <span class='ocrx_word' id='word_1_75' title='bbox 788 1303 843 1348; x_wconf 90' lang='lat' dir='ltr'><strong>et</strong></span> <span class='ocrx_word' id='word_1_76' title='bbox 865 1293 999 1348; x_wconf 90' lang='lat' dir='ltr'><strong>vidit</strong></span> <span class='ocrx_word' id='word_1_77' title='bbox 1028 1292 1152 1348; x_wconf 92' lang='lat' dir='ltr'><strong>hinc</strong></span> <span class='ocrx_word' id='word_1_78' title='bbox 1181 1302 1591 1364; x_wconf 82' lang='lat' dir='ltr'><strong>persecutores,</strong></span> <span class='ocrx_word' id='word_1_79' title='bbox 1625 1292 1751 1348; x_wconf 89' lang='lat' dir='ltr'><strong>inde</strong></span> <span class='ocrx_word' id='word_1_80' title='bbox 1789 1293 2055 1363; x_wconf 82' lang='lat' dir='ltr'><strong>nequitias</strong></span> <span class='ocrx_word' id='word_1_81' title='bbox 2083 1293 2196 1364; x_wconf 86' lang='lat' dir='ltr'><strong>spi-</strong></span> 
     </span>
    </p>
   </div>
   <div class='ocr_carea' id='block_1_13' title="bbox 596 1386 2200 1457">
    <p class='ocr_par' dir='ltr' id='par_1_13' title="bbox 596 1386 2200 1457">
     <span class='ocr_line' id='line_1_13' title="bbox 596 1386 2200 1457; baseline 0.001 -17"><span class='ocrx_word' id='word_1_82' title='bbox 596 1386 785 1440; x_wconf 85' lang='lat' dir='ltr'><strong>ritales</strong></span> <span class='ocrx_word' id='word_1_83' title='bbox 814 1386 866 1440; x_wconf 92' lang='lat' dir='ltr'><strong>in</strong></span> <span class='ocrx_word' id='word_1_84' title='bbox 898 1401 1061 1440; x_wconf 88' lang='lat' dir='ltr'><strong>unum</strong></span> <span class='ocrx_word' id='word_1_85' title='bbox 1093 1386 1405 1449; x_wconf 84' lang='lat' dir='ltr'><strong>convenire,</strong></span> <span class='ocrx_word' id='word_1_86' title='bbox 1437 1397 1493 1440; x_wconf 90' lang='lat' dir='ltr'><strong>et</strong></span> <span class='ocrx_word' id='word_1_87' title='bbox 1526 1388 1601 1440; x_wconf 92' lang='lat' dir='ltr'><strong>ait</strong></span> <span class='ocrx_word' id='word_1_88' title='bbox 1631 1400 1644 1440; x_wconf 94' lang='lat'>:</span> <span class='ocrx_word' id='word_1_89' title='bbox 1681 1386 1956 1457; x_wconf 77' lang='lat' dir='ltr'><strong>Quousque</strong></span> <span class='ocrx_word' id='word_1_90' title='bbox 1996 1387 2200 1441; x_wconf 82' lang='lat' dir='ltr'><strong>irruitis</strong></span> 
     </span>
    </p>
   </div>
   <div class='ocr_carea' id='block_1_14' title="bbox 595 1479 2195 1549">
    <p class='ocr_par' dir='ltr' id='par_1_14' title="bbox 595 1479 2195 1549">
     <span class='ocr_line' id='line_1_14' title="bbox 595 1479 2195 1549; baseline 0.003 -18"><span class='ocrx_word' id='word_1_91' title='bbox 595 1479 652 1531; x_wconf 86' lang='lat' dir='ltr'><strong>in</strong></span> <span class='ocrx_word' id='word_1_92' title='bbox 700 1479 980 1545; x_wconf 77' lang='lat' dir='ltr'><strong>hominem,</strong></span> <span class='ocrx_word' id='word_1_93' title='bbox 1006 1480 1374 1549; x_wconf 77' lang='lat' dir='ltr'><strong>interﬁcientes</strong></span> <span class='ocrx_word' id='word_1_94' title='bbox 1415 1481 1712 1542; x_wconf 76' lang='lat' dir='ltr'><strong>universos.</strong></span> <span class='ocrx_word' id='word_1_95' title='bbox 1743 1481 1844 1535; x_wconf 89' lang='lat' dir='ltr'><strong>hoc</strong></span> <span class='ocrx_word' id='word_1_96' title='bbox 1888 1490 2016 1536; x_wconf 86' lang='lat' dir='ltr'><strong>est:</strong></span> <span class='ocrx_word' id='word_1_97' title='bbox 2058 1481 2195 1548; x_wconf 87' lang='lat' dir='ltr'><strong>Quid</strong></span> 
     </span>
    </p>
   </div>
   <div class='ocr_carea' id='block_1_15' title="bbox 598 1570 2199 1642">
    <p class='ocr_par' dir='ltr' id='par_1_15' title="bbox 598 1570 2199 1642">
     <span class='ocr_line' id='line_1_15' title="bbox 598 1570 2199 1642; baseline 0.001 -17"><span class='ocrx_word' id='word_1_98' title='bbox 598 1570 784 1626; x_wconf 88' lang='lat' dir='ltr'><strong>delere</strong></span> <span class='ocrx_word' id='word_1_99' title='bbox 809 1586 988 1642; x_wconf 90' lang='lat' dir='ltr'><strong>genus</strong></span> <span class='ocrx_word' id='word_1_100' title='bbox 1011 1571 1279 1628; x_wconf 79' lang='lat' dir='ltr'><strong>festinatis</strong></span> <span class='ocrx_word' id='word_1_101' title='bbox 1312 1572 1604 1627; x_wconf 86' lang='lat' dir='ltr'><strong>humanum</strong></span> <span class='ocrx_word' id='word_1_102' title='bbox 1623 1574 1646 1624; x_wconf 69' lang='grc' dir='ltr'><strong>γ</strong></span> <span class='ocrx_word' id='word_1_103' title='bbox 1663 1573 1945 1629; x_wconf 81' lang='lat' dir='ltr'><strong>Hominem</strong></span> <span class='ocrx_word' id='word_1_104' title='bbox 1979 1574 2199 1628; x_wconf 83' lang='lat' dir='ltr'><strong>nescitis</strong></span> 
     </span>
    </p>
   </div>
   <div class='ocr_carea' id='block_1_16' title="bbox 597 1665 2199 1738">
    <p class='ocr_par' dir='ltr' id='par_1_16' title="bbox 597 1665 2199 1738">
     <span class='ocr_line' id='line_1_16' title="bbox 597 1665 2199 1738; baseline 0.003 -21"><span class='ocrx_word' id='word_1_105' title='bbox 597 1679 688 1719; x_wconf 88' lang='lat' dir='ltr'><strong>me</strong></span> <span class='ocrx_word' id='word_1_106' title='bbox 706 1679 802 1734; x_wconf 89' lang='lat' dir='ltr'><strong>pro</strong></span> <span class='ocrx_word' id='word_1_107' title='bbox 829 1666 1069 1719; x_wconf 86' lang='lat' dir='ltr'><strong>omnium</strong></span> <span class='ocrx_word' id='word_1_108' title='bbox 1104 1665 1477 1736; x_wconf 83' lang='lat' dir='ltr'><strong>redemptione</strong></span> <span class='ocrx_word' id='word_1_109' title='bbox 1504 1665 1957 1722; x_wconf 84' lang='lat' dir='ltr'><strong>venisse?0btuli</strong></span> <span class='ocrx_word' id='word_1_110' title='bbox 1985 1683 2072 1722; x_wconf 90' lang='lat' dir='ltr'><strong>me</strong></span> <span class='ocrx_word' id='word_1_111' title='bbox 2100 1682 2199 1738; x_wconf 92' lang='lat' dir='ltr'><strong>pro</strong></span> 
     </span>
    </p>
   </div>
   <div class='ocr_carea' id='block_1_17' title="bbox 597 1758 2198 1830">
    <p class='ocr_par' dir='ltr' id='par_1_17' title="bbox 597 1758 2198 1830">
     <span class='ocr_line' id='line_1_17' title="bbox 597 1758 2198 1830; baseline 0.001 -16"><span class='ocrx_word' id='word_1_112' title='bbox 597 1758 830 1821; x_wconf 84' lang='lat' dir='ltr'><strong>cunctis,</strong></span> <span class='ocrx_word' id='word_1_113' title='bbox 863 1768 924 1813; x_wconf 89' lang='lat' dir='ltr'><strong>ut</strong></span> <span class='ocrx_word' id='word_1_114' title='bbox 953 1773 1145 1814; x_wconf 82' lang='lat' dir='ltr'><strong>omnes</strong></span> <span class='ocrx_word' id='word_1_115' title='bbox 1166 1774 1283 1814; x_wconf 89' lang='lat' dir='ltr'><strong>mea</strong></span> <span class='ocrx_word' id='word_1_116' title='bbox 1309 1759 1584 1814; x_wconf 88' lang='lat' dir='ltr'><strong>oblatione</strong></span> <span class='ocrx_word' id='word_1_117' title='bbox 1613 1769 1976 1830; x_wconf 86' lang='lat' dir='ltr'><strong>protegerent.</strong></span> <span class='ocrx_word' id='word_1_118' title='bbox 2014 1761 2198 1815; x_wconf 86' lang='lat' dir='ltr'><strong>Homi-</strong></span> 
     </span>
    </p>
   </div>
   <div class='ocr_carea' id='block_1_18' title="bbox 596 1854 2198 1924">
    <p class='ocr_par' dir='ltr' id='par_1_18' title="bbox 596 1854 2198 1924">
     <span class='ocr_line' id='line_1_18' title="bbox 596 1854 2198 1924; baseline 0.002 -18"><span class='ocrx_word' id='word_1_119' title='bbox 596 1869 723 1907; x_wconf 90' lang='lat' dir='ltr'><strong>nem</strong></span> <span class='ocrx_word' id='word_1_120' title='bbox 753 1869 886 1924; x_wconf 85' lang='lat' dir='ltr'><strong>ergo</strong></span> <span class='ocrx_word' id='word_1_121' title='bbox 915 1863 1007 1907; x_wconf 89' lang='lat' dir='ltr'><strong>aut</strong></span> <span class='ocrx_word' id='word_1_122' title='bbox 1033 1869 1131 1924; x_wconf 92' lang='lat' dir='ltr'><strong>pro</strong></span> <span class='ocrx_word' id='word_1_123' title='bbox 1162 1854 1395 1908; x_wconf 84' lang='lat' dir='ltr'><strong>humana</strong></span> <span class='ocrx_word' id='word_1_124' title='bbox 1423 1856 1571 1908; x_wconf 91' lang='lat' dir='ltr'><strong>omni</strong></span> <span class='ocrx_word' id='word_1_125' title='bbox 1617 1855 1914 1924; x_wconf 87' lang='lat' dir='ltr'><strong>accipimus</strong></span> <span class='ocrx_word' id='word_1_126' title='bbox 1955 1856 2198 1910; x_wconf 87' lang='lat' dir='ltr'><strong>multitu-</strong></span> 
     </span>
    </p>
   </div>
   <div class='ocr_carea' id='block_1_19' title="bbox 2298 633 3886 700">
    <p class='ocr_par' dir='ltr' id='par_1_19' title="bbox 2298 633 3886 700">
     <span class='ocr_line' id='line_1_19' title="bbox 2298 633 3886 700; baseline 0.001 -11"><span class='ocrx_word' id='word_1_127' title='bbox 2298 634 2364 689; x_wconf 89' lang='lat' dir='ltr'><strong>ad</strong></span> <span class='ocrx_word' id='word_1_128' title='bbox 2395 637 2531 689; x_wconf 84' lang='lat' dir='ltr'><strong>sacri</strong></span> <span class='ocrx_word' id='word_1_129' title='bbox 2565 636 2800 690; x_wconf 87' lang='lat' dir='ltr'><strong>muneris</strong></span> <span class='ocrx_word' id='word_1_130' title='bbox 2832 635 3210 691; x_wconf 87' lang='lat' dir='ltr'><strong>testimonium</strong></span> <span class='ocrx_word' id='word_1_131' title='bbox 3239 678 3254 700; x_wconf 93' lang='lat'><strong>,</strong></span> <span class='ocrx_word' id='word_1_132' title='bbox 3294 634 3398 690; x_wconf 90' lang='lat' dir='ltr'><strong>sed</strong></span> <span class='ocrx_word' id='word_1_133' title='bbox 3454 633 3671 688; x_wconf 80' lang='lat' dir='ltr'><strong>validus</strong></span> <span class='ocrx_word' id='word_1_134' title='bbox 3708 635 3886 691; x_wconf 75' lang='lat' dir='ltr'><strong>sceleris</strong></span> 
     </span>
    </p>
   </div>
   <div class='ocr_carea' id='block_1_20' title="bbox 2297 727 3888 800">
    <p class='ocr_par' dir='ltr' id='par_1_20' title="bbox 2297 727 3888 800">
     <span class='ocr_line' id='line_1_20' title="bbox 2297 727 3888 800; baseline 0.001 -16"><span class='ocrx_word' id='word_1_135' title='bbox 2297 730 2380 785; x_wconf 88' lang='lat' dir='ltr'><strong>sui</strong></span> <span class='ocrx_word' id='word_1_136' title='bbox 2405 729 2577 784; x_wconf 82' lang='lat' dir='ltr'><strong>tc5Iis.</strong></span> <span class='ocrx_word' id='word_1_137' title='bbox 2605 729 2984 800; x_wconf 75' lang='lat' dir='ltr'><strong>Unusquisque</strong></span> <span class='ocrx_word' id='word_1_138' title='bbox 3027 732 3178 785; x_wconf 89' lang='lat' dir='ltr'><strong>enim</strong></span> <span class='ocrx_word' id='word_1_139' title='bbox 3231 727 3472 800; x_wconf 75' lang='lat' dir='ltr'><strong>gravior</strong></span> <span class='ocrx_word' id='word_1_140' title='bbox 3518 736 3792 782; x_wconf 81' lang='lat' dir='ltr'><strong>accusator</strong></span> <span class='ocrx_word' id='word_1_141' title='bbox 3831 741 3888 785; x_wconf 81' lang='lat' dir='ltr'><strong>est</strong></span> 
     </span>
    </p>
   </div>
   <div class='ocr_carea' id='block_1_21' title="bbox 2297 823 3884 891">
    <p class='ocr_par' dir='ltr' id='par_1_21' title="bbox 2297 823 3884 891">
     <span class='ocr_line' id='line_1_21' title="bbox 2297 823 3884 891; baseline 0 -13"><span class='ocrx_word' id='word_1_142' title='bbox 2297 824 2401 886; x_wconf 84' lang='lat' dir='ltr'><strong>sui,</strong></span> <span class='ocrx_word' id='word_1_143' title='bbox 2459 831 2513 878; x_wconf 91' lang='lat' dir='ltr'><strong>et</strong></span> <span class='ocrx_word' id='word_1_144' title='bbox 2569 824 2991 879; x_wconf 85' lang='lat' dir='ltr'><strong>iuexcusabilem</strong></span> <span class='ocrx_word' id='word_1_145' title='bbox 3026 825 3079 878; x_wconf 91' lang='lat' dir='ltr'><strong>in</strong></span> <span class='ocrx_word' id='word_1_146' title='bbox 3131 840 3194 880; x_wconf 90' lang='lat' dir='ltr'><strong>se</strong></span> <span class='ocrx_word' id='word_1_147' title='bbox 3230 824 3342 879; x_wconf 89' lang='lat' dir='ltr'><strong>t&#39;crt</strong></span> <span class='ocrx_word' id='word_1_148' title='bbox 3403 823 3531 891; x_wconf 89' lang='lat' dir='ltr'><strong>ipse</strong></span> <span class='ocrx_word' id='word_1_149' title='bbox 3586 824 3884 878; x_wconf 74' lang='lat' dir='ltr'><strong>sententiam.</strong></span> 
     </span>
    </p>
   </div>
   <div class='ocr_carea' id='block_1_22' title="bbox 2301 913 3889 987">
    <p class='ocr_par' dir='ltr' id='par_1_22' title="bbox 2301 913 3889 987">
     <span class='ocr_line' id='line_1_22' title="bbox 2301 913 3889 987; baseline -0.003 -17"><span class='ocrx_word' id='word_1_150' title='bbox 2301 915 2580 984; x_wconf 87' lang='lat' dir='ltr'><strong>Principes</strong></span> <span class='ocrx_word' id='word_1_151' title='bbox 2610 917 2906 987; x_wconf 76' lang='lat' dir='ltr'><strong>Synagogzc</strong></span> <span class='ocrx_word' id='word_1_152' title='bbox 2931 931 3030 971; x_wconf 91' lang='lat' dir='ltr'><strong>suo</strong></span> <span class='ocrx_word' id='word_1_153' title='bbox 3055 917 3448 972; x_wconf 79' lang='lat' dir='ltr'><strong>condemnant</strong></span> <span class='ocrx_word' id='word_1_154' title='bbox 3475 929 3540 969; x_wconf 83' lang='lat' dir='ltr'><strong>se</strong></span> <span class='ocrx_word' id='word_1_155' title='bbox 3558 913 3774 984; x_wconf 82' lang='lat' dir='ltr'><strong>judicio.</strong></span> <span class='ocrx_word' id='word_1_156' title='bbox 3793 915 3889 969; x_wconf 78' lang='lat' dir='ltr'><strong>Pro-</strong></span> 
     </span>
    </p>
   </div>
   <div class='ocr_carea' id='block_1_23' title="bbox 2300 1007 3886 1079">
    <p class='ocr_par' dir='ltr' id='par_1_23' title="bbox 2300 1007 3886 1079">
     <span class='ocr_line' id='line_1_23' title="bbox 2300 1007 3886 1079; baseline -0.002 -17"><span class='ocrx_word' id='word_1_157' title='bbox 2300 1007 2521 1063; x_wconf 88' lang='lat' dir='ltr'><strong>fltentur</strong></span> <span class='ocrx_word' id='word_1_158' title='bbox 2545 1007 2689 1064; x_wconf 87' lang='lat' dir='ltr'><strong>enim</strong></span> <span class='ocrx_word' id='word_1_159' title='bbox 2722 1010 2951 1079; x_wconf 81' lang='lat' dir='ltr'><strong>pretium</strong></span> <span class='ocrx_word' id='word_1_160' title='bbox 2981 1024 3104 1064; x_wconf 89' lang='lat' dir='ltr'><strong>esse</strong></span> <span class='ocrx_word' id='word_1_161' title='bbox 3132 1009 3430 1079; x_wconf 84' lang='lat' dir='ltr'><strong>sanguinis</strong></span> <span class='ocrx_word' id='word_1_162' title='bbox 3465 1007 3616 1078; x_wconf 88' lang='lat' dir='ltr'><strong>quod</strong></span> <span class='ocrx_word' id='word_1_163' title='bbox 3645 1007 3886 1074; x_wconf 72' lang='lat' dir='ltr'><strong>dederunt,</strong></span> 
     </span>
    </p>
   </div>
   <div class='ocr_carea' id='block_1_24' title="bbox 2299 1102 3888 1173">
    <p class='ocr_par' dir='ltr' id='par_1_24' title="bbox 2299 1102 3888 1173">
     <span class='ocr_line' id='line_1_24' title="bbox 2299 1102 3888 1173; baseline 0.002 -17"><span class='ocrx_word' id='word_1_164' title='bbox 2299 1102 2428 1156; x_wconf 92' lang='lat' dir='ltr'><strong>dum</strong></span> <span class='ocrx_word' id='word_1_165' title='bbox 2453 1113 2683 1173; x_wconf 86' lang='lat' dir='ltr'><strong>arguunt</strong></span> <span class='ocrx_word' id='word_1_166' title='bbox 2712 1103 3112 1161; x_wconf 87' lang='lat' dir='ltr'><strong>refundentcm.</strong></span> <span class='ocrx_word' id='word_1_167' title='bbox 3150 1103 3291 1159; x_wconf 83' lang='lat' dir='ltr'><strong>Nam</strong></span> <span class='ocrx_word' id='word_1_168' title='bbox 3321 1103 3370 1158; x_wconf 95' lang='lat' dir='ltr'><strong>si</strong></span> <span class='ocrx_word' id='word_1_169' title='bbox 3405 1102 3780 1173; x_wconf 87' lang='lat' dir='ltr'><strong>recipiendum</strong></span> <span class='ocrx_word' id='word_1_170' title='bbox 3815 1121 3888 1159; x_wconf 74' lang='lat' dir='ltr'><strong>nos</strong></span> 
     </span>
    </p>
   </div>
   <div class='ocr_carea' id='block_1_25' title="bbox 2302 1196 3890 1271">
    <p class='ocr_par' dir='ltr' id='par_1_25' title="bbox 2302 1196 3890 1271">
     <span class='ocr_line' id='line_1_25' title="bbox 2302 1196 3890 1271; baseline 0.004 -22"><span class='ocrx_word' id='word_1_171' title='bbox 2302 1196 2422 1262; x_wconf 86' lang='lat' dir='ltr'><strong>fuit,</strong></span> <span class='ocrx_word' id='word_1_172' title='bbox 2459 1213 2557 1253; x_wconf 92' lang='lat' dir='ltr'><strong>nec</strong></span> <span class='ocrx_word' id='word_1_173' title='bbox 2585 1197 2910 1254; x_wconf 89' lang='lat' dir='ltr'><strong>solvendum</strong></span> <span class='ocrx_word' id='word_1_174' title='bbox 2945 1199 3061 1256; x_wconf 93' lang='lat' dir='ltr'><strong>fuit.</strong></span> <span class='ocrx_word' id='word_1_175' title='bbox 3096 1202 3284 1271; x_wconf 82' lang='lat' dir='ltr'><strong>Atque</strong></span> <span class='ocrx_word' id='word_1_176' title='bbox 3316 1198 3546 1253; x_wconf 85' lang='lat' dir='ltr'><strong>utinam</strong></span> <span class='ocrx_word' id='word_1_177' title='bbox 3586 1207 3679 1253; x_wconf 84' lang='lat' dir='ltr'><strong>aut</strong></span> <span class='ocrx_word' id='word_1_178' title='bbox 3706 1216 3802 1254; x_wconf 84' lang='lat' dir='ltr'><strong>non</strong></span> <span class='ocrx_word' id='word_1_179' title='bbox 3825 1201 3890 1256; x_wconf 75' lang='lat' dir='ltr'><strong>de-</strong></span> 
     </span>
    </p>
   </div>
   <div class='ocr_carea' id='block_1_26' title="bbox 2299 1289 3890 1363">
    <p class='ocr_par' dir='ltr' id='par_1_26' title="bbox 2299 1289 3890 1363">
     <span class='ocr_line' id='line_1_26' title="bbox 2299 1289 3890 1363; baseline 0.002 -19"><span class='ocrx_word' id='word_1_180' title='bbox 2299 1289 2532 1356; x_wconf 82' lang='lat' dir='ltr'><strong>dissent,</strong></span> <span class='ocrx_word' id='word_1_181' title='bbox 2575 1301 2667 1346; x_wconf 90' lang='lat' dir='ltr'><strong>aut</strong></span> <span class='ocrx_word' id='word_1_182' title='bbox 2694 1293 2816 1361; x_wconf 86' lang='lat' dir='ltr'><strong>quia</strong></span> <span class='ocrx_word' id='word_1_183' title='bbox 2865 1292 3152 1359; x_wconf 84' lang='lat' dir='ltr'><strong>dederant,</strong></span> <span class='ocrx_word' id='word_1_184' title='bbox 3189 1309 3296 1349; x_wconf 91' lang='lat' dir='ltr'><strong>nec</strong></span> <span class='ocrx_word' id='word_1_185' title='bbox 3331 1291 3711 1362; x_wconf 89' lang='lat' dir='ltr'><strong>recepissent.</strong></span> <span class='ocrx_word' id='word_1_186' title='bbox 3749 1292 3890 1363; x_wconf 75' lang='lat' dir='ltr'><strong>Repa-</strong></span> 
     </span>
    </p>
   </div>
   <div class='ocr_carea' id='block_1_27' title="bbox 2301 1382 3888 1458">
    <p class='ocr_par' dir='ltr' id='par_1_27' title="bbox 2301 1382 3888 1458">
     <span class='ocr_line' id='line_1_27' title="bbox 2301 1382 3888 1458; baseline 0.004 -23"><span class='ocrx_word' id='word_1_187' title='bbox 2301 1382 2515 1437; x_wconf 90' lang='lat' dir='ltr'><strong>diarunt</strong></span> <span class='ocrx_word' id='word_1_188' title='bbox 2542 1385 2682 1437; x_wconf 91' lang='lat' dir='ltr'><strong>enim</strong></span> <span class='ocrx_word' id='word_1_189' title='bbox 2710 1384 2850 1454; x_wconf 89' lang='lat' dir='ltr'><strong>quod</strong></span> <span class='ocrx_word' id='word_1_190' title='bbox 2882 1385 3046 1458; x_wconf 74' lang='lat'><strong>960</strong></span> <span class='ocrx_word' id='word_1_191' title='bbox 3076 1390 3130 1440; x_wconf 91' lang='lat' dir='ltr'><strong>in</strong></span> <span class='ocrx_word' id='word_1_192' title='bbox 3183 1386 3433 1441; x_wconf 83' lang='lat' dir='ltr'><strong>loculum</strong></span> <span class='ocrx_word' id='word_1_193' title='bbox 3474 1387 3704 1441; x_wconf 87' lang='lat' dir='ltr'><strong>mittere</strong></span> <span class='ocrx_word' id='word_1_194' title='bbox 3745 1388 3888 1442; x_wconf 80' lang='lat' dir='ltr'><strong>nolue-</strong></span> 
     </span>
    </p>
   </div>
   <div class='ocr_carea' id='block_1_28' title="bbox 2301 1478 3887 1550">
    <p class='ocr_par' dir='ltr' id='par_1_28' title="bbox 2301 1478 3887 1550">
     <span class='ocr_line' id='line_1_28' title="bbox 2301 1478 3887 1550; baseline 0.001 -20"><span class='ocrx_word' id='word_1_195' title='bbox 2301 1486 2448 1539; x_wconf 90' lang='lat' dir='ltr'><strong>runt,</strong></span> <span class='ocrx_word' id='word_1_196' title='bbox 2480 1486 2534 1531; x_wconf 89' lang='lat' dir='ltr'><strong>et</strong></span> <span class='ocrx_word' id='word_1_197' title='bbox 2555 1488 2808 1531; x_wconf 90' lang='lat' dir='ltr'><strong>emerunt</strong></span> <span class='ocrx_word' id='word_1_198' title='bbox 2841 1478 2964 1532; x_wconf 90' lang='lat' dir='ltr'><strong>inde</strong></span> <span class='ocrx_word' id='word_1_199' title='bbox 2997 1495 3183 1548; x_wconf 83' lang='lat' dir='ltr'><strong>agrum</strong></span> <span class='ocrx_word' id='word_1_200' title='bbox 3217 1479 3270 1533; x_wconf 89' lang='lat' dir='ltr'><strong>in</strong></span> <span class='ocrx_word' id='word_1_201' title='bbox 3303 1479 3664 1549; x_wconf 79' lang='lat' dir='ltr'><strong>sepulturam</strong></span> <span class='ocrx_word' id='word_1_202' title='bbox 3699 1483 3887 1550; x_wconf 71' lang='lat' dir='ltr'><strong>peregri—</strong></span> 
     </span>
    </p>
   </div>
   <div class='ocr_carea' id='block_1_29' title="bbox 2302 1571 3977 1644">
    <p class='ocr_par' dir='ltr' id='par_1_29' title="bbox 2302 1571 3977 1644">
     <span class='ocr_line' id='line_1_29' title="bbox 2302 1571 3977 1644; baseline 0 -18"><span class='ocrx_word' id='word_1_203' title='bbox 2302 1586 2523 1626; x_wconf 89' lang='lat' dir='ltr'><strong>norum.</strong></span> <span class='ocrx_word' id='word_1_204' title='bbox 2556 1571 2749 1627; x_wconf 82' lang='lat' dir='ltr'><strong>Merito</strong></span> <span class='ocrx_word' id='word_1_205' title='bbox 2799 1588 2932 1640; x_wconf 83' lang='lat' dir='ltr'><strong>ergo</strong></span> <span class='ocrx_word' id='word_1_206' title='bbox 2959 1574 3213 1644; x_wconf 79' lang='lat' dir='ltr'><strong>gentiles,</strong></span> <span class='ocrx_word' id='word_1_207' title='bbox 3247 1575 3462 1644; x_wconf 80' lang='lat' dir='ltr'><strong>quibus</strong></span> <span class='ocrx_word' id='word_1_208' title='bbox 3517 1573 3641 1644; x_wconf 87' lang='lat' dir='ltr'><strong>agri</strong></span> <span class='ocrx_word' id='word_1_209' title='bbox 3686 1574 3792 1643; x_wconf 82' lang='lat' dir='ltr'><strong>ejus</strong></span> <span class='ocrx_word' id='word_1_210' title='bbox 3826 1575 3889 1643; x_wconf 79' lang='lat' dir='ltr'><strong>qui</strong></span> <span class='ocrx_word' id='word_1_211' title='bbox 3976 1571 3977 1626; x_wconf 82' lang='lat' dir='ltr'><strong>l</strong></span> 
     </span>
    </p>
   </div>
   <div class='ocr_carea' id='block_1_30' title="bbox 2301 1665 3888 1740">
    <p class='ocr_par' dir='ltr' id='par_1_30' title="bbox 2301 1665 3888 1740">
     <span class='ocr_line' id='line_1_30' title="bbox 2301 1665 3888 1740; baseline 0.002 -21"><span class='ocrx_word' id='word_1_212' title='bbox 2301 1674 2478 1719; x_wconf 93' lang='lat' dir='ltr'><strong>morte</strong></span> <span class='ocrx_word' id='word_1_213' title='bbox 2509 1674 2722 1734; x_wconf 89' lang='lat' dir='ltr'><strong>emptus</strong></span> <span class='ocrx_word' id='word_1_214' title='bbox 2745 1677 2827 1722; x_wconf 88' lang='lat' dir='ltr'><strong>est</strong></span> <span class='ocrx_word' id='word_1_215' title='bbox 2854 1665 3372 1739; x_wconf 88' lang='lat' dir='ltr'><strong>Christi,sepultura</strong></span> <span class='ocrx_word' id='word_1_216' title='bbox 3406 1667 3789 1740; x_wconf 74' lang='lat' dir='ltr'><strong>profecit,jnm</strong></span> <span class='ocrx_word' id='word_1_217' title='bbox 3814 1687 3888 1722; x_wconf 73' lang='lat' dir='ltr'><strong>una</strong></span> 
     </span>
    </p>
   </div>
   <div class='ocr_carea' id='block_1_31' title="bbox 2299 1757 3887 1831">
    <p class='ocr_par' dir='ltr' id='par_1_31' title="bbox 2299 1757 3887 1831">
     <span class='ocr_line' id='line_1_31' title="bbox 2299 1757 3887 1831; baseline 0.004 -21"><span class='ocrx_word' id='word_1_218' title='bbox 2299 1757 2693 1823; x_wconf 78' lang='lat' dir='ltr'><strong>suntadvenze,</strong></span> <span class='ocrx_word' id='word_1_219' title='bbox 2729 1768 2895 1830; x_wconf 88' lang='lat' dir='ltr'><strong>atque</strong></span> <span class='ocrx_word' id='word_1_220' title='bbox 2936 1760 3210 1831; x_wconf 79' lang='lat' dir='ltr'><strong>peregrini</strong></span> <span class='ocrx_word' id='word_1_221' title='bbox 3247 1779 3261 1815; x_wconf 91' lang='lat'><strong>:</strong></span> <span class='ocrx_word' id='word_1_222' title='bbox 3296 1759 3397 1817; x_wconf 89' lang='lat' dir='ltr'><strong>sed</strong></span> <span class='ocrx_word' id='word_1_223' title='bbox 3426 1764 3591 1816; x_wconf 83' lang='lat' dir='ltr'><strong>cives</strong></span> <span class='ocrx_word' id='word_1_224' title='bbox 3624 1772 3887 1817; x_wconf 74' lang='lat' dir='ltr'><strong>sanctore</strong></span> 
     </span>
    </p>
   </div>
   <div class='ocr_carea' id='block_1_32' title="bbox 2300 1850 3888 1925">
    <p class='ocr_par' dir='ltr' id='par_1_32' title="bbox 2300 1850 3888 1925">
     <span class='ocr_line' id='line_1_32' title="bbox 2300 1850 3888 1925; baseline 0.005 -22"><span class='ocrx_word' id='word_1_225' title='bbox 2300 1850 2422 1905; x_wconf 89' lang='lat' dir='ltr'><strong>facti</strong></span> <span class='ocrx_word' id='word_1_226' title='bbox 2446 1863 2594 1915; x_wconf 86' lang='lat' dir='ltr'><strong>sunt,</strong></span> <span class='ocrx_word' id='word_1_227' title='bbox 2625 1861 2681 1906; x_wconf 93' lang='lat' dir='ltr'><strong>et</strong></span> <span class='ocrx_word' id='word_1_228' title='bbox 2701 1852 2982 1908; x_wconf 90' lang='lat' dir='ltr'><strong>domestici</strong></span> <span class='ocrx_word' id='word_1_229' title='bbox 3032 1853 3163 1919; x_wconf 90' lang='lat' dir='ltr'><strong>Dei;</strong></span> <span class='ocrx_word' id='word_1_230' title='bbox 3195 1856 3320 1924; x_wconf 86' lang='lat' dir='ltr'><strong>quia</strong></span> <span class='ocrx_word' id='word_1_231' title='bbox 3349 1855 3805 1925; x_wconf 82' lang='lat' dir='ltr'><strong>consepeliuntur</strong></span> <span class='ocrx_word' id='word_1_232' title='bbox 3825 1856 3888 1911; x_wconf 69' lang='lat' dir='ltr'><strong>Dei</strong></span> 
     </span>
    </p>
   </div>
   <div class='ocr_carea' id='block_1_33' title="bbox 598 1942 3888 2022">
    <p class='ocr_par' dir='ltr' id='par_1_33' title="bbox 598 1942 3888 2022">
     <span class='ocr_line' id='line_1_33' title="bbox 598 1942 3888 2022; baseline 0.002 -24"><span class='ocrx_word' id='word_1_233' title='bbox 598 1942 766 2000; x_wconf 87' lang='lat' dir='ltr'><strong>dine:</strong></span> <span class='ocrx_word' id='word_1_234' title='bbox 797 1953 890 1999; x_wconf 89' lang='lat' dir='ltr'><strong>aut</strong></span> <span class='ocrx_word' id='word_1_235' title='bbox 915 1946 958 1998; x_wconf 91' lang='lat' dir='ltr'><strong>si</strong></span> <span class='ocrx_word' id='word_1_236' title='bbox 988 1946 1054 2000; x_wconf 90' lang='lat' dir='ltr'><strong>dc</strong></span> <span class='ocrx_word' id='word_1_237' title='bbox 1085 1959 1190 1999; x_wconf 92' lang='lat' dir='ltr'><strong>uno</strong></span> <span class='ocrx_word' id='word_1_238' title='bbox 1219 1946 1511 2014; x_wconf 84' lang='lat' dir='ltr'><strong>accipimus</strong></span> <span class='ocrx_word' id='word_1_239' title='bbox 1542 1989 1557 2013; x_wconf 91' lang='lat'><strong>,</strong></span> <span class='ocrx_word' id='word_1_240' title='bbox 1585 1946 1656 2002; x_wconf 91' lang='lat' dir='ltr'><strong>de</strong></span> <span class='ocrx_word' id='word_1_241' title='bbox 1684 1948 1803 2016; x_wconf 89' lang='lat' dir='ltr'><strong>ipso</strong></span> <span class='ocrx_word' id='word_1_242' title='bbox 1855 1948 2058 2002; x_wconf 87' lang='lat' dir='ltr'><strong>dictum</strong></span> <span class='ocrx_word' id='word_1_243' title='bbox 2120 1950 2198 2002; x_wconf 90' lang='lat' dir='ltr'><strong>in-</strong></span> <span class='ocrx_word' id='word_1_244' title='bbox 2228 1962 2276 2022; x_wconf 75' lang='grc' dir='ltr'><strong>Β</strong></span> <span class='ocrx_word' id='word_1_245' title='bbox 2305 1943 2443 1998; x_wconf 84' lang='lat' dir='ltr'><strong>Filio</strong></span> <span class='ocrx_word' id='word_1_246' title='bbox 2474 1962 2486 1997; x_wconf 75' lang='grc' dir='ltr'>ί</span> <span class='ocrx_word' id='word_1_247' title='bbox 2517 1943 2691 1999; x_wconf 72' lang='lat' dir='ltr'><strong>Judroi</strong></span> <span class='ocrx_word' id='word_1_248' title='bbox 2751 1955 2929 2000; x_wconf 88' lang='lat' dir='ltr'><strong>autem</strong></span> <span class='ocrx_word' id='word_1_249' title='bbox 2963 1948 3051 2016; x_wconf 88' lang='lat' dir='ltr'><strong>qui</strong></span> <span class='ocrx_word' id='word_1_250' title='bbox 3098 1949 3376 2018; x_wconf 86' lang='lat' dir='ltr'><strong>passionis</strong></span> <span class='ocrx_word' id='word_1_251' title='bbox 3408 1949 3539 2020; x_wconf 86' lang='lat' dir='ltr'><strong>ejus</strong></span> <span class='ocrx_word' id='word_1_252' title='bbox 3577 1951 3798 2018; x_wconf 87' lang='lat' dir='ltr'><strong>pretium</strong></span> <span class='ocrx_word' id='word_1_253' title='bbox 3832 1967 3888 2005; x_wconf 81' lang='lat' dir='ltr'><strong>re-</strong></span> 
     </span>
    </p>
   </div>
   <div class='ocr_carea' id='block_1_34' title="bbox 603 2037 2190 2109">
    <p class='ocr_par' dir='ltr' id='par_1_34' title="bbox 603 2037 2190 2109">
     <span class='ocr_line' id='line_1_34' title="bbox 603 2037 2190 2109; baseline 0.003 -19"><span class='ocrx_word' id='word_1_254' title='bbox 603 2037 895 2106; x_wconf 87' lang='lat' dir='ltr'><strong>telligimus</strong></span> <span class='ocrx_word' id='word_1_255' title='bbox 923 2055 935 2089; x_wconf 89' lang='lat'><strong>:</strong></span> <span class='ocrx_word' id='word_1_256' title='bbox 960 2037 1189 2104; x_wconf 89' lang='lat' dir='ltr'><strong>lrrttilis,</strong></span> <span class='ocrx_word' id='word_1_257' title='bbox 1211 2037 1304 2092; x_wconf 91' lang='lat' dir='ltr'><strong>sed</strong></span> <span class='ocrx_word' id='word_1_258' title='bbox 1322 2041 1372 2092; x_wconf 93' lang='lat' dir='ltr'><strong>in</strong></span> <span class='ocrx_word' id='word_1_259' title='bbox 1393 2037 1690 2103; x_wconf 88' lang='lat' dir='ltr'><strong>hominem;</strong></span> <span class='ocrx_word' id='word_1_260' title='bbox 1707 2042 1829 2109; x_wconf 87' lang='lat' dir='ltr'><strong>quia</strong></span> <span class='ocrx_word' id='word_1_261' title='bbox 1845 2056 2006 2108; x_wconf 85' lang='lat' dir='ltr'><strong>supra</strong></span> <span class='ocrx_word' id='word_1_262' title='bbox 2027 2040 2190 2096; x_wconf 88' lang='lat' dir='ltr'><strong>Deum</strong></span> 
     </span>
    </p>
   </div>
   <div class='ocr_carea' id='block_1_35' title="bbox 603 2132 2202 2205">
    <p class='ocr_par' dir='ltr' id='par_1_35' title="bbox 603 2132 2202 2205">
     <span class='ocr_line' id='line_1_35' title="bbox 603 2132 2202 2205; baseline 0.002 -20"><span class='ocrx_word' id='word_1_263' title='bbox 603 2132 818 2186; x_wconf 89' lang='lat' dir='ltr'><strong>irruere</strong></span> <span class='ocrx_word' id='word_1_264' title='bbox 838 2145 941 2186; x_wconf 90' lang='lat' dir='ltr'><strong>non</strong></span> <span class='ocrx_word' id='word_1_265' title='bbox 963 2133 1220 2202; x_wconf 76' lang='lat' dir='ltr'><strong>potestis;</strong></span> <span class='ocrx_word' id='word_1_266' title='bbox 1237 2132 1378 2187; x_wconf 89' lang='lat' dir='ltr'><strong>sicut</strong></span> <span class='ocrx_word' id='word_1_267' title='bbox 1397 2132 1564 2187; x_wconf 82' lang='lat' dir='ltr'><strong>habes</strong></span> <span class='ocrx_word' id='word_1_268' title='bbox 1581 2133 1706 2186; x_wconf 89' lang='lat' dir='ltr'><strong>alibi</strong></span> <span class='ocrx_word' id='word_1_269' title='bbox 1727 2151 1739 2188; x_wconf 95' lang='lat'>:</span> <span class='ocrx_word' id='word_1_270' title='bbox 1762 2133 1900 2201; x_wconf 83' lang='lat' dir='ltr'><strong>Quid</strong></span> <span class='ocrx_word' id='word_1_271' title='bbox 1919 2151 1998 2187; x_wconf 86' lang='lat' dir='ltr'><strong>me</strong></span> <span class='ocrx_word' id='word_1_272' title='bbox 2012 2135 2202 2205; x_wconf 60' lang='lat' dir='ltr'><strong>quieri-</strong></span> 
     </span>
    </p>
   </div>
   <div class='ocr_carea' id='block_1_36' title="bbox 602 2223 2202 2298">
    <p class='ocr_par' dir='ltr' id='par_1_36' title="bbox 602 2223 2202 2298">
     <span class='ocr_line' id='line_1_36' title="bbox 602 2223 2202 2298; baseline 0.002 -19"><span class='ocrx_word' id='word_1_273' title='bbox 602 2227 667 2280; x_wconf 73' lang='lat' dir='ltr'><strong>tit</strong></span> <span class='ocrx_word' id='word_1_274' title='bbox 679 2225 910 2279; x_wconf 82' lang='lat' dir='ltr'><strong>occidere</strong></span> <span class='ocrx_word' id='word_1_275' title='bbox 925 2226 1181 2279; x_wconf 80' lang='lat' dir='ltr'><strong>hominem</strong></span> <span class='ocrx_word' id='word_1_276' title='bbox 1195 2223 1252 2298; x_wconf 87' lang='grc'><strong>(.1</strong></span> <span class='ocrx_word' id='word_1_277' title='bbox 1258 2242 1376 2280; x_wconf 87' lang='lat' dir='ltr'><strong>oan.</strong></span> <span class='ocrx_word' id='word_1_278' title='bbox 1397 2225 1638 2296; x_wconf 66' lang='lat' dir='ltr'><strong>vttt,40)?</strong></span> <span class='ocrx_word' id='word_1_279' title='bbox 1652 2225 1833 2295; x_wconf 72' lang='lat' dir='ltr'><strong>Neque</strong></span> <span class='ocrx_word' id='word_1_280' title='bbox 1848 2229 1992 2281; x_wconf 84' lang='lat' dir='ltr'><strong>enim</strong></span> <span class='ocrx_word' id='word_1_281' title='bbox 2009 2227 2202 2282; x_wconf 84' lang='lat' dir='ltr'><strong>divini-</strong></span> 
     </span>
    </p>
   </div>
   <div class='ocr_carea' id='block_1_37' title="bbox 602 2319 2199 2392">
    <p class='ocr_par' dir='ltr' id='par_1_37' title="bbox 602 2319 2199 2392">
     <span class='ocr_line' id='line_1_37' title="bbox 602 2319 2199 2392; baseline 0.003 -20"><span class='ocrx_word' id='word_1_282' title='bbox 602 2327 685 2373; x_wconf 86' lang='lat' dir='ltr'><strong>tas</strong></span> <span class='ocrx_word' id='word_1_283' title='bbox 705 2320 864 2374; x_wconf 88' lang='lat' dir='ltr'><strong>morti</strong></span> <span class='ocrx_word' id='word_1_284' title='bbox 885 2329 1097 2390; x_wconf 78' lang='lat' dir='ltr'><strong>poterat</strong></span> <span class='ocrx_word' id='word_1_285' title='bbox 1111 2334 1234 2375; x_wconf 89' lang='lat' dir='ltr'><strong>esse</strong></span> <span class='ocrx_word' id='word_1_286' title='bbox 1256 2319 1522 2388; x_wconf 85' lang='lat' dir='ltr'><strong>subjecta,</strong></span> <span class='ocrx_word' id='word_1_287' title='bbox 1542 2321 1636 2375; x_wconf 85' lang='lat' dir='ltr'><strong>sed</strong></span> <span class='ocrx_word' id='word_1_288' title='bbox 1657 2320 1889 2374; x_wconf 81' lang='lat' dir='ltr'><strong>humana</strong></span> <span class='ocrx_word' id='word_1_289' title='bbox 1905 2323 2199 2392; x_wconf 82' lang='lat' dir='ltr'><strong>susceptio.</strong></span> 
     </span>
    </p>
   </div>
   <div class='ocr_carea' id='block_1_38' title="bbox 602 2410 2203 2484">
    <p class='ocr_par' dir='ltr' id='par_1_38' title="bbox 602 2410 2203 2484">
     <span class='ocr_line' id='line_1_38' title="bbox 602 2410 2203 2484; baseline 0.001 -17"><span class='ocrx_word' id='word_1_290' title='bbox 602 2410 662 2467; x_wconf 88' lang='lat' dir='ltr'><strong>Si</strong></span> <span class='ocrx_word' id='word_1_291' title='bbox 689 2427 818 2482; x_wconf 90' lang='lat' dir='ltr'><strong>ergo</strong></span> <span class='ocrx_word' id='word_1_292' title='bbox 851 2412 903 2466; x_wconf 91' lang='lat' dir='ltr'><strong>in</strong></span> <span class='ocrx_word' id='word_1_293' title='bbox 929 2426 1015 2467; x_wconf 88' lang='lat' dir='ltr'><strong>me</strong></span> <span class='ocrx_word' id='word_1_294' title='bbox 1063 2411 1286 2479; x_wconf 77' lang='lat' dir='ltr'><strong>irruitis,</strong></span> <span class='ocrx_word' id='word_1_295' title='bbox 1311 2422 1365 2466; x_wconf 89' lang='lat' dir='ltr'><strong>et</strong></span> <span class='ocrx_word' id='word_1_296' title='bbox 1391 2426 1478 2466; x_wconf 92' lang='lat' dir='ltr'><strong>me</strong></span> <span class='ocrx_word' id='word_1_297' title='bbox 1510 2413 1672 2466; x_wconf 84' lang='lat' dir='ltr'><strong>vultis</strong></span> <span class='ocrx_word' id='word_1_298' title='bbox 1703 2421 1919 2478; x_wconf 88' lang='lat' dir='ltr'><strong>tenere;</strong></span> <span class='ocrx_word' id='word_1_299' title='bbox 1951 2415 2078 2484; x_wconf 91' lang='lat' dir='ltr'><strong>quid</strong></span> <span class='ocrx_word' id='word_1_300' title='bbox 2109 2429 2203 2468; x_wconf 90' lang='lat' dir='ltr'><strong>eos</strong></span> 
     </span>
    </p>
   </div>
   <div class='ocr_carea' id='block_1_39' title="bbox 519 2494 2206 2574">
    <p class='ocr_par' dir='ltr' id='par_1_39' title="bbox 519 2494 2206 2574">
     <span class='ocr_line' id='line_1_39' title="bbox 519 2494 2206 2574; baseline 0.004 -17"><span class='ocrx_word' id='word_1_301' title='bbox 519 2494 527 2506; x_wconf 92' lang='grc'><em>’</em></span> <span class='ocrx_word' id='word_1_302' title='bbox 601 2505 693 2574; x_wconf 86' lang='lat' dir='ltr'><strong>qui</strong></span> <span class='ocrx_word' id='word_1_303' title='bbox 717 2523 926 2560; x_wconf 89' lang='lat' dir='ltr'><strong>mecum</strong></span> <span class='ocrx_word' id='word_1_304' title='bbox 959 2519 1105 2572; x_wconf 89' lang='lat' dir='ltr'><strong>sunt,</strong></span> <span class='ocrx_word' id='word_1_305' title='bbox 1139 2507 1302 2561; x_wconf 82' lang='lat' dir='ltr'><strong>vultis</strong></span> <span class='ocrx_word' id='word_1_306' title='bbox 1328 2507 1615 2563; x_wconf 86' lang='lat' dir='ltr'><strong>occidere?</strong></span> <span class='ocrx_word' id='word_1_307' title='bbox 1646 2508 1790 2564; x_wconf 85' lang='lat' dir='ltr'><strong>Satis</strong></span> <span class='ocrx_word' id='word_1_308' title='bbox 1821 2517 1906 2563; x_wconf 89' lang='lat' dir='ltr'><strong>est</strong></span> <span class='ocrx_word' id='word_1_309' title='bbox 1930 2510 2079 2565; x_wconf 85' lang='lat' dir='ltr'><strong>vobis</strong></span> <span class='ocrx_word' id='word_1_310' title='bbox 2112 2511 2206 2564; x_wconf 88' lang='lat' dir='ltr'><strong>ha-</strong></span> 
     </span>
    </p>
   </div>
   <div class='ocr_carea' id='block_1_40' title="bbox 600 2599 2204 2672">
    <p class='ocr_par' dir='ltr' id='par_1_40' title="bbox 600 2599 2204 2672">
     <span class='ocr_line' id='line_1_40' title="bbox 600 2599 2204 2672; baseline 0.002 -18"><span class='ocrx_word' id='word_1_311' title='bbox 600 2599 732 2655; x_wconf 86' lang='lat' dir='ltr'><strong>bere</strong></span> <span class='ocrx_word' id='word_1_312' title='bbox 759 2615 916 2670; x_wconf 91' lang='lat' dir='ltr'><strong>quem</strong></span> <span class='ocrx_word' id='word_1_313' title='bbox 945 2601 1210 2670; x_wconf 67' lang='lat' dir='ltr'><strong>quaeritis.</strong></span> <span class='ocrx_word' id='word_1_314' title='bbox 1245 2600 1426 2672; x_wconf 83' lang='lat' dir='ltr'><strong>Neque</strong></span> <span class='ocrx_word' id='word_1_315' title='bbox 1454 2615 1640 2671; x_wconf 81' lang='lat' dir='ltr'><strong>quer</strong></span> <span class='ocrx_word' id='word_1_316' title='bbox 1656 2613 1968 2656; x_wconf 75' lang='lat' dir='ltr'><strong>consortem</strong></span> <span class='ocrx_word' id='word_1_317' title='bbox 1995 2603 2204 2672; x_wconf 81' lang='lat' dir='ltr'><strong>passio-</strong></span> 
     </span>
    </p>
   </div>
   <div class='ocr_carea' id='block_1_41' title="bbox 603 2691 2205 2766">
    <p class='ocr_par' dir='ltr' id='par_1_41' title="bbox 603 2691 2205 2766">
     <span class='ocr_line' id='line_1_41' title="bbox 603 2691 2205 2766; baseline 0.002 -20"><span class='ocrx_word' id='word_1_318' title='bbox 603 2694 710 2756; x_wconf 88' lang='lat' dir='ltr'><strong>nis,</strong></span> <span class='ocrx_word' id='word_1_319' title='bbox 739 2691 831 2764; x_wconf 90' lang='lat' dir='ltr'><strong>qui</strong></span> <span class='ocrx_word' id='word_1_320' title='bbox 854 2692 919 2747; x_wconf 84' lang='lat' dir='ltr'><strong>ad</strong></span> <span class='ocrx_word' id='word_1_321' title='bbox 947 2694 1182 2748; x_wconf 80' lang='lat' dir='ltr'><strong>salutem</strong></span> <span class='ocrx_word' id='word_1_322' title='bbox 1209 2695 1450 2748; x_wconf 90' lang='lat' dir='ltr'><strong>omnium</strong></span> <span class='ocrx_word' id='word_1_323' title='bbox 1489 2694 1738 2765; x_wconf 86' lang='lat' dir='ltr'><strong>adjutore</strong></span> <span class='ocrx_word' id='word_1_324' title='bbox 1761 2710 1868 2750; x_wconf 85' lang='lat' dir='ltr'><strong>non</strong></span> <span class='ocrx_word' id='word_1_325' title='bbox 1901 2711 2053 2766; x_wconf 82' lang='lat' dir='ltr'><strong>egeo.</strong></span> <span class='ocrx_word' id='word_1_326' title='bbox 2088 2694 2205 2750; x_wconf 86' lang='lat' dir='ltr'><strong>Non</strong></span> 
     </span>
    </p>
   </div>
   <div class='ocr_carea' id='block_1_42' title="bbox 604 2787 2206 2860">
    <p class='ocr_par' dir='ltr' id='par_1_42' title="bbox 604 2787 2206 2860">
     <span class='ocr_line' id='line_1_42' title="bbox 604 2787 2206 2860; baseline 0.002 -19"><span class='ocrx_word' id='word_1_327' title='bbox 604 2792 827 2856; x_wconf 86' lang='lat' dir='ltr'><strong>requiro</strong></span> <span class='ocrx_word' id='word_1_328' title='bbox 857 2787 1113 2856; x_wconf 82' lang='lat' dir='ltr'><strong>legatum,</strong></span> <span class='ocrx_word' id='word_1_329' title='bbox 1164 2788 1410 2842; x_wconf 90' lang='lat' dir='ltr'><strong>nuntium</strong></span> <span class='ocrx_word' id='word_1_330' title='bbox 1467 2804 1572 2842; x_wconf 93' lang='lat' dir='ltr'><strong>non</strong></span> <span class='ocrx_word' id='word_1_331' title='bbox 1618 2790 1922 2859; x_wconf 80' lang='lat' dir='ltr'><strong>praemitto;</strong></span> <span class='ocrx_word' id='word_1_332' title='bbox 1954 2789 2047 2844; x_wconf 91' lang='lat' dir='ltr'><strong>sed</strong></span> <span class='ocrx_word' id='word_1_333' title='bbox 2089 2790 2206 2860; x_wconf 89' lang='lat' dir='ltr'><strong>ipse</strong></span> 
     </span>
    </p>
   </div>
   <div class='ocr_carea' id='block_1_43' title="bbox 605 2881 2204 2953">
    <p class='ocr_par' dir='ltr' id='par_1_43' title="bbox 605 2881 2204 2953">
     <span class='ocr_line' id='line_1_43' title="bbox 605 2881 2204 2953; baseline 0.003 -20"><span class='ocrx_word' id='word_1_334' title='bbox 605 2895 694 2936; x_wconf 89' lang='lat' dir='ltr'><strong>me</strong></span> <span class='ocrx_word' id='word_1_335' title='bbox 723 2883 942 2935; x_wconf 81' lang='lat' dir='ltr'><strong>nuntius</strong></span> <span class='ocrx_word' id='word_1_336' title='bbox 966 2881 1134 2936; x_wconf 91' lang='lat' dir='ltr'><strong>obtuli</strong></span> <span class='ocrx_word' id='word_1_337' title='bbox 1166 2895 1272 2936; x_wconf 83' lang='lat' dir='ltr'><strong>non</strong></span> <span class='ocrx_word' id='word_1_338' title='bbox 1311 2883 1681 2953; x_wconf 75' lang='lat' dir='ltr'><strong>qurcrentibus</strong></span> <span class='ocrx_word' id='word_1_339' title='bbox 1710 2901 1722 2936; x_wconf 87' lang='lat'><strong>:</strong></span> <span class='ocrx_word' id='word_1_340' title='bbox 1751 2899 1839 2938; x_wconf 89' lang='lat' dir='ltr'><strong>me</strong></span> <span class='ocrx_word' id='word_1_341' title='bbox 1870 2882 2063 2938; x_wconf 89' lang='lat' dir='ltr'><strong>tradidi</strong></span> <span class='ocrx_word' id='word_1_342' title='bbox 2093 2898 2204 2938; x_wconf 92' lang='lat' dir='ltr'><strong>non</strong></span> 
     </span>
    </p>
   </div>
   <div class='ocr_carea' id='block_1_44' title="bbox 602 2973 2207 3046">
    <p class='ocr_par' dir='ltr' id='par_1_44' title="bbox 602 2973 2207 3046">
     <span class='ocr_line' id='line_1_44' title="bbox 602 2973 2207 3046; baseline 0.002 -19"><span class='ocrx_word' id='word_1_343' title='bbox 602 2973 1232 3042; x_wconf 83' lang='lat' dir='ltr'><strong>comprehendentibus;</strong></span> <span class='ocrx_word' id='word_1_344' title='bbox 1264 2985 1317 3030; x_wconf 89' lang='lat' dir='ltr'><strong>ttt</strong></span> <span class='ocrx_word' id='word_1_345' title='bbox 1345 2976 1634 3030; x_wconf 86' lang='lat' dir='ltr'><strong>liberarem</strong></span> <span class='ocrx_word' id='word_1_346' title='bbox 1663 2991 1761 3032; x_wconf 81' lang='lat' dir='ltr'><strong>eos</strong></span> <span class='ocrx_word' id='word_1_347' title='bbox 1787 2977 1877 3046; x_wconf 88' lang='lat' dir='ltr'><strong>qui</strong></span> <span class='ocrx_word' id='word_1_348' title='bbox 1911 2978 2100 3031; x_wconf 87' lang='lat' dir='ltr'><strong>mortis</strong></span> <span class='ocrx_word' id='word_1_349' title='bbox 2132 2977 2207 3031; x_wconf 81' lang='lat' dir='ltr'><strong>Ia-</strong></span> 
     </span>
    </p>
   </div>
   <div class='ocr_carea' id='block_1_45' title="bbox 602 3068 2204 3140">
    <p class='ocr_par' dir='ltr' id='par_1_45' title="bbox 602 3068 2204 3140">
     <span class='ocr_line' id='line_1_45' title="bbox 602 3068 2204 3140; baseline 0.005 -24"><span class='ocrx_word' id='word_1_350' title='bbox 602 3069 760 3136; x_wconf 87' lang='lat' dir='ltr'><strong>queis</strong></span> <span class='ocrx_word' id='word_1_351' title='bbox 790 3068 1000 3122; x_wconf 83' lang='lat' dir='ltr'><strong>fuerant</strong></span> <span class='ocrx_word' id='word_1_352' title='bbox 1029 3069 1432 3138; x_wconf 77' lang='lat' dir='ltr'><strong>comprehensi.</strong></span> <span class='ocrx_word' id='word_1_353' title='bbox 1474 3069 1683 3124; x_wconf 89' lang='lat' dir='ltr'><strong>lrruilis</strong></span> <span class='ocrx_word' id='word_1_354' title='bbox 1724 3071 1886 3137; x_wconf 74' lang='lat' dir='ltr'><strong>igitur</strong></span> <span class='ocrx_word' id='word_1_355' title='bbox 1933 3082 2204 3140; x_wconf 84' lang='lat' dir='ltr'><strong>tamquam</strong></span> 
     </span>
    </p>
   </div>
   <div class='ocr_carea' id='block_1_46' title="bbox 605 3161 2209 3234">
    <p class='ocr_par' dir='ltr' id='par_1_46' title="bbox 605 3161 2209 3234">
     <span class='ocr_line' id='line_1_46' title="bbox 605 3161 2209 3234; baseline 0.003 -19"><span class='ocrx_word' id='word_1_356' title='bbox 605 3161 798 3230; x_wconf 90' lang='lat' dir='ltr'><strong>parieti</strong></span> <span class='ocrx_word' id='word_1_357' title='bbox 823 3163 1080 3216; x_wconf 85' lang='lat' dir='ltr'><strong>inclinato</strong></span> <span class='ocrx_word' id='word_1_358' title='bbox 1111 3175 1165 3218; x_wconf 88' lang='lat' dir='ltr'><strong>et</strong></span> <span class='ocrx_word' id='word_1_359' title='bbox 1193 3164 1444 3218; x_wconf 75' lang='lat' dir='ltr'><strong>maceria:</strong></span> <span class='ocrx_word' id='word_1_360' title='bbox 1468 3165 1733 3233; x_wconf 66' lang='lat' dir='ltr'><strong>impulsae,</strong></span> <span class='ocrx_word' id='word_1_361' title='bbox 1769 3166 1940 3233; x_wconf 76' lang='lat' dir='ltr'><strong>ignari</strong></span> <span class='ocrx_word' id='word_1_362' title='bbox 1969 3165 2094 3234; x_wconf 90' lang='lat' dir='ltr'><strong>quia</strong></span> <span class='ocrx_word' id='word_1_363' title='bbox 2119 3181 2209 3220; x_wconf 87' lang='lat' dir='ltr'><strong>ve-</strong></span> 
     </span>
    </p>
   </div>
   <div class='ocr_carea' id='block_1_47' title="bbox 601 3254 2208 3326">
    <p class='ocr_par' dir='ltr' id='par_1_47' title="bbox 601 3254 2208 3326">
     <span class='ocr_line' id='line_1_47' title="bbox 601 3254 2208 3326; baseline 0.001 -17"><span class='ocrx_word' id='word_1_364' title='bbox 601 3254 658 3309; x_wconf 89' lang='lat' dir='ltr'><strong>ni</strong></span> <span class='ocrx_word' id='word_1_365' title='bbox 687 3269 792 3308; x_wconf 86' lang='lat' dir='ltr'><strong>non</strong></span> <span class='ocrx_word' id='word_1_366' title='bbox 835 3267 886 3307; x_wconf 90' lang='lat' dir='ltr'><strong>ttt</strong></span> <span class='ocrx_word' id='word_1_367' title='bbox 920 3256 1240 3310; x_wconf 87' lang='lat' dir='ltr'><strong>inclinarem</strong></span> <span class='ocrx_word' id='word_1_368' title='bbox 1274 3255 1557 3324; x_wconf 81' lang='lat' dir='ltr'><strong>parietem,</strong></span> <span class='ocrx_word' id='word_1_369' title='bbox 1591 3266 1644 3310; x_wconf 86' lang='lat' dir='ltr'><strong>et</strong></span> <span class='ocrx_word' id='word_1_370' title='bbox 1689 3257 1980 3310; x_wconf 84' lang='lat' dir='ltr'><strong>maceriam</strong></span> <span class='ocrx_word' id='word_1_371' title='bbox 2015 3256 2208 3326; x_wconf 85' lang='lat' dir='ltr'><strong>impel-</strong></span> 
     </span>
    </p>
   </div>
   <div class='ocr_carea' id='block_1_48' title="bbox 2309 2039 3891 2111">
    <p class='ocr_par' dir='ltr' id='par_1_48' title="bbox 2309 2039 3891 2111">
     <span class='ocr_line' id='line_1_48' title="bbox 2309 2039 3891 2111; baseline 0.006 -20"><span class='ocrx_word' id='word_1_372' title='bbox 2309 2039 2643 2107; x_wconf 82' lang='lat' dir='ltr'><strong>putliarunt,</strong></span> <span class='ocrx_word' id='word_1_373' title='bbox 2708 2042 3123 2111; x_wconf 80' lang='lat' dir='ltr'><strong>peregrinantur</strong></span> <span class='ocrx_word' id='word_1_374' title='bbox 3171 2060 3202 2098; x_wconf 89' lang='lat' dir='ltr'><strong>a</strong></span> <span class='ocrx_word' id='word_1_375' title='bbox 3250 2045 3510 2100; x_wconf 75' lang='lat' dir='ltr'><strong>Christo.</strong></span> <span class='ocrx_word' id='word_1_376' title='bbox 3577 2045 3891 2100; x_wconf 64' lang='lat' dir='ltr'><strong>Tolerabiléer</strong></span> 
     </span>
    </p>
   </div>
   <div class='ocr_carea' id='block_1_49' title="bbox 2303 2133 3886 2209">
    <p class='ocr_par' dir='ltr' id='par_1_49' title="bbox 2303 2133 3886 2209">
     <span class='ocr_line' id='line_1_49' title="bbox 2303 2133 3886 2209; baseline 0.003 -21"><span class='ocrx_word' id='word_1_377' title='bbox 2303 2133 2412 2188; x_wconf 78' lang='lat' dir='ltr'><strong>illis</strong></span> <span class='ocrx_word' id='word_1_378' title='bbox 2443 2135 2524 2188; x_wconf 88' lang='lat' dir='ltr'><strong>vel</strong></span> <span class='ocrx_word' id='word_1_379' title='bbox 2572 2136 2623 2188; x_wconf 91' lang='lat' dir='ltr'><strong>in</strong></span> <span class='ocrx_word' id='word_1_380' title='bbox 2658 2135 2759 2190; x_wconf 90' lang='lat' dir='ltr'><strong>huc</strong></span> <span class='ocrx_word' id='word_1_381' title='bbox 2786 2137 3053 2206; x_wconf 88' lang='lat' dir='ltr'><strong>proditor,</strong></span> <span class='ocrx_word' id='word_1_382' title='bbox 3101 2138 3248 2209; x_wconf 92' lang='lat' dir='ltr'><strong>quod</strong></span> <span class='ocrx_word' id='word_1_383' title='bbox 3281 2142 3598 2193; x_wconf 82' lang='lat' dir='ltr'><strong>confitetur</strong></span> <span class='ocrx_word' id='word_1_384' title='bbox 3643 2157 3886 2196; x_wconf 76' lang='lat' dir='ltr'><strong>errorem:</strong></span> 
     </span>
    </p>
   </div>
   <div class='ocr_carea' id='block_1_50' title="bbox 2303 2227 3888 2291">
    <p class='ocr_par' dir='ltr' id='par_1_50' title="bbox 2303 2227 3888 2291">
     <span class='ocr_line' id='line_1_50' title="bbox 2303 2227 3888 2291; baseline 0.006 -8"><span class='ocrx_word' id='word_1_385' title='bbox 2303 2227 2380 2283; x_wconf 88' lang='lat' dir='ltr'><strong>illi</strong></span> <span class='ocrx_word' id='word_1_386' title='bbox 2430 2239 2610 2283; x_wconf 87' lang='lat' dir='ltr'><strong>autem</strong></span> <span class='ocrx_word' id='word_1_387' title='bbox 2662 2230 2866 2286; x_wconf 89' lang='lat' dir='ltr'><strong>crimen</strong></span> <span class='ocrx_word' id='word_1_388' title='bbox 2899 2248 3056 2288; x_wconf 86' lang='lat' dir='ltr'><strong>suum</strong></span> <span class='ocrx_word' id='word_1_389' title='bbox 3085 2234 3408 2290; x_wconf 86' lang='lat' dir='ltr'><strong>excusando</strong></span> <span class='ocrx_word' id='word_1_390' title='bbox 3440 2236 3734 2290; x_wconf 88' lang='lat' dir='ltr'><strong>acerbant.</strong></span> <span class='ocrx_word' id='word_1_391' title='bbox 3761 2236 3888 2291; x_wconf 65' lang='lat' dir='ltr'><strong>Vere-</strong></span> 
     </span>
    </p>
   </div>
   <div class='ocr_carea' id='block_1_51' title="bbox 2303 2320 3889 2398">
    <p class='ocr_par' dir='ltr' id='par_1_51' title="bbox 2303 2320 3889 2398">
     <span class='ocr_line' id='line_1_51' title="bbox 2303 2320 3889 2398; baseline 0.006 -25"><span class='ocrx_word' id='word_1_392' title='bbox 2303 2320 2532 2377; x_wconf 91' lang='lat' dir='ltr'><strong>cundior</strong></span> <span class='ocrx_word' id='word_1_393' title='bbox 2559 2333 2641 2376; x_wconf 92' lang='lat' dir='ltr'><strong>est</strong></span> <span class='ocrx_word' id='word_1_394' title='bbox 2669 2324 2814 2376; x_wconf 88' lang='lat' dir='ltr'><strong>enim</strong></span> <span class='ocrx_word' id='word_1_395' title='bbox 2846 2324 3119 2379; x_wconf 83' lang='lat' dir='ltr'><strong>confessio</strong></span> <span class='ocrx_word' id='word_1_396' title='bbox 3163 2336 3287 2394; x_wconf 92' lang='lat' dir='ltr'><strong>post</strong></span> <span class='ocrx_word' id='word_1_397' title='bbox 3315 2323 3616 2381; x_wconf 88' lang='lat' dir='ltr'><strong>delictum.</strong></span> <span class='ocrx_word' id='word_1_398' title='bbox 3653 2328 3889 2398; x_wconf 73' lang='lat' dir='ltr'><strong>[mpuden-</strong></span> 
     </span>
    </p>
   </div>
   <div class='ocr_carea' id='block_1_52' title="bbox 2303 2413 3889 2490">
    <p class='ocr_par' dir='ltr' id='par_1_52' title="bbox 2303 2413 3889 2490">
     <span class='ocr_line' id='line_1_52' title="bbox 2303 2413 3889 2490; baseline 0.003 -21"><span class='ocrx_word' id='word_1_399' title='bbox 2303 2423 2386 2470; x_wconf 88' lang='lat' dir='ltr'><strong>tcr</strong></span> <span class='ocrx_word' id='word_1_400' title='bbox 2418 2416 2579 2486; x_wconf 81' lang='lat' dir='ltr'><strong>igitur</strong></span> <span class='ocrx_word' id='word_1_401' title='bbox 2610 2413 2931 2472; x_wconf 81' lang='lat' dir='ltr'><strong>refellehant</strong></span> <span class='ocrx_word' id='word_1_402' title='bbox 2959 2433 3249 2474; x_wconf 89' lang='lat' dir='ltr'><strong>commune</strong></span> <span class='ocrx_word' id='word_1_403' title='bbox 3277 2419 3647 2490; x_wconf 66' lang='lat' dir='ltr'><strong>sacrilegium</strong></span> <span class='ocrx_word' id='word_1_404' title='bbox 3677 2420 3889 2475; x_wconf 72' lang='lat' dir='ltr'><strong>conﬁten-</strong></span> 
     </span>
    </p>
   </div>
   <div class='ocr_carea' id='block_1_53' title="bbox 2305 2507 3888 2588">
    <p class='ocr_par' dir='ltr' id='par_1_53' title="bbox 2305 2507 3888 2588">
     <span class='ocr_line' id='line_1_53' title="bbox 2305 2507 3888 2588; baseline 0.005 -27"><span class='ocrx_word' id='word_1_405' title='bbox 2305 2516 2412 2561; x_wconf 91' lang='lat' dir='ltr'><strong>tem</strong></span> <span class='ocrx_word' id='word_1_406' title='bbox 2467 2507 2710 2563; x_wconf 78' lang='lat' dir='ltr'><strong>dicentes</strong></span> <span class='ocrx_word' id='word_1_407' title='bbox 2743 2527 2755 2562; x_wconf 88' lang='lat'><strong>:</strong></span> <span class='ocrx_word' id='word_1_408' title='bbox 2795 2508 2936 2576; x_wconf 83' lang='lat' dir='ltr'><strong>Quid</strong></span> <span class='ocrx_word' id='word_1_409' title='bbox 2974 2511 3043 2564; x_wconf 85' lang='lat' dir='ltr'><strong>ad</strong></span> <span class='ocrx_word' id='word_1_410' title='bbox 3083 2511 3218 2566; x_wconf 77' lang='lat' dir='ltr'><strong>nos?</strong></span> <span class='ocrx_word' id='word_1_411' title='bbox 3264 2511 3350 2566; x_wconf 85' lang='lat' dir='ltr'><strong>Tu</strong></span> <span class='ocrx_word' id='word_1_412' title='bbox 3406 2513 3614 2568; x_wconf 75' lang='lat' dir='ltr'><strong>uideris</strong></span> <span class='ocrx_word' id='word_1_413' title='bbox 3641 2513 3888 2588; x_wconf 70' lang='lat' dir='ltr'><strong>(Ibid.,i].</strong></span> 
     </span>
    </p>
   </div>
   <div class='ocr_carea' id='block_1_54' title="bbox 2305 2598 3977 2679">
    <p class='ocr_par' dir='ltr' id='par_1_54' title="bbox 2305 2598 3977 2679">
     <span class='ocr_line' id='line_1_54' title="bbox 2305 2598 3977 2679; baseline 0.007 -27"><span class='ocrx_word' id='word_1_414' title='bbox 2305 2598 2446 2666; x_wconf 82' lang='lat' dir='ltr'><strong>Quid</strong></span> <span class='ocrx_word' id='word_1_415' title='bbox 2478 2603 2622 2654; x_wconf 90' lang='lat' dir='ltr'><strong>enim</strong></span> <span class='ocrx_word' id='word_1_416' title='bbox 2657 2602 2874 2658; x_wconf 84' lang='lat' dir='ltr'><strong>dicebat</strong></span> <span class='ocrx_word' id='word_1_417' title='bbox 2905 2602 3168 2673; x_wconf 91' lang='lat' dir='ltr'><strong>proditor,</strong></span> <span class='ocrx_word' id='word_1_418' title='bbox 3215 2605 3316 2660; x_wconf 88' lang='lat' dir='ltr'><strong>nisi</strong></span> <span class='ocrx_word' id='word_1_419' title='bbox 3353 2605 3462 2662; x_wconf 90' lang='lat' dir='ltr'><strong>hoc</strong></span> <span class='ocrx_word' id='word_1_420' title='bbox 3493 2626 3507 2661; x_wconf 89' lang='lat'><strong>:</strong></span> <span class='ocrx_word' id='word_1_421' title='bbox 3543 2607 3760 2662; x_wconf 69' lang='lat' dir='ltr'><strong>Peccavi</strong></span> <span class='ocrx_word' id='word_1_422' title='bbox 3793 2611 3890 2679; x_wconf 64' lang='lat' dir='ltr'><strong>erat</strong></span> <span class='ocrx_word' id='word_1_423' title='bbox 3976 2613 3977 2679; x_wconf 58' lang='grc' dir='ltr'>ξ</span> 
     </span>
    </p>
   </div>
   <div class='ocr_carea' id='block_1_55' title="bbox 2307 2696 3977 2788">
    <p class='ocr_par' dir='ltr' id='par_1_55' title="bbox 2307 2696 3977 2788">
     <span class='ocr_line' id='line_1_55' title="bbox 2307 2696 3977 2788; baseline 0.007 -39"><span class='ocrx_word' id='word_1_424' title='bbox 2307 2696 2611 2750; x_wconf 78' lang='lat' dir='ltr'><strong>tradiderim</strong></span> <span class='ocrx_word' id='word_1_425' title='bbox 2643 2700 2942 2769; x_wconf 74' lang='lat' dir='ltr'><strong>sanguinem</strong></span> <span class='ocrx_word' id='word_1_426' title='bbox 2980 2705 3183 2774; x_wconf 72' lang='lat' dir='ltr'><strong>justum</strong></span> <span class='ocrx_word' id='word_1_427' title='bbox 3215 2699 3422 2773; x_wconf 86' lang='lat' dir='ltr'><strong>(Ibid.)</strong></span> <span class='ocrx_word' id='word_1_428' title='bbox 3445 2707 3471 2755; x_wconf 65' lang='grc' dir='ltr'><strong>ἶ)</strong></span> <span class='ocrx_word' id='word_1_429' title='bbox 3502 2704 3668 2771; x_wconf 86' lang='lat' dir='ltr'><strong>Quod</strong></span> <span class='ocrx_word' id='word_1_430' title='bbox 3697 2707 3890 2758; x_wconf 80' lang='lat' dir='ltr'><strong>eratcri-</strong></span> 
     </span>
    </p>
   </div>
   <div class='ocr_carea' id='block_1_56' title="bbox 2310 2790 3977 2866">
    <p class='ocr_par' dir='ltr' id='par_1_56' title="bbox 2310 2790 3977 2866">
     <span class='ocr_line' id='line_1_56' title="bbox 2310 2790 3977 2866; baseline 0.005 -25"><span class='ocrx_word' id='word_1_431' title='bbox 2310 2805 2432 2844; x_wconf 91' lang='lat' dir='ltr'><strong>men</strong></span> <span class='ocrx_word' id='word_1_432' title='bbox 2494 2790 2778 2855; x_wconf 88' lang='lat' dir='ltr'><strong>tradentis,</strong></span> <span class='ocrx_word' id='word_1_433' title='bbox 2834 2793 3108 2863; x_wconf 87' lang='lat' dir='ltr'><strong>quomodo</strong></span> <span class='ocrx_word' id='word_1_434' title='bbox 3161 2795 3534 2866; x_wconf 77' lang='lat' dir='ltr'><strong>suseipieutis</strong></span> <span class='ocrx_word' id='word_1_435' title='bbox 3586 2813 3696 2850; x_wconf 91' lang='lat' dir='ltr'><strong>non</strong></span> <span class='ocrx_word' id='word_1_436' title='bbox 3729 2809 3890 2865; x_wconf 81' lang='lat' dir='ltr'><strong>potent</strong></span> <span class='ocrx_word' id='word_1_437' title='bbox 3976 2799 3977 2820; x_wconf 84' lang='lat'>‘</span> 
     </span>
    </p>
   </div>
   <div class='ocr_carea' id='block_1_57' title="bbox 2309 2886 3886 2959">
    <p class='ocr_par' dir='ltr' id='par_1_57' title="bbox 2309 2886 3886 2959">
     <span class='ocr_line' id='line_1_57' title="bbox 2309 2886 3886 2959; baseline 0.003 -22"><span class='ocrx_word' id='word_1_438' title='bbox 2309 2897 2431 2937; x_wconf 81' lang='lat' dir='ltr'><strong>esse</strong></span> <span class='ocrx_word' id='word_1_439' title='bbox 2457 2893 2741 2953; x_wconf 85' lang='lat' dir='ltr'><strong>peccatum</strong></span> <span class='ocrx_word' id='word_1_440' title='bbox 2764 2901 2777 2948; x_wconf 92' lang='lat'><strong>;</strong></span> <span class='ocrx_word' id='word_1_441' title='bbox 2802 2899 2922 2939; x_wconf 91' lang='lat' dir='ltr'><strong>cum</strong></span> <span class='ocrx_word' id='word_1_442' title='bbox 2956 2886 3136 2940; x_wconf 89' lang='lat' dir='ltr'><strong>scelus</strong></span> <span class='ocrx_word' id='word_1_443' title='bbox 3163 2887 3363 2941; x_wconf 85' lang='lat' dir='ltr'><strong>sceleri</strong></span> <span class='ocrx_word' id='word_1_444' title='bbox 3397 2889 3470 2941; x_wconf 93' lang='lat' dir='ltr'><strong>sit</strong></span> <span class='ocrx_word' id='word_1_445' title='bbox 3506 2889 3828 2959; x_wconf 77' lang='lat' dir='ltr'><strong>adjunctum,</strong></span> <span class='ocrx_word' id='word_1_446' title='bbox 3852 2900 3886 2941; x_wconf 74' lang='lat' dir='ltr'><strong>stt</strong></span> 
     </span>
    </p>
   </div>
   <div class='ocr_carea' id='block_1_58' title="bbox 2309 2979 3813 3046">
    <p class='ocr_par' dir='ltr' id='par_1_58' title="bbox 2309 2979 3813 3046">
     <span class='ocr_line' id='line_1_58' title="bbox 2309 2979 3813 3046; baseline 0.005 -18"><span class='ocrx_word' id='word_1_447' title='bbox 2309 2993 2468 3046; x_wconf 91' lang='lat' dir='ltr'><strong>quem</strong></span> <span class='ocrx_word' id='word_1_448' title='bbox 2501 2979 2765 3034; x_wconf 82' lang='lat' dir='ltr'><strong>scelerate</strong></span> <span class='ocrx_word' id='word_1_449' title='bbox 2789 2989 3060 3045; x_wconf 89' lang='lat' dir='ltr'><strong>emerunt,</strong></span> <span class='ocrx_word' id='word_1_450' title='bbox 3091 2980 3417 3035; x_wconf 88' lang='lat' dir='ltr'><strong>sceleratius</strong></span> <span class='ocrx_word' id='word_1_451' title='bbox 3445 2983 3813 3038; x_wconf 77' lang='lat' dir='ltr'><strong>trucidarent?</strong></span> 
     </span>
    </p>
   </div>
   <div class='ocr_carea' id='block_1_59' title="bbox 2388 3067 3884 3147">
    <p class='ocr_par' dir='ltr' id='par_1_59' title="bbox 2388 3067 3884 3147">
     <span class='ocr_line' id='line_1_59' title="bbox 2388 3067 3884 3147; baseline 0.001 -23"><span class='ocrx_word' id='word_1_452' title='bbox 2388 3068 2474 3124; x_wconf 79' lang='lat' dir='ltr'><strong>M.</strong></span> <span class='ocrx_word' id='word_1_453' title='bbox 2515 3067 2758 3134; x_wconf 82' lang='lat' dir='ltr'><strong>Cucurri,</strong></span> <span class='ocrx_word' id='word_1_454' title='bbox 2820 3071 3016 3141; x_wconf 89' lang='lat' dir='ltr'><strong>inquit,</strong></span> <span class='ocrx_word' id='word_1_455' title='bbox 3064 3074 3117 3126; x_wconf 86' lang='lat' dir='ltr'><strong>in</strong></span> <span class='ocrx_word' id='word_1_456' title='bbox 3162 3074 3268 3127; x_wconf 75' lang='lat' dir='ltr'><strong>siti.</strong></span> <span class='ocrx_word' id='word_1_457' title='bbox 3309 3073 3523 3128; x_wconf 72' lang='lat' dir='ltr'><strong>Verum</strong></span> <span class='ocrx_word' id='word_1_458' title='bbox 3572 3087 3661 3130; x_wconf 88' lang='lat' dir='ltr'><strong>est</strong></span> <span class='ocrx_word' id='word_1_459' title='bbox 3722 3075 3884 3147; x_wconf 73' lang='lat' dir='ltr'><strong>quidem</strong></span> 
     </span>
    </p>
   </div>
   <div class='ocr_carea' id='block_1_60' title="bbox 2309 3165 3883 3235">
    <p class='ocr_par' dir='ltr' id='par_1_60' title="bbox 2309 3165 3883 3235">
     <span class='ocr_line' id='line_1_60' title="bbox 2309 3165 3883 3235; baseline 0.003 -18"><span class='ocrx_word' id='word_1_460' title='bbox 2309 3165 2451 3235; x_wconf 87' lang='lat' dir='ltr'><strong>quod</strong></span> <span class='ocrx_word' id='word_1_461' title='bbox 2511 3165 2770 3219; x_wconf 83' lang='lat' dir='ltr'><strong>Dominus</strong></span> <span class='ocrx_word' id='word_1_462' title='bbox 2831 3176 3018 3221; x_wconf 82' lang='lat' dir='ltr'><strong>noster</strong></span> <span class='ocrx_word' id='word_1_463' title='bbox 3057 3167 3217 3222; x_wconf 80' lang='lat' dir='ltr'><strong>Jestts</strong></span> <span class='ocrx_word' id='word_1_464' title='bbox 3258 3167 3456 3222; x_wconf 82' lang='lat' dir='ltr'><strong>sitivit.</strong></span> <span class='ocrx_word' id='word_1_465' title='bbox 3510 3169 3683 3224; x_wconf 83' lang='lat' dir='ltr'><strong>Beata</strong></span> <span class='ocrx_word' id='word_1_466' title='bbox 3715 3169 3883 3224; x_wconf 73' lang='lat' dir='ltr'><strong>Domini</strong></span> 
     </span>
    </p>
   </div>
   <div class='ocr_carea' id='block_1_61' title="bbox 2311 3257 3880 3331">
    <p class='ocr_par' dir='ltr' id='par_1_61' title="bbox 2311 3257 3880 3331">
     <span class='ocr_line' id='line_1_61' title="bbox 2311 3257 3880 3331; baseline 0 -19"><span class='ocrx_word' id='word_1_467' title='bbox 2311 3257 2459 3320; x_wconf 87' lang='lat' dir='ltr'><strong>sitis;</strong></span> <span class='ocrx_word' id='word_1_468' title='bbox 2493 3260 2614 3321; x_wconf 83' lang='lat' dir='ltr'><strong>quia</strong></span> <span class='ocrx_word' id='word_1_469' title='bbox 2644 3257 2813 3312; x_wconf 89' lang='lat' dir='ltr'><strong>sitivit</strong></span> <span class='ocrx_word' id='word_1_470' title='bbox 2844 3273 2940 3327; x_wconf 89' lang='lat' dir='ltr'><strong>pro</strong></span> <span class='ocrx_word' id='word_1_471' title='bbox 2979 3260 3155 3316; x_wconf 89' lang='lat' dir='ltr'><strong>nobis.</strong></span> <span class='ocrx_word' id='word_1_472' title='bbox 3181 3271 3230 3317; x_wconf 83' lang='lat' dir='ltr'><strong>et</strong></span> <span class='ocrx_word' id='word_1_473' title='bbox 3267 3262 3517 3316; x_wconf 83' lang='lat' dir='ltr'><strong>maxime</strong></span> <span class='ocrx_word' id='word_1_474' title='bbox 3552 3262 3606 3315; x_wconf 91' lang='lat' dir='ltr'><strong>in</strong></span> <span class='ocrx_word' id='word_1_475' title='bbox 3663 3262 3880 3331; x_wconf 62' lang='lat' dir='ltr'><strong>passim.</strong></span> 
     </span>
    </p>
   </div>
   <div class='ocr_carea' id='block_1_62' title="bbox 607 3347 3882 3422">
    <p class='ocr_par' dir='ltr' id='par_1_62' title="bbox 607 3347 3882 3422">
     <span class='ocr_line' id='line_1_62' title="bbox 607 3347 3882 3422; baseline 0.002 -21"><span class='ocrx_word' id='word_1_476' title='bbox 607 3349 808 3414; x_wconf 88' lang='lat' dir='ltr'><strong>lerem;</strong></span> <span class='ocrx_word' id='word_1_477' title='bbox 851 3348 945 3403; x_wconf 87' lang='lat' dir='ltr'><strong>sed</strong></span> <span class='ocrx_word' id='word_1_478' title='bbox 997 3358 1055 3402; x_wconf 90' lang='lat' dir='ltr'><strong>ut</strong></span> <span class='ocrx_word' id='word_1_479' title='bbox 1077 3350 1367 3403; x_wconf 86' lang='lat' dir='ltr'><strong>solverem.</strong></span> <span class='ocrx_word' id='word_1_480' title='bbox 1398 3347 1531 3402; x_wconf 81' lang='lat' dir='ltr'><strong>Veni</strong></span> <span class='ocrx_word' id='word_1_481' title='bbox 1564 3349 1705 3402; x_wconf 90' lang='lat' dir='ltr'><strong>enim</strong></span> <span class='ocrx_word' id='word_1_482' title='bbox 1749 3363 1879 3420; x_wconf 83' lang='lat' dir='ltr'><strong>pax,</strong></span> <span class='ocrx_word' id='word_1_483' title='bbox 1911 3359 1970 3404; x_wconf 89' lang='lat' dir='ltr'><strong>ut</strong></span> <span class='ocrx_word' id='word_1_484' title='bbox 2014 3349 2204 3404; x_wconf 80' lang='lat' dir='ltr'><strong>faciam</strong></span> <span class='ocrx_word' id='word_1_485' title='bbox 2236 3351 2282 3414; x_wconf 76' lang='grc' dir='ltr'><strong>Ο</strong></span> <span class='ocrx_word' id='word_1_486' title='bbox 2314 3350 2556 3419; x_wconf 89' lang='lat' dir='ltr'><strong>Denique</strong></span> <span class='ocrx_word' id='word_1_487' title='bbox 2605 3349 2777 3404; x_wconf 86' lang='lat' dir='ltr'><strong>dixit:</strong></span> <span class='ocrx_word' id='word_1_488' title='bbox 2816 3350 2951 3405; x_wconf 87' lang='lat' dir='ltr'><strong>Sitio</strong></span> <span class='ocrx_word' id='word_1_489' title='bbox 2992 3350 3171 3422; x_wconf 83' lang='lat' dir='ltr'><strong>(Joan.</strong></span> <span class='ocrx_word' id='word_1_490' title='bbox 3225 3369 3345 3416; x_wconf 74' lang='lat' dir='ltr'><strong>xu,</strong></span> <span class='ocrx_word' id='word_1_491' title='bbox 3372 3349 3501 3421; x_wconf 76' lang='lat'><strong>9.8).</strong></span> <span class='ocrx_word' id='word_1_492' title='bbox 3537 3353 3700 3409; x_wconf 85' lang='lat' dir='ltr'><strong>Tunc</strong></span> <span class='ocrx_word' id='word_1_493' title='bbox 3749 3355 3882 3422; x_wconf 62' lang='lat' dir='ltr'><strong>itaque</strong></span> 
     </span>
    </p>
   </div>
   <div class='ocr_carea' id='block_1_63' title="bbox 606 3439 2204 3511">
    <p class='ocr_par' dir='ltr' id='par_1_63' title="bbox 606 3439 2204 3511">
     <span class='ocr_line' id='line_1_63' title="bbox 606 3439 2204 3511; baseline 0.003 -19"><span class='ocrx_word' id='word_1_494' title='bbox 606 3449 838 3508; x_wconf 86' lang='lat' dir='ltr'><strong>utraque</strong></span> <span class='ocrx_word' id='word_1_495' title='bbox 861 3456 1058 3506; x_wconf 92' lang='lat' dir='ltr'><strong>unum;</strong></span> <span class='ocrx_word' id='word_1_496' title='bbox 1085 3450 1137 3495; x_wconf 91' lang='lat' dir='ltr'><strong>et</strong></span> <span class='ocrx_word' id='word_1_497' title='bbox 1161 3439 1398 3495; x_wconf 90' lang='lat' dir='ltr'><strong>medium</strong></span> <span class='ocrx_word' id='word_1_498' title='bbox 1414 3441 1674 3511; x_wconf 84' lang='lat' dir='ltr'><strong>parietem</strong></span> <span class='ocrx_word' id='word_1_499' title='bbox 1691 3441 1943 3497; x_wconf 65' lang='lat' dir='ltr'><strong>maceriae</strong></span> <span class='ocrx_word' id='word_1_500' title='bbox 1967 3443 2204 3510; x_wconf 78' lang='lat' dir='ltr'><strong>solvens,</strong></span> 
     </span>
    </p>
   </div>
   <div class='ocr_carea' id='block_1_64' title="bbox 604 3532 2208 3597">
    <p class='ocr_par' dir='ltr' id='par_1_64' title="bbox 604 3532 2208 3597">
     <span class='ocr_line' id='line_1_64' title="bbox 604 3532 2208 3597; baseline 0.003 -13"><span class='ocrx_word' id='word_1_501' title='bbox 604 3532 695 3597; x_wconf 89' lang='lat' dir='ltr'><strong>qtti</strong></span> <span class='ocrx_word' id='word_1_502' title='bbox 729 3547 950 3586; x_wconf 88' lang='lat' dir='ltr'><strong>carnem</strong></span> <span class='ocrx_word' id='word_1_503' title='bbox 982 3543 1036 3588; x_wconf 91' lang='lat' dir='ltr'><strong>et</strong></span> <span class='ocrx_word' id='word_1_504' title='bbox 1087 3534 1319 3587; x_wconf 88' lang='lat' dir='ltr'><strong>animam</strong></span> <span class='ocrx_word' id='word_1_505' title='bbox 1366 3533 1675 3597; x_wconf 67' lang='lat' dir='ltr'><strong>dividebtt,</strong></span> <span class='ocrx_word' id='word_1_506' title='bbox 1709 3543 1766 3587; x_wconf 91' lang='lat' dir='ltr'><strong>ttt</strong></span> <span class='ocrx_word' id='word_1_507' title='bbox 1817 3549 1980 3587; x_wconf 90' lang='lat' dir='ltr'><strong>unum</strong></span> <span class='ocrx_word' id='word_1_508' title='bbox 2004 3537 2208 3590; x_wconf 87' lang='lat' dir='ltr'><strong>sentire</strong></span> 
     </span>
    </p>
   </div>
   <div class='ocr_carea' id='block_1_65' title="bbox 606 3625 2209 3696">
    <p class='ocr_par' dir='ltr' id='par_1_65' title="bbox 606 3625 2209 3696">
     <span class='ocr_line' id='line_1_65' title="bbox 606 3625 2209 3696; baseline 0.001 -16"><span class='ocrx_word' id='word_1_509' title='bbox 606 3641 715 3680; x_wconf 90' lang='lat' dir='ltr'><strong>non</strong></span> <span class='ocrx_word' id='word_1_510' title='bbox 766 3635 989 3694; x_wconf 81' lang='lat' dir='ltr'><strong>possent</strong></span> <span class='ocrx_word' id='word_1_511' title='bbox 1025 3643 1038 3678; x_wconf 90' lang='lat'><strong>:</strong></span> <span class='ocrx_word' id='word_1_512' title='bbox 1072 3636 1127 3679; x_wconf 92' lang='lat' dir='ltr'><strong>et</strong></span> <span class='ocrx_word' id='word_1_513' title='bbox 1168 3625 1290 3679; x_wconf 86' lang='lat' dir='ltr'><strong>ideo</strong></span> <span class='ocrx_word' id='word_1_514' title='bbox 1329 3641 1458 3679; x_wconf 91' lang='lat' dir='ltr'><strong>caro</strong></span> <span class='ocrx_word' id='word_1_515' title='bbox 1504 3628 1699 3680; x_wconf 78' lang='lat' dir='ltr'><strong>anima:</strong></span> <span class='ocrx_word' id='word_1_516' title='bbox 1746 3627 2109 3696; x_wconf 85' lang='lat' dir='ltr'><strong>repugnabat.</strong></span> <span class='ocrx_word' id='word_1_517' title='bbox 2155 3639 2209 3682; x_wconf 86' lang='lat' dir='ltr'><strong>et</strong></span> 
     </span>
    </p>
   </div>
   <div class='ocr_carea' id='block_1_66' title="bbox 607 3719 2207 3793">
    <p class='ocr_par' dir='ltr' id='par_1_66' title="bbox 607 3719 2207 3793">
     <span class='ocr_line' id='line_1_66' title="bbox 607 3719 2207 3793; baseline 0.003 -19"><span class='ocrx_word' id='word_1_518' title='bbox 607 3719 826 3774; x_wconf 86' lang='lat' dir='ltr'><strong>subdita</strong></span> <span class='ocrx_word' id='word_1_519' title='bbox 875 3719 1106 3788; x_wconf 85' lang='lat' dir='ltr'><strong>imperio</strong></span> <span class='ocrx_word' id='word_1_520' title='bbox 1133 3722 1249 3790; x_wconf 82' lang='lat' dir='ltr'><strong>ejus</strong></span> <span class='ocrx_word' id='word_1_521' title='bbox 1274 3735 1397 3774; x_wconf 83' lang='lat' dir='ltr'><strong>esse</strong></span> <span class='ocrx_word' id='word_1_522' title='bbox 1429 3736 1535 3775; x_wconf 91' lang='lat' dir='ltr'><strong>non</strong></span> <span class='ocrx_word' id='word_1_523' title='bbox 1587 3731 1832 3790; x_wconf 86' lang='lat' dir='ltr'><strong>poterat;</strong></span> <span class='ocrx_word' id='word_1_524' title='bbox 1857 3722 1979 3791; x_wconf 91' lang='lat' dir='ltr'><strong>quia</strong></span> <span class='ocrx_word' id='word_1_525' title='bbox 2009 3723 2207 3793; x_wconf 85' lang='lat' dir='ltr'><strong>objecti</strong></span> 
     </span>
    </p>
   </div>
   <div class='ocr_carea' id='block_1_67' title="bbox 604 3815 2210 3889">
    <p class='ocr_par' dir='ltr' id='par_1_67' title="bbox 604 3815 2210 3889">
     <span class='ocr_line' id='line_1_67' title="bbox 604 3815 2210 3889; baseline 0.002 -22"><span class='ocrx_word' id='word_1_526' title='bbox 604 3816 831 3885; x_wconf 87' lang='lat' dir='ltr'><strong>parietis</strong></span> <span class='ocrx_word' id='word_1_527' title='bbox 873 3815 1158 3871; x_wconf 89' lang='lat' dir='ltr'><strong>obstaculo</strong></span> <span class='ocrx_word' id='word_1_528' title='bbox 1201 3815 1581 3886; x_wconf 88' lang='lat' dir='ltr'><strong>gubernaculis</strong></span> <span class='ocrx_word' id='word_1_529' title='bbox 1611 3817 1729 3886; x_wconf 89' lang='lat' dir='ltr'><strong>ejus</strong></span> <span class='ocrx_word' id='word_1_530' title='bbox 1755 3831 1944 3888; x_wconf 87' lang='lat' dir='ltr'><strong>parere</strong></span> <span class='ocrx_word' id='word_1_531' title='bbox 1973 3834 2080 3872; x_wconf 85' lang='lat' dir='ltr'><strong>non</strong></span> <span class='ocrx_word' id='word_1_532' title='bbox 2113 3833 2210 3889; x_wconf 87' lang='lat' dir='ltr'><strong>po-</strong></span> 
     </span>
    </p>
   </div>
   <div class='ocr_carea' id='block_1_68' title="bbox 605 3917 769 3964">
    <p class='ocr_par' dir='ltr' id='par_1_68' title="bbox 605 3917 769 3964">
     <span class='ocr_line' id='line_1_68' title="bbox 605 3917 769 3964; baseline 0 -2"><span class='ocrx_word' id='word_1_533' title='bbox 605 3917 769 3964; x_wconf 88' lang='lat' dir='ltr'><strong>terat.</strong></span> 
     </span>
    </p>
   </div>
   <div class='ocr_carea' id='block_1_69' title="bbox 679 3993 2205 4075">
    <p class='ocr_par' dir='ltr' id='par_1_69' title="bbox 679 3993 2205 4075">
     <span class='ocr_line' id='line_1_69' title="bbox 679 3993 2205 4075; baseline 0.003 -20"><span class='ocrx_word' id='word_1_534' title='bbox 679 3993 921 4058; x_wconf 61' lang='lat' dir='ltr'><strong>1‘2.&#39;Lex</strong></span> <span class='ocrx_word' id='word_1_535' title='bbox 969 4003 1133 4073; x_wconf 86' lang='lat' dir='ltr'><strong>igitur</strong></span> <span class='ocrx_word' id='word_1_536' title='bbox 1171 4003 1352 4058; x_wconf 86' lang='lat' dir='ltr'><strong>carnis</strong></span> <span class='ocrx_word' id='word_1_537' title='bbox 1394 4003 1501 4075; x_wconf 86' lang='lat' dir='ltr'><strong>legi</strong></span> <span class='ocrx_word' id='word_1_538' title='bbox 1550 4005 1748 4060; x_wconf 88' lang='lat' dir='ltr'><strong>mentis</strong></span> <span class='ocrx_word' id='word_1_539' title='bbox 1791 4004 2205 4062; x_wconf 78' lang='lat' dir='ltr'><strong>adversabatur.</strong></span> 
     </span>
    </p>
   </div>
   <div class='ocr_carea' id='block_1_70' title="bbox 604 4095 2206 4165">
    <p class='ocr_par' dir='ltr' id='par_1_70' title="bbox 604 4095 2206 4165">
     <span class='ocr_line' id='line_1_70' title="bbox 604 4095 2206 4165; baseline 0.002 -15"><span class='ocrx_word' id='word_1_540' title='bbox 604 4095 759 4152; x_wconf 86' lang='lat' dir='ltr'><strong>liunc</strong></span> <span class='ocrx_word' id='word_1_541' title='bbox 794 4096 1053 4165; x_wconf 88' lang='lat' dir='ltr'><strong>parietem</strong></span> <span class='ocrx_word' id='word_1_542' title='bbox 1083 4107 1328 4153; x_wconf 87' lang='lat' dir='ltr'><strong>veterum</strong></span> <span class='ocrx_word' id='word_1_543' title='bbox 1369 4098 1776 4152; x_wconf 88' lang='lat' dir='ltr'><strong>inimicitiarum</strong></span> <span class='ocrx_word' id='word_1_544' title='bbox 1802 4098 1959 4163; x_wconf 75' lang='lat' dir='ltr'><strong>velut</strong></span> <span class='ocrx_word' id='word_1_545' title='bbox 1993 4115 2206 4154; x_wconf 89' lang='lat' dir='ltr'><strong>murum</strong></span> 
     </span>
    </p>
   </div>
   <div class='ocr_carea' id='block_1_71' title="bbox 603 4189 2209 4261">
    <p class='ocr_par' dir='ltr' id='par_1_71' title="bbox 603 4189 2209 4261">
     <span class='ocr_line' id='line_1_71' title="bbox 603 4189 2209 4261; baseline 0.001 -17"><span class='ocrx_word' id='word_1_546' title='bbox 603 4190 828 4244; x_wconf 84' lang='lat' dir='ltr'><strong>sustulit</strong></span> <span class='ocrx_word' id='word_1_547' title='bbox 860 4189 1121 4245; x_wconf 88' lang='lat' dir='ltr'><strong>Dominus</strong></span> <span class='ocrx_word' id='word_1_548' title='bbox 1172 4190 1355 4258; x_wconf 79' lang='lat' dir='ltr'><strong>Jesus,</strong></span> <span class='ocrx_word' id='word_1_549' title='bbox 1389 4199 1443 4246; x_wconf 90' lang='lat' dir='ltr'><strong>et</strong></span> <span class='ocrx_word' id='word_1_550' title='bbox 1475 4191 1691 4261; x_wconf 86' lang='lat' dir='ltr'><strong>pervios</strong></span> <span class='ocrx_word' id='word_1_551' title='bbox 1731 4189 1857 4246; x_wconf 91' lang='lat' dir='ltr'><strong>fecit</strong></span> <span class='ocrx_word' id='word_1_552' title='bbox 1904 4204 2028 4246; x_wconf 89' lang='lat' dir='ltr'><strong>esse</strong></span> <span class='ocrx_word' id='word_1_553' title='bbox 2078 4207 2209 4246; x_wconf 82' lang='lat' dir='ltr'><strong>cun-</strong></span> 
     </span>
    </p>
   </div>
   <div class='ocr_carea' id='block_1_72' title="bbox 603 4285 2207 4352">
    <p class='ocr_par' dir='ltr' id='par_1_72' title="bbox 603 4285 2207 4352">
     <span class='ocr_line' id='line_1_72' title="bbox 603 4285 2207 4352; baseline 0 -12"><span class='ocrx_word' id='word_1_554' title='bbox 603 4294 800 4340; x_wconf 77' lang='lat' dir='ltr'><strong>ventus</strong></span> <span class='ocrx_word' id='word_1_555' title='bbox 838 4286 1038 4339; x_wconf 86' lang='lat' dir='ltr'><strong>mentis</strong></span> <span class='ocrx_word' id='word_1_556' title='bbox 1076 4296 1132 4340; x_wconf 90' lang='lat' dir='ltr'><strong>et</strong></span> <span class='ocrx_word' id='word_1_557' title='bbox 1168 4287 1384 4351; x_wconf 91' lang='lat' dir='ltr'><strong>carnis;</strong></span> <span class='ocrx_word' id='word_1_558' title='bbox 1415 4295 1472 4341; x_wconf 92' lang='lat' dir='ltr'><strong>ut</strong></span> <span class='ocrx_word' id='word_1_559' title='bbox 1511 4287 1563 4340; x_wconf 86' lang='lat' dir='ltr'><strong>iu</strong></span> <span class='ocrx_word' id='word_1_560' title='bbox 1603 4300 1770 4341; x_wconf 90' lang='lat' dir='ltr'><strong>unum</strong></span> <span class='ocrx_word' id='word_1_561' title='bbox 1817 4294 2074 4341; x_wconf 89' lang='lat' dir='ltr'><strong>coeuntes</strong></span> <span class='ocrx_word' id='word_1_562' title='bbox 2099 4325 2114 4352; x_wconf 95' lang='lat'><strong>,</strong></span> <span class='ocrx_word' id='word_1_563' title='bbox 2155 4285 2207 4340; x_wconf 92' lang='lat' dir='ltr'><strong>id</strong></span> 
     </span>
    </p>
   </div>
   <div class='ocr_carea' id='block_1_73' title="bbox 604 4377 2207 4450">
    <p class='ocr_par' dir='ltr' id='par_1_73' title="bbox 604 4377 2207 4450">
     <span class='ocr_line' id='line_1_73' title="bbox 604 4377 2207 4450; baseline 0 -18"><span class='ocrx_word' id='word_1_564' title='bbox 604 4377 750 4448; x_wconf 90' lang='lat' dir='ltr'><strong>quod</strong></span> <span class='ocrx_word' id='word_1_565' title='bbox 773 4386 890 4432; x_wconf 85' lang='lat' dir='ltr'><strong>erat</strong></span> <span class='ocrx_word' id='word_1_566' title='bbox 915 4380 1132 4449; x_wconf 89' lang='lat' dir='ltr'><strong>utrique</strong></span> <span class='ocrx_word' id='word_1_567' title='bbox 1161 4380 1424 4444; x_wconf 85' lang='lat' dir='ltr'><strong>salutare,</strong></span> <span class='ocrx_word' id='word_1_568' title='bbox 1455 4388 1833 4449; x_wconf 87' lang='lat' dir='ltr'><strong>sequerentur.</strong></span> <span class='ocrx_word' id='word_1_569' title='bbox 1864 4378 2049 4433; x_wconf 85' lang='lat' dir='ltr'><strong>Paries</strong></span> <span class='ocrx_word' id='word_1_570' title='bbox 2078 4393 2207 4450; x_wconf 85' lang='lat' dir='ltr'><strong>ergo</strong></span> 
     </span>
    </p>
   </div>
   <div class='ocr_carea' id='block_1_74' title="bbox 604 4472 2206 4545">
    <p class='ocr_par' dir='ltr' id='par_1_74' title="bbox 604 4472 2206 4545">
     <span class='ocr_line' id='line_1_74' title="bbox 604 4472 2206 4545; baseline 0.002 -19"><span class='ocrx_word' id='word_1_571' title='bbox 604 4472 853 4542; x_wconf 66' lang='lat' dir='ltr'><strong>quaedam</strong></span> <span class='ocrx_word' id='word_1_572' title='bbox 879 4474 1179 4529; x_wconf 90' lang='lat' dir='ltr'><strong>eminentia</strong></span> <span class='ocrx_word' id='word_1_573' title='bbox 1211 4475 1534 4529; x_wconf 88' lang='lat' dir='ltr'><strong>delictorum</strong></span> <span class='ocrx_word' id='word_1_574' title='bbox 1561 4483 1663 4529; x_wconf 88' lang='lat' dir='ltr'><strong>est.</strong></span> <span class='ocrx_word' id='word_1_575' title='bbox 1696 4474 1855 4531; x_wconf 85' lang='lat' dir='ltr'><strong>Unde</strong></span> <span class='ocrx_word' id='word_1_576' title='bbox 1885 4475 1951 4529; x_wconf 91' lang='lat' dir='ltr'><strong>ad</strong></span> <span class='ocrx_word' id='word_1_577' title='bbox 1982 4476 2206 4545; x_wconf 86' lang='lat' dir='ltr'><strong>pontifi-</strong></span> 
     </span>
    </p>
   </div>
   <div class='ocr_carea' id='block_1_75' title="bbox 607 4564 2210 4633">
    <p class='ocr_par' dir='ltr' id='par_1_75' title="bbox 607 4564 2210 4633">
     <span class='ocr_line' id='line_1_75' title="bbox 607 4564 2210 4633; baseline 0.001 -14"><span class='ocrx_word' id='word_1_578' title='bbox 607 4578 726 4620; x_wconf 87' lang='lat' dir='ltr'><strong>cem</strong></span> <span class='ocrx_word' id='word_1_579' title='bbox 766 4564 1078 4620; x_wconf 66' lang='lat' dir='ltr'><strong>Judreorum</strong></span> <span class='ocrx_word' id='word_1_580' title='bbox 1128 4565 1260 4619; x_wconf 91' lang='lat' dir='ltr'><strong>dicit</strong></span> <span class='ocrx_word' id='word_1_581' title='bbox 1305 4565 1543 4620; x_wconf 86' lang='lat' dir='ltr'><strong>Paulus:</strong></span> <span class='ocrx_word' id='word_1_582' title='bbox 1578 4565 1857 4620; x_wconf 85' lang='lat' dir='ltr'><strong>Percutere</strong></span> <span class='ocrx_word' id='word_1_583' title='bbox 1901 4576 1948 4619; x_wconf 87' lang='lat' dir='ltr'><strong>te</strong></span> <span class='ocrx_word' id='word_1_584' title='bbox 1997 4568 2210 4633; x_wconf 77' lang='lat' dir='ltr'><strong>incipiet</strong></span> 
     </span>
    </p>
   </div>
   <div class='ocr_carea' id='block_1_76' title="bbox 530 4655 2208 4732">
    <p class='ocr_par' dir='ltr' id='par_1_76' title="bbox 530 4655 2208 4732">
     <span class='ocr_line' id='line_1_76' title="bbox 530 4655 2208 4732; baseline 0.001 -21"><span class='ocrx_word' id='word_1_585' title='bbox 530 4718 544 4732; x_wconf 45' lang='grc' dir='ltr'><strong>ο</strong></span> <span class='ocrx_word' id='word_1_586' title='bbox 605 4655 771 4723; x_wconf 81' lang='lat' dir='ltr'><strong>Deus,</strong></span> <span class='ocrx_word' id='word_1_587' title='bbox 805 4658 972 4728; x_wconf 75' lang='lat' dir='ltr'><strong>paries</strong></span> <span class='ocrx_word' id='word_1_588' title='bbox 999 4656 1230 4711; x_wconf 78' lang='lat' dir='ltr'><strong>dealbate</strong></span> <span class='ocrx_word' id='word_1_589' title='bbox 1261 4656 1593 4729; x_wconf 72' lang='lat' dir='ltr'><strong>(Act.;xxtn,</strong></span> <span class='ocrx_word' id='word_1_590' title='bbox 1617 4659 1708 4727; x_wconf 78' lang='lat'><strong>3);</strong></span> <span class='ocrx_word' id='word_1_591' title='bbox 1742 4659 1919 4728; x_wconf 89' lang='lat' dir='ltr'><strong>paries</strong></span> <span class='ocrx_word' id='word_1_592' title='bbox 1949 4659 2091 4714; x_wconf 82' lang='lat' dir='ltr'><strong>enim</strong></span> <span class='ocrx_word' id='word_1_593' title='bbox 2128 4659 2208 4713; x_wconf 90' lang='lat' dir='ltr'><strong>Iu-</strong></span> 
     </span>
    </p>
   </div>
   <div class='ocr_carea' id='block_1_77' title="bbox 2312 3439 3881 3513">
    <p class='ocr_par' dir='ltr' id='par_1_77' title="bbox 2312 3439 3881 3513">
     <span class='ocr_line' id='line_1_77' title="bbox 2312 3439 3881 3513; baseline 0.003 -19"><span class='ocrx_word' id='word_1_594' title='bbox 2312 3439 2548 3505; x_wconf 86' lang='lat' dir='ltr'><strong>sitiebat,</strong></span> <span class='ocrx_word' id='word_1_595' title='bbox 2579 3443 2798 3513; x_wconf 88' lang='lat' dir='ltr'><strong>quando</strong></span> <span class='ocrx_word' id='word_1_596' title='bbox 2827 3444 2893 3500; x_wconf 90' lang='lat' dir='ltr'><strong>de</strong></span> <span class='ocrx_word' id='word_1_597' title='bbox 2921 3445 3088 3499; x_wconf 85' lang='lat' dir='ltr'><strong>latere</strong></span> <span class='ocrx_word' id='word_1_598' title='bbox 3118 3461 3216 3498; x_wconf 76' lang='lat' dir='ltr'><strong>suo</strong></span> <span class='ocrx_word' id='word_1_599' title='bbox 3265 3447 3616 3501; x_wconf 80' lang='lat' dir='ltr'><strong>restinctura</strong></span> <span class='ocrx_word' id='word_1_600' title='bbox 3646 3448 3780 3501; x_wconf 69' lang='lat' dir='ltr'><strong>sitim</strong></span> <span class='ocrx_word' id='word_1_601' title='bbox 3805 3464 3881 3499; x_wconf 68' lang='lat' dir='ltr'><strong>ctis-</strong></span> 
     </span>
    </p>
   </div>
   <div class='ocr_carea' id='block_1_78' title="bbox 2313 3534 3879 3609">
    <p class='ocr_par' dir='ltr' id='par_1_78' title="bbox 2313 3534 3879 3609">
     <span class='ocr_line' id='line_1_78' title="bbox 2313 3534 3879 3609; baseline 0.003 -23"><span class='ocrx_word' id='word_1_602' title='bbox 2313 3534 2458 3586; x_wconf 82' lang='lat' dir='ltr'><strong>nimn</strong></span> <span class='ocrx_word' id='word_1_603' title='bbox 2491 3535 2623 3588; x_wconf 77' lang='lat' dir='ltr'><strong>viva:</strong></span> <span class='ocrx_word' id='word_1_604' title='bbox 2648 3550 2802 3604; x_wconf 70' lang='lat' dir='ltr'><strong>aqua:</strong></span> <span class='ocrx_word' id='word_1_605' title='bbox 2831 3535 3030 3590; x_wconf 79' lang='lat' dir='ltr'><strong>ﬂuenta</strong></span> <span class='ocrx_word' id='word_1_606' title='bbox 3063 3536 3346 3594; x_wconf 83' lang='lat' dir='ltr'><strong>fundebat.</strong></span> <span class='ocrx_word' id='word_1_607' title='bbox 3383 3538 3648 3609; x_wconf 81' lang='lat' dir='ltr'><strong>Denique</strong></span> <span class='ocrx_word' id='word_1_608' title='bbox 3679 3541 3879 3606; x_wconf 67' lang='lat' dir='ltr'><strong>scvipbtn</strong></span> 
     </span>
    </p>
   </div>
   <div class='ocr_carea' id='block_1_79' title="bbox 2312 3626 3876 3700">
    <p class='ocr_par' dir='ltr' id='par_1_79' title="bbox 2312 3626 3876 3700">
     <span class='ocr_line' id='line_1_79' title="bbox 2312 3626 3876 3700; baseline 0.002 -20"><span class='ocrx_word' id='word_1_609' title='bbox 2312 3637 2396 3682; x_wconf 86' lang='lat' dir='ltr'><strong>est</strong></span> <span class='ocrx_word' id='word_1_610' title='bbox 2429 3644 2443 3682; x_wconf 90' lang='lat'><strong>:</strong></span> <span class='ocrx_word' id='word_1_611' title='bbox 2478 3626 2728 3682; x_wconf 83' lang='lat' dir='ltr'><strong>Flumina</strong></span> <span class='ocrx_word' id='word_1_612' title='bbox 2756 3629 2820 3681; x_wconf 85' lang='lat' dir='ltr'><strong>de</strong></span> <span class='ocrx_word' id='word_1_613' title='bbox 2854 3639 3025 3683; x_wconf 82' lang='lat' dir='ltr'><strong>ventre</strong></span> <span class='ocrx_word' id='word_1_614' title='bbox 3052 3632 3162 3699; x_wconf 84' lang='lat' dir='ltr'><strong>ejus</strong></span> <span class='ocrx_word' id='word_1_615' title='bbox 3185 3631 3348 3700; x_wconf 78' lang='lat' dir='ltr'><strong>ﬂuent</strong></span> <span class='ocrx_word' id='word_1_616' title='bbox 3383 3648 3545 3699; x_wconf 72' lang='lat' dir='ltr'><strong>aqua’</strong></span> <span class='ocrx_word' id='word_1_617' title='bbox 3573 3634 3703 3686; x_wconf 70' lang='lat' dir='ltr'><strong>circ</strong></span> <span class='ocrx_word' id='word_1_618' title='bbox 3727 3631 3876 3700; x_wconf 60' lang='grc' dir='ltr'><strong>υσεδ..</strong></span> 
     </span>
    </p>
   </div>
   <div class='ocr_carea' id='block_1_80' title="bbox 2312 3720 3876 3794">
    <p class='ocr_par' dir='ltr' id='par_1_80' title="bbox 2312 3720 3876 3794">
     <span class='ocr_line' id='line_1_80' title="bbox 2312 3720 3876 3794; baseline 0 -19"><span class='ocrx_word' id='word_1_619' title='bbox 2312 3736 2406 3785; x_wconf 84' lang='lat' dir='ltr'><strong>vn,</strong></span> <span class='ocrx_word' id='word_1_620' title='bbox 2459 3721 2575 3789; x_wconf 76' lang='lat'><strong>58).</strong></span> <span class='ocrx_word' id='word_1_621' title='bbox 2627 3720 2733 3777; x_wconf 86' lang='lat' dir='ltr'><strong>Sed</strong></span> <span class='ocrx_word' id='word_1_622' title='bbox 2789 3722 2840 3776; x_wconf 87' lang='lat' dir='ltr'><strong>itt</strong></span> <span class='ocrx_word' id='word_1_623' title='bbox 2880 3721 3074 3778; x_wconf 62' lang='lat' dir='ltr'><strong>Grazco</strong></span> <span class='ocrx_word' id='word_1_624' title='bbox 3134 3724 3310 3777; x_wconf 85' lang='lat' dir='ltr'><strong>medic</strong></span> <span class='ocrx_word' id='word_1_625' title='bbox 3368 3725 3622 3792; x_wconf 86' lang='lat' dir='ltr'><strong>positum</strong></span> <span class='ocrx_word' id='word_1_626' title='bbox 3652 3734 3762 3789; x_wconf 86' lang='lat' dir='ltr'><strong>est;</strong></span> <span class='ocrx_word' id='word_1_627' title='bbox 3794 3723 3876 3794; x_wconf 67' lang='lat' dir='ltr'><strong>qui:</strong></span> 
     </span>
    </p>
   </div>
   <div class='ocr_carea' id='block_1_81' title="bbox 2311 3812 3875 3889">
    <p class='ocr_par' dir='ltr' id='par_1_81' title="bbox 2311 3812 3875 3889">
     <span class='ocr_line' id='line_1_81' title="bbox 2311 3812 3875 3889; baseline -0.001 -20"><span class='ocrx_word' id='word_1_628' title='bbox 2311 3812 2529 3889; x_wconf 72' lang='grc' dir='ltr'><strong>ἔδραμον</strong></span> <span class='ocrx_word' id='word_1_629' title='bbox 2559 3823 2612 3868; x_wconf 92' lang='lat' dir='ltr'><strong>et</strong></span> <span class='ocrx_word' id='word_1_630' title='bbox 2647 3815 2978 3884; x_wconf 82' lang='lat' dir='ltr'><strong>singularem</strong></span> <span class='ocrx_word' id='word_1_631' title='bbox 3009 3824 3063 3869; x_wconf 92' lang='lat' dir='ltr'><strong>et</strong></span> <span class='ocrx_word' id='word_1_632' title='bbox 3096 3815 3355 3884; x_wconf 89' lang='lat' dir='ltr'><strong>pluralem</strong></span> <span class='ocrx_word' id='word_1_633' title='bbox 3389 3833 3690 3871; x_wconf 88' lang='lat' dir='ltr'><strong>numerum</strong></span> <span class='ocrx_word' id='word_1_634' title='bbox 3722 3817 3875 3887; x_wconf 75' lang='lat' dir='ltr'><strong>signiti-</strong></span> 
     </span>
    </p>
   </div>
   <div class='ocr_carea' id='block_1_82' title="bbox 2311 3906 3875 3981">
    <p class='ocr_par' dir='ltr' id='par_1_82' title="bbox 2311 3906 3875 3981">
     <span class='ocr_line' id='line_1_82' title="bbox 2311 3906 3875 3981; baseline 0.003 -22"><span class='ocrx_word' id='word_1_635' title='bbox 2311 3915 2418 3959; x_wconf 89' lang='lat' dir='ltr'><strong>cat.</strong></span> <span class='ocrx_word' id='word_1_636' title='bbox 2457 3906 2600 3975; x_wconf 84' lang='lat' dir='ltr'><strong>Ergo</strong></span> <span class='ocrx_word' id='word_1_637' title='bbox 2625 3907 2789 3961; x_wconf 87' lang='lat' dir='ltr'><strong>etiam</strong></span> <span class='ocrx_word' id='word_1_638' title='bbox 2817 3909 3058 3972; x_wconf 83' lang='lat' dir='ltr'><strong>cucurri;</strong></span> <span class='ocrx_word' id='word_1_639' title='bbox 3081 3917 3134 3962; x_wconf 90' lang='lat' dir='ltr'><strong>et</strong></span> <span class='ocrx_word' id='word_1_640' title='bbox 3174 3921 3562 3974; x_wconf 81' lang='lat' dir='ltr'><strong>cucurrerunt,</strong></span> <span class='ocrx_word' id='word_1_641' title='bbox 3592 3912 3747 3981; x_wconf 78' lang='lat' dir='ltr'><strong>juxta</strong></span> <span class='ocrx_word' id='word_1_642' title='bbox 3773 3911 3875 3963; x_wconf 51' lang='lat' dir='ltr'><strong>Cra»</strong></span> 
     </span>
    </p>
   </div>
   <div class='ocr_carea' id='block_1_83' title="bbox 2310 3988 3874 4076">
    <p class='ocr_par' dir='ltr' id='par_1_83' title="bbox 2310 3988 3874 4076">
     <span class='ocr_line' id='line_1_83' title="bbox 2310 3988 3874 4076; baseline 0.002 -25"><span class='ocrx_word' id='word_1_643' title='bbox 2310 4010 2432 4051; x_wconf 90' lang='lat' dir='ltr'><strong>cum</strong></span> <span class='ocrx_word' id='word_1_644' title='bbox 2467 4013 2754 4068; x_wconf 84' lang='lat' dir='ltr'><strong>possumus</strong></span> <span class='ocrx_word' id='word_1_645' title='bbox 2795 3988 3122 4071; x_wconf 85' lang='lat' dir='ltr'><strong>intelligere.</strong></span> <span class='ocrx_word' id='word_1_646' title='bbox 3153 3993 3401 4055; x_wconf 78' lang='lat' dir='ltr'><strong>Diximus</strong></span> <span class='ocrx_word' id='word_1_647' title='bbox 3447 4015 3640 4058; x_wconf 86' lang='lat' dir='ltr'><strong>autem</strong></span> <span class='ocrx_word' id='word_1_648' title='bbox 3673 4004 3785 4076; x_wconf 89' lang='lat' dir='ltr'><strong>quid</strong></span> <span class='ocrx_word' id='word_1_649' title='bbox 3815 4019 3874 4057; x_wconf 71' lang='lat' dir='ltr'><strong>ex-</strong></span> 
     </span>
    </p>
   </div>
   <div class='ocr_carea' id='block_1_84' title="bbox 2312 4089 3872 4161">
    <p class='ocr_par' dir='ltr' id='par_1_84' title="bbox 2312 4089 3872 4161">
     <span class='ocr_line' id='line_1_84' title="bbox 2312 4089 3872 4161; baseline 0.003 -18"><span class='ocrx_word' id='word_1_650' title='bbox 2312 4089 2532 4161; x_wconf 83' lang='lat' dir='ltr'><strong>primat,</strong></span> <span class='ocrx_word' id='word_1_651' title='bbox 2581 4093 2809 4157; x_wconf 82' lang='lat' dir='ltr'><strong>cucurri,</strong></span> <span class='ocrx_word' id='word_1_652' title='bbox 2860 4091 2962 4147; x_wconf 90' lang='lat' dir='ltr'><strong>hoc</strong></span> <span class='ocrx_word' id='word_1_653' title='bbox 3017 4104 3121 4160; x_wconf 90' lang='lat' dir='ltr'><strong>est,</strong></span> <span class='ocrx_word' id='word_1_654' title='bbox 3181 4093 3442 4149; x_wconf 83' lang='lat' dir='ltr'><strong>feStinavi</strong></span> <span class='ocrx_word' id='word_1_655' title='bbox 3500 4098 3654 4152; x_wconf 88' lang='lat' dir='ltr'><strong>sitim</strong></span> <span class='ocrx_word' id='word_1_656' title='bbox 3686 4098 3872 4152; x_wconf 79' lang='lat' dir='ltr'><strong>omnium</strong></span> 
     </span>
    </p>
   </div>
   <div class='ocr_carea' id='block_1_85' title="bbox 2311 4185 3872 4258">
    <p class='ocr_par' dir='ltr' id='par_1_85' title="bbox 2311 4185 3872 4258">
     <span class='ocr_line' id='line_1_85' title="bbox 2311 4185 3872 4258; baseline 0.002 -19"><span class='ocrx_word' id='word_1_657' title='bbox 2311 4186 2608 4256; x_wconf 90' lang='lat' dir='ltr'><strong>suscipere,</strong></span> <span class='ocrx_word' id='word_1_658' title='bbox 2643 4195 2702 4241; x_wconf 92' lang='lat' dir='ltr'><strong>ut</strong></span> <span class='ocrx_word' id='word_1_659' title='bbox 2741 4185 3030 4242; x_wconf 89' lang='lat' dir='ltr'><strong>universos</strong></span> <span class='ocrx_word' id='word_1_660' title='bbox 3058 4188 3304 4258; x_wconf 86' lang='lat' dir='ltr'><strong>perpetui</strong></span> <span class='ocrx_word' id='word_1_661' title='bbox 3339 4188 3511 4243; x_wconf 90' lang='lat' dir='ltr'><strong>fontis</strong></span> <span class='ocrx_word' id='word_1_662' title='bbox 3547 4191 3784 4246; x_wconf 85' lang='lat' dir='ltr'><strong>ubertate</strong></span> <span class='ocrx_word' id='word_1_663' title='bbox 3816 4203 3872 4242; x_wconf 69' lang='lat' dir='ltr'><strong>sa-</strong></span> 
     </span>
    </p>
   </div>
   <div class='ocr_carea' id='block_1_86' title="bbox 2312 4279 3872 4351">
    <p class='ocr_par' dir='ltr' id='par_1_86' title="bbox 2312 4279 3872 4351">
     <span class='ocr_line' id='line_1_86' title="bbox 2312 4279 3872 4351; baseline 0 -17"><span class='ocrx_word' id='word_1_664' title='bbox 2312 4279 2502 4334; x_wconf 85' lang='lat' dir='ltr'><strong>tiarent</strong></span> <span class='ocrx_word' id='word_1_665' title='bbox 2535 4279 2647 4351; x_wconf 91' lang='lat' dir='ltr'><strong>(cui</strong></span> <span class='ocrx_word' id='word_1_666' title='bbox 2673 4282 2818 4335; x_wconf 89' lang='lat' dir='ltr'><strong>enim</strong></span> <span class='ocrx_word' id='word_1_667' title='bbox 2870 4280 3074 4336; x_wconf 91' lang='lat' dir='ltr'><strong>dedero</strong></span> <span class='ocrx_word' id='word_1_668' title='bbox 3103 4296 3322 4351; x_wconf 91' lang='lat' dir='ltr'><strong>aquam,</strong></span> <span class='ocrx_word' id='word_1_669' title='bbox 3380 4298 3491 4337; x_wconf 92' lang='lat' dir='ltr'><strong>non</strong></span> <span class='ocrx_word' id='word_1_670' title='bbox 3542 4285 3711 4350; x_wconf 86' lang='lat' dir='ltr'><strong>sitiet,</strong></span> <span class='ocrx_word' id='word_1_671' title='bbox 3749 4298 3872 4350; x_wconf 73' lang='lat' dir='ltr'><strong>neque</strong></span> 
     </span>
    </p>
   </div>
   <div class='ocr_carea' id='block_1_87' title="bbox 2311 4375 3868 4449">
    <p class='ocr_par' dir='ltr' id='par_1_87' title="bbox 2311 4375 3868 4449">
     <span class='ocr_line' id='line_1_87' title="bbox 2311 4375 3868 4449; baseline -0.002 -20"><span class='ocrx_word' id='word_1_672' title='bbox 2311 4375 2419 4441; x_wconf 91' lang='lat' dir='ltr'><strong>hic,</strong></span> <span class='ocrx_word' id='word_1_673' title='bbox 2451 4390 2628 4446; x_wconf 91' lang='lat' dir='ltr'><strong>neque</strong></span> <span class='ocrx_word' id='word_1_674' title='bbox 2675 4375 2727 4429; x_wconf 89' lang='lat' dir='ltr'><strong>in</strong></span> <span class='ocrx_word' id='word_1_675' title='bbox 2777 4375 3015 4430; x_wconf 91' lang='lat' dir='ltr'><strong>futurum</strong></span> <span class='ocrx_word' id='word_1_676' title='bbox 3049 4375 3231 4449; x_wconf 83' lang='lat' dir='ltr'><strong>(loan.</strong></span> <span class='ocrx_word' id='word_1_677' title='bbox 3257 4391 3331 4443; x_wconf 83' lang='lat' dir='ltr'><strong>tv,</strong></span> <span class='ocrx_word' id='word_1_678' title='bbox 3370 4377 3489 4446; x_wconf 67' lang='lat' dir='ltr'><strong>i5),</strong></span> <span class='ocrx_word' id='word_1_679' title='bbox 3540 4379 3686 4432; x_wconf 89' lang='lat' dir='ltr'><strong>sicut</strong></span> <span class='ocrx_word' id='word_1_680' title='bbox 3721 4378 3868 4431; x_wconf 83' lang='lat' dir='ltr'><strong>dictum</strong></span> 
     </span>
    </p>
   </div>
   <div class='ocr_carea' id='block_1_88' title="bbox 2314 4467 3867 4544">
    <p class='ocr_par' dir='ltr' id='par_1_88' title="bbox 2314 4467 3867 4544">
     <span class='ocr_line' id='line_1_88' title="bbox 2314 4467 3867 4544; baseline -0.003 -20"><span class='ocrx_word' id='word_1_681' title='bbox 2314 4479 2399 4524; x_wconf 89' lang='lat' dir='ltr'><strong>est</strong></span> <span class='ocrx_word' id='word_1_682' title='bbox 2429 4467 2495 4524; x_wconf 90' lang='lat' dir='ltr'><strong>ad</strong></span> <span class='ocrx_word' id='word_1_683' title='bbox 2521 4470 2965 4540; x_wconf 81' lang='lat' dir='ltr'><strong>Samaritauam);</strong></span> <span class='ocrx_word' id='word_1_684' title='bbox 2998 4485 3142 4525; x_wconf 91' lang='lat' dir='ltr'><strong>nunc</strong></span> <span class='ocrx_word' id='word_1_685' title='bbox 3171 4469 3420 4525; x_wconf 86' lang='lat' dir='ltr'><strong>dicamus</strong></span> <span class='ocrx_word' id='word_1_686' title='bbox 3442 4473 3580 4541; x_wconf 91' lang='lat' dir='ltr'><strong>quid</strong></span> <span class='ocrx_word' id='word_1_687' title='bbox 3615 4471 3867 4544; x_wconf 77' lang='lat' dir='ltr'><strong>signiﬁcet:</strong></span> 
     </span>
    </p>
   </div>
   <div class='ocr_carea' id='block_1_89' title="bbox 2311 4560 3868 4632">
    <p class='ocr_par' dir='ltr' id='par_1_89' title="bbox 2311 4560 3868 4632">
     <span class='ocr_line' id='line_1_89' title="bbox 2311 4560 3868 4632; baseline -0.001 -18"><span class='ocrx_word' id='word_1_688' title='bbox 2311 4560 2657 4615; x_wconf 81' lang='lat' dir='ltr'><strong>Cucurreruut</strong></span> <span class='ocrx_word' id='word_1_689' title='bbox 2681 4562 2736 4614; x_wconf 87' lang='lat' dir='ltr'><strong>in</strong></span> <span class='ocrx_word' id='word_1_690' title='bbox 2763 4562 2869 4617; x_wconf 81' lang='lat' dir='ltr'><strong>siti.</strong></span> <span class='ocrx_word' id='word_1_691' title='bbox 2888 4561 3000 4616; x_wconf 88' lang='lat' dir='ltr'><strong>Hoc</strong></span> <span class='ocrx_word' id='word_1_692' title='bbox 3025 4570 3129 4625; x_wconf 82' lang='lat' dir='ltr'><strong>est,</strong></span> <span class='ocrx_word' id='word_1_693' title='bbox 3151 4560 3552 4618; x_wconf 80' lang='lat' dir='ltr'><strong>festinaverunt</strong></span> <span class='ocrx_word' id='word_1_694' title='bbox 3578 4575 3637 4618; x_wconf 90' lang='lat' dir='ltr'><strong>ut</strong></span> <span class='ocrx_word' id='word_1_695' title='bbox 3688 4562 3868 4632; x_wconf 71' lang='lat' dir='ltr'><strong>perﬁdia</strong></span> 
     </span>
    </p>
   </div>
   <div class='ocr_carea' id='block_1_90' title="bbox 2312 4656 3868 4728">
    <p class='ocr_par' dir='ltr' id='par_1_90' title="bbox 2312 4656 3868 4728">
     <span class='ocr_line' id='line_1_90' title="bbox 2312 4656 3868 4728; baseline -0.001 -17"><span class='ocrx_word' id='word_1_696' title='bbox 2312 4671 2424 4711; x_wconf 67' lang='lat' dir='ltr'><strong>sum</strong></span> <span class='ocrx_word' id='word_1_697' title='bbox 2454 4668 2586 4711; x_wconf 67' lang='lat' dir='ltr'><strong>aestu</strong></span> <span class='ocrx_word' id='word_1_698' title='bbox 2609 4656 2810 4712; x_wconf 88' lang='lat' dir='ltr'><strong>fontem</strong></span> <span class='ocrx_word' id='word_1_699' title='bbox 2835 4659 3014 4711; x_wconf 86' lang='lat' dir='ltr'><strong>vivum</strong></span> <span class='ocrx_word' id='word_1_700' title='bbox 3043 4668 3323 4728; x_wconf 89' lang='lat' dir='ltr'><strong>negantes,</strong></span> <span class='ocrx_word' id='word_1_701' title='bbox 3341 4669 3551 4714; x_wconf 60' lang='lat' dir='ltr'><strong>aeterna</strong></span> <span class='ocrx_word' id='word_1_702' title='bbox 3583 4658 3760 4714; x_wconf 83' lang='lat' dir='ltr'><strong>fauces</strong></span> <span class='ocrx_word' id='word_1_703' title='bbox 3783 4672 3868 4713; x_wconf 74' lang='lat' dir='ltr'><strong>suas</strong></span> 
     </span>
    </p>
   </div>
   <div class='ocr_carea' id='block_1_91' title="bbox 606 4745 3869 4824">
    <p class='ocr_par' dir='ltr' id='par_1_91' title="bbox 606 4745 3869 4824">
     <span class='ocr_line' id='line_1_91' title="bbox 606 4745 3869 4824; baseline 0 -21"><span class='ocrx_word' id='word_1_704' title='bbox 606 4760 662 4803; x_wconf 90' lang='lat' dir='ltr'><strong>to</strong></span> <span class='ocrx_word' id='word_1_705' title='bbox 694 4753 1068 4821; x_wconf 89' lang='lat' dir='ltr'><strong>cementisque</strong></span> <span class='ocrx_word' id='word_1_706' title='bbox 1095 4751 1451 4806; x_wconf 84' lang='lat' dir='ltr'><strong>construitur.</strong></span> <span class='ocrx_word' id='word_1_707' title='bbox 1484 4751 1618 4807; x_wconf 85' lang='lat' dir='ltr'><strong>Hinc</strong></span> <span class='ocrx_word' id='word_1_708' title='bbox 1661 4752 2002 4807; x_wconf 66' lang='lat' dir='ltr'><strong>aedificabant</strong></span> <span class='ocrx_word' id='word_1_709' title='bbox 2032 4751 2202 4824; x_wconf 65' lang='lat' dir='ltr'><strong>[Egy-</strong></span> <span class='ocrx_word' id='word_1_710' title='bbox 2229 4745 2284 4808; x_wconf 91' lang='lat' dir='ltr'><strong>D</strong></span> <span class='ocrx_word' id='word_1_711' title='bbox 2308 4751 2559 4806; x_wconf 90' lang='lat' dir='ltr'><strong>ariditate</strong></span> <span class='ocrx_word' id='word_1_712' title='bbox 2586 4751 2889 4817; x_wconf 88' lang='lat' dir='ltr'><strong>siccarent;</strong></span> <span class='ocrx_word' id='word_1_713' title='bbox 2914 4753 3055 4807; x_wconf 90' lang='lat' dir='ltr'><strong>sicut</strong></span> <span class='ocrx_word' id='word_1_714' title='bbox 3076 4752 3191 4824; x_wconf 89' lang='lat' dir='ltr'><strong>ipse</strong></span> <span class='ocrx_word' id='word_1_715' title='bbox 3215 4754 3478 4809; x_wconf 89' lang='lat' dir='ltr'><strong>Dominus</strong></span> <span class='ocrx_word' id='word_1_716' title='bbox 3500 4755 3869 4810; x_wconf 68' lang='lat' dir='ltr'><strong>aitzﬂedmli-</strong></span> 
     </span>
    </p>
   </div>
   <div class='ocr_carea' id='block_1_92' title="bbox 604 4843 2204 4914">
    <p class='ocr_par' dir='ltr' id='par_1_92' title="bbox 604 4843 2204 4914">
     <span class='ocr_line' id='line_1_92' title="bbox 604 4843 2204 4914; baseline 0.001 -16"><span class='ocrx_word' id='word_1_717' title='bbox 604 4844 985 4914; x_wconf 84' lang='lat' dir='ltr'><strong>ptiicivitates,</strong></span> <span class='ocrx_word' id='word_1_718' title='bbox 1007 4843 1225 4914; x_wconf 86' lang='lat' dir='ltr'><strong>quando</strong></span> <span class='ocrx_word' id='word_1_719' title='bbox 1241 4843 1414 4898; x_wconf 78' lang='lat' dir='ltr'><strong>Judzei</strong></span> <span class='ocrx_word' id='word_1_720' title='bbox 1439 4844 1638 4900; x_wconf 87' lang='lat' dir='ltr'><strong>lateres</strong></span> <span class='ocrx_word' id='word_1_721' title='bbox 1658 4843 1838 4900; x_wconf 87' lang='lat' dir='ltr'><strong>facere</strong></span> <span class='ocrx_word' id='word_1_722' title='bbox 1850 4846 2204 4914; x_wconf 88' lang='lat' dir='ltr'><strong>cogebantur.</strong></span> 
     </span>
    </p>
   </div>
   <div class='ocr_carea' id='block_1_93' title="bbox 605 4935 2206 5010">
    <p class='ocr_par' dir='ltr' id='par_1_93' title="bbox 605 4935 2206 5010">
     <span class='ocr_line' id='line_1_93' title="bbox 605 4935 2206 5010; baseline 0.002 -19"><span class='ocrx_word' id='word_1_723' title='bbox 605 4935 666 4991; x_wconf 82' lang='lat' dir='ltr'><strong>In</strong></span> <span class='ocrx_word' id='word_1_724' title='bbox 691 4936 926 5010; x_wconf 68' lang='lat' dir='ltr'><strong>Egypto</strong></span> <span class='ocrx_word' id='word_1_725' title='bbox 957 4939 1130 4993; x_wconf 92' lang='lat' dir='ltr'><strong>lutum</strong></span> <span class='ocrx_word' id='word_1_726' title='bbox 1163 4936 1570 5005; x_wconf 83' lang='lat' dir='ltr'><strong>conficiebatur,</strong></span> <span class='ocrx_word' id='word_1_727' title='bbox 1601 4949 1654 4993; x_wconf 91' lang='lat' dir='ltr'><strong>et</strong></span> <span class='ocrx_word' id='word_1_728' title='bbox 1695 4938 1925 5008; x_wconf 90' lang='lat' dir='ltr'><strong>populus</strong></span> <span class='ocrx_word' id='word_1_729' title='bbox 1956 4939 2046 4993; x_wconf 87' lang='lat' dir='ltr'><strong>Dei</strong></span> <span class='ocrx_word' id='word_1_730' title='bbox 2081 4952 2206 5007; x_wconf 81' lang='lat' dir='ltr'><strong>pec-</strong></span> 
     </span>
    </p>
   </div>
   <div class='ocr_carea' id='block_1_94' title="bbox 602 5033 2200 5105">
    <p class='ocr_par' dir='ltr' id='par_1_94' title="bbox 602 5033 2200 5105">
     <span class='ocr_line' id='line_1_94' title="bbox 602 5033 2200 5105; baseline 0.003 -17"><span class='ocrx_word' id='word_1_731' title='bbox 602 5041 784 5088; x_wconf 87' lang='lat' dir='ltr'><strong>catum</strong></span> <span class='ocrx_word' id='word_1_732' title='bbox 814 5033 924 5089; x_wconf 92' lang='lat' dir='ltr'><strong>illic</strong></span> <span class='ocrx_word' id='word_1_733' title='bbox 963 5035 1307 5105; x_wconf 87' lang='lat' dir='ltr'><strong>operabatur.</strong></span> <span class='ocrx_word' id='word_1_734' title='bbox 1340 5033 1464 5090; x_wconf 89' lang='lat' dir='ltr'><strong>Ideo</strong></span> <span class='ocrx_word' id='word_1_735' title='bbox 1510 5035 1792 5104; x_wconf 82' lang='lat' dir='ltr'><strong>gemebat,</strong></span> <span class='ocrx_word' id='word_1_736' title='bbox 1823 5036 1944 5092; x_wconf 91' lang='lat' dir='ltr'><strong>ideo</strong></span> <span class='ocrx_word' id='word_1_737' title='bbox 1973 5036 2200 5092; x_wconf 88' lang='lat' dir='ltr'><strong>exaudi-</strong></span> 
     </span>
    </p>
   </div>
   <div class='ocr_carea' id='block_1_95' title="bbox 603 5126 2206 5200">
    <p class='ocr_par' dir='ltr' id='par_1_95' title="bbox 603 5126 2206 5200">
     <span class='ocr_line' id='line_1_95' title="bbox 603 5126 2206 5200; baseline -0.001 -18"><span class='ocrx_word' id='word_1_738' title='bbox 603 5136 693 5183; x_wconf 85' lang='lat' dir='ltr'><strong>tus</strong></span> <span class='ocrx_word' id='word_1_739' title='bbox 725 5136 780 5183; x_wconf 93' lang='lat' dir='ltr'><strong>et</strong></span> <span class='ocrx_word' id='word_1_740' title='bbox 806 5129 1068 5184; x_wconf 89' lang='lat' dir='ltr'><strong>liberatus</strong></span> <span class='ocrx_word' id='word_1_741' title='bbox 1097 5138 1181 5185; x_wconf 89' lang='lat' dir='ltr'><strong>est</strong></span> <span class='ocrx_word' id='word_1_742' title='bbox 1205 5144 1234 5182; x_wconf 90' lang='lat' dir='ltr'><strong>a</strong></span> <span class='ocrx_word' id='word_1_743' title='bbox 1280 5140 1522 5200; x_wconf 87' lang='lat' dir='ltr'><strong>peccato.</strong></span> <span class='ocrx_word' id='word_1_744' title='bbox 1578 5126 1704 5183; x_wconf 86' lang='lat' dir='ltr'><strong>Ideo</strong></span> <span class='ocrx_word' id='word_1_745' title='bbox 1753 5129 1860 5183; x_wconf 87' lang='lat' dir='ltr'><strong>Lex</strong></span> <span class='ocrx_word' id='word_1_746' title='bbox 1895 5130 2015 5184; x_wconf 88' lang='lat' dir='ltr'><strong>data</strong></span> <span class='ocrx_word' id='word_1_747' title='bbox 2036 5173 2048 5197; x_wconf 92' lang='lat'><strong>,</strong></span> <span class='ocrx_word' id='word_1_748' title='bbox 2078 5143 2206 5200; x_wconf 82' lang='lat' dir='ltr'><strong>pru-</strong></span> 
     </span>
    </p>
   </div>
   <div class='ocr_carea' id='block_1_96' title="bbox 603 5220 2199 5293">
    <p class='ocr_par' dir='ltr' id='par_1_96' title="bbox 603 5220 2199 5293">
     <span class='ocr_line' id='line_1_96' title="bbox 603 5220 2199 5293; baseline 0.001 -18"><span class='ocrx_word' id='word_1_749' title='bbox 603 5221 772 5276; x_wconf 88' lang='lat' dir='ltr'><strong>missa</strong></span> <span class='ocrx_word' id='word_1_750' title='bbox 802 5222 1003 5292; x_wconf 83' lang='lat' dir='ltr'><strong>gratia;</strong></span> <span class='ocrx_word' id='word_1_751' title='bbox 1039 5231 1095 5275; x_wconf 91' lang='lat' dir='ltr'><strong>ut</strong></span> <span class='ocrx_word' id='word_1_752' title='bbox 1123 5220 1233 5277; x_wconf 85' lang='lat' dir='ltr'><strong>Lex</strong></span> <span class='ocrx_word' id='word_1_753' title='bbox 1267 5231 1544 5291; x_wconf 88' lang='lat' dir='ltr'><strong>peceatum</strong></span> <span class='ocrx_word' id='word_1_754' title='bbox 1585 5237 1651 5277; x_wconf 86' lang='lat' dir='ltr'><strong>ex</strong></span> <span class='ocrx_word' id='word_1_755' title='bbox 1704 5232 1858 5292; x_wconf 89' lang='lat' dir='ltr'><strong>parte</strong></span> <span class='ocrx_word' id='word_1_756' title='bbox 1907 5234 2199 5293; x_wconf 86' lang='lat' dir='ltr'><strong>resecaret,</strong></span> 
     </span>
    </p>
   </div>
   <div class='ocr_carea' id='block_1_97' title="bbox 602 5315 1243 5383">
    <p class='ocr_par' dir='ltr' id='par_1_97' title="bbox 602 5315 1243 5383">
     <span class='ocr_line' id='line_1_97' title="bbox 602 5315 1243 5383; baseline 0.003 -17"><span class='ocrx_word' id='word_1_757' title='bbox 602 5315 772 5383; x_wconf 91' lang='lat' dir='ltr'><strong>gratia</strong></span> <span class='ocrx_word' id='word_1_758' title='bbox 804 5330 966 5370; x_wconf 91' lang='lat' dir='ltr'><strong>omne</strong></span> <span class='ocrx_word' id='word_1_759' title='bbox 995 5315 1243 5369; x_wconf 89' lang='lat' dir='ltr'><strong>donaret.</strong></span> 
     </span>
    </p>
   </div>
   <div class='ocr_carea' id='block_1_98' title="bbox 680 5403 2202 5478">
    <p class='ocr_par' dir='ltr' id='par_1_98' title="bbox 680 5403 2202 5478">
     <span class='ocr_line' id='line_1_98' title="bbox 680 5403 2202 5478; baseline 0.003 -18"><span class='ocrx_word' id='word_1_760' title='bbox 680 5405 770 5462; x_wconf 77' lang='grc'><strong>15.</strong></span> <span class='ocrx_word' id='word_1_761' title='bbox 813 5405 992 5478; x_wconf 87' lang='lat' dir='ltr'><strong>(Vers.</strong></span> <span class='ocrx_word' id='word_1_762' title='bbox 1019 5405 1099 5477; x_wconf 84' lang='lat'><strong>5.)</strong></span> <span class='ocrx_word' id='word_1_763' title='bbox 1155 5403 1222 5459; x_wconf 82' lang='lat' dir='ltr'><strong>Et</strong></span> <span class='ocrx_word' id='word_1_764' title='bbox 1249 5420 1368 5459; x_wconf 90' lang='lat' dir='ltr'><strong>cum</strong></span> <span class='ocrx_word' id='word_1_765' title='bbox 1404 5405 1520 5460; x_wconf 74' lang='lat' dir='ltr'><strong>lucc</strong></span> <span class='ocrx_word' id='word_1_766' title='bbox 1576 5405 1733 5461; x_wconf 91' lang='lat' dir='ltr'><strong>nobis</strong></span> <span class='ocrx_word' id='word_1_767' title='bbox 1762 5404 2051 5474; x_wconf 85' lang='lat' dir='ltr'><strong>conferret,</strong></span> <span class='ocrx_word' id='word_1_768' title='bbox 2088 5407 2202 5464; x_wconf 77' lang='lat' dir='ltr'><strong>haec</strong></span> 
     </span>
    </p>
   </div>
   <div class='ocr_carea' id='block_1_99' title="bbox 602 5497 2198 5570">
    <p class='ocr_par' dir='ltr' id='par_1_99' title="bbox 602 5497 2198 5570">
     <span class='ocr_line' id='line_1_99' title="bbox 602 5497 2198 5570; baseline 0.001 -17"><span class='ocrx_word' id='word_1_769' title='bbox 602 5513 704 5569; x_wconf 87' lang='lat' dir='ltr'><strong>pro</strong></span> <span class='ocrx_word' id='word_1_770' title='bbox 743 5498 898 5554; x_wconf 91' lang='lat' dir='ltr'><strong>nobis</strong></span> <span class='ocrx_word' id='word_1_771' title='bbox 944 5497 1170 5563; x_wconf 86' lang='lat' dir='ltr'><strong>subiret,</strong></span> <span class='ocrx_word' id='word_1_772' title='bbox 1203 5513 1302 5553; x_wconf 92' lang='lat' dir='ltr'><strong>nos</strong></span> <span class='ocrx_word' id='word_1_773' title='bbox 1337 5500 1567 5570; x_wconf 86' lang='lat' dir='ltr'><strong>pretium</strong></span> <span class='ocrx_word' id='word_1_774' title='bbox 1613 5500 1734 5570; x_wconf 84' lang='lat' dir='ltr'><strong>ejus</strong></span> <span class='ocrx_word' id='word_1_775' title='bbox 1771 5497 2198 5569; x_wconf 86' lang='lat' dir='ltr'><strong>&#39;repellebamus.</strong></span> 
     </span>
    </p>
   </div>
   <div class='ocr_carea' id='block_1_100' title="bbox 605 5584 2203 5664">
    <p class='ocr_par' dir='ltr' id='par_1_100' title="bbox 605 5584 2203 5664">
     <span class='ocr_line' id='line_1_100' title="bbox 605 5584 2203 5664; baseline 0.002 -18"><span class='ocrx_word' id='word_1_776' title='bbox 605 5589 763 5646; x_wconf 86' lang='lat' dir='ltr'><strong>Unde</strong></span> <span class='ocrx_word' id='word_1_777' title='bbox 807 5595 923 5645; x_wconf 89' lang='lat' dir='ltr'><strong>ait:</strong></span> <span class='ocrx_word' id='word_1_778' title='bbox 963 5589 1319 5646; x_wconf 84' lang='lat' dir='ltr'><strong>Verumtamen</strong></span> <span class='ocrx_word' id='word_1_779' title='bbox 1377 5584 1600 5662; x_wconf 78' lang='lat' dir='ltr'><strong>pretium</strong></span> <span class='ocrx_word' id='word_1_780' title='bbox 1645 5610 1814 5649; x_wconf 84' lang='lat' dir='ltr'><strong>meum</strong></span> <span class='ocrx_word' id='word_1_781' title='bbox 1855 5595 2203 5664; x_wconf 78' lang='lat' dir='ltr'><strong>cogitaverunt</strong></span> 
     </span>
    </p>
   </div>
   <div class='ocr_carea' id='block_1_101' title="bbox 598 5682 2193 5754">
    <p class='ocr_par' dir='ltr' id='par_1_101' title="bbox 598 5682 2193 5754">
     <span class='ocr_line' id='line_1_101' title="bbox 598 5682 2193 5754; baseline 0.002 -18"><span class='ocrx_word' id='word_1_782' title='bbox 598 5684 884 5754; x_wconf 84' lang='lat' dir='ltr'><strong>repellere;</strong></span> <span class='ocrx_word' id='word_1_783' title='bbox 914 5683 1130 5753; x_wconf 90' lang='lat' dir='ltr'><strong>quando</strong></span> <span class='ocrx_word' id='word_1_784' title='bbox 1160 5683 1390 5753; x_wconf 91' lang='lat' dir='ltr'><strong>pretium</strong></span> <span class='ocrx_word' id='word_1_785' title='bbox 1433 5682 1703 5739; x_wconf 86' lang='lat' dir='ltr'><strong>referente</strong></span> <span class='ocrx_word' id='word_1_786' title='bbox 1729 5683 1863 5739; x_wconf 85' lang='lat' dir='ltr'><strong>Juda</strong></span> <span class='ocrx_word' id='word_1_787' title='bbox 1896 5683 2193 5754; x_wconf 90' lang='lat' dir='ltr'><strong>proditore,</strong></span> 
     </span>
    </p>
   </div>
   <div class='ocr_carea' id='block_1_102' title="bbox 585 5763 2198 5831">
    <p class='ocr_par' dir='ltr' id='par_1_102' title="bbox 585 5763 2198 5831">
     <span class='ocr_line' id='line_1_102' title="bbox 585 5763 2198 5831; baseline 0 -2"><span class='ocrx_word' id='word_1_788' title='bbox 585 5763 702 5829; x_wconf 14' lang='lat' dir='ltr'><strong>‘Jud</strong></span> <span class='ocrx_word' id='word_1_789' title='bbox 725 5776 774 5829; x_wconf 67' lang='lat' dir='ltr'><strong>vi</strong></span> <span class='ocrx_word' id='word_1_790' title='bbox 808 5777 860 5828; x_wconf 88' lang='lat' dir='ltr'><strong>iu</strong></span> <span class='ocrx_word' id='word_1_791' title='bbox 893 5774 1131 5829; x_wconf 90' lang='lat' dir='ltr'><strong>loculum</strong></span> <span class='ocrx_word' id='word_1_792' title='bbox 1175 5776 1392 5830; x_wconf 90' lang='lat' dir='ltr'><strong>mittere</strong></span> <span class='ocrx_word' id='word_1_793' title='bbox 1428 5777 1718 5829; x_wconf 89' lang='lat' dir='ltr'><strong>noluerunt</strong></span> <span class='ocrx_word' id='word_1_794' title='bbox 1756 5778 1996 5831; x_wconf 87' lang='lat' dir='ltr'><strong>dicentes</strong></span> <span class='ocrx_word' id='word_1_795' title='bbox 2025 5793 2038 5828; x_wconf 75' lang='grc' dir='ltr'>ε</span> <span class='ocrx_word' id='word_1_796' title='bbox 2073 5773 2198 5829; x_wconf 84' lang='lat' dir='ltr'><strong>Non</strong></span> 
     </span>
    </p>
   </div>
   <div class='ocr_carea' id='block_1_103' title="bbox 603 5867 2197 5943">
    <p class='ocr_par' dir='ltr' id='par_1_103' title="bbox 603 5867 2197 5943">
     <span class='ocr_line' id='line_1_103' title="bbox 603 5867 2197 5943; baseline 0.003 -24"><span class='ocrx_word' id='word_1_797' title='bbox 603 5868 719 5922; x_wconf 80' lang='lat' dir='ltr'><strong>licet</strong></span> <span class='ocrx_word' id='word_1_798' title='bbox 749 5868 893 5922; x_wconf 75' lang='lat' dir='ltr'><strong>nobis</strong></span> <span class='ocrx_word' id='word_1_799' title='bbox 938 5869 1138 5922; x_wconf 83' lang='lat' dir='ltr'><strong>mittere</strong></span> <span class='ocrx_word' id='word_1_800' title='bbox 1179 5870 1233 5922; x_wconf 84' lang='lat' dir='ltr'><strong>in</strong></span> <span class='ocrx_word' id='word_1_801' title='bbox 1287 5867 1689 5937; x_wconf 80' lang='lat' dir='ltr'><strong>loculum;quia</strong></span> <span class='ocrx_word' id='word_1_802' title='bbox 1743 5872 1966 5939; x_wconf 81' lang='lat' dir='ltr'><strong>pretium</strong></span> <span class='ocrx_word' id='word_1_803' title='bbox 1987 5871 2197 5943; x_wconf 79' lang='lat' dir='ltr'><strong>sangui-</strong></span> 
     </span>
    </p>
   </div>
   <div class='ocr_carea' id='block_1_104' title="bbox 603 5959 2200 6036">
    <p class='ocr_par' dir='ltr' id='par_1_104' title="bbox 603 5959 2200 6036">
     <span class='ocr_line' id='line_1_104' title="bbox 603 5959 2200 6036; baseline 0.004 -18"><span class='ocrx_word' id='word_1_804' title='bbox 603 5963 683 6018; x_wconf 71' lang='lat' dir='ltr'><strong>nis</strong></span> <span class='ocrx_word' id='word_1_805' title='bbox 713 5971 784 6020; x_wconf 77' lang='lat' dir='ltr'><strong>est</strong></span> <span class='ocrx_word' id='word_1_806' title='bbox 826 5961 1042 6025; x_wconf 78' lang='lat' dir='ltr'><strong>(Matth.</strong></span> <span class='ocrx_word' id='word_1_807' title='bbox 1088 5976 1260 6030; x_wconf 77' lang='lat' dir='ltr'><strong>xxvn,</strong></span> <span class='ocrx_word' id='word_1_808' title='bbox 1286 5959 1366 6036; x_wconf 80' lang='lat'><strong>6).</strong></span> <span class='ocrx_word' id='word_1_809' title='bbox 1400 5961 1693 6023; x_wconf 85' lang='lat' dir='ltr'><strong>Damnatur</strong></span> <span class='ocrx_word' id='word_1_810' title='bbox 1725 5962 1810 6018; x_wconf 72' lang='lat' dir='ltr'><strong>hic</strong></span> <span class='ocrx_word' id='word_1_811' title='bbox 1857 5963 2058 6033; x_wconf 70' lang='lat' dir='ltr'><strong>iudicio</strong></span> <span class='ocrx_word' id='word_1_812' title='bbox 2100 5979 2200 6024; x_wconf 80' lang='lat' dir='ltr'><strong>suo</strong></span> 
     </span>
    </p>
   </div>
   <div class='ocr_carea' id='block_1_105' title="bbox 2306 4846 3870 4918">
    <p class='ocr_par' dir='ltr' id='par_1_105' title="bbox 2306 4846 3870 4918">
     <span class='ocr_line' id='line_1_105' title="bbox 2306 4846 3870 4918; baseline -0.001 -20"><span class='ocrx_word' id='word_1_813' title='bbox 2306 4854 2525 4913; x_wconf 78' lang='lat' dir='ltr'><strong>querunt</strong></span> <span class='ocrx_word' id='word_1_814' title='bbox 2557 4847 2749 4917; x_wconf 80' lang='lat' dir='ltr'><strong>fontem</strong></span> <span class='ocrx_word' id='word_1_815' title='bbox 2797 4861 2945 4916; x_wconf 73' lang='lat' dir='ltr'><strong>aqua!</strong></span> <span class='ocrx_word' id='word_1_816' title='bbox 2996 4846 3122 4899; x_wconf 75' lang='lat' dir='ltr'><strong>viva!</strong></span> <span class='ocrx_word' id='word_1_817' title='bbox 3149 4886 3164 4913; x_wconf 92' lang='lat'><strong>,</strong></span> <span class='ocrx_word' id='word_1_818' title='bbox 3189 4855 3236 4899; x_wconf 89' lang='lat' dir='ltr'><strong>et</strong></span> <span class='ocrx_word' id='word_1_819' title='bbox 3262 4849 3496 4918; x_wconf 79' lang='lat' dir='ltr'><strong>fecerunt</strong></span> <span class='ocrx_word' id='word_1_820' title='bbox 3549 4848 3650 4902; x_wconf 74' lang='lat' dir='ltr'><strong>sibi</strong></span> <span class='ocrx_word' id='word_1_821' title='bbox 3677 4849 3870 4902; x_wconf 65' lang='lat' dir='ltr'><strong>contritis</strong></span> 
     </span>
    </p>
   </div>
   <div class='ocr_carea' id='block_1_106' title="bbox 2310 4936 3871 5011">
    <p class='ocr_par' dir='ltr' id='par_1_106' title="bbox 2310 4936 3871 5011">
     <span class='ocr_line' id='line_1_106' title="bbox 2310 4936 3871 5011; baseline -0.001 -19"><span class='ocrx_word' id='word_1_822' title='bbox 2310 4936 2669 5010; x_wconf 76' lang='lat' dir='ltr'><strong>lacus(.lerem.</strong></span> <span class='ocrx_word' id='word_1_823' title='bbox 2695 4954 2755 5004; x_wconf 90' lang='lat' dir='ltr'><strong>tt,</strong></span> <span class='ocrx_word' id='word_1_824' title='bbox 2772 4939 2884 5009; x_wconf 73' lang='grc'><strong>15).</strong></span> <span class='ocrx_word' id='word_1_825' title='bbox 2912 4938 3022 4994; x_wconf 79' lang='lat' dir='ltr'><strong>Nec</strong></span> <span class='ocrx_word' id='word_1_826' title='bbox 3041 4939 3235 4992; x_wconf 91' lang='lat' dir='ltr'><strong>ntirum</strong></span> <span class='ocrx_word' id='word_1_827' title='bbox 3256 4941 3298 4992; x_wconf 85' lang='lat' dir='ltr'><strong>si</strong></span> <span class='ocrx_word' id='word_1_828' title='bbox 3315 4940 3570 4994; x_wconf 90' lang='lat' dir='ltr'><strong>sitieruut</strong></span> <span class='ocrx_word' id='word_1_829' title='bbox 3583 4984 3596 5004; x_wconf 88' lang='lat'><strong>,</strong></span> <span class='ocrx_word' id='word_1_830' title='bbox 3612 4943 3707 5011; x_wconf 86' lang='lat' dir='ltr'><strong>qui</strong></span> <span class='ocrx_word' id='word_1_831' title='bbox 3723 4953 3871 5010; x_wconf 76' lang='lat' dir='ltr'><strong>aquam</strong></span> 
     </span>
    </p>
   </div>
   <div class='ocr_carea' id='block_1_107' title="bbox 2309 5032 3873 5105">
    <p class='ocr_par' dir='ltr' id='par_1_107' title="bbox 2309 5032 3873 5105">
     <span class='ocr_line' id='line_1_107' title="bbox 2309 5032 3873 5105; baseline -0.003 -18"><span class='ocrx_word' id='word_1_832' title='bbox 2309 5032 2675 5088; x_wconf 74' lang='lat' dir='ltr'><strong>fontiszeterni</strong></span> <span class='ocrx_word' id='word_1_833' title='bbox 2701 5042 2890 5088; x_wconf 87' lang='lat' dir='ltr'><strong>tenere</strong></span> <span class='ocrx_word' id='word_1_834' title='bbox 2921 5047 3026 5087; x_wconf 91' lang='lat' dir='ltr'><strong>non</strong></span> <span class='ocrx_word' id='word_1_835' title='bbox 3052 5041 3303 5103; x_wconf 86' lang='lat' dir='ltr'><strong>poterant</strong></span> <span class='ocrx_word' id='word_1_836' title='bbox 3329 5033 3527 5088; x_wconf 88' lang='lat' dir='ltr'><strong>lubrici</strong></span> <span class='ocrx_word' id='word_1_837' title='bbox 3545 5035 3873 5105; x_wconf 66' lang='lat' dir='ltr'><strong>perﬁdiam</strong></span> 
     </span>
    </p>
   </div>
   <div class='ocr_carea' id='block_1_108' title="bbox 2309 5125 3873 5198">
    <p class='ocr_par' dir='ltr' id='par_1_108' title="bbox 2309 5125 3873 5198">
     <span class='ocr_line' id='line_1_108' title="bbox 2309 5125 3873 5198; baseline -0.003 -18"><span class='ocrx_word' id='word_1_838' title='bbox 2309 5125 2485 5180; x_wconf 88' lang='lat' dir='ltr'><strong>rimis.</strong></span> <span class='ocrx_word' id='word_1_839' title='bbox 2537 5125 2808 5180; x_wconf 90' lang='lat' dir='ltr'><strong>Sitierunt</strong></span> <span class='ocrx_word' id='word_1_840' title='bbox 2863 5141 3025 5196; x_wconf 78' lang='lat' dir='ltr'><strong>ergo;</strong></span> <span class='ocrx_word' id='word_1_841' title='bbox 3083 5126 3206 5196; x_wconf 87' lang='lat' dir='ltr'><strong>quia</strong></span> <span class='ocrx_word' id='word_1_842' title='bbox 3259 5139 3319 5180; x_wconf 90' lang='lat' dir='ltr'><strong>se</strong></span> <span class='ocrx_word' id='word_1_843' title='bbox 3375 5136 3506 5196; x_wconf 82' lang='lat' dir='ltr'><strong>potu</strong></span> <span class='ocrx_word' id='word_1_844' title='bbox 3563 5128 3873 5198; x_wconf 81' lang='lat' dir='ltr'><strong>privavcrunt</strong></span> 
     </span>
    </p>
   </div>
   <div class='ocr_carea' id='block_1_109' title="bbox 2308 5219 3873 5291">
    <p class='ocr_par' dir='ltr' id='par_1_109' title="bbox 2308 5219 3873 5291">
     <span class='ocr_line' id='line_1_109' title="bbox 2308 5219 3873 5291; baseline 0 -17"><span class='ocrx_word' id='word_1_845' title='bbox 2308 5219 2562 5289; x_wconf 86' lang='lat' dir='ltr'><strong>spiritali,</strong></span> <span class='ocrx_word' id='word_1_846' title='bbox 2585 5233 2746 5288; x_wconf 88' lang='lat' dir='ltr'><strong>quem</strong></span> <span class='ocrx_word' id='word_1_847' title='bbox 2765 5219 3057 5274; x_wconf 84' lang='lat' dir='ltr'><strong>hauserant</strong></span> <span class='ocrx_word' id='word_1_848' title='bbox 3080 5220 3147 5273; x_wconf 89' lang='lat' dir='ltr'><strong>de</strong></span> <span class='ocrx_word' id='word_1_849' title='bbox 3173 5222 3537 5289; x_wconf 85' lang='lat' dir='ltr'><strong>consequenti</strong></span> <span class='ocrx_word' id='word_1_850' title='bbox 3573 5233 3740 5291; x_wconf 89' lang='lat' dir='ltr'><strong>petra.</strong></span> <span class='ocrx_word' id='word_1_851' title='bbox 3760 5220 3873 5278; x_wconf 77' lang='lat' dir='ltr'><strong>Unde</strong></span> 
     </span>
    </p>
   </div>
   <div class='ocr_carea' id='block_1_110' title="bbox 2306 5311 3870 5388">
    <p class='ocr_par' dir='ltr' id='par_1_110' title="bbox 2306 5311 3870 5388">
     <span class='ocr_line' id='line_1_110' title="bbox 2306 5311 3870 5388; baseline -0.001 -20"><span class='ocrx_word' id='word_1_852' title='bbox 2306 5323 2363 5368; x_wconf 90' lang='lat' dir='ltr'><strong>et</strong></span> <span class='ocrx_word' id='word_1_853' title='bbox 2388 5311 2750 5385; x_wconf 89' lang='lat' dir='ltr'><strong>Symmachus</strong></span> <span class='ocrx_word' id='word_1_854' title='bbox 2776 5312 2848 5366; x_wconf 88' lang='lat' dir='ltr'><strong>ait</strong></span> <span class='ocrx_word' id='word_1_855' title='bbox 2879 5330 2891 5366; x_wconf 92' lang='lat'>:</span> <span class='ocrx_word' id='word_1_856' title='bbox 2927 5322 3008 5386; x_wconf 86' lang='grc' dir='ltr'><strong>Τῷ</strong></span> <span class='ocrx_word' id='word_1_857' title='bbox 3037 5311 3166 5387; x_wconf 75' lang='grc' dir='ltr'>δόλῳ</span> <span class='ocrx_word' id='word_1_858' title='bbox 3197 5315 3362 5369; x_wconf 77' lang='grc' dir='ltr'>αὐτῶν</span> <span class='ocrx_word' id='word_1_859' title='bbox 3383 5315 3653 5388; x_wconf 69' lang='grc' dir='ltr'><strong>εὐλόγουν,</strong></span> <span class='ocrx_word' id='word_1_860' title='bbox 3681 5316 3776 5369; x_wconf 87' lang='lat' dir='ltr'><strong>hoc</strong></span> <span class='ocrx_word' id='word_1_861' title='bbox 3797 5322 3870 5373; x_wconf 79' lang='lat' dir='ltr'><strong>est.</strong></span> 
     </span>
    </p>
   </div>
   <div class='ocr_carea' id='block_1_111' title="bbox 2306 5404 3874 5478">
    <p class='ocr_par' dir='ltr' id='par_1_111' title="bbox 2306 5404 3874 5478">
     <span class='ocr_line' id='line_1_111' title="bbox 2306 5404 3874 5478; baseline 0.003 -20"><span class='ocrx_word' id='word_1_862' title='bbox 2306 5405 2506 5478; x_wconf 89' lang='lat' dir='ltr'><strong>placuit</strong></span> <span class='ocrx_word' id='word_1_863' title='bbox 2554 5404 2659 5459; x_wconf 92' lang='lat' dir='ltr'><strong>illis</strong></span> <span class='ocrx_word' id='word_1_864' title='bbox 2687 5405 2740 5459; x_wconf 91' lang='lat' dir='ltr'><strong>in</strong></span> <span class='ocrx_word' id='word_1_865' title='bbox 2788 5405 3094 5471; x_wconf 84' lang='lat' dir='ltr'><strong>mendacio,</strong></span> <span class='ocrx_word' id='word_1_866' title='bbox 3127 5421 3248 5460; x_wconf 89' lang='lat' dir='ltr'><strong>cum</strong></span> <span class='ocrx_word' id='word_1_867' title='bbox 3297 5405 3611 5477; x_wconf 87' lang='lat' dir='ltr'><strong>objieerent</strong></span> <span class='ocrx_word' id='word_1_868' title='bbox 3660 5407 3782 5462; x_wconf 82' lang='lat' dir='ltr'><strong>falsa</strong></span> <span class='ocrx_word' id='word_1_869' title='bbox 3805 5420 3874 5475; x_wconf 74' lang='lat' dir='ltr'><strong>pro</strong></span> 
     </span>
    </p>
   </div>
   <div class='ocr_carea' id='block_1_112' title="bbox 2306 5498 3876 5566">
    <p class='ocr_par' dir='ltr' id='par_1_112' title="bbox 2306 5498 3876 5566">
     <span class='ocr_line' id='line_1_112' title="bbox 2306 5498 3876 5566; baseline -0.003 -12"><span class='ocrx_word' id='word_1_870' title='bbox 2306 5500 2469 5555; x_wconf 84' lang='lat' dir='ltr'><strong>veris.</strong></span> <span class='ocrx_word' id='word_1_871' title='bbox 2494 5498 2668 5554; x_wconf 89' lang='lat' dir='ltr'><strong>Omne</strong></span> <span class='ocrx_word' id='word_1_872' title='bbox 2698 5498 3037 5554; x_wconf 88' lang='lat' dir='ltr'><strong>mendacium</strong></span> <span class='ocrx_word' id='word_1_873' title='bbox 3067 5499 3214 5554; x_wconf 87' lang='lat' dir='ltr'><strong>sitim</strong></span> <span class='ocrx_word' id='word_1_874' title='bbox 3240 5498 3427 5566; x_wconf 86' lang='lat' dir='ltr'><strong>habet,</strong></span> <span class='ocrx_word' id='word_1_875' title='bbox 3457 5501 3666 5556; x_wconf 86' lang='lat' dir='ltr'><strong>veritas</strong></span> <span class='ocrx_word' id='word_1_876' title='bbox 3701 5502 3876 5557; x_wconf 77' lang='lat' dir='ltr'><strong>uberta-</strong></span> 
     </span>
    </p>
   </div>
   <div class='ocr_carea' id='block_1_113' title="bbox 2305 5593 3366 5664">
    <p class='ocr_par' dir='ltr' id='par_1_113' title="bbox 2305 5593 3366 5664">
     <span class='ocr_line' id='line_1_113' title="bbox 2305 5593 3366 5664; baseline -0.002 -16"><span class='ocrx_word' id='word_1_877' title='bbox 2305 5601 2437 5660; x_wconf 91' lang='lat' dir='ltr'><strong>tem,</strong></span> <span class='ocrx_word' id='word_1_878' title='bbox 2459 5608 2580 5664; x_wconf 67' lang='lat' dir='ltr'><strong>quaa</strong></span> <span class='ocrx_word' id='word_1_879' title='bbox 2606 5593 2657 5647; x_wconf 92' lang='lat' dir='ltr'><strong>in</strong></span> <span class='ocrx_word' id='word_1_880' title='bbox 2681 5603 3002 5664; x_wconf 90' lang='lat' dir='ltr'><strong>perpetuum</strong></span> <span class='ocrx_word' id='word_1_881' title='bbox 3031 5601 3366 5664; x_wconf 85' lang='lat' dir='ltr'><strong>perseverat.</strong></span> 
     </span>
    </p>
   </div>
   <div class='ocr_carea' id='block_1_114' title="bbox 2381 5685 3872 5756">
    <p class='ocr_par' dir='ltr' id='par_1_114' title="bbox 2381 5685 3872 5756">
     <span class='ocr_line' id='line_1_114' title="bbox 2381 5685 3872 5756; baseline -0.003 -16"><span class='ocrx_word' id='word_1_882' title='bbox 2381 5686 2470 5742; x_wconf 77' lang='grc'><strong>15.</strong></span> <span class='ocrx_word' id='word_1_883' title='bbox 2511 5686 2577 5740; x_wconf 84' lang='grc' dir='ltr'><strong>Ει</strong></span> <span class='ocrx_word' id='word_1_884' title='bbox 2626 5701 2785 5756; x_wconf 90' lang='lat' dir='ltr'><strong>quam</strong></span> <span class='ocrx_word' id='word_1_885' title='bbox 2833 5688 2941 5742; x_wconf 93' lang='lat' dir='ltr'><strong>cito</strong></span> <span class='ocrx_word' id='word_1_886' title='bbox 2986 5687 3256 5756; x_wconf 82' lang='lat' dir='ltr'><strong>probavit,</strong></span> <span class='ocrx_word' id='word_1_887' title='bbox 3285 5687 3409 5754; x_wconf 87' lang='lat' dir='ltr'><strong>quia</strong></span> <span class='ocrx_word' id='word_1_888' title='bbox 3461 5693 3814 5743; x_wconf 80' lang='lat' dir='ltr'><strong>cucurrerunt</strong></span> <span class='ocrx_word' id='word_1_889' title='bbox 3838 5685 3872 5736; x_wconf 89' lang='lat' dir='ltr'><strong>in</strong></span> 
     </span>
    </p>
   </div>
   <div class='ocr_carea' id='block_1_115' title="bbox 2306 5777 3875 5850">
    <p class='ocr_par' dir='ltr' id='par_1_115' title="bbox 2306 5777 3875 5850">
     <span class='ocr_line' id='line_1_115' title="bbox 2306 5777 3875 5850; baseline -0.002 -18"><span class='ocrx_word' id='word_1_890' title='bbox 2306 5779 2626 5834; x_wconf 88' lang='lat' dir='ltr'><strong>mendacio!</strong></span> <span class='ocrx_word' id='word_1_891' title='bbox 2664 5777 2766 5834; x_wconf 86' lang='lat' dir='ltr'><strong>Ore</strong></span> <span class='ocrx_word' id='word_1_892' title='bbox 2791 5796 2908 5844; x_wconf 81' lang='lat' dir='ltr'><strong>suo,</strong></span> <span class='ocrx_word' id='word_1_893' title='bbox 2935 5779 3129 5850; x_wconf 86' lang='lat' dir='ltr'><strong>inquit,</strong></span> <span class='ocrx_word' id='word_1_894' title='bbox 3155 5778 3544 5846; x_wconf 81' lang='lat' dir='ltr'><strong>benedicebant,</strong></span> <span class='ocrx_word' id='word_1_895' title='bbox 3579 5793 3631 5837; x_wconf 80' lang='lat' dir='ltr'><strong>et</strong></span> <span class='ocrx_word' id='word_1_896' title='bbox 3651 5779 3793 5836; x_wconf 79' lang='lat' dir='ltr'><strong>corde</strong></span> <span class='ocrx_word' id='word_1_897' title='bbox 3807 5793 3875 5831; x_wconf 72' lang='grc' dir='ltr'><strong>δη</strong></span> 
     </span>
    </p>
   </div>
   <div class='ocr_carea' id='block_1_116' title="bbox 2305 5872 3873 5948">
    <p class='ocr_par' dir='ltr' id='par_1_116' title="bbox 2305 5872 3873 5948">
     <span class='ocr_line' id='line_1_116' title="bbox 2305 5872 3873 5948; baseline 0.001 -23"><span class='ocrx_word' id='word_1_898' title='bbox 2305 5872 2697 5928; x_wconf 82' lang='lat' dir='ltr'><strong>maledicebant.</strong></span> <span class='ocrx_word' id='word_1_899' title='bbox 2733 5873 2929 5930; x_wconf 86' lang='lat' dir='ltr'><strong>Misera</strong></span> <span class='ocrx_word' id='word_1_900' title='bbox 2977 5873 3306 5943; x_wconf 82' lang='lat' dir='ltr'><strong>perfidorum</strong></span> <span class='ocrx_word' id='word_1_901' title='bbox 3351 5874 3497 5942; x_wconf 85' lang='lat' dir='ltr'><strong>sitis,</strong></span> <span class='ocrx_word' id='word_1_902' title='bbox 3531 5877 3624 5948; x_wconf 88' lang='lat' dir='ltr'><strong>qui</strong></span> <span class='ocrx_word' id='word_1_903' title='bbox 3654 5875 3791 5931; x_wconf 89' lang='lat' dir='ltr'><strong>aliud</strong></span> <span class='ocrx_word' id='word_1_904' title='bbox 3814 5884 3873 5927; x_wconf 81' lang='lat' dir='ltr'><strong>te-</strong></span> 
     </span>
    </p>
   </div>
   <div class='ocr_carea' id='block_1_117' title="bbox 2305 5964 3870 6044">
    <p class='ocr_par' dir='ltr' id='par_1_117' title="bbox 2305 5964 3870 6044">
     <span class='ocr_line' id='line_1_117' title="bbox 2305 5964 3870 6044; baseline -0.001 -20"><span class='ocrx_word' id='word_1_905' title='bbox 2305 5964 2512 6025; x_wconf 81' lang='lat' dir='ltr'><strong>nebant</strong></span> <span class='ocrx_word' id='word_1_906' title='bbox 2539 5965 2726 6041; x_wconf 85' lang='lat' dir='ltr'><strong>corde,</strong></span> <span class='ocrx_word' id='word_1_907' title='bbox 2775 5975 2827 6026; x_wconf 90' lang='lat' dir='ltr'><strong>et</strong></span> <span class='ocrx_word' id='word_1_908' title='bbox 2852 5982 2946 6028; x_wconf 87' lang='lat' dir='ltr'><strong>ore</strong></span> <span class='ocrx_word' id='word_1_909' title='bbox 2969 5968 3114 6029; x_wconf 88' lang='lat' dir='ltr'><strong>aliud</strong></span> <span class='ocrx_word' id='word_1_910' title='bbox 3157 5967 3546 6044; x_wconf 74' lang='lat' dir='ltr'><strong>loquebantur.</strong></span> <span class='ocrx_word' id='word_1_911' title='bbox 3582 5967 3691 6031; x_wconf 84' lang='lat' dir='ltr'><strong>Ubi</strong></span> <span class='ocrx_word' id='word_1_912' title='bbox 3728 5978 3870 6028; x_wconf 77' lang='lat' dir='ltr'><strong>antem</strong></span> 
     </span>
    </p>
   </div>
  </div>
