4008 6352
173 287 322 346 1173

1311 291 1378 348 ΙΝ
1418 290 1742 351 PSALMUM
1778 291 1895 351 LXI
1935 292 2361 355 ENARRATIO.

3342 303 3480 361 1174

171 404 303 459 lidei
335 406 576 462 exundat
607 406 848 475 ubertas,
877 410 1042 466 corde
1084 410 1329 465 creditur
1376 408 1443 463 ad
1483 410 1770 479 justitiam,
1801 414 1851 471 Α
1880 409 2048 466 Recte
2074 425 2204 481 ergo
2226 410 2522 466 immobilis
2544 410 2794 466 voluntas
2825 409 2953 479 Dei,
2976 425 3096 482 quae
3125 409 3326 467 nullius
3359 429 3482 483 pee-

170 513 272 553 ore
300 500 574 556 confessio
598 501 654 556 lit
691 503 756 557 ad
802 504 1054 560 salutem.
1080 503 1370 574 Quomodo
1396 515 1575 558 autem
1616 505 1784 560 bene-

172 591 422 648 dixerint
451 608 566 660 ore,
594 603 650 650 et
679 597 841 652 corde
866 599 1274 664 maledixerint,
1305 597 1476 652 series
1507 597 1782 654 Passionis

172 683 442 749 ostendit,
466 701 588 740 eum
618 686 860 745 dicerent
893 708 906 744 :
944 689 1227 745 Descendat
1263 690 1328 744 de
1366 706 1518 744 cruce
1543 701 1589 744 et
1612 691 1779 746 credi-

173 795 292 833 mus
314 781 362 834 ei
387 779 606 851 (Matth.
659 799 747 849 xv,
776 783 1104 856 5‘2).Stulti!
1139 785 1215 842 De
1249 796 1424 841 morte
1445 787 1703 854 surrexit,
1727 799 1782 842 et

171 889 285 928 non
318 875 702 944 crediderunt;
731 879 1006 948 quomodo
1038 881 1081 933 si
1109 881 1175 936 de
1200 896 1364 936 cruce
1401 880 1778 950 descenderet,

170 967 576 1025 credidissent?
609 971 852 1038 Speravit
871 973 924 1027 in
953 972 1193 1039 Domino,
1219 975 1402 1044 eripiat
1425 979 1540 1030 eum
1563 991 1580 1030 :
1603 976 1782 1030 liberet

171 1077 315 1115 nunc
342 1078 478 1126 eum,
501 1064 742 1132 quoniam
770 1065 874 1119 vult
902 1081 1018 1119 eum
1039 1064 1210 1137 (Psal.
1246 1082 1356 1134 xxt,
1390 1066 1477 1133 9);
1503 1069 1627 1137 quia
1652 1067 1780 1123 illu-

171 1153 368 1210 dentes
401 1156 579 1225 potius
609 1172 768 1227 quam
794 1167 1043 1227 optantes
1089 1159 1191 1214 ista
1226 1159 1502 1226 dicebant,
1531 1170 1586 1215 et
1610 1161 1777 1217 inter-

169 1248 636 1318 rogabantutrum
667 1259 813 1306 esset
841 1251 936 1307 Dei
967 1251 1159 1318 Filius,
1209 1252 1389 1308 verbis
1435 1253 1654 1324 paciﬁca
1697 1254 1777 1308 lo-

167 1353 426 1414 quentes,
457 1343 622 1398 corde
651 1347 1050 1402 accusationem
1081 1347 1348 1418 sacrilegii
1379 1347 1700 1419 cogitantes.

246 1437 332 1491 16.
359 1435 465 1493 Sed
490 1436 604 1492 lttec
624 1440 870 1510 mystica,
897 1441 1178 1495 veniamus
1200 1441 1266 1496 ad
1292 1443 1533 1497 moralia.
1560 1442 1772 1499 Etenim

165 1532 425 1602 quoniam
448 1547 551 1586 non
573 1532 743 1587 semel
763 1535 1035 1602 appetitur
1053 1534 1484 1608 Christtts,961
1501 1537 1773 1605 appetitus

166 1637 253 1680 est
281 1630 448 1684 semel
485 1629 539 1684 in
565 1645 668 1686 suo
694 1646 924 1702 corpore
964 1633 1106 1704 quod
1148 1637 1391 1705 suscepit
1439 1636 1491 1690 in
1528 1635 1766 1706 Virgine,

163 1719 439 1788 appetitus
463 1732 547 1777 est
574 1721 890 1793 frequenter
918 1726 968 1778 itt
997 1740 1064 1780 eo
1086 1740 1336 1796 corpore,
1363 1725 1507 1797 quod
1549 1740 1635 1782 eSt
1665 1726 1772 1782 Ec—

1885 503 1988 556 cati
2014 513 2264 558 movetur
2289 503 2584 559 illecebris.
2631 503 2894 560 llomines
2933 518 3060 558 vero
3101 504 3360 568 mobiles.
3396 507 3479 560 lu-

1887 596 2019 650 brici
2045 597 2110 650 ad
2143 597 2562 668 delinquendum
2585 639 2601 666 ,
2638 597 2824 652 faciles
2853 597 2920 653 ad
2957 599 3272 655 errandum.
3319 601 3481 655 licui-

1883 704 1988 758 que
2020 689 2088 744 de
2111 689 2312 745 Judzeis
2351 692 2552 746 dictum
2581 699 2666 746 est
2709 709 2722 744 :
2757 689 3103 747 Transeuntes
3128 706 3301 747 autem
3338 693 3479 748 blas-

1885 778 2194 850 pltemubant
2239 799 2386 848 eum,
2419 793 2674 838 moventes
2701 784 2875 854 capita
2918 802 3012 839 sua
3046 784 3261 858 (Matth.
3298 803 3478 854 xxvtt,

1884 872 2000 944 39).
2034 873 2097 926 Et
2130 873 2244 944 ipse
2269 876 2528 930 Dominus
2553 879 2602 931 itt
2629 879 2837 947 psalmo
2865 877 2940 932 ait
2968 896 2979 932 :
3013 877 3201 934 Omnes
3226 882 3315 950 qui
3340 881 3481 936 vide-

1881 963 2001 1018 bant
2031 981 2138 1031 me,
2169 969 2583 1034 aspernabantur
2613 986 2693 1024 me
2725 981 2811 1024 :et
2842 971 3005 1025 locuti
3046 983 3167 1026 sunt
3211 973 3362 1027 labiis
3383 1016 3398 1040 ,
3431 984 3481 1028 st

1882 1069 2147 1112 moverunt
2183 1068 2340 1129 caput
2367 1059 2539 1132 (Psal.
2577 1078 2664 1116 χιι
2685 1104 2698 1128 ,
2731 1064 2812 1132 8).
2840 1062 3014 1134 Caput
3046 1065 3288 1120 omnium
3320 1066 3449 1122 Cltri
3477 1104 3480 1108 ί

1882 1161 1997 1208 stus
2024 1162 2126 1208 est.
2155 1153 2346 1207 Melius
2374 1165 2459 1208 est
2486 1156 2651 1224 igitur
2679 1165 2737 1210 ut
2777 1169 2993 1212 maneat
3023 1156 3271 1214 Christus
3300 1161 3352 1214 in
3385 1177 3482 1214 ne-

1879 1247 1984 1310 bis,
2015 1262 2174 1317 quam
2196 1247 2374 1318 aliqua
2403 1249 2574 1303 nostri
2595 1253 2964 1306 commotione
2993 1261 3296 1312 moveatur.
3323 1251 3479 1308 Unde

1878 1339 2052 1395 Judtei
2098 1351 2378 1396 moventes
2409 1342 2583 1412 capita
2631 1358 2725 1397 sua
2773 1343 3026 1401 dicebant
3059 1363 3071 1398 :
3109 1345 3255 1402 Tolle
3280 1363 3310 1400 a
3341 1356 3478 1402 terra

1878 1435 2032 1489 talem
2059 1435 2192 1488 hunc
2225 1435 2364 1507 (Act.
2400 1452 2546 1502 χιιι,
2578 1435 2692 1508 2:2).
2723 1437 2980 1494 Geraseni
3012 1441 3296 1511 rogabant,
3322 1452 3378 1496 ttt
3405 1442 3476 1498 de

1880 1525 2077 1582 linibus
2117 1542 2302 1582 eorum
2351 1527 2632 1583 recederet
2663 1527 2850 1601 (Lua,
2883 1546 3006 1596 vtn,
3041 1531 3142 1603 37)
3184 1549 3196 1586 :
3233 1533 3476 1588 Ecclesia

1875 1631 2052 1676 autem
2084 1623 2256 1676 tenuit
2278 1638 2423 1689 eum,
2450 1638 2548 1678 nec
2577 1623 2782 1678 dimisit
2803 1640 2948 1678 eum.
2984 1625 3109 1680 Ideo
3137 1627 3226 1682 illa
3253 1643 3373 1698 qua:
3397 1637 3473 1681 te-

1875 1714 1991 1768 nuit
2020 1731 2166 1778 ettm,
2205 1713 2490 1784 possidet:
2524 1715 2600 1770 illi
2643 1717 2733 1785 qui
2782 1728 3103 1785 moverunt,
3149 1731 3335 1774 tenere
3364 1735 3470 1773 non

163 1809 370 1877 clesia;
405 1829 506 1869 nos
536 1815 681 1871 enim
717 1831 906 1872 sumus
947 1833 1144 1888 corpus
1183 1819 1382 1874 Christi
1413 1829 1467 1876 et
1499 1821 1765 1877 membra.

1878 1817 2123 1878 possunt.
2166 1807 2400 1863 Pulchre
2443 1818 2626 1864 autem
2667 1809 2743 1864 ait
2770 1813 3099 1882 evangelista
3146 1813 3272 1882 quia
3322 1823 3472 1867 tran-

163 1906 454 1976 Appetitur
480 1918 533 1964 et
557 1911 609 1964 in
644 1911 872 1981 singulis
898 1913 1099 1967 sanctis
1131 1915 1243 1969 suis
1271 1927 1323 1969 et
1348 1914 1729 1971 innocentibus
1749 1959 1763 1982 ,

161 2001 254 2070 qui
287 2000 512 2057 Domino
539 2018 598 2058 se
626 2005 897 2060 dicarunt.

238 2092 327 2146 17.
367 2092 740 2150 Recordamur
765 2097 1001 2168 aliquem
1032 2095 1311 2168 (Gratiano
1340 2100 1605 2172 imperat.)
1637 2119 1764 2173 pro-

161 2182 310 2238 xime
341 2185 408 2240 ab
442 2186 694 2242 omnibus
723 2190 1024 2260 appetitum
1054 2233 1068 2256 ,
1117 2206 1146 2245 a
1197 2193 1308 2246 suis
1351 2193 1671 2249 destitutum
1703 2211 1766 2251 ac

164 2275 440 2346 proditum
477 2297 488 2331 :
533 2281 625 2349 qui
655 2279 857 2336 dutlutn
893 2283 944 2337 in
979 2295 1233 2354 suggestu
1281 2286 1486 2341 locatus
1517 2288 1762 2356 imperii,

158 2369 342 2424 subito
368 2385 535 2441 egens
565 2373 808 2429 omnium
841 2378 908 2431 ab
939 2376 1072 2447 ipsis
1102 2394 1329 2448 quorum
1361 2380 1763 2438 ltasreditarium

161 2462 337 2519 fuerat
359 2467 581 2521 sortitus
603 2467 942 2540 obsequium,
967 2471 1133 2539 C(Bpll
1163 2474 1360 2543 urgeri.
1388 2474 1764 2546 ingruentibus

161 2557 214 2612 in
247 2560 453 2615 exitum
478 2609 491 2629 ,
525 2561 880 2619 inferentibus
919 2576 1146 2620 mortem
1175 2609 1188 2632 ,
1224 2568 1372 2621 nullo
1403 2569 1759 2637 auxiliatore,

160 2653 316 2708 nullo
335 2653 443 2722 jam
475 2658 624 2710 socio
646 2657 759 2721 sui,
793 2658 943 2712 nullo
965 2659 1187 2714 comite.
1219 2659 1359 2727 Quid
1388 2659 1532 2716 aliud
1568 2662 1763 2718 melius

159 2745 390 2813 dixerit,
421 2764 580 2818 qttam
627 2750 770 2820 quod
814 2766 878 2806 ex
912 2753 1028 2822 ipso
1071 2753 1156 2808 cui
1199 2768 1258 2808 se
1300 2752 1556 2822 devovit,
1607 2770 1762 2812 acce-

161 2850 314 2909 perat
345 2856 358 2894 :
390 2838 578 2896 Nonne
607 2840 720 2898 Deo
748 2844 951 2898 subdita
984 2847 1079 2898 erit
1107 2847 1282 2899 anima
1314 2847 1464 2901 mea?
1497 2846 1610 2903 Hoc
1636 2857 1717 2903 est
1741 2889 1758 2916 ,

159 2932 287 3002 qttid
319 2937 738 3004 perseqttimini;
763 2937 890 3008 quid
914 2939 1122 3005 inritis;
1151 2939 1276 3009 qttid
1305 2941 1611 2996 insultatis?
1634 2944 1762 2996 Car-

161 3041 283 3079 nem
309 3029 536 3098 potestis
557 3029 884 3097 interﬂccre,
910 3030 1144 3085 animam
1177 3047 1282 3086 non
1312 3033 1552 3100 potestis.
1583 3033 1782 3110 Vitam.

163 3120 308 3175 illaut
330 3123 575 3192 corporis
599 3126 823 3192 potcStis
854 3126 1086 3195 eripere,
1113 3129 1364 3181 meritum
1395 3142 1500 3181 non
1531 3129 1759 3198 potestis

1873 1912 2095 1958 scutttes
2134 1904 2423 1958 movebant
2465 1904 2642 1971 capita
2684 1919 2778 1959 sua
2826 1903 3050 1978 (Matth.
3108 1921 3289 1968 xxvn,
3321 1905 3469 1974 59):

1875 2005 2220 2052 transeuntes
2247 2039 2262 2064 ,
2294 2012 2402 2051 non
2432 2006 2664 2052 stantes.
2700 1999 2921 2054 Stamus
2957 2000 3008 2054 in
3037 1999 3192 2054 atriis
3223 2000 3428 2055 sanetis
3455 2043 3470 2066 ,

1872 2091 2213 2160 praeterimus
2270 2091 2320 2145 in
2374 2091 2591 2160 plateis.
2643 2089 2914 2147 Sacerdos
2960 2095 3256 2164 praateriit,
3307 2093 3468 2148 levita

1873 2184 2222 2252 pertransivit
2255 2200 2269 2238 :
2303 2186 2453 2239 stetit
2482 2184 2573 2239 ille
2599 2185 2688 2255 qui
2735 2185 2956 2240 vulnera
3004 2185 3205 2242 inﬂicta
3237 2188 3470 2242 curavit.

1867 2275 2034 2348 962
2066 2275 2132 2330 Et
2156 2276 2277 2330 ideo
2307 2276 2382 2330 illi
2412 2293 2516 2331 non
2547 2277 2802 2332 dixerunt
2829 2279 2916 2346 qui
2947 2279 3249 2334 transibant
3281 2280 3420 2334 viam
3452 2297 3465 2333 :

1869 2367 2172 2424 Benedictio
2195 2367 2408 2424 Domini
2431 2388 2587 2442 super
2609 2387 2734 2426 vos:
2756 2372 3102 2428 benedicimus
3120 2391 3207 2429 vos
3231 2375 3295 2429 de
3315 2375 3468 2430 donto

1869 2459 2082 2516 Domini
2112 2459 2284 2533 (Psal.
2313 2477 2544 2527 cxxvm,
2584 2462 2674 2534 8);
2705 2473 2911 2519 stantes
2939 2465 3108 2531 enim,
3143 2480 3249 2520 non
3285 2475 3463 2521 trans-

1868 2565 2060 2611 euntes
2097 2565 2221 2610 sunt
2270 2557 2436 2626 pedes
2495 2557 2955 2614 benedicentium.
3001 2557 3244 2630 Denique
3286 2570 3342 2616 et
3383 2563 3465 2615 vi.

1867 2665 2024 2704 neatn
2066 2649 2217 2717 cujus
2267 2650 2444 2704 soluta
2478 2650 2708 2705 munitio
2748 2661 2863 2717 est,
2895 2661 3239 2708 transeuntes
3269 2654 3463 2708 vinde-

1867 2742 2134 2805 detniant,
2171 2757 2279 2796 non
2311 2753 2616 2798 manentes.
2650 2741 3020 2800 Transeuntes
3051 2746 3292 2814 sibilant,
3325 2747 3466 2802 sicut

1867 2839 1918 2893 in
1964 2837 2198 2892 Tltrenis
2238 2837 2528 2894 Hieremiae
2575 2837 2847 2909 legimus:
2879 2839 3180 2894 Tenuerunt
3223 2858 3378 2911 super
3420 2855 3468 2896 te

1865 2950 2051 2987 manus
2109 2948 2287 2987 omnes
2329 2940 2655 2987 transeuntes
2691 2949 2781 3003 per
2816 2933 2948 2986 viam
2989 2949 3004 2986 :
3043 2933 3378 2988 sibilarerunt
3423 2947 3470 2989 et

1864 3039 2131 3081 moverunt
2155 3038 2309 3095 caput
2333 3043 2483 3080 suum
2508 3043 2664 3096 super
2687 3027 2850 3096 ﬁliam
2883 3025 3212 3082 Hierusalem
3243 3027 3462 3100 (Thren.

1864 3138 1937 3187 tt,
1974 3105 2085 3192 lii).
2119 3120 2247 3176 ltleo
2295 3121 2553 3176 sacerdos
2603 3138 2712 3176 non
2753 3124 2928 3192 potuit
2968 3124 3254 3191 coronari,
3300 3123 3464 3178 levita

164 3214 530 3285 exstinguere.
562 3218 834 3289 Scriptum
867 3228 950 3274 est
994 3221 1139 3275 enim
1175 3239 1186 3274 :
1225 3219 1402 3275 Nolite
1450 3223 1625 3277 timere
1672 3240 1758 3278 eos

1874 3230 1971 3269 non
2006 3215 2208 3283 potuit,
2259 3215 2384 3284 quia
2418 3215 2792 3280 transierunt,
2845 3224 2899 3269 ct
2949 3227 3221 3285 tamquam
3274 3215 3462 3271 umbra

161 3308 247 3376 qui
273 3320 488 3379 possunt
514 3312 746 3366 occidere
770 3329 978 3367 carnem
999 3355 1014 3382 ,
1043 3300 1270 3368 animam
1306 3325 1475 3369 autem
1503 3332 1604 3369 non
1635 3333 1758 3386 pos-

163 3413 278 3454 sunt
320 3418 339 3456 :
383 3404 473 3457 sed
502 3405 674 3476 potius
722 3422 837 3459 eum
871 3408 1075 3471 timete,
1127 3408 1213 3477 qui
1241 3417 1407 3478 potest
1452 3410 1682 3462 animant
1713 3419 1760 3464 et

162 3511 349 3567 corpus
383 3498 595 3569 perdere
623 3499 679 3553 in
706 3498 993 3570 gehennam
1022 3500 1248 3570 (Matth.
1283 3518 1313 3556 χ
1339 3543 1353 3567 ,
1399 3503 1514 3574 28).
1564 3503 1758 3559 Anima

164 3604 292 3659 ergo
320 3605 439 3660 quae
470 3591 581 3647 Deo
626 3594 837 3648 subdita
865 3603 970 3656 est.
1005 3611 1112 3648 non
1143 3604 1226 3649 est
1257 3593 1508 3649 humanae
1546 3596 1759 3651 subdita

166 3683 450 3752 potestati;
484 3685 551 3737 ab
574 3685 690 3754 ipso
717 3689 860 3741 enim
893 3689 1014 3742 vitae
1046 3688 1274 3743 fructum
1307 3699 1490 3758 Sperat
1516 3701 1758 3758 aeterne,

166 3783 220 3828 et
242 3785 516 3844 perpetua:
551 3776 740 3831 salutis
771 3779 1054 3833 auxilium.
1098 3780 1192 3834 Ille
1229 3796 1364 3849 ergo
1403 3783 1486 3836 cui
1529 3798 1614 3838 me
1654 3794 1760 3836 tra-

167 3866 307 3939 didig,
334 3877 387 3921 et
412 3877 658 3923 necatum
687 3871 954 3935 tuebitur,
987 3881 1043 3926 et
1068 3883 1340 3926 mortuum
1375 3875 1720 3929 resuscitahit
1743 3918 1758 3944 ,

168 3972 219 4016 et
248 3963 540 4018 ulciscetur
570 3965 829 4019 occisum.
863 3965 1070 4035 Raptus
1098 3977 1181 4022 est
1206 3969 1416 4038 justus,
1450 3985 1518 4025 ne
1558 3972 1761 4027 malitia

170 4066 400 4112 mutaret
426 4071 520 4111 cur
559 4057 698 4128 ejus.
731 4058 873 4113 Mors
901 4075 1032 4129 ergo
1062 4059 1162 4114 ista
1187 4063 1354 4133 magis
1383 4065 1587 4133 peccati
1616 4064 1760 4137 fuga,

170 4164 325 4218 quam
351 4148 630 4205 morientis
657 4161 741 4205 est
770 4153 1177 4207 detrimentum.

242 4243 328 4298 18.
371 4243 584 4299 Etenim
615 4245 728 4313 ipse
754 4257 828 4301 est
859 4245 1000 4302 Deus
1026 4263 1196 4317 meus,
1227 4250 1436 4321 adjutor
1476 4268 1642 4319 meus,
1677 4255 1764 4308 de-

170 4338 343 4405 fensor
369 4353 512 4391 meus
533 4355 552 4392 ,ο
572 4355 674 4392 non
707 4343 943 4395 movebar
966 4342 1214 4411 amplius.
1244 4343 1346 4409 Qui
1369 4344 1582 4412 labitur,
1614 4362 1765 4402 com-

172 4439 448 4495 movetur;
486 4445 553 4485 co
582 4431 724 4501 quod
754 4432 822 4490 de
855 4434 1180 4504 integritatis
1207 4447 1262 4492 et
1290 4437 1616 4494 innocentiae
1651 4456 1764 4496 sua:

170 4523 398 4593 quadam
418 4526 654 4582 statione
675 4527 896 4582 deﬂuat.
919 4528 1098 4584 Semel
1127 4531 1272 4586 enim
1306 4531 1356 4585 in
1387 4542 1536 4602 petra
1561 4531 1761 4589 Christi

1865 3306 2270 3378 pt'tcterierunt.
2307 3306 2620 3377 Stephanus
2648 3316 2830 3363 autem
2867 3309 3128 3381 martyrio
3165 3319 3461 3363 coronatus

1864 3412 1977 3467 est;
2008 3402 2128 3472 quia
2159 3410 2397 3457 Stantem
2443 3401 2660 3456 videbat
2687 3400 2974 3454 Dominum
3007 3401 3188 3456 Jesum
3211 3441 3228 3468 ,
3268 3400 3464 3455 inuno-

1864 3495 2047 3560 biletn,
2084 3511 2188 3549 non
2214 3505 2656 3565 praetereuntem.
2691 3495 2991 3552 lmmobilis
3027 3511 3158 3568 ergo
3195 3495 3300 3552 (ide
3331 3497 3458 3552 Ste-

1863 3591 2074 3660 phanus
2127 3590 2461 3646 immobilem
2508 3589 2788 3647 Christum
2837 3591 3056 3647 videbat
3102 3591 3297 3646 :nullo
3344 3599 3464 3647 erat

1864 3687 2056 3741 mortis
2088 3687 2287 3742 timore
2317 3696 2643 3742 commotus.
2672 3686 2789 3742 Non
2821 3687 2989 3743 movit
3021 3701 3080 3742 se
3107 3686 3419 3756 Stephanus
3445 3730 3461 3754 ,

1866 3794 1970 3831 non
1996 3777 2164 3831 movit
2193 3794 2252 3833 se
2271 3777 2538 3832 Christus.
2564 3778 2835 3833 Commoti
2866 3788 2994 3833 sunt
3019 3778 3112 3832 lilii
3145 3779 3462 3848 proditoris,

1863 3871 1930 3926 de
1960 3873 2155 3941 quibus
2190 3871 2389 3926 dicitur
2422 3889 2433 3925 :
2465 3869 2718 3926 Commoti
2749 3882 3081 3926 amoveantur
3107 3873 3204 3942 [itii
3235 3876 3347 3944 ejus
3369 3915 3382 3936 ,
3413 3883 3462 3926 et

1865 3966 2149 4018 mendicent
2182 3963 2355 4035 (Psal.
2386 3979 2550 4029 CVIII,
2583 3947 2694 4036 l0).
2733 3975 2758 4001 “
2787 3965 2924 4035 Eget
2951 3969 3094 4019 enim
3129 3965 3340 4022 medico
3370 3969 3459 4036 qui

1866 4065 2134 4113 movetur.
2165 4057 2325 4126 Inops
2354 4066 2623 4127 peccator,
2649 4057 2800 4111 dives
2825 4068 2906 4112 est
2925 4058 3138 4128 justus;
3164 4059 3286 4128 quia
3313 4060 3462 4114 nullo

1866 4151 2008 4206 bono
2030 4149 2233 4214 deﬁcit,
2268 4151 2356 4221 qui
2388 4150 2680 4205 Dominum
2714 4165 2932 4220 semper
2969 4151 3214 4221 inquirit.

1940 4244 2026 4300 19.
2073 4243 2139 4298 Ει
2191 4244 2315 4314 quia
2349 4243 2474 4297 inde
2521 4252 2722 4298 tractus
2771 4253 2854 4298 est
2893 4259 3110 4309 sermo,
3144 4245 3234 4314 qui
3283 4245 3418 4300 dixit
3458 4265 3472 4303 :

1868 4338 1993 4393 Non
2022 4337 2258 4392 movebar
2285 4337 2553 4406 amplius;
2583 4336 2724 4406 quod
2762 4337 2968 4392 moveri
3005 4337 3071 4392 ad
3100 4338 3324 4408 fculpatn
3355 4337 3422 4392 sit
3450 4381 3465 4403 ,

1864 4433 2101 4490 ostendit
2136 4435 2250 4504 ipse
2269 4431 2443 4487 David
2465 4430 2654 4486 dicens
2680 4448 2693 4484 :
2722 4430 2820 4497 Qui
2842 4432 3014 4502 posuit
3042 4433 3271 4486 animam
3299 4449 3464 4486 meam

1867 4530 1934 4583 ad
1965 4529 2121 4583 vitam
2146 4571 2160 4594 ,
2202 4539 2249 4582 et
2279 4544 2382 4582 non
2425 4525 2568 4580 dedit
2597 4527 2902 4581 commoveri
2931 4529 3085 4599 pedes
3115 4544 3252 4582 meos
3286 4526 3459 4599 (Psal.

174 4615 382 4671 locatus
431 4619 694 4674 lubricum
745 4636 852 4676 non
885 4621 1049 4678 debet
1084 4623 1284 4680 habere
1316 4627 1630 4698 vestigium;
1666 4627 1760 4685 sed
1789 4610 1842 4672 D
1870 4641 1992 4691 va,
2018 4623 2098 4695 9).
2119 4621 2272 4678 Unde
2294 4629 2352 4676 et
2371 4629 2562 4675 sancto
2583 4621 2780 4676 dicitur
2801 4636 2830 4676 a
2850 4621 3078 4676 Domino
3096 4621 3209 4675 Deo
3235 4627 3462 4675 uestro:

173 4718 358 4765 tenere
383 4717 556 4765 status
588 4714 791 4783 pr0prii
835 4716 1254 4774 lirmamentum.
1288 4720 1440 4776 Unde
1471 4723 1763 4779 immobilis

173 4799 401 4867 dicitur,
435 4801 526 4871 qui
554 4813 737 4858 servat
779 4805 1112 4862 immobilem
1147 4810 1477 4866 voluntatem
1503 4855 1514 4874 .
1547 4825 1600 4869 et
1646 4831 1770 4883 pro-

175 4894 406 4961 positum
437 4895 653 4963 aliquod
680 4895 982 4953 intentione
1007 4899 1175 4954 animi
1222 4901 1396 4957 lidelis
1427 4907 1766 4976 exsequitur.

175 4985 306 5041 Nam
349 4996 405 5041 et
435 4987 526 5042 Dei
576 4989 906 5044 immobilem
953 4991 1283 5047 voluntatem
1333 4995 1561 5066 legimus
1587 5039 1600 5058 .
1633 5000 1774 5054 sicut

178 5082 343 5138 habes
375 5083 440 5137 ad
475 5083 736 5140 llebrznos
767 5104 781 5141 :
817 5083 881 5139 In
911 5103 1012 5158 quo
1057 5089 1286 5156 amplius
1318 5089 1457 5145 Deus
1502 5094 1771 5148 ostendere

177 5177 345 5230 volens
371 5177 662 5231 heredibus
689 5180 1106 5248 repromissionis
1131 5181 1542 5239 immobilitatem
1582 5187 1768 5239 volun-

178 5273 292 5323 tatis
340 5286 488 5336 suae,
534 5273 840 5340 interposuit
878 5273 1260 5347 jusjurandum
1303 5275 1493 5347 (Hebr.
1535 5292 1610 5345 γι,
1643 5278 1767 5347 17).

249 5442 274 5468 ἰ
317 5431 458 5486 Ε‹Ιίι.
493 5431 675 5498 lion,
707 5429 836 5502 Eget
862 5433 993 5486 enim
1019 5441 1068 5486 et
1092 5432 1380 5500 mendicat,
1411 5436 1497 5500 qui
1527 5444 1774 5491 movetur.

183 5505 332 5568 Aliae,
367 5519 429 5556 ae
461 5519 588 5575 mss.
623 5520 834 5561 omnes.
874 5504 999 5575 Eget
1026 5505 1159 5556 enim
1191 5504 1419 5568 medico,
1456 5518 1562 5560 etc.
1597 5507 1776 5561 Bonus

182 5591 368 5628 Sl'llSllS
395 5577 518 5628 licet
538 5574 928 5644 aliquantulum
952 5576 1264 5629 reconditus
1297 5595 1309 5630 :
1338 5592 1499 5646 quem
1531 5585 1587 5631 ttt
1611 5580 1778 5646 probe

184 5647 450 5716 intelligas
479 5688 491 5707 ,
538 5647 756 5700 adverte
807 5647 893 5700 ltie
949 5648 1120 5715 prima
1164 5647 1272 5701 duo
1321 5649 1474 5701 istius
1522 5649 1777 5706 versiculi

185 5718 341 5774 verba
376 5718 668 5788 explicari;
700 5721 937 5772 commoti
983 5729 1356 5773 amoveantur:
1383 5720 1778 5776 commetiones

186 5803 361 5849 autem
388 5791 608 5846 morbos
629 5800 790 5862 atque
814 5789 1160 5862 aegritudines
1190 5791 1355 5847 animi
1387 5805 1546 5858 esse;
1577 5792 1722 5847 unde
1747 5808 1776 5848 a

1870 4716 1953 4771 Tu
1977 4726 2149 4770 atttem
2188 4713 2273 4768 hic
2298 4724 2377 4768 sta
2408 4731 2604 4767 mecum
2632 4713 2811 4786 (Deut.
2853 4729 2902 4779 v,
2936 4712 3063 4785 51);
3091 4714 3346 4784 quoniam
3372 4714 3466 4784 qui

1874 4813 1986 4867 Deo
2025 4810 2305 4880 proximus
2337 4818 2450 4876 est,
2503 4809 2680 4877 lapsui
2725 4824 2830 4862 non
2866 4815 3040 4876 potest
3085 4822 3207 4863 esse
3237 4807 3468 4862 vicinus.

1871 4905 2061 4962 Omnis
2083 4905 2228 4972 enim
2251 4903 2407 4972 culpa
2439 4903 2584 4957 velut
2612 4901 2928 4956 adversario
2952 4901 3071 4954 nisu
3099 4899 3310 4956 deloco
3337 4901 3476 4970 deji-

1875 5017 2022 5066 cere,
2048 5010 2103 5054 et
2128 4969 2194 5053 de
2221 4999 2441 5070 proprio
2469 5007 2611 5052 statu
2645 5007 2881 5050 mentem
2911 5010 3132 5048 moVere
3157 4997 3474 5051 consuevit:

1875 5094 2016 5163 quod
2047 5094 2127 5148 vel
2156 5093 2225 5147 ab
2247 5093 2423 5156 hoste,
2453 5092 2534 5145 vel
2565 5091 2630 5143 ab
2659 5087 2952 5142 luctamine
2981 5096 3211 5141 tractum
3241 5088 3475 5142 videtur.

1873 5187 2165 5243 Perturbat
2191 5188 2266 5240 ira
2291 5227 2303 5248 ,
2354 5183 2594 5238 incendit
2627 5181 2790 5235 libido
2813 5222 2829 5244 ,
2857 5180 3101 5234 stimulat
3133 5178 3354 5243 invidia,
3387 5196 3482 5234 ex-

1877 5278 2081 5336 cruciat
2110 5279 2361 5343 avaritia,
2398 5277 2558 5328 timor
2583 5273 2786 5342 dejicit,
2817 5287 3020 5326 tnmror
3042 5272 3252 5342 afﬂigit.
3282 5270 3349 5324 Et
3379 5269 3480 5323 Pe.-

1883 5436 2089 5493 Crtccis
2128 5438 2262 5494 πάθη
2302 5440 2508 5486 vocatm
2540 5437 2684 5483 sunt.
2717 5427 2960 5481 lnttuitur
2988 5427 3168 5496 itaque
3217 5425 3322 5480 ltoc
3366 5433 3483 5480 toto

1886 5508 2154 5562 versiculo
2199 5513 2508 5578 peccatores
2538 5511 2593 5554 et
2630 5501 2690 5578 in
2711 5497 3032 5578 aegritudine
3076 5507 3131 5578 et
3152 5499 3210 5578 oin
3243 5505 3484 5565 egestate

1885 5597 1949 5635 ac
1976 5571 2212 5649 penuria
2241 5590 2363 5650 esse
2392 5573 2617 5650 positos.
2649 5571 3328 5650 lianc.interpretationent
3349 5580 3486 5650 cono

1888 5638 2106 5706 lirmaut
2132 5638 2420 5720 quteittira
2450 5644 2517 5698 de
2546 5644 2644 5709 ira,
2675 5641 2896 5698 libidine
2937 5649 3098 5709 atque
3123 5638 3242 5692 aliis
3267 5645 3486 5706 pertura
3551 5658 3561 5666 ν

1888 5719 2199 5780 bationibus
2226 5719 2496 5775 dicuntur.
