4008 6352
566 276 705 333 “75

1905 273 2153 332 SANC'I'I
2193 272 2521 333 AMBROSII

3724 278 3837 337 ιιπ

558 402 642 447 tro
674 391 881 448 dictum
908 399 993 449 est
1031 405 1060 448 a
1102 391 1332 449 Domino
1373 392 1504 449 Jesu
1542 410 1555 446 :
1595 391 1724 447 t'eui
1754 401 1892 447 retro
1921 401 2034 464 post
2084 406 2164 446 me
2190 393 2240 454 Α
2275 400 2438 462 atque
2469 392 2787 464 simplicitas
2818 401 2935 459 est;
2962 391 3090 465 quia
3126 394 3392 465 scriptum
3434 399 3522 449 est
3552 407 3567 445 :
3614 388 3837 448 Possessis

553 484 756 560 (Marc.
792 504 884 543 vttt
906 531 919 553 ,
949 488 1064 558 55).
1089 496 1114 525 ἰ
1139 487 1254 544 Non
1285 487 1415 544 dixit
1453 507 1465 543 :
1502 488 1641 545 Veni
1674 499 1821 545 retro
1848 487 1989 561 (hoc
2015 487 2163 543 enim

560 579 781 635 diabolo
808 580 907 635 soli
935 580 1103 651 dixit)
1132 581 1225 636 sed
1270 598 1282 633 :
1322 580 1452 635 Veni
1481 593 1617 636 retro
1649 591 1763 652 post
1795 598 1910 647 me;
1942 594 2049 635 non
2081 588 2166 635 est

564 679 710 732 enim
740 686 914 741 retro,
946 678 1035 748 qui
1068 688 1188 747 post
1210 678 1487 733 Chrisnnn
1515 687 1618 735 est.
1656 677 1762 733 Sed
1793 678 1917 749 quia
1949 676 2167 731 errabat

562 769 777 835 Petrus,
808 771 950 825 sicut
984 771 1242 825 Dominus
1270 773 1387 841 ipse
1417 771 1494 826 ait
1523 772 1588 825 ad
1625 771 1801 842 ipsum
1850 788 1863 825 :
1901 769 2038 837 Quia
2065 786 2164 823 non

563 863 728 932 sapis,
763 862 972 933 inquit,
1005 880 1121 934 qua?
1164 864 1259 918 Dei
1291 874 1441 931 sunt,
1476 863 1568 919 sed
1607 881 1723 933 qua:
1753 872 1872 918 sunt
1903 863 2168 916 hominum

563 955 796 1029 (Ibid);
827 957 950 1012 ideo
983 968 1106 1028 post
1134 974 1221 1014 me
1251 958 1375 1013 veni
1398 1001 1412 1025 ,
1435 969 1491 1012 ut
1514 958 1744 1030 incipias
1778 974 1883 1013 non
1913 958 2167 1023 humana,

565 1051 661 1109 sed
692 1050 874 1105 divina
909 1053 1135 1107 sentire.
1172 1051 1297 1107 Ideo
1340 1062 1395 1107 ct
1440 1052 1527 1106 hic
1562 1052 1747 1123 justus
1798 1051 2093 1120 rapietnlus
2138 1064 2171 1105 e

566 1147 729 1201 terris
762 1145 833 1200 ait
872 1166 884 1204 :
922 1147 1039 1201 Non
1086 1148 1323 1201 movebar
1367 1147 1614 1220 amplius.
1661 1143 1889 1199 Dissolvi
1917 1146 2083 1207 enim,
2124 1154 2173 1199 et

567 1258 683 1294 cum
715 1238 922 1295 Christo
966 1256 1075 1294 esse
1100 1283 1114 1305 ,
1145 1240 1309 1293 multo
1341 1240 1523 1295 melius
1556 1238 1784 1309 (Philip.
1821 1253 1872 1301 ι,
1901 1237 2017 1309 ‘25).
2052 1234 2170 1290 Non

568 1334 711 1388 enim
740 1334 842 1386 labi
877 1334 1074 1401 poterit
1098 1333 1187 1402 qui
1215 1333 1444 1401 coeperit
1474 1346 1595 1386 esse
1620 1346 1744 1385 cum
1773 1330 2018 1396 Christo;
2051 1329 2171 1400 quia

569 1440 719 1478 mors
745 1425 894 1493 ju5to
924 1441 1029 1479 non
1057 1435 1265 1479 natura:
1295 1424 1439 1488 finis,
1473 1423 1566 1478 sed
1591 1423 1764 1493 culpa:
1793 1432 1896 1476 est.

635 1518 727 1573 20.
770 1519 916 1574 tuter
966 1520 1062 1573 has
1094 1534 1257 1574 voces
1303 1518 1482 1573 subito
1528 1519 1671 1573 videt
1722 1518 1935 1585 agmina
1983 1532 2170 1587 perse-

567 1613 869 1684 queutium,
890 1622 943 1667 et
974 1613 1119 1667 inter
1152 1613 1390 1683 pericula
1418 1612 1624 1682 positus
1655 1628 1761 1666 non
1785 1611 1852 1667 de
1882 1627 1942 1666 se
1969 1610 2176 1664 Sollici-

566 1716 688 1771 tus;
721 1706 817 1762 si-d
842 1705 908 1760 de
940 1709 1021 1760 his
1050 1721 1187 1777 quos
1216 1705 1447 1761 liberare
1472 1706 1744 1773 cupiebat,
1774 1704 1849 1758 ait
1869 1722 1881 1757 :
1901 1703 2177 1773 Quousque

2270 489 2502 560 pretiosa
2523 489 2601 542 vir
2626 492 2851 543 mundus
2881 486 3067 559 (Prov.
3106 504 3181 545 xu
3201 531 3218 557 ,
3243 487 3375 559 27);
3404 486 3545 543 nihil
3579 489 3718 542 enim
3742 503 3839 558 pre-

2268 581 2460 636 tiosius
2483 582 2599 637 viro
2621 581 2877 653 simplici.
2901 579 3059 638 Unde
3086 582 3380 654 Apostolus
3400 578 3634 651 pulchre
3661 596 3676 635 :
3702 581 3840 633 Aban-

2268 677 2407 730 darit
2434 718 2449 741 ,
2484 676 2689 747 inquit,
2741 676 2794 729 in
2842 675 3039 730 divitiis
3084 675 3441 745 simplicitatis
3488 688 3601 727 sua?
3630 671 3706 743 (ll
3744 672 3843 728 Cor.

2270 784 2401 829 vttt.
2434 767 2517 841 2).
2547 768 2685 835 Quid
2727 768 2871 823 enim
2902 766 3255 837 simplicitate
3298 766 3470 820 ditius
3520 782 3533 817 :
3572 780 3690 835 qua:
3729 765 3845 822 sicut

2273 862 2447 917 bonus
2477 860 2867 931 paterfamilias
2890 863 3023 915 satis
3058 860 3159 913 sibi
3190 857 3464 923 abundat,
3509 866 3567 912 et
3608 873 3700 911 sua
3724 860 3843 928 puri-

2272 964 2383 1011 tate
2408 964 2685 1021 contenta,
2718 970 2824 1008 non
2853 954 3048 1023 quierit
3069 952 3332 1017 alienum,
3367 966 3472 1005 nec
3514 951 3748 1019 abrudtt;
3772 954 3848 1008 sed

2274 1049 2342 1104 de
2386 1064 2446 1103 se
2486 1056 2718 1103 exteros
2765 1046 2955 1116 tingit?
2988 1044 3255 1100 lunocens
3301 1042 3453 1099 enim
3509 1042 3682 1097 credit
3727 1048 3847 1100 omni

2274 1144 2446 1199 verbo
2469 1185 2483 1207 ,
2517 1157 2616 1197 nec
2654 1156 2715 1196 se
2743 1143 2797 1195 in
2826 1152 2972 1195 artes
3002 1139 3179 1193 varias
3205 1152 3353 1208 sit-pe
3383 1146 3678 1191 commutat
3701 1154 3715 1199 ;
3738 1138 3849 1195 sicut

2275 1236 2472 1293 astutia
2502 1252 2622 1307 qua:
2666 1245 2722 1290 ut
2754 1235 2823 1290 sit
2852 1243 3031 1299 cauta,
3065 1233 3224 1288 timet
3247 1229 3465 1297 omnia,
3500 1244 3603 1286 nec
3628 1245 3683 1285 se
3704 1233 3851 1286 cousi-

2277 1332 2367 1388 liis
2408 1332 2518 1386 suis
2541 1330 2756 1385 credit;
2787 1337 2969 1384 versat
2997 1342 3124 1381 snas
3155 1326 3270 1397 ipsa
3302 1325 3637 1381 sententias.
3668 1325 3850 1395 Simpli-

2278 1426 2419 1482 citas
2441 1435 2621 1480 autem
2651 1425 2843 1478 timere
2872 1422 2945 1476 nil
2978 1421 3148 1476 novit.
3196 1419 3311 1475 ΙΙοε
3344 1419 3515 1491 igitur
3538 1434 3729 1490 genere
3756 1436 3849 1487 ιςιε-

2280 1523 2411 1577 tium
2435 1520 2565 1589 justi
2596 1518 2861 1589 repellere
2895 1523 3275 1577 teutavermtt;
3320 1515 3423 1569 etsi
3457 1512 3635 1584 possit
3671 1521 3722 1567 et
3746 1514 3849 1567 illud

2280 1612 2539 1684 intelligi,
2587 1612 2714 1683 quia
2768 1625 2960 1665 aurum
3023 1608 3140 1678 ejus
3183 1606 3439 1661 manibus
3510 1604 3851 1675 accipirbmt,

2281 1710 2446 1766 corde
2493 1710 2683 1765 intimo
2711 1706 3074 1779 repellebant,
3110 1704 3348 1777 praedam
3400 1711 3690 1768 tenentes,
3727 1701 3851 1756 fidem

567 1799 770 1853 irruitis
813 1801 866 1852 in
908 1799 1199 1865 hominem,
1234 1799 1597 1869 interﬁcientes
1642 1798 1903 1851 universos
1926 1796 2137 1870 (Supra
2158 1837 2172 1861 ,
2205 1804 2253 1865 Β
2283 1811 2567 1873 negantes.

568 1909 702 1947 vers.
735 1891 845 1960 ut)?
906 1890 962 1947 Si
1019 1908 1107 1948 me
1156 1892 1432 1961 quaeritis,
1487 1906 1587 1945 cur
1634 1890 1771 1944 alios
1821 1890 1984 1943 vultis
2034 1886 2177 1943 occi-

571 1983 740 2039 dere?
771 1981 954 2039 Offero
992 2000 1080 2039 me
1112 1984 1225 2055 ipse
1256 1998 1353 2052 pro
1393 1983 1611 2042 multis:
1642 1983 1767 2054 quia
1798 1997 1896 2054 pro
1926 1981 2179 2037 omnibus

569 2078 719 2133 solus
750 2092 809 2132 se
856 2077 945 2133 ille
990 2076 1166 2147 putuit.
1204 2076 1424 2143 oll‘erre,
1457 2077 1547 2148 qui
1580 2087 1772 2131 auctor
1802 2086 1884 2135 est
1906 2077 2172 2131 omnium.

567 2170 741 2239 Ipsius
767 2185 897 2239 ergo
918 2185 1079 2240 quem
1103 2170 1433 2240 sequebatur
1462 2169 1704 2224 imitator
1728 2167 2174 2242 ait(.loan.;xvnt,

570 2262 603 2315 8
630 2271 675 2315 et
698 2260 754 2334 9)
785 2280 797 2315 :
835 2261 897 2316 Si
926 2278 1004 2315 me
1023 2262 1281 2333 quaeritis,
1312 2263 1466 2315 sinite
1490 2263 1585 2315 Iros
1610 2261 1786 2326 abire;
1816 2271 1870 2316 ut
1899 2262 2178 2331 impleatur

575 2375 741 2412 sermo
792 2374 943 2430 quem
975 2357 1106 2411 dixit
1134 2355 1289 2411 Iesus
1322 2371 1341 2412 :
1375 2356 1512 2424 Quia
1558 2372 1660 2411 non
1709 2356 1912 2429 perdidi
1943 2372 2006 2410 ea:
2051 2355 2179 2425 ipsis

572 2467 877 2521 quemquam
906 2460 1091 2517 praeter
1122 2466 1285 2503 unum
1315 2450 1452 2522 (hoc
1485 2450 1632 2505 enim
1666 2451 1719 2504 in
1750 2449 1857 2503 alio
1887 2448 2024 2503 libro
2056 2462 2179 2503 sen-

573 2544 738 2598 tentia
771 2542 981 2596 Domini
1012 2540 1595 2612 comprehendit);qui
1639 2549 1820 2595 tamen
1869 2554 1966 2595 sua
2009 2540 2179 2610 magis

576 2642 742 2711 periit
772 2640 1074 2703 voluntate,
1106 2654 1266 2709 quam
1289 2653 1430 2703 mea,
1464 2637 1667 2707 inquit,
1703 2636 1997 2692 severitate
2025 2636 2179 2706 puni-

576 2746 666 2791 tus
691 2744 795 2791 est.
848 2734 916 2789 Et
945 2749 1069 2788 cum
1100 2749 1201 2805 ego
1237 2749 1324 2789 me
1353 2743 1548 2805 sponte
1587 2731 1813 2788 offeram
1842 2774 1857 2798 ,
1889 2731 2095 2787 irruitis
2125 2741 2180 2786 et

572 2831 889 2887 incuiuhitis
918 2841 1175 2899 tam/uani
1205 2830 1393 2899 parieti
1429 2829 1702 2893 inclinato,
1736 2838 1784 2882 et
1818 2828 2058 2881 maceriis
2082 2828 2179 2880 im-

575 2927 741 2995 pulsae
771 2923 999 2997 (Psalmi
1024 2941 1153 2978 vers.
1186 2922 1277 2993 4);
1329 2923 1432 2979 hoc
1475 2931 1560 2979 est
1593 2940 1606 2976 :
1634 2923 1787 2991 Apex
1834 2920 2033 2975 dudum
2081 2936 2178 2975 no-

574 3019 701 3073 bilis
725 3020 873 3075 sedis
912 3018 1075 3091 963
1102 3028 1384 3089 augustae,
1431 3026 1487 3073 et
1527 3015 1846 3071 circumfusi
1890 3024 2005 3069 toto
2047 3014 2179 3069 orbe

578 3111 826 3166 Romano
857 3111 1069 3165 \talidns
1096 3109 1369 3180 quondam
1412 3124 1601 3163 murus
1628 3107 1872 3177 imperii,
1901 3108 2041 3162 sicut
2080 3121 2175 3177 pa-

548 3204 685 3270 _ries
718 3204 1033 3270 inclinatus,
1059 3212 1153 3257 aut
1182 3204 1445 3258 maceries
1471 3202 1703 3273 impulsa
1726 3201 1993 3256 collabor.

644 3300 736 3355 21.
780 3299 888 3356 Sed
919 3308 1060 3363 esto,
1093 3299 1158 3353 ad
1189 3310 1421 3355 mortem
1456 3314 1543 3355 me
1586 3313 1758 3369 usque
1788 3298 2167 3367 appetierunt,

576 3394 910 3465 qumsierunt
940 3395 1006 3448 ad
1038 3408 1227 3449 necem
1267 3394 1515 3449 dicentes
1552 3411 1565 3448 :
1611 3393 1893 3448 Tollantus
1927 3392 2132 3462 justum
2161 3435 2174 3458 ,

578 3487 835 3541 tollamus
863 3486 1305 3553 misericmdem;
1337 3488 1463 3556 quia
1497 3486 1679 3556 gravis
1707 3495 1791 3540 est
1827 3484 1987 3540 nobis
2013 3485 2177 3540 etiam

578 3578 646 3634 ad
681 3578 973 3635 videndum
1009 3598 1021 3632 :
1068 3580 1165 3633 sed
1198 3580 1361 3635 etiam
1396 3577 1423 3616 ι)
1456 3578 1915 3633 existimationem
1963 3594 2139 3634 mcam
2165 3622 2179 3643 ,

578 3674 956 3727 castimoniam
992 3688 1165 3726 meam
1199 3672 1544 3727 sauciandam
1588 3672 1738 3727 falsis
1766 3673 2055 3727 calumniis
2083 3688 2180 3741 pu-

582 3779 868 3833 taverunt;
904 3766 1007 3823 hoc
1036 3776 1121 3822 est
1148 3766 1293 3821 enim
1329 3785 1341 3822 :
1377 3764 1613 3821 Pretium
1634 3784 1801 3821 meum
1834 3768 2181 3841 regitavernnt

578 3862 861 3933 repellere;
890 3862 1016 3930 quia
1049 3872 1070 3900 ο
1106 3860 1338 3931 pretium
1364 3871 1610 3915 nostrum
1641 3860 1897 3929 pudicitia
1925 3872 2030 3926 est,
2060 3877 2181 3931 qum

582 3972 681 4011 nos
724 3966 943 4027 septrat
989 3972 1017 4009 a
1066 3956 1405 4026 pecudibus,
1438 3956 1645 4026 angelis
1686 3955 1886 4025 jungit.
1936 3954 2180 4009 Pretium

578 4060 825 4106 nostrum
861 4050 1235 4105 misericordia
1273 4059 1384 4118 est,
1421 4066 1541 4121 qua:
1589 4064 1690 4104 nos
1730 4049 1856 4103 dum
1902 4048 2185 4105 confertur

579 4147 837 4215 inopibus
862 4186 875 4207 ,
910 4144 1127 4199 redimit
1168 4160 1196 4197 a
1229 4155 1424 4200 morte.
1475 4144 1715 4199 Pretium
1756 4154 2005 4198 nostrum
2047 4142 2181 4200 ﬁdes

580 4249 661 4293 est
684 4282 698 4305 ,
730 4254 849 4303 quze
876 4252 1070 4290 omnes
1102 4236 1354 4291 homines
1389 4236 1575 4308 gentili
1606 4251 1797 4290 errore
1833 4245 1887 4291 et
1917 4238 2181 4291 servitute

579 4331 869 4399 depressos
893 4331 1109 4385 Christo
1148 4330 1458 4400 acquisivit.
1489 4329 1728 4385 Pretium
1760 4340 2004 4384 nostrum
2040 4329 2179 4386 bona

577 4422 904 4478 exiStimatio
932 4432 1046 4486 est;
1080 4424 1205 4492 quia
1244 4423 1674 4493 uniuscujusque
1717 4432 1964 4477 nostrum
2011 4426 2179 4479 meri-

2352 1895 2447 1951 22.
2493 1892 2646 1950 Unde
2688 1903 2741 1948 et
2769 1892 2845 1947 ait
2878 1910 2891 1945 :
2920 1890 3137 1947 Cucurri
3168 1892 3224 1945 in
3253 1890 3381 1953 siti;
3428 1902 3501 1944 eo
3547 1886 3691 1959 quod
3729 1886 3852 1941 (idem

2281 1997 2571 2060 quaereret,
2597 1998 2651 2042 et
2676 1985 2922 2041 invenire
2948 2002 3052 2041 non
3078 1993 3263 2056 posset
3282 2027 3298 2050 ,
3325 1982 3629 2037 de5titutus
3649 1997 3677 2035 a
3704 1982 3853 2043 sociis,

2281 2098 2311 2137 a
2344 2081 2578 2154 propriis
2608 2079 2924 2136 derelictus.
2948 2079 3054 2151 1Sic
3100 2078 3391 2133 Dominum
3439 2074 3635 2130 Jesum
3666 2074 3857 2145 legimus

2283 2176 2335 2230 in
2367 2174 2660 2245 Evangelio
2686 2183 2740 2229 et
2765 2173 3003 2229 esurisse
3022 2214 3036 2237 ,
3062 2182 3118 2227 et
3144 2169 3325 2225 sitisse
3349 2167 3604 2240 (Matth,
3632 2182 3711 2229 tv,
3743 2166 3799 2233 9.,
3824 2180 3854 2219 et

2281 2268 2441 2325 Joan.
2480 2284 2574 2324 xix
2598 2310 2614 2337 ,
2644 2266 2771 2339 28);
2804 2282 2928 2323 cum
2951 2266 3186 2322 esuriret
3218 2263 3382 2319 fidem
3416 2272 3695 2323 nostram,
3718 2263 3855 2317 sitiret

2282 2380 2445 2434 opera
2476 2372 2660 2418 nostra
2684 2401 2700 2428 ,
2744 2376 2994 2433 quaerere
3038 2358 3315 2414 videretur
3350 2356 3561 2411 aliena.
3611 2356 3714 2410 Aut
3742 2357 3855 2409 utsii

2282 2460 2425 2514 sitim
2459 2456 2711 2527 corporis
2757 2454 3057 2511 referamus
3078 2496 3091 2519 ,
3119 2462 3319 2525 quanta
3365 2450 3691 2521 indignitate
3718 2449 3855 2504 dicit:

2282 2553 2503 2607 Cucurri
2534 2554 2584 2606 in
2612 2552 2737 2606 siti?
2768 2551 2870 2606 hoc
2898 2559 3021 2608 est:
3049 2550 3159 2620 Ego
3183 2547 3465 2611 sitiebant,
3498 2561 3627 2602 cum
3656 2545 3740 2599 alii
3769 2561 3855 2599 mea

2282 2646 2407 2701 vina
2440 2654 2716 2700 ructarent
2739 2661 2753 2711 ;
2779 2653 2834 2700 et
2863 2661 2930 2699 ex
2959 2644 3052 2698 illo
3077 2652 3336 2714 suggestu
3363 2640 3624 2696 sublimis
3645 2639 3855 2710 imperii,

2282 2739 2667 2810 opulentiaque
2700 2736 2902 2807 regali,
2951 2736 3019 2791 ad
3065 2747 3313 2791 extrema
3344 2734 3469 2789 sitis
3503 2732 3715 2804 plebeia
3759 2747 3859 2804 qn:-

2283 2832 2406 2888 dam
2431 2833 2642 2888 vilitate
2672 2831 2937 2887 deducms
2964 2846 3105 2885 sum.

2354 2926 2445 2981 25.
2474 2925 2541 2980 Et
2564 2926 2689 2997 quia
2712 2924 2937 2982 Gra-cus
2965 2922 3129 2980 habet
3156 2922 3379 2999 ἴδραμον
3400 2966 3414 2988 ,
3446 2921 3599 2993 quod
3631 2920 3860 2993 signiﬁcat

2283 3029 2339 3075 et
2365 3018 2584 3074 cucurri
2615 3018 3008 3089 singulariter,
3057 3024 3111 3072 et
3155 3025 3529 3071 cucurrerunt
3574 3014 3854 3087 pluraliter.

2284 3122 2468 3185 potest
2496 3123 2550 3170 et
2576 3112 2655 3169 sic
2687 3111 2919 3183 intelligi
2956 3128 2969 3165 :
3006 3109 3388 3166 Cucurrerunt
3418 3109 3473 3164 in
3504 3108 3597 3164 siti
3623 3152 3639 3175 ,
3670 3124 3856 3180 quorum

2201 3213 2245 3275 C
2280 3211 2461 3264 fauces
2491 3218 2626 3263 aestu
2673 3206 2842 3263 nimio
2872 3205 3133 3262 fundendi
3166 3206 3271 3261 mei
3298 3206 3588 3276 sanguinis
3614 3216 3857 3261 eriterunt.

2281 3302 2435 3359 Sicut
2460 3302 2603 3358 enim
2631 3310 2712 3356 est
2742 3301 2861 3356 sitis
2889 3300 3009 3356 fidei
3032 3342 3046 3365 ,
3081 3300 3152 3356 ita
3178 3311 3233 3355 et
3264 3298 3539 3369 perﬁdiae.
3562 3298 3723 3353 Sitim
3745 3298 3858 3352 illam

2278 3398 2457 3468 justus
2496 3396 2640 3457 sitit,
2672 3394 2763 3466 qui
2802 3395 2878 3448 ait
2922 3413 2934 3449 :
2967 3393 3142 3449 Sitirit
3188 3393 3365 3447 anima
3410 3408 3532 3447 mea
3564 3391 3635 3445 ad
3664 3401 3730 3458 te,
3756 3386 3859 3443 Das

2285 3490 2460 3562 (Psal.
2494 3506 2580 3545 xu
2601 3532 2615 3555 ,
2646 3490 2725 3560 5).
2752 3488 2912 3545 Istam
2941 3487 3167 3559 perfidi,
3200 3503 3436 3557 quorum
3465 3486 3653 3557 lingua
3680 3502 3779 3558 pra:
3796 3486 3857 3539 siti

2282 3586 2443 3640 aruit.
2471 3585 2644 3653 Quam
2691 3583 2859 3638 sitivit
2898 3579 2925 3619 ἀ
2958 3582 3047 3638 ille
3072 3582 3161 3653 qni
3192 3582 3336 3637 inter
3377 3582 3623 3637 convivii
3649 3582 3798 3652 dapes
3822 3591 3860 3634 et

2284 3678 2473 3747 pocula
2505 3676 2854 3741 constitutus,
2874 3675 3177 3731 innocentis
3204 3674 3451 3729 conviva:
3480 3689 3678 3730 necem
3709 3674 3858 3728 MullC'

2288 3771 2445 3826 batur
2490 3768 2758 3839 Augusti?
2799 3767 2989 3823 Nonne
3038 3761 3134 3822 tibi
3167 3766 3495 3829 videbatur,
3532 3767 3732 3837 impie,
3768 3781 3857 3819 cum

2286 3863 2666 3922 manducares.
2696 3861 2901 3917 caulem
2931 3875 3174 3932 parares,
3204 3858 3348 3927 quod
3372 3862 3618 3914 humana
3642 3859 3742 3914 sub
3761 3858 3861 3913 den-

2286 3959 2432 4014 tibus
2463 3957 2571 4013 tuis
2602 3972 2727 4012 ossa
2756 3955 3129 4027 crepitarent?
3154 3952 3321 4027 964
3351 3952 3490 4010 Cum
3524 3954 3717 4009 viuum
3748 3953 3861 4008 bibe-

2288 4066 2398 4119 res,
2427 4062 2481 4107 et
2512 4050 2861 4121 parricidium
2894 4049 3186 4120 cogitares,
3217 4047 3362 4119 quod
3396 4046 3510 4102 illis
3534 4048 3745 4119 poculis
3769 4062 3861 4101 san-

2287 4145 2503 4213 guinem
2550 4143 2644 4198 tibi
2678 4142 2988 4197 innocentis
3018 4139 3366 4196 iufunderes?
3397 4139 3473 4196 ita
3508 4155 3737 4211 prorsus
3762 4142 3863 4194 alic-

2287 4252 2389 4291 nus
2420 4252 2525 4291 nou
2569 4236 2744 4291 solum
2773 4234 2843 4291 ab
2870 4232 3205 4302 imitatione,
3236 4232 3333 4287 sed
3375 4232 3549 4289 etiam
3594 4248 3628 4288 ι
3670 4233 3861 4287 lectione

2285 4329 2496 4393 divina;
2532 4339 2589 4384 ιιι
2619 4345 2725 4384 non
2752 4330 2851 4385 tibi
2882 4330 3091 4384 veniret
3120 4328 3170 4382 in
3202 4337 3441 4383 mentem
3476 4329 3782 4384 versiculus
3798 4328 3862 4381 ilic

2285 4423 2614 4493 psalmorum
2657 4440 2671 4476 :
2703 4421 2786 4477 Tu
2816 4438 2933 4477 vero
2975 4421 3130 4476 homo
3172 4422 3434 4474 unanimis
3457 4462 3473 4489 ,
3503 4421 3623 4477 dua:
3664 4437 3795 4474 mm
3829 4428 3862 4471 et

575 4524 753 4570 torum
790 4514 962 4569 series
1007 4514 1331 4568 aestimatur.
1364 4513 1603 4568 Pretium
1638 4524 1884 4569 nostrum
1912 4515 2175 4571 munditia
2204 4508 2257 4569 Ι)
2283 4526 2434 4572 notus
2474 4532 2647 4583 utens,
2694 4516 2784 4587 qui
2823 4515 2979 4570 simul
3018 4530 3217 4571 mecum
3258 4514 3437 4568 dulces
3468 4514 3721 4585 cupiebas
3756 4512 3861 4568 cibos

651 4787 677 4815 ι
715 4775 805 4832 Sic
832 4789 1022 4831 omnes
1051 4788 1185 4828 mss.
1220 4788 1283 4828 ac
1329 4782 1440 4828 vet.
1490 4771 1621 4828 edit.
1667 4772 1827 4827 Rom.
1884 4786 2011 4827 vero
2033 4815 2046 4837 ,
2074 4788 2176 4827 non

576 4850 707 4903 dixit
740 4866 757 4902 :
801 4846 942 4901 Vade
967 4856 1129 4900 retro.
1161 4846 1267 4900 Sed
1311 4844 1604 4899 discrimen
1645 4846 1712 4900 tle
1739 4858 1847 4915 quo
1877 4846 2085 4915 agitur,
2119 4844 2175 4898 in

575 4921 820 4981 vocibus,
865 4930 977 4988 post
1002 4936 1100 4976 me.
1147 4919 1311 4971 situm
1345 4930 1429 4969 εει
1460 4934 1471 4969 :
1507 4933 1613 4970 non
1644 4927 1823 4971 autem
1871 4916 1922 4970 in
1953 4916 2137 4971 verbis
2159 4958 2173 4979 ,

573 4992 702 5046 vade
726 5002 770 5044 et
802 4993 946 5052 reni;
979 5007 1099 5043 cum
1131 4990 1321 5044 eodem
1364 4989 1531 5042 verho
1576 4988 1852 5058 Scriptura
1886 4990 2175 5058 utrobique

572 5079 667 5117 usa
694 5062 873 5116 fuerit.
903 5063 1035 5116 Nam
1064 5061 1133 5118 de
1159 5061 1373 5115 diabolo
1400 5060 1475 5115 ait
1500 5060 1685 5114 Matth.
1719 5077 1795 5119 tv.
1828 5062 1924 5126 10;
1950 5058 2172 5130 Ὕπαγε,

572 5139 801 5197 Σατανᾶς
833 5132 900 5187 de
928 5135 1087 5189 Petro
1106 5144 1286 5187 autent
1312 5132 1477 5188 Marc.
1503 5148 1595 5186 vnt
1615 5176 1628 5199 ,
1657 5134 1726 5187 '53
1750 5150 1762 5186 :
1783 5131 1979 5205 ’Υπαγε
2005 5134 2174 5187 ὀπίσω

573 5229 697 5278 μου,
728 5211 946 5262 Σατανᾶ.

644 5303 671 5342 ι)
713 5304 825 5359 Hoc
855 5302 1096 5359 atrocior
1123 5318 1184 5358 ea
1216 5304 1485 5359 calumnia
1517 5302 1637 5368 fuit,
1664 5303 1807 5372 quod
1843 5304 1893 5356 in
1921 5302 2173 5357 confesso

572 5387 657 5433 est
692 5376 834 5441 apud
872 5391 1064 5431 omnes
1096 5376 1382 5430 historicos
1415 5376 1736 5432 Gratianum
1771 5375 1964 5443 insigni
2006 5376 2173 5429 casti-

570 5458 680 5503 tate
702 5460 955 5503 ornatum
984 5446 1170 5503 fuisse.
1209 5450 1347 5511 Quin
1392 5450 1559 5502 immo
1592 5447 1740 5501 fuere.
1769 5448 1933 5500 etiam
1965 5447 2055 5517 qui
2091 5447 2173 5499 ni-

569 5520 733 5575 miam
778 5520 896 5590 ejus
938 5520 1317 5574 verecundiam
1366 5517 1870 5588 reprehenderent,
1898 5518 2053 5589 quasi
2080 5533 2175 5589 ge-

568 5591 755 5648 rendis
785 5593 994 5661 imperii
1035 5593 1197 5647 rebus
1230 5606 1416 5659 parum
1444 5592 1809 5645 commodam.

646 5716 668 5744 ο
716 5703 972 5768 Pretium,
1007 5703 1095 5759 hic
1124 5704 1441 5770 dignitatem
1470 5716 1629 5774 atque
1661 5703 1922 5760 honorem
1953 5704 2171 5774 signat;

569 5791 693 5830 nam
716 5777 767 5830 in
783 5791 1002 5844 sequent
1015 5777 1133 5830 ibus
1156 5779 1319 5830 etiam
1335 5791 1431 5845 pro
1446 5775 1696 5832 mercede
1714 5774 2168 5847 aceipitur.LXX,

570 5848 695 5905 ατλγὶν
720 5854 809 5905 τήν
833 5851 981 5919 τιμήν
1007 5868 1107 5919 μου
1132 5848 1509 5906 ἐϐουλεύσαντο
1536 5849 1873 5905 ἀπώσασθαι.

2352 4770 2375 4809 ἀ
2422 4772 2547 4828 Ηεεε
2582 4772 2730 4828 necis
2769 4772 3014 4829 Gratiani
3055 4772 3401 4842 imperatoris
3440 4771 3709 4841 adjuncta
3750 4770 3864 4842 apud

2280 4846 2485 4899 nullum
2528 4845 2696 4899 alium
2731 4860 2796 4900 ex
2839 4847 3079 4916 antiquis
3119 4845 3366 4909 reperire
3393 4853 3517 4911 est,
3558 4860 3724 4915 quam
3750 4842 3867 4916 apud

2281 4916 2424 4971 hunc
2449 4927 2714 4972 nostrum.
2740 4915 3198 4972 Orosius’tantum
3227 4927 3500 4971 memorat
3532 4916 3739 4983 ipsum.
3759 4915 3866 4970 dum

2279 4990 2330 5042 iu
2366 4988 2571 5043 Italiam
2603 4990 2835 5043 transire
2867 4988 3243 5053 meditaretur,
3274 4987 3418 5042 dolis
3450 4990 3867 5043 circumventum

2278 5076 2307 5113 a
2348 5060 2581 5114 Maximo
2609 5070 2840 5128 tyranno
2871 5060 3213 5115 interfecntm
3259 5059 3446 5113 fuisse.
3479 5059 3761 5126 Socrates,
3789 5058 3870 5113 So-

2277 5147 2559 5193 zomenus,
2586 5131 2781 5185 Paulus
2812 5133 2956 5185 Diae.
2984 5142 3037 5186 et
3068 5131 3158 5185 alii
3185 5130 3422 5185 referunt
3452 5133 3865 5202 Andragathium

2278 5218 2438 5270 quem
2466 5202 2532 5258 ad
2566 5203 2715 5257 illum
2745 5202 3181 5271 persequendum
3214 5203 3441 5257 miserat
3472 5213 3774 5274 tyrannus,
3794 5219 3869 5256 ru-

2280 5290 2483 5329 morem
2517 5279 2783 5342 sparsisse
2812 5290 2921 5343 quo
2964 5274 3208 5343 ejusdem
3249 5274 3448 5342 eonjux
3493 5274 3793 5329 adventare
3814 5274 3864 5327 ad

2278 5361 2401 5401 eum
2444 5345 2718 5401 diceretur
2762 5346 3121 5402 :Gratianum
3155 5356 3334 5400 autem
3378 5348 3521 5400 fama
3572 5345 3864 5416 hujusmotli

2277 5418 2561 5488 deceptum
2603 5416 2670 5470 ad
2705 5417 2975 5477 lecticam.
3010 5420 3086 5473 uti
3118 5418 3372 5484 putabat,
3415 5418 3671 5471 uxoriam
3705 5432 3866 5471 ncces.

2277 5490 2456 5553 sisse,
2486 5500 2647 5554 atque
2700 5490 2769 5543 ab
2817 5490 3187 5555 Andragatltio
3230 5505 3297 5543 ex
3349 5488 3546 5543 eadem
3595 5489 3866 5544 exiliente

2281 5560 2448 5615 fuisse
2479 5563 2888 5629 interemptum.
2930 5560 3270 5616 Snzomeuus
3318 5570 3503 5615 tamen
3552 5561 3717 5615 facile
3761 5575 3862 5616 cum

2276 5631 2565 5687 Ambrosio
2598 5642 2773 5703 potest
2804 5634 3108 5687 conciliari.
3142 5633 3188 5687 Is
3210 5632 3353 5686 enim
3385 5649 3497 5686 non
3537 5633 3765 5696 statim,
3788 5632 3864 5685 scd

2277 5702 2419 5758 hattd
2457 5702 2622 5757 multo
2652 5712 2773 5772 post
2800 5706 3134 5778 trucidatum
3154 5703 3387 5778 scribit:
3419 5705 3863 5778 Καίνσνὶληατθςὶς,

2275 5778 2367 5854 of».
2408 5778 2479 5837 εἰς·
2510 5778 2704 5854 μακράν
2733 5778 2965 5854 ἀνηρέθῃ.
2999 5775 3269 5854 Quidquid
3310 5774 3385 5854 sit.
3424 5774 3863 5854 Ambrosio-tant-

2277 5850 2439 5918 duam
2469 5846 2838 5905 testi'tanttutt'
2859 5846 2963 5904 non
2996 5847 3214 5904 oculato
3235 5846 3576 5904 credendum
3608 5858 3715 5904 est.
