4008 6352
167 314 313 373 ΗΠ

1337 309 1403 366 ιΝ
1445 308 1774 368 PSALMUM
1813 309 1930 371 LXI
1967 314 2391 377 ENARRATIO.

3353 324 3494 383 H78

164 423 569 503 (Psot.t.tv,u
592 432 643 479 et
664 420 1077 496 t5).Atqueille
1101 426 1262 493 alius,
1287 427 1443 499 cujus
1474 429 1717 485 meminit
1741 430 1793 486 in
1822 433 1871 494 Α
1900 433 2143 491 debitum
2178 437 2342 511 965
2373 439 2691 497 videretur?
2722 439 2855 497 Nam
2882 440 2983 497 etsi
3012 440 3222 499 scelere
3250 441 3489 513 interiit,

162 520 479 591 Evangelia
500 520 621 590 ipse
647 518 916 575 Dominus
938 519 1097 577 Jesus
1122 541 1136 577 :
1164 522 1267 591 Qui
1294 522 1472 577 edebat
1491 540 1793 596 mecumpa-

162 635 303 682 nem,
324 615 523 671 levabit
543 630 709 685 super
725 629 808 667 me
825 614 1123 671 calcaneum
1145 634 1296 671 suum
1311 615 1489 688 (Joan.
1541 636 1561 671 ι»
1579 635 1657 682 ιιι.
1677 618 1789 692 l8).

236 711 334 766 24.
380 710 527 773 Quid
584 710 681 763 tibi
730 710 921 779 faciam
973 710 1252 780 Ephrarm;
1308 713 1433 782 quid
1474 714 1564 768 tibi
1603 715 1792 785 faciam

164 802 312 859 Juda
334 802 490 875 (Ose.
540 818 620 869 γι,
647 803 709 866 4)
728 802 756 857 ?
778 802 970 860 Plures
996 804 1259 876 reliquisti
1289 805 1444 862 nobis
1472 806 1792 877 proditionis

168 907 280 955 tuac
324 907 382 953 et
431 897 646 952 fraudis
679 895 963 963 ltmredes;
994 898 1109 953 haec
1138 899 1282 955 enim
1324 899 1485 954 etiam
1515 898 1579 954 ad
1612 899 1793 970 prodi-

168 1000 348 1045 torem
377 989 584 1045 Judam
608 996 798 1060 potest
820 999 845 1027 ιι
866 1005 962 1061 per
981 992 1347 1064 apostrophen
1380 992 1635 1049 derivari.
1660 992 1792 1047 Pro‘

167 1082 361 1138 didisti
394 1081 595 1147 vitam,
632 1100 890 1154 regnum,
934 1084 1243 1142 Dominum.
1274 1086 1382 1143 Sed
1425 1087 1584 1144 Jesus
1610 1087 1793 1143 Domi-

168 1190 275 1232 nus
302 1175 478 1231 semel
510 1176 564 1230 itt
594 1190 680 1239 se.
714 1175 1025 1249 frequenter
1046 1180 1100 1235 in
1124 1182 1355 1237 servulis
1386 1182 1499 1237 suis
1524 1181 1787 1253 proditur.

169 1267 330 1335 Quod
370 1268 515 1322 enim
556 1270 652 1324 uni
686 1271 871 1326 horum
899 1272 1229 1329 minimarum
1252 1274 1482 1343 fecistis,
1510 1274 1668 1339 mihi,
1709 1276 1793 1330 in-

166 1360 321 1432 quit,
366 1362 571 1431 fecistis
615 1362 837 1437 (Matth.
872 1382 1005 1434 xxv,
1038 1368 1163 1439 Ml).
1208 1369 1286 1424 Tu
1343 1369 1667 1426 commissos
1691 1370 1789 1425 tibi

167 1456 387 1513 loculos
434 1468 489 1513 et
526 1460 795 1526 pecunias
826 1478 1121 1532 pauperum
1154 1464 1474 1532 suscepiSti,
1525 1463 1626 1519 iste
1667 1478 1792 1533 pro-

166 1550 383 1606 vincias
429 1551 539 1606 sibi
574 1552 838 1610 creditas.
873 1554 953 1612 Tu
980 1559 1210 1627 apostoli
1240 1557 1504 1614 honorem
1529 1601 1541 1623 ,
1568 1558 1659 1614 ille
1692 1558 1791 1613 mi-

166 1640 305 1696 litia:
338 1642 675 1715 dignitatem
704 1688 719 1713 ,
746 1647 1236 1706 administrationis
1280 1650 1498 1706 infulas.
1551 1642 1789 1707 Numero

167 1731 419 1790 honores
460 1737 585 1806 ejus
609 1780 626 1806 ,
662 1747 720 1793 ut
758 1741 962 1796 crimen
1004 1758 1350 1815 exaggerem.
1397 1746 1639 1800 Convivii
1670 1748 1787 1800 vio-

1891 530 1980 601 jus
2011 542 2189 589 tamen
2219 534 2431 590 collata:
2477 536 2577 592 sibi
2608 536 2895 607 potestatis
2920 537 3083 593 etiam
3126 550 3373 593 mortuus
3404 553 3493 595 re-

1895 626 2177 695 servabat,
2213 643 2400 684 eorum
2446 628 2689 699 ipsorum
2731 646 2761 686 a
2788 630 2984 703 quibus
3023 632 3355 704 negabatur,
3403 632 3489 690 vel

1895 720 2221 788 ministerio,
2248 723 2331 780 vel
2364 740 2609 781 assensu.

1967 814 2059 868 26.
2091 814 2407 872 Addebatur
2442 818 2564 874 huic
2595 826 2746 875 tanto
2792 820 2989 876 sceleri
3031 836 3225 892 pompa
3257 821 3439 878 feralis
3470 838 3485 889 ;

1894 906 1998 962 nisi
2032 908 2077 963 is
2117 909 2208 983 qui
2251 908 2596 979 impatienter
2650 913 2750 985 ista
2796 912 3054 981 deﬂebat,
3102 916 3336 985 cognitis
3369 932 3490 988 quae

1896 1003 2420 1075 parabantur,justo
2456 1018 2765 1063 commotus
2790 1008 2981 1065 dolore
3032 1008 3365 1079 increpasset
3408 1011 3489 1067 vi-

1896 1104 2098 1152 ctorem
2130 1098 2451 1165 superbum,
2483 1102 2728 1173 tyrannis
2760 1102 2875 1170 illa,
2905 1118 3012 1159 non
3050 1104 3270 1173 regibus
3301 1103 3489 1160 inferri

1894 1193 2093 1249 solere.
2126 1190 2153 1231 τι
2185 1192 2274 1250 Sic
2298 1193 2524 1253 horrore
2556 1198 2740 1269 flagitii
2786 1202 3009 1256 territus
3036 1200 3288 1272 deposuit
3316 1211 3487 1259 teter-

1897 1285 2018 1342 rimi
2041 1286 2265 1343 sceleris
2291 1299 2629 1359 apparatum.
2665 1290 2775 1348 Nec
2800 1294 2995 1362 petitor
3019 1294 3178 1361 igitur
3194 1295 3487 1366 sepultura:

1896 1378 2113 1446 defuit,
2147 1382 2249 1435 etsi
2292 1380 2494 1450 Joseph
2554 1382 2645 1439 ille
2693 1384 2783 1455 qui
2826 1383 3004 1452 justus
3031 1385 3314 1442 dicebatur
3346 1427 3362 1453 ,
3394 1386 3489 1441 dc-

1895 1471 2021 1530 fuit.‘
2065 1472 2172 1529 Sed
2205 1474 2362 1545 longe
2405 1474 2667 1530 Maximus
2723 1478 2918 1532 saevior
2973 1478 3312 1550 denegabat,
3345 1479 3487 1550 quod

1896 1567 2012 1639 ipse
2034 1568 2239 1624 Pilatus
2265 1570 2482 1626 auferre
2508 1587 2612 1625 non
2637 1571 2827 1641 patuit.
2854 1571 2910 1627 In
2935 1589 3043 1643 quo
3066 1574 3350 1644 parricida:
3384 1574 3487 1629 htt-

1896 1661 2128 1717 manitas
2155 1662 2346 1729 defuit,
2379 1662 2655 1720 innocenti
2698 1671 2879 1719 tamen
2912 1682 3018 1720 non
3046 1665 3216 1721 defuit
3265 1666 3437 1738 gratia
3471 1685 3485 1722 :

1894 1762 1949 1808 et
1978 1754 2043 1807 ad
2090 1764 2301 1825 tempus
2336 1766 2609 1827 assumpta
2643 1756 2919 1827 patientia,
2954 1766 2977 1794 ο
3007 1756 3241 1814 vindicta
3293 1758 3486 1830 paulu-

168 1825 328 1881 lastis
352 1837 595 1899 uterqtte
625 1837 960 1891 consortium
994 1852 1009 1891 :
1048 1847 1101 1891 tu
1133 1848 1312 1894 tamen
1344 1839 1412 1894 de
1442 1839 1691 1895 convivio
1720 1839 1787 1896 ad
1822 1842 1864 1902 Β
1894 1847 2001 1903 lutn
2026 1850 2495 1919 comperendinata
2519 1825 2620 1905 est.

169 1919 551 1987 proditionem
584 1927 908 1995 surrexisti,
940 1929 1040 1985 iste
1066 1931 1133 1985 ad
1165 1946 1383 1999 necem;
1416 1930 1520 1988 hoc
1561 1943 1677 2001 est,
1707 1941 1787 2000 tu,

169 2014 301 2071 licet
330 2017 384 2071 in
418 2020 668 2088 scelere,
702 2025 1082 2089 verecundior,
1116 2027 1205 2094 qtti
1237 2029 1443 2099 negasti
1470 2027 1612 2097 quod
1647 2028 1787 2085 infe-

166 2112 402 2169 rendam
451 2131 651 2173 necem
684 2118 985 2176 credideris
1019 2121 1245 2177 Domino
1289 2140 1449 2195 quem
1481 2125 1749 2196 prodebas
1770 2168 1785 2192 ,

165 2206 262 2276 qui
297 2208 544 2275 pretium
588 2212 871 2280 refudisti;
919 2229 987 2271 ne
1029 2215 1271 2272 residere
1296 2219 1437 2287 apud
1486 2228 1538 2273 te
1576 2234 1787 2276 merces

167 2300 454 2370 parricidii
489 2305 798 2364 videretur.
829 2308 937 2365 Iste
959 2325 1066 2364 non
1090 2311 1265 2367 solum
1290 2314 1461 2367 tenuit
1483 2323 1784 2386 acceptam,

168 2408 363 2451 verum
395 2399 569 2456 etiam
605 2405 838 2459 extorsit
863 2420 968 2460 non
994 2405 1228 2461 oblatam
1270 2407 1573 2463 mercedem
1605 2409 1787 2478 prodi-

166 2486 359 2546 tionis.
397 2490 509 2549 Iste
538 2511 652 2551 non
684 2496 861 2552 solum
890 2496 1150 2569 deceptus
1173 2514 1277 2554 non
1306 2510 1391 2555 est
1417 2500 1594 2557 alieno
1635 2518 1786 2557 men-

168 2582 333 2641 dacio
360 2604 374 2641 :
403 2589 504 2645 sed
550 2590 744 2647 fefellit
782 2608 913 2657 suo,
956 2603 1009 2647 et
1039 2594 1231 2649 fefellit
1274 2605 1331 2649 ut
1379 2596 1675 2652 occideret.
1719 2597 1789 2653 Et

168 2691 295 2734 eum
324 2680 418 2738 ille
444 2684 761 2740 convivium
790 2696 1082 2749 recusaret,
1110 2687 1197 2757 qui
1223 2702 1281 2742 se
1311 2687 1516 2744 videret
1544 2704 1665 2746 esse
1694 2704 1787 2756 pe-

170 2772 516 2842 rimendum,
552 2779 661 2835 iste
690 2788 1090 2835 sacramentum
1117 2780 1339 2841 obtulit;
1364 2797 1433 2837 ne
1454 2796 1555 2852 qua
1586 2782 1787 2851 periret

172 2864 277 2921 sibi
327 2870 651 2926 cumulandi
692 2885 817 2941 pars
849 2872 1115 2929 criminis.
1163 2871 1449 2927 Postremo
1488 2874 1785 2943 superioris

172 2958 481 3028 proditoris
512 2964 741 3033 pecunia
768 2965 999 3036 profecit
1023 2964 1087 3019 ad
1118 2965 1448 3036 sepulturam
1477 2967 1787 3038 peregrino-

174 3067 297 3109 rum
317 3073 329 3109 :
348 3055 454 3111 iSIe
476 3058 812 3129 sepulturam
834 3059 1097 3131 integram
1113 3076 1213 3115 suo
1232 3060 1459 3131 principi
1474 3060 1782 3133 denegavit.

244 3146 339 3202 25.
373 3148 487 3207 Nec
516 3151 690 3208 defuit
712 3153 803 3223 qui
829 3169 1017 3208 manus
1044 3154 1243 3209 lavaret
1269 3152 1457 3209 dicens
1485 3173 1497 3209 :
1535 3153 1785 3211 Innocens

1964 1942 2055 1996 27.
2112 1941 2289 2015 (Vers.
2322 1943 2386 2007 6,
2421 1942 2500 2013 7.)
2552 1942 2785 2014 Ideoque
2815 1944 2889 1998 ait
2922 1962 2933 1997 :
2976 1943 3337 2000 Verumtamen
3376 1943 3488 1999 Deo

1892 2037 2127 2108 subjecta
2178 2046 2251 2089 est
2281 2037 2453 2090 anima
2484 2052 2596 2091 mea
2627 2036 2907 2103 ;quorriam
2947 2036 3010 2090 ab
3040 2037 3154 2109 ipso
3174 2048 3247 2092 est
3290 2038 3488 2108 patien-

1893 2130 1965 2184 tia
1999 2144 2130 2185 mea.
2194 2126 2328 2193 Quia
2358 2130 2465 2198 ipse
2502 2139 2577 2184 est
2606 2128 2743 2185 Deus
2770 2146 2932 2195 meus,
2960 2138 3008 2184 et
3046 2129 3292 2185 salutaris
3322 2146 3487 2197 meus,

1892 2220 2171 2294 susceptor
2186 2238 2360 2284 meus,
2384 2238 2483 2276 non
2514 2222 2792 2293 cmigrabo.
2828 2221 2942 2279 Hoc
2968 2230 3074 2288 est,
3108 2222 3369 2293 numquid
3399 2237 3489 2279 se-

1894 2315 2108 2385 pultura
2140 2316 2384 2384 corporis
2406 2323 2595 2385 negata
2619 2323 2897 2385 perpetuas
2914 2315 3113 2384 quietis
3144 2315 3485 2371 mansionem

1890 2406 2023 2463 mihi
2049 2408 2273 2462 abstulit
2300 2407 2322 2462 ?
2352 2407 2534 2463 Habeo
2568 2396 2933 2462 habitaculum
2972 2423 3153 2463 nteum
3184 2409 3236 2462 in
3268 2407 3485 2464 Domini

1893 2498 2265 2560 tabernaculo.
2318 2509 2371 2555 et
2400 2500 2450 2553 in
2482 2510 2671 2555 saneto
2730 2511 2911 2555 monte
2966 2500 3085 2570 ejus
3122 2500 3484 2567 requiescam.

1890 2594 2007 2650 Non
2040 2594 2317 2665 emigraho
2343 2594 2576 2649 lmmano
2604 2594 2809 2649 scelere
2838 2610 2854 2660 ;
2898 2594 3023 2665 quia
3056 2593 3274 2650 Domini
3306 2588 3488 2652 favore

1889 2699 2176 2759 susceptus
2199 2704 2315 2742 sum
2342 2704 2357 2753 ;
2391 2689 2513 2757 quia
2545 2704 2717 2757 neque
2748 2704 2917 2752 mors,
2942 2704 3119 2759 neque
3146 2689 3488 2757 glatlius,ne-

1891 2798 1995 2854 que
2018 2781 2294 2837 tribulatio
2318 2798 2345 2835 a
2373 2781 2637 2835 charitate
2664 2778 2867 2836 Christi
2900 2795 2985 2835 me
3033 2795 3289 2851 separare
3336 2791 3488 2853 pote-

1890 2885 2035 2930 runt.
2060 2872 2175 2929 Non
2206 2874 2349 2928 enim
2380 2874 2643 2929 innocens
2675 2873 2743 2928 de
2776 2873 3141 2927 tabernaculis
3173 2864 3442 2943 justorum
3467 2918 3484 2943 ,

1889 2967 1985 3024 sed
2017 2977 2273 3038 peccator
2294 2967 2544 3037 emigrat.
2571 2965 2973 3038 Migrantluda:
3005 2966 3487 3038 proditorislt:ere-

1890 3058 2010 3125 des,
2039 3060 2107 3114 de
2136 3060 2330 3131 quibus
2360 3070 2414 3114 et
2456 3060 2727 3125 similibus
2770 3076 2961 3116 eorum
3003 3060 3198 3115 merito
3246 3060 3484 3118 dicitur:

1889 3153 2139 3209 Commoti
2164 3162 2496 3206 amoveantur
2523 3154 2619 3221 ﬁlii
2650 3155 2760 3222 eius
2791 3195 2805 3219 ,
2835 3164 2881 3208 et
2915 3153 3199 3208 meudicent
3225 3170 3243 3219 ,'
3267 3155 3481 3227 ejician-

174 3256 291 3294 sum
319 3260 351 3297 a
379 3250 637 3320 sanguine
658 3250 779 3311 iusti
808 3250 964 3323 hujus
989 3248 1209 3322 (Matth.
1239 3265 1385 3306 xxvn
1406 3293 1419 3315 ,
1443 3248 1567 3321 ρης
1601 3251 1651 3303 in
1676 3264 1782 3316 quo

1893 3253 1973 3298 tur
2001 3243 2066 3297 de
2084 3244 2391 3299 habitaculis
2412 3245 2517 3299 suis
2542 3243 2661 3316 (Ps.
2687 3260 2834 3309 evttt,
2869 3247 2978 3314 lu).

173 3347 235 3389 se
266 3335 479 3398 Pilatus
510 3360 618 3398 non
649 3343 837 3409 diluit,
874 3345 968 3399 sed
999 3345 1301 3415 inquinavit
1327 3362 1341 3397 :
1377 3355 1432 3400 et
1463 3344 1776 3414 implicat-it,

175 3441 285 3484 non
323 3436 499 3491 exuit.
533 3436 668 3492 Nam
702 3438 801 3492 etsi
849 3437 1054 3493 nullum
1085 3438 1296 3506 pondus
1347 3438 1397 3493 in
1443 3440 1779 3509 perditorum

170 3518 398 3591 judiciis
425 3570 442 3593 ,
477 3540 653 3584 tamen
702 3530 975 3584 vinculum
1026 3531 1200 3600 majus
1231 3532 1282 3585 in
1323 3532 1777 3589 confessionibus.

173 3612 365 3674 Justus
404 3624 555 3679 enim
588 3638 694 3678 non
721 3624 896 3679 aliena
939 3624 1169 3679 absolvit
1215 3626 1520 3691 sententia,
1556 3626 1653 3681 sed
1685 3642 1781 3683 sua

174 3709 286 3765 vita
322 3731 335 3767 :
372 3714 562 3781 iniusti
592 3732 651 3772 se
678 3718 827 3788 ipsos
854 3718 1233 3775 vehementius
1260 3719 1374 3773 suis
1402 3720 1629 3775 vocibus
1655 3720 1786 3775 alli-

172 3812 306 3870 gant
329 3845 343 3868 ,
373 3808 465 3873 qui
496 3808 633 3863 alios
658 3809 879 3874 alligare
908 3826 1013 3863 non
1045 3822 1299 3879 possunt.-
1325 3812 1527 3867 Tamen
1567 3828 1636 3868 ne
1662 3813 1782 3869 huic

173 3908 396 3966 quoque
442 3900 635 3956 deesse
683 3901 959 3957 confessio
991 3905 1206 3973 propria
1240 3903 1552 3970 videretur,
1581 3906 1785 3975 juravit

177 3997 239 4041 ttt
271 3991 567 4062 pejeraret.
593 3993 622 4033 δ
654 3995 807 4051 Lavit
844 4010 1038 4051 manus
1064 4038 1079 4063 ,
1109 4013 1231 4052 cum
1275 3998 1629 4070 Evangelium
1664 4011 1779 4057 tan-

174 4092 371 4151 geret:
406 4102 475 4142 ue
506 4086 631 4155 quid
663 4086 879 4143 deesset
910 4089 1184 4160 exemplo.
1214 4091 1523 4162 [.avitaqtta
1549 4106 1741 4163 manus
1761 4135 1776 4159 ,

172 4187 233 4231 ιιι
259 4180 585 4237 sceleratius
624 4181 929 4254 inquinaret
969 4182 1275 4239 innocentis
1306 4183 1591 4253 sanguine.
1619 4195 1641 4223 ο
1670 4184 1780 4241 Nec

175 4268 427 4332 llerodes
454 4275 625 4331 defuit
645 4316 661 4341 ,
690 4275 777 4329 cui
806 4275 946 4331 alter
974 4275 1185 4331 Pilatus
1213 4292 1272 4333 se
1304 4278 1629 4347 placiturum
1659 4294 1780 4332 ere-

175 4362 357 4433 didit,
391 4369 436 4423 si
467 4377 681 4440 captum
713 4370 1011 4440 principem
1064 4369 1417 4427 destinasset.
1470 4370 1607 4438 Quid
1643 4372 1776 4428 illttd

170 4474 395 4531 quoque
416 4462 615 4527 dicam,
643 4462 786 4533 quod
811 4462 854 4517 is
876 4478 1093 4534 quoque
1123 4472 1327 4519 vestem
1356 4462 1663 4519 dealbatam
1699 4465 1779 4519 in-

170 4549 336 4609 dutus
369 4563 457 4611 est
479 4555 544 4610 ad
570 4555 906 4611 illudendum
940 4573 952 4610 :
988 4566 1174 4627 postea
1207 4572 1426 4629 quoque
1447 4558 1593 4628 regia
1624 4568 1779 4615 veste

1958 3337 2051 3393 ΞΒ.
2083 3337 2237 3406 Quod
2268 3337 2405 3393 bene
2435 3347 2489 3392 et
2515 3338 2579 3393 ad
2602 3337 3083 3393 Dominumlesum
3110 3337 3385 3393 Christum
3401 3353 3485 3393 re-

1887 3431 2080 3497 fertur,
2112 3432 2202 3503 qui
2232 3446 2353 3485 cum
2382 3430 2759 3486 descendisset
2790 3432 2842 3485 in
2872 3442 3067 3499 terras,
3112 3441 3171 3486 ιιι
3200 3431 3486 3503 crucifige-

1887 3534 2061 3592 retur,
2096 3535 2155 3580 ttt
2186 3525 2513 3595 sepeliretur
2545 3542 2558 3591 ;
2595 3541 2700 3579 non
2725 3526 3009 3596 emigravit
3042 3544 3067 3579 a
3090 3518 3276 3590 Patre,
3301 3526 3395 3582 sed
3430 3527 3483 3583 itt

1886 3618 2048 3675 Patre
2078 3618 2295 3673 mansit.
2347 3617 2595 3672 Traditus
2616 3636 2760 3682 sum,
2791 3628 2838 3673 et
2885 3635 2988 3673 non
3038 3619 3331 3690 egt'edicbar
3356 3618 3479 3691 (Ps.

1885 3730 2126 3779 Lxxxvu,
2154 3710 2231 3785 9).
2264 3711 2373 3767 Nec
2394 3712 2649 3782 deposuit
2677 3711 2818 3783 quod
2849 3724 2987 3775 erat.
3020 3714 3114 3767 sed
3139 3715 3438 3768 reservavit
3465 3732 3480 3768 :

1886 3822 1985 3863 nec
2002 3806 2199 3861 desivit
2227 3822 2349 3861 esse
2373 3806 2424 3859 in
2452 3805 2549 3860 Dei
2582 3808 2773 3868 forma,
2807 3805 2899 3859 sed
2931 3805 3336 3875 perseveravit:
3371 3820 3479 3860 non

1888 3900 2169 3955 immutata
2229 3914 2325 3968 per
2376 3901 2777 3967 susceptionem
2842 3898 3090 3968 corporis
3143 3898 3239 3953 Dei
3286 3899 3477 3969 gloria,

1882 3993 1977 4049 sed
2001 4004 2278 4059 manente,
2312 3992 2641 4062 triumphum
2674 3990 2993 4059 acqui~itit,
3031 3992 3325 4061 potentiam
3370 4008 3477 4047 non

1882 4088 2085 4144 amisit.
2120 4087 2269 4145 Unde.
2294 4088 2407 4156 ipse
2436 4088 2509 4142 ait
2533 4103 2547 4143 :
2575 4087 2775 4141 Amodo
2798 4087 3031 4141 videbitis
3061 4088 3227 4158 ﬁlium
3256 4088 3481 4143 hominis

1881 4182 2138 4237 sedentem
2171 4182 2239 4233 ad
2268 4180 2533 4235 dexteram
2558 4181 2763 4234 uirtutis
2795 4179 2990 4249 (Marc.
3028 4196 3139 4246 χιιι,
3171 4180 3285 4250 62).

1954 4274 2044 4329 29.
2078 4273 2259 4347 (Vers.
2291 4273 2369 4341 9.)
2404 4272 2555 4328 Unde
2577 4284 2907 4328 comocatos
2938 4276 3182 4343 gentium
3214 4273 3478 4342 populos,

1882 4376 1934 4421 et
1957 4367 2250 4437 acquisitos
2278 4366 2451 4430 Patri,
2482 4380 2582 4420 suo
2608 4366 2895 4435 sanguine,
2925 4365 3168 4421 hortatur
3198 4364 3262 4421 ad
3312 4364 3477 4422 fidem

1879 4461 2069 4518 dicens
2098 4476 2111 4513 :
2146 4460 2366 4528 Sperate
2385 4458 2437 4512 in
2465 4474 2577 4511 eum
2604 4476 2775 4513 omnes
2799 4470 3073 4514 conventus
3109 4458 3273 4529 plebis
3310 4468 3480 4525 mea:

1882 4556 2101 4620 hoccst,
2125 4570 2231 4609 non
2260 4554 2407 4609 solus
2426 4553 2611 4615 Israel,
2642 4552 2735 4607 sed
2760 4569 2950 4609 omnes
2975 4595 2990 4621 ,
3010 4552 3199 4623 inquit
3229 4570 3242 4605 :
3278 4566 3376 4607 nec
3391 4566 3481 4606 so-

174 4642 414 4704 donatus
438 4656 523 4704 est
565 4648 634 4703 ad
667 4647 1048 4715 moriendum;
1099 4666 1167 4705 ne
1212 4650 1465 4706 amisisse
1514 4650 1775 4706 honorem
1805 4639 1855 4700 D
1884 4650 1949 4705 Ite
1975 4648 2242 4718 reliquim,
2264 4647 2359 4703 sed
2390 4647 2551 4703 etiam
2594 4648 2834 4717 gentium
2870 4645 3144 4718 plenitudo
3178 4662 3191 4699 ε
3222 4659 3321 4699 nec
3348 4643 3482 4698 solae

249 4786 272 4815 α
299 4778 644 4853 Apostmphe,
671 4780 859 4836 Latine
880 4782 1115 4844 Aversio,
1147 4782 1312 4847 figura
1339 4800 1439 4853 qua
1463 4800 1771 4840 sermonem

174 4864 204 4903 a
234 4864 292 4924 re
323 4852 596 4924 proposita
620 4852 685 4924 ad
713 4853 1096 4917 alloquendnm
1119 4852 1368 4924 aliquem
1383 4859 1770 4911 convertimus.

246 4919 273 4958 ι’
313 4919 726 4979 Observandum
776 4924 956 4980 obiter
982 4940 1142 4989 quam
1185 4919 1406 4991 antiqua
1453 4926 1522 4979 sit
1552 4942 1615 4982 ea
1643 4944 1775 4981 con-

176 4995 424 5065 suetudo.
454 5011 555 5063 qua
583 4996 835 5065 gravibus
860 4995 912 5050 in
941 4996 1122 5050 causis
1141 5009 1395 5051 contacto
1423 5007 1775 5053 sacrosancto

178 5061 755 5136 Evangeliojuratnus.
791 5066 923 5122 Vide
949 5067 1148 5123 Annot.
1185 5067 1247 5123 ll.
1281 5068 1481 5123 Valcsii
1515 5072 1565 5124 iu
1602 5071 1694 5125 lib.
1724 5087 1771 5126 γι

178 5134 463 5192 Sozomeui
492 5134 614 5209 i-ap.
646 5139 736 5203 30,
772 5154 892 5209 pag.
925 5138 1052 5193 145.

252 5218 274 5247 ο
318 5209 561 5278 lotellige
602 5211 1029 5280 Andragothium
1060 5209 1374 5282 priusquam
1409 5226 1598 5268 necem
1628 5211 1768 5267 Gra-

178 5278 325 5405 tiiago
372 5284 628 5351 inferret,
662 5292 720 5339 ut
748 5278 1042 5338 duceretur
1064 5278 1133 5337 ad
1174 5278 1503 5348 Maximum,
1547 5298 1769 5355 operam

216 5369 243 5403 c
287 5368 409 5405 isse.

216 5368 409 5409 t‘ﬂlﬁse.

246 5419 273 5459 ἀ
306 5426 378 5478 Ita
407 5425 527 5479 cod.
563 5426 697 5492 Reg.
728 5442 887 5481 unus.
912 5426 1018 5482 Alii
1046 5434 1098 5480 et
1119 5435 1225 5481 vet.
1258 5426 1417 5491 edit.,
1448 5426 1537 5481 Sic
1565 5426 1775 5481 horrere

177 5492 389 5567 ﬂagitiis
417 5506 466 5550 et
513 5498 588 5567 sic
611 5500 766 5554 citus.
796 5498 981 5562 Rom.,
1016 5498 1106 5552 Sic
1156 5496 1417 5552 horrorem
1449 5499 1661 5567 ﬂagitii,
1698 5500 1771 5552 sic

175 5565 326 5631 citus,
371 5577 481 5620 etc.
514 5566 772 5623 Neutrum
812 5572 945 5624 satis
981 5570 1288 5624 commode.
1321 5565 1574 5625 Attamen
1617 5572 1773 5626 valde

177 5639 516 5701 suspicamur
543 5652 884 5695 communem
904 5650 1018 5695 vet.
1043 5640 1179 5694 edit.
1204 5657 1268 5697 ac
1299 5657 1430 5696 mss.
1482 5639 1770 5697 lectionem

177 5709 567 5779 emendandam
595 5726 717 5766 esse
745 5712 847 5765 hoc
875 5721 1071 5779 pacto;
1100 5714 1180 5766 sic
1212 5713 1439 5767 horrore
1461 5712 1495 5766 fl
1516 5711 1650 5779 Igilii
1679 5727 1774 5766 ex-

177 5776 624 5853 citus.Ca‘terum
650 5781 735 5837 hic
754 5782 823 5836 de
869 5776 930 5837 se
978 5785 1093 5853 ipso
1118 5786 1262 5853 loqui
1303 5776 1651 5839 Ambrosium
1682 5800 1772 5850 pa-

158 5843 283 5904 tum
308 5851 516 5907 faciunt
544 5865 650 5908 non
688 5854 851 5909 modo
878 5843 1079 5926 quae'in
1109 5843 1227 5925 ejn's
1264 5857 1372 5910 vita
1416 5854 1484 5913 de
1530 5843 1769 5911 secunde

1879 4784 2048 4853 ipsius
2080 4782 2144 4836 ad
2176 4782 2463 4836 Maximum
2485 4783 2758 4853 legatione
2787 4780 3228 4837 Paulinustradit
3256 4796 3475 4847 ;verum

1878 4856 2041 4909 etiam
2070 4870 2190 4924 qute
2221 4855 2451 4923 ipsemet
2498 4854 2730 4911 Sam-tus
2776 4855 2935 4921 epist.
2970 4856 3036 4908 ad
3079 4854 3288 4907 Valent.
3323 4865 3374 4908 et
3421 4853 3475 4909 itt

1876 4926 2029 4982 Orat.
2046 4926 2367 4992 deejusdem
2382 4925 2543 4980 Obitu
2560 4925 2798 4994 scripsit,
2832 4928 3103 4993 ambigere
3127 4940 3225 4978 nos
3250 4941 3354 4981 non
3381 4941 3477 4993 pa-

1880 5000 2108 5053 tiuntur.
2140 4997 2336 5051 Mirare
2369 4999 2579 5050 interim
2604 5013 2724 5050 eum
2754 4998 2925 5050 sanati
2960 5000 3058 5051 viri
3092 4998 3475 5061 constantiam,

1878 5086 1980 5140 qua
2012 5080 2299 5140 tyrannum
2334 5070 2683 5124 ferocientem
2718 5077 2861 5140 tanta
2891 5082 3011 5122 cum
3045 5068 3292 5123 libertate
3326 5083 3479 5123 corn-

1880 5138 2125 5209 pescuit;
2162 5150 2272 5194 tum
2300 5156 2566 5194 summam
2590 5138 2833 5209 ejusdem
2859 5142 3201 5207 modestiam,
3233 5155 3474 5211 quacum

1875 5214 2118 5281 Josepho
2144 5212 2292 5281 justo
2312 5228 2370 5267 se
2398 5220 2559 5280 negat
2583 5228 2702 5265 esse
2719 5211 3168 5279 comparandum.

1952 5295 1975 5321 υ
2009 5285 2255 5338 Vindicta
2290 5285 2377 5337 illa
2409 5283 2650 5338 Gratiani
2675 5298 2770 5350 per
2797 5299 3067 5337 summum
3096 5284 3275 5338 scelus
3303 5284 3474 5339 truci-

1876 5355 1988 5411 dati
2022 5358 2101 5410 sic
2134 5364 2347 5423 peracta
2392 5368 2496 5409 ρει.
2544 5356 2919 5420 Orettpavetat
2950 5357 3156 5422 Illagttis
3183 5357 3353 5424 Copiis
3373 5358 3471 5411 Al-

1876 5428 2023 5499 pium
2049 5428 2330 5491 angustias
2351 5441 2535 5499 comes
2560 5426 2981 5499 Attuli-agathius.
3014 5427 3122 5499 llas
3171 5441 3292 5479 cum
3334 5426 3473 5481 (Ιίιὶ-

1878 5496 2022 5554 nitus
2076 5499 2388 5553 obczecatus
2431 5496 2763 5552 deseruisset
2793 5537 2807 5559 ,
2838 5498 3177 5551 Theodosius
3204 5539 3218 5559 ,
3266 5499 3475 5553 exerci-

1877 5582 1988 5628 tum
2018 5586 2176 5626 suum
2220 5570 2341 5623 hcet
2373 5572 2542 5621 multo
2586 5566 2898 5622 inferiorem
2955 5569 3264 5631 traducens,
3309 5567 3476 5623 Maxi-

1882 5660 2027 5699 mum
2051 5641 2146 5712 qui
2177 5650 2449 5709 tamquam
2478 5640 2719 5694 \‘iclut'ittt
2750 5654 2860 5712 sum
2901 5651 3172 5709 spectator
3212 5642 3475 5707 Aquileiae

1883 5711 2179 5775 insederat,
2213 5715 2358 5779 cepit
2401 5718 2565 5780 atque
2612 5711 2806 5764 occidit
2839 5726 2853 5771 ;
2888 5728 2993 5779 quo
3050 5723 3329 5779 Comperto
3370 5716 3477 5763 An-

1879 5784 2196 5849 dragathius
2220 5784 2272 5836 in
2304 5798 2450 5835 mare
2470 5798 2529 5835 se
2559 5782 2888 5851 prtecipitem
2916 5793 3154 5851 armatus
3181 5781 3349 5837 dedit.
3381 5781 3476 5837 Vi-

1878 5857 1949 5915 de
1974 5855 2225 5912 Orosium
2258 5853 2351 5909 lib.
2382 5853 2476 5922 vit,
2504 5866 2621 5925 cap.
2647 5854 2736 5918 55,
2762 5864 2815 5908 et
2838 5853 2993 5908 alios.
