4008 6352
579 283 715 341 H79

1366 292 1612 352 SANCTI
1652 296 1976 356 AMBROSII
2018 301 2084 358 iV
2127 302 2452 368 PSALMUM
2493 310 2610 368 LXI
2649 311 3069 376 ENARRATIO.

3731 325 3837 377 “Sil

575 436 790 495 gentes,
823 429 919 485 sed
970 429 1167 498 Israel;
1223 448 1341 486 cum
1379 435 1522 490 cnim
1562 436 1845 492 intravciit
1893 441 2173 510 plenitudo

2288 431 2649 496 pra-terfluunt
2677 432 2700 485 ?
2738 433 2920 489 Nudus
2947 452 3004 492 es
3034 448 3214 499 natus.
3251 437 3432 493 nudus
3460 440 3745 495 morituras
3786 471 3842 496 .—~.

577 523 844 592 gentium,
888 534 1015 578 tunc
1041 527 1218 580 omnis
1245 525 1410 582 Israel
1441 529 1620 584 salvus
1669 533 1792 586 erit.
1836 534 1968 602 Quis
2000 546 2179 606 potest

579 613 759 668 divina
791 618 1050 687 mysteria
1083 621 1842 691 comprehendere?Quornm
1873 638 2016 682 tanta
2043 630 2178 684 mul-

581 708 754 761 titudo
781 719 886 776 est,
915 722 972 764 ut
994 712 1116 780 jure
1149 713 1346 770 Paulus
1374 716 1622 784 iniretur,
1676 722 1984 792 meritoque
2023 722 2180 778 dixe-

580 802 648 854 rit
682 819 693 854 :
723 802 1006 858 Oaltitudo
1055 806 1349 862 divitiarum
1391 813 1658 882 sapientia:
1707 826 1755 868 et
1812 816 2038 870 scientia!
2079 815 2175 871 Dei

577 893 758 962 (Rom.
817 914 892 960 XI,
917 898 1008 967 53)
1037 901 1049 954 !
1076 901 1324 970 Repulsae
1351 918 1538 975 gentes
1556 918 1701 972 sunt,
1729 909 1898 982 966
1934 922 1989 964 ιιι
2010 905 2177 982 elige-

582 997 732 1042 rctur
753 989 951 1046 lsrael:
985 1005 1219 1049 ctecatus
1244 1008 1325 1050 est
1351 1008 1534 1066 postea
1573 1001 1739 1055 Israel
1767 1014 1988 1073 propter
2013 1017 2175 1058 voca-

578 1081 782 1138 tionem
811 1086 1052 1154 gentium
1084 1106 1098 1154 ;
1125 1099 1180 1144 et
1201 1093 1385 1147 caecati
1416 1093 1579 1148 lsrael
1610 1097 1848 1167 reliquiae
1873 1098 2172 1153 secundum

578 1178 896 1237 electionem
924 1185 1113 1253 gratiae
1139 1188 1309 1243 salva:
1335 1188 1486 1249 facta»
1515 1200 1661 1256 sunt,
1693 1205 1976 1264 postquam
2009 1196 2177 1248 intra-

578 1273 650 1325 vit
673 1275 912 1343 gentium
948 1277 1246 1346 plenitudo.
1282 1281 1356 1335 lta
1390 1284 1545 1353 culpa
1579 1283 1741 1339 Israel
1776 1287 1974 1354 profuit
2003 1287 2179 1358 genti-

577 1363 715 1417 bus:
753 1366 885 1421 lides
905 1370 1144 1439 gentium
1169 1372 1464 1430 lsraelitetn
1498 1378 1751 1445 populum
1786 1379 2052 1434 liberavit.

648 1457 736 1513 50.
775 1458 1064 1528 E/fundite,
1095 1465 1302 1536 inquit,
1336 1483 1507 1522 coram
1532 1470 1626 1524 illo
1662 1472 1819 1526 corda
1860 1484 2040 1528 vestra.
2075 1473 2176 1542 Qui

581 1552 754 1608 induit
811 1555 994 1623 ﬁdem,
1046 1561 1198 1630 prius
1258 1563 1537 1631 perfidiam
1581 1567 1743 1622 debet
1789 1583 2013 1632 exuere,
2047 1585 2176 1625 eva-

578 1662 742 1702 cuarc
763 1665 858 1703 cor
880 1667 1037 1705 suutn
1067 1654 1215 1707 omni
1248 1655 1365 1709 labe
1390 1659 1607 1712 malitiae
1641 1676 1655 1723 ;
1686 1672 1740 1714 ut
1769 1676 1936 1730 capax
1968 1661 2060 1716 fiat
2082 1678 2177 1717 cor

579 1740 697 1807 ejus
718 1745 906 1812 gratiae
928 1747 1208 1812 spiritalis.
1242 1748 1471 1819 Ideoque
1513 1752 1807 1820 Apusnilns
1840 1755 1915 1810 ait
1956 1775 1970 1810 :
2008 1757 2176 1810 lieno-

2280 523 2417 588 Quid
2439 525 2695 592 excipere
2719 529 2918 598 qua-ris
2943 531 3085 600 quod
3118 541 3300 587 tecum
3318 531 3537 587 auferre
3559 551 3665 586 non
3686 538 3845 604 possis?

2283 612 2504 667 l’luenta
2538 627 2665 672 sunt
2715 633 2836 690 qua!
2888 621 3138 676 miraris:
3173 623 3451 693 quomodo
3499 623 3740 684 veniunt.
3789 629 3847 682 sit

2284 717 2568 763 transeunt
2627 719 2681 764 et
2735 712 3020 768 recedunt.
3070 715 3233 771 Solus
3285 716 3542 770 Jordanis
3583 726 3847 772 retrorsum

2279 815 2575 856 conversus
2603 812 2706 868 est,
2742 815 2764 844 ε
2789 806 2841 860 in
2877 821 3036 877 quem
3087 808 3422 864 descendisti
3457 825 3472 862 :
3501 809 3669 882 π’]
3711 812 3849 879 quite

2279 893 2559 962 admonet,
2581 908 2636 950 ut
2665 898 2719 953 in
2751 900 2924 970 ipsum
2957 911 3170 957 natura:
3197 902 3404 957 fontem
3431 914 3486 958 et
3515 905 3772 973 originem
3787 920 3850 960 re-

2279 991 2530 1072 vertarisl,
2562 1009 2681 1060 qua:
2709 1007 2760 1050 te
2789 997 3013 1064 nudum,
3059 1015 3166 1054 non
3201 1010 3351 1054 veste
3371 1002 3634 1054 amictum
3665 1001 3808 1054 edidit
3835 1020 3845 1064 ;

2281 1094 2337 1140 ut
2367 1086 2547 1142 discas
2573 1091 2841 1158 superflua
2871 1106 2978 1146 non
3005 1094 3304 1163 requirere.
3343 1093 3483 1162 Hoc.
3513 1095 3660 1164 quod
3693 1097 3850 1151 erube-

2277 1180 2408 1243 scis,
2441 1177 2466 1215 ἀ
2500 1198 2621 1236 esse
2673 1191 2724 1237 te
2774 1176 3000 1251 nudum,
3053 1187 3209 1257 culpa
3243 1187 3460 1254 docuit,
3512 1207 3622 1243 non
3669 1205 3846 1246 natura.

2280 1270 2434 1326 Nulla
2464 1275 2608 1327 enim
2641 1287 2785 1331 esset
2809 1280 3133 1333 verecundia
3162 1280 3508 1349 genitalium,
3533 1283 3576 1336 si
3597 1284 3845 1352 culpane:

2280 1375 2444 1420 esset.
2476 1367 2658 1437 Neque
2679 1371 2822 1424 enim
2849 1381 3045 1426 cartera
3078 1376 3328 1428 animalia
3365 1378 3842 1441 vestiuntur,ntle-

2280 1468 2510 1530 gantur;
2541 1478 2718 1532 neque
2749 1464 3074 1529 veSIiuntur,
3109 1482 3162 1520 ut
3188 1469 3526 1523 muniantur.
3571 1469 3720 1526 Satis
3761 1489 3846 1526 nio-

2282 1551 2391 1605 uita
2418 1565 2542 1607 sunt
2573 1555 2752 1610 omnia
2783 1567 2990 1612 naturae
3038 1573 3150 1613 suae
3183 1563 3462 1630 tegmine;
3497 1577 3598 1616 nos
3637 1563 3754 1617 dum
3777 1581 3844 1618 su.

2282 1645 2483 1714 perflua
2533 1647 2848 1717 quaerimus,
2899 1659 3110 1720 tegmen
3162 1664 3370 1706 natura:
3416 1655 3735 1716 amisimus,
3779 1658 3846 1726 jus

2280 1752 2571 1792 commune
2596 1741 2946 1809 perdidimus.
2977 1743 3212 1813 Ideoque
3243 1746 3295 1798 in
3327 1743 3430 1799 hoc
3475 1748 3686 1816 psalmo
3714 1753 3846 1806 ascri-

579 1837 768 1888 oamini
810 1839 997 1908 spiritu
1049 1843 1230 1896 mentis
1279 1857 1457 1898 vestra:
1489 1845 1708 1917 (Ephes.
1742 1865 1814 1915 tv,
1864 1850 1980 1922 25).
2034 1854 2171 1906 Cum

2288 1829 2425 1883 bitur
2457 1832 2698 1886 doctrina
2721 1834 3088 1901 medicabilis;
3115 1836 3239 1905 quia
3269 1839 3350 1892 vel
3383 1838 3622 1894 lditbum
3647 1884 3660 1902 ,
3707 1843 3780 1896 vel
3804 1861 3847 1899 se

579 1933 720 1982 enim
745 1929 1040 1987 eli‘unditnr
1069 1944 1226 1989 vetus
1273 1938 1499 2005 malitia,
1539 1955 1674 1993 nova
1701 1945 1932 1996 sumitur
1957 1944 2130 2014 gratia
2157 1986 2174 2013 ,

580 2037 686 2092 qua
725 2029 1096 2096 unusquisque
1129 2040 1442 2086 renovatur.
1503 2033 1639 2087 Dicit
1678 2050 1807 2104 ergo
1836 2035 2002 2091 Filius
2037 2037 2126 2092 Dei
2160 2054 2171 2090 :

585 2117 850 2184 li/fundite
870 2136 1040 2174 coram
1071 2123 1161 2176 illo
1184 2125 1342 2178 corda
1355 2127 1517 2179 vestra
1544 2144 1559 2191 ;
1588 2129 1709 2198 quia
1740 2129 2174 2185 scicbatl’atrent

579 2226 698 2265 esse
723 2212 989 2268 dicturum
1027 2233 1038 2267 :
1075 2215 1352 2283 Effundant
1377 2220 1440 2273 de
1489 2219 1694 2289 Spiritu
1737 2238 1848 2275 meo
1887 2239 2040 2292 super
2069 2239 2178 2276 om-

579 2322 690 2358 nem
729 2323 934 2362 carnem
966 2307 1122 2380 (laet.
1181 2328 1238 2378 tt,
1263 2313 1376 2385 28).
1411 2315 1503 2369 Est
1529 2317 1688 2370 etiam
1724 2319 1812 2372 illa
1846 2318 2085 2384 traditio,
2121 2328 2178 2374 ιιι

578 2417 673 2454 cor
697 2411 936 2455 ucstrqu
970 2404 1250 2459 videamur
1277 2406 1576 2475 effundere,
1611 2411 1828 2480 quando
1850 2427 2039 2465 omnes
2086 2427 2178 2465 co-

579 2495 864 2563 gitationes
893 2497 1053 2550 alicui
1084 2500 1456 2556 etvolutitates
1475 2504 1642 2557 nostii
1675 2505 1856 2559 cordis
1885 2507 2173 2575 aperimus.

582 2589 1000 2660 Ergojactenius
1027 2594 1076 2646 in
1113 2594 1276 2648 Deum
1301 2597 1660 2666 cogitationes
1687 2610 1919 2663 nostras,
1955 2614 2051 2654 nec
2081 2600 2178 2654 ali-

579 2683 706 2750 quid
735 2698 856 2736 eum
881 2683 1048 2738 latere
1075 2685 1378 2742 credamus.
1435 2688 1772 2744 liliandimus
1814 2707 1910 2746 cor
1939 2703 2178 2746 nostrum

580 2794 762 2830 coram
795 2779 931 2847 ipso,
955 2793 1076 2832 cum
1095 2778 1520 2850 disceptationes
1536 2784 1874 2837 exinanimus
1890 2783 2174 2839 humanas.

671 2873 760 2927 5i.
795 2872 976 2944 (Vers.
1011 2874 1125 2941 10.)
1184 2874 1539 2931 Verumtamen
1593 2879 1707 2931 vani
1747 2880 1846 2948 ﬁlii
1873 2881 2176 2933 hominum:

581 2967 849 3020 mendaces
874 2968 972 3036 ﬁlii
999 2969 1262 3022 hominum
1294 2973 1346 3022 in
1375 2973 1578 3026 steteris
1597 2982 1648 3024 ut
1676 2973 1954 3040 decipiant.
1987 2974 2041 3029 Si
2058 2973 2178 3028 vani

581 3060 669 3112 lilii
703 3060 1003 3123 hominum,
1034 3074 1087 3115 et
1119 3061 1406 3116 mendaces
1439 3063 1533 3117 lilii
1586 3064 1860 3118 hominum
1898 3106 1912 3130 ,
1956 3075 2180 3135 possunt

581 3168 686 3206 tton
713 3154 834 3206 vani
864 3168 986 3208 esse
1022 3155 1115 3208 lllii
1140 3154 1237 3209 Dei
1268 3157 1392 3226 ;qui
1416 3171 1520 3211 non
1554 3174 1616 3212 ex
1643 3159 1934 3227 sanguine,
2004 3175 2176 3228 neque

2281 1924 2456 1989 ipsum
2493 1926 2635 1979 illius
2680 1929 2935 1995 nomine,
2979 1932 3242 1986 exercitio
3278 1933 3543 2001 spiritali,
3585 1936 3846 1993 subeundis

2284 2022 2677 2075 tcntationibus
2706 2022 2939 2078 erudivit
2972 2065 2986 2089 ,
3021 2037 3076 2079 ut
3111 2026 3161 2079 in
3193 2028 3466 2096 angustiis
3514 2027 3640 2098 quis
3680 2033 3847 2099 positus

2278 2114 2529 2184 subjiciat
2561 2130 2619 2170 se
2653 2115 2763 2170 Deo
2787 2133 2801 2182 ;
2827 2128 2881 2170 et
2908 2118 2953 2171 si
2987 2120 3229 2186 peccavit
3259 2130 3418 2186 ante,
3447 2137 3686 2192 peccare
3735 2123 3846 2179 ἀρεῖς

2281 2219 2408 2271 st-it,
2441 2222 2540 2261 nec
2570 2210 2804 2263 recidivo
2831 2221 3336 2281 erroreomuvcatur.

2353 2304 2442 2357 55.
2472 2301 2776 2371 (Vcrs.l‘?..)
2805 2303 2980 2358 Semel
3001 2305 3202 2359 locutus
3217 2316 3290 2360 est
3326 2306 3493 2374 Deus,
3526 2309 3636 2363 duo
3666 2313 3846 2364 lutea-

2283 2397 2402 2449 diui.
2437 2396 2616 2451 Semel
2664 2397 2876 2452 locutus
2903 2409 2984 2452 est
3013 2397 3174 2464 Deus,
3209 2411 3263 2454 et
3297 2401 3453 2469 plura
3499 2402 3683 2456 audita
3710 2417 3842 2468 sunt;

2281 2491 2405 2558 quia
2435 2506 2539 2542 non
2575 2505 2670 2559 per
2697 2490 2906 2545 litteras
2932 2503 2988 2546 et
3017 2493 3254 2564 syllabas
3275 2495 3618 2551 estlocutus.
3651 2497 3846 2552 [λαως

2281 2594 2362 2637 est
2391 2598 2485 2652 per
2507 2587 2814 2652 u-nigmata,
2838 2585 3046 2639 locutus
3065 2595 3147 2639 est
3171 2603 3266 2653 per
3289 2589 3551 2654 visiones,
3575 2591 3772 2644 locutus
3785 2601 3846 2645 est

2284 2692 2377 2746 per
2406 2675 2707 2732 divisiones
2749 2678 3040 2748 gratiarum
3063 2721 3077 2742 ,
3107 2680 3321 2735 locutus
3353 2692 3440 2736 est
3471 2700 3574 2751 per
3621 2685 3843 2754 Spiritum

2281 2774 2639 2843 singulorum.
2671 2775 2780 2830 Nos
2809 2788 2989 2831 autem
3019 2777 3169 2844 plura
3199 2777 3498 2847 loquimur,
3531 2791 3586 2834 et
3618 2782 3702 2834 vix
3723 2779 3843 2833 antli-

2283 2883 2422 2921 mur.
2458 2868 2638 2923 Semel
2670 2869 2880 2923 locutus
2929 2871 2980 2923 in
3022 2869 3163 2940 Lege
3191 2881 3296 2936 est,
3331 2872 3528 2927 eadem
3571 2875 3755 2928 iterum
3788 2876 3844 2926 lo-

2281 2974 2437 3016 cutus
2467 2972 2548 3015 est
2597 2963 2648 3016 in
2684 2962 2992 3032 Evangelio.
3044 2964 3212 3036 968
3256 2967 3364 3020 Aut
3397 2966 3668 3034 fortasse,
3700 2979 3745 3022 ut
3769 2983 3842 3038 ego

2285 3065 2444 3124 puto,
2507 3057 2631 3125 quia
2675 3056 3023 3112 multifariam
3068 3059 3281 3113 locutus
3335 3062 3514 3114 estin
3569 3063 3839 3131 prophetis,

2283 3151 2575 3206 novissime
2628 3160 2808 3206 autem
2867 3152 3080 3208 locutus
3134 3162 3218 3207 est
3268 3152 3323 3208 in
3359 3154 3473 3209 lilio
3520 3171 3647 3210 suo.
3705 3156 3840 3210 Semel

581 3259 644 3298 ex
682 3245 957 3299 voluntate
988 3247 1190 3313 carnis,
1227 3263 1400 3316 neque
1421 3266 1485 3304 ex
1518 3251 1795 3306 voluntate
1816 3253 1947 3318 viri;
1980 3254 2072 3308 scil
2106 3268 2175 3308 ex

2288 3243 2499 3296 locutus
2551 3253 2635 3298 est
2662 3285 2676 3310 ,
2738 3243 2954 3314 quando
2999 3245 3213 3299 locutus
3264 3247 3317 3300 itt
3370 3247 3514 3302 Filio
3543 3260 3630 3304 est
3657 3266 3672 3312 ;
3702 3261 3747 3304 et
3777 3266 3843 3302 au-

591 3339 704 3394 Deo
734 3341 842 3394 nati
872 3349 1000 3394 sunt
1054 3341 1250 3412 Nainfi
1281 3343 1611 3398 iibominum
1638 3346 1888 3402 videntur
1910 3345 2010 3401 sibi
2043 3364 2176 3417 pon-

581 3439 776 3493 derare
798 3439 1106 3506 :equitatetn
1136 3448 1189 3492 et
1216 3442 1484 3508 gravitate
1515 3442 1807 3496 severioris
1828 3442 2016 3509 judicii
2050 3459 2179 3496 exa-

582 3533 788 3585 minare
813 3530 1107 3600 justitiam,
1139 3540 1162 3565 ει
1195 3529 1312 3585 duri
1341 3532 1482 3594 aliis,
1522 3533 1624 3588 sibi
1653 3533 1885 3598 remissi,
1926 3536 2178 3604 operibus

585 3623 781 3691 iniqui,
809 3638 1058 3677 sermone
1089 3638 1364 3677 censores.
1395 3624 1547 3679 Unde
1577 3627 1831 3681 Salomon
1867 3627 1939 3679 ait
1970 3645 1982 3679 :
2012 3625 2176 3680 Exse-

586 3713 778 3768 crabile
823 3713 1043 3767 Domino
1071 3715 1262 3784 duplex
1299 3716 1528 3786 pondus,
1559 3729 1608 3774 et
1651 3730 1843 3772 statera
1886 3719 2051 3788 fallax
2082 3737 2180 3774 non

589 3808 720 3862 bona
769 3806 949 3881 (Prov.
987 3807 1222 3876 “.23).
1267 3810 1320 3864 ltt
1369 3828 1475 3880 quo
1520 3813 1785 3883 significat
1830 3830 1923 3868 pos
1967 3818 2056 3885 qui
2097 3831 2184 3871 ra-

592 3902 770 3967 pinam
821 3901 1137 3970 ittt‘Xplt‘Dlll
1165 3903 1330 3958 corde
1356 3904 1708 3968 meditantur,
1735 3916 1788 3962 et
1829 3909 2180 3964 sobrietatem

586 3992 770 4048 fronte
820 3995 1181 4062 praetendunt.
1230 3995 1388 4051 Tales
1437 3999 1630 4052 scribae
1676 3998 1988 4055 Judazorum
2031 4012 2182 4069 sunt,

589 4088 677 4157 qni
703 4101 867 4142 onera
889 4089 1069 4158 gravia
1096 4088 1215 4141 aliis
1235 4089 1599 4145 observantia:
1618 4094 1850 4147 durioris
1871 4095 2180 4165 imponunt,

591 4197 695 4234 non
732 4179 998 4234 habentes
1030 4190 1235 4235 rectum
1263 4179 1497 4254 bjugnm
1529 4185 1724 4240 anima:
1743 4201 1854 4241 suae
1887 4204 1902 4252 ;
1936 4189 2028 4242 sed
2057 4203 2185 4258 pro-

590 4288 756 4342 pensa
789 4275 1075 4342 iniquitate
1108 4278 1311 4330 curvati
1344 4295 1356 4330 :
1393 4279 1492 4348 ipsi
1524 4291 1703 4335 autem
1740 4296 1963 4335 suorum
2011 4280 2185 4353 relugi

594 4373 989 4434 praeceptorum
1015 4377 1140 4420 sunt
1187 4367 1465 4426 invenitur
1488 4373 1669 4439 itaque
1703 4374 1754 4427 in
1796 4375 2017 4429 aVaritia
2051 4383 2188 4448 tam-

590 4476 748 4532 quam
784 4462 834 4514 in
868 4461 1048 4516 radice
1073 4463 1324 4518 vitiorum
1356 4467 1618 4530 omnium,
1643 4483 1765 4538 qua!
1789 4466 1859 4521 sit
1883 4477 2045 4538 caput
2089 4469 2189 4524 ini-

591 4554 816 4623 quitatis
845 4563 896 4608 et
923 4554 1097 4609 fomes
1129 4572 1322 4613 :ouam
1348 4557 1510 4614 Immo
1539 4562 1860 4614 renuntians
1893 4563 2116 4628 mundo,
2136 4572 2191 4619 et

591 4647 942 4717 consepultus
971 4648 1191 4702 Christo
1225 4665 1320 4719 per
1351 4653 1690 4720 baptismatis
1741 4664 2145 4710 sacramentum
2172 4697 2188 4722 ,
2220 4661 2272 4721 D

591 4743 679 4812 qni
701 4744 770 4796 sit
787 4752 1029 4796 mortuus
1049 4743 1276 4811 saeculo,
1291 4745 1559 4802 declinare
1570 4748 1729 4804 debet
1743 4749 2188 4821 atquedefugere.

664 4835 752 4888 5'2.
779 4834 962 4906 (Vers.
1000 4833 1112 4894 ll.)
1137 4834 1338 4898 Nolite,
1369 4839 1562 4910 inquit,
1596 4859 1805 4910 sperare
1827 4847 1878 4896 in
1900 4845 2188 4912 iniquitate,

593 4937 639 4981 et
669 4930 903 5000 rapinam
929 4930 1086 4984 nolite
1115 4932 1480 5003 concupiscere
1513 4949 1532 4988 :
1562 4936 1754 4990 dicitur
1785 4937 1830 4990 si
1871 4939 2060 5008 fluant,
2096 4954 2190 4992 no-

595 5023 683 5076 lite
706 5039 795 5075 cor
820 5039 1102 5092 apponere.
1123 5024 1286 5081 Vides
1312 5029 1436 5098 quia
1465 5027 1717 5091 affluunt.
1753 5048 1859 5085 non
1892 5032 2043 5087 vides
2066 5033 2190 5103 quia

669 5129 694 5154 η
723 5117 812 5173 lta-
837 5117 972 5186 Reg.
999 5135 1102 5173 ins.
1136 5122 1244 5188 1am
1264 5133 1390 5178 ante
1419 5140 1525 5180 tton
1555 5125 1720 5180 semel
1773 5125 2040 5180 laudatus.
2092 5127 2197 5182 Alii

596 5199 774 5267 autem
807 5206 869 5243 ac
895 5190 1052 5267 edit.,
1078 5192 1208 5267 Duri
1235 5195 1372 5261 aliis,
1394 5198 1592 5251 remissi
1616 5197 1853 5267 operibus
1874 5199 2194 5267 iniquis,ctc.

671 5261 695 5300 ιι
723 5260 922 5338 Iugum
971 5265 1022 5317 in
1057 5266 1258 5338 trutina
1301 5260 1493 5335 srapus
1541 5280 1622 5323 est
1650 5260 1718 5322 ex
1745 5269 1899 5338 cnjns
1930 5260 2196 5326 e'xtreinis

601 5335 742 5390 bina:
775 5333 957 5388 lam-es
982 5335 1222 5405 pendent
1252 5355 1266 5402 ;
1299 5333 1439 5395 unde
1464 5342 1720 5397 translata
1748 5333 1829 5395 esi
1878 5340 1991 5395 ba-c
2019 5352 2194 5397 meta-

623 5407 768 5460 iltot‘a
783 5445 793 5456 .

623 5423 793 5460 ὶΙΙυΓὶΙ.

605 5423 620 5476 ι
677 5489 697 5515 ο
730 5477 1114 5531 Descendiunis
1136 5495 1323 5534 oinnes
1350 5483 1398 5533 in
1417 5482 1705 5539 Iordanem
1730 5499 1852 5538 cum
1872 5482 2088 5540 Christo
2103 5501 2192 5540 ra-

605 5549 956 5624 pitenostrp,
989 5550 1143 5624 cujus
1191 5563 1474 5607 contactus
1495 5572 1690 5624 aquam
1717 5571 1822 5610 non
1873 5561 2044 5611 solum
2075 5557 2198 5611 Jor-

603 5619 783 5681 danis,
816 5620 909 5673 sed
941 5623 1164 5695 omnino
1192 5638 1406 5695 oninrm
1431 5619 1827 5690 sanctificavit;
1866 5636 1923 5682 ut
1975 5629 2197 5695 dignum

606 5693 1264 5770 regenerationis_nostra!
1296 5693 1451 5770 fieret
1471 5701 1911 5754 instrumentum.
1943 5693 2195 5770 AliOquin

605 5773 784 5840 autem
814 5763 966 5817 inulti
998 5764 1124 5840 olim
1149 5766 1200 5840 in
1232 5766 1347 5835 ipso
1373 5767 1607 5824 Jordane
1637 5771 1894 5839 baptizari
1943 5763 2198 5840 peropta-

611 5834 738 5886 bant
763 5851 777 5896 ;
801 5834 1263 5912 quemadmodum
1309 5840 1377 5893 de
1405 5843 1607 5896 sanctis
1632 5834 1955 5910 quibusdam
1975 5847 2025 5899 iti
2054 5834 2198 5912 ipso-

614 5919 730 5961 rum
765 5902 888 5963 vitis
911 5905 1089 5980 legere
1131 5920 1206 5967 est
1229 5951 1242 5976 ,
1268 5926 1329 5966 ac
1361 5912 1429 5970 de
1459 5902 1812 5971 Constantino
1835 5917 2026 5987 Magno
2072 5902 2198 5972 llic.

2283 3337 2391 3390 dita
2417 3346 2541 3389 sunt
2563 3335 2725 3390 etiam
2754 3336 2841 3389 illa
2864 3351 2984 3407 qua}
3005 3347 3134 3392 ante
3156 3338 3338 3392 audita
3367 3355 3478 3394 non
3531 3355 3688 3396 erant
3723 3344 3777 3393 ali
3799 3343 3844 3395 iis

2283 3431 2477 3501 quibus
2502 3430 2710 3484 locutus
2738 3429 2910 3484 fuerat
2934 3446 3029 3497 per
3043 3431 3356 3501 prophetas.
3383 3433 3575 3488 Semel
3594 3451 3720 3506 ergo
3741 3437 3845 3489 locs-

2287 3533 2369 3576 tus
2400 3535 2482 3576 est
2511 3523 2564 3576 iii
2595 3537 2736 3576 novo
2764 3523 3150 3589 Testamento,
3201 3537 3256 3579 et
3308 3536 3467 3581 vetus
3516 3528 3753 3583 auditum
3789 3535 3846 3580 est

2285 3617 2714 3679 Testamentum,
2747 3619 2890 3688 quod
2920 3632 3024 3671 non
3053 3619 3422 3684 audiebatur;
3455 3623 3588 3692 quia
3638 3623 3748 3692 ipse
3769 3622 3843 3674 Do-

2289 3714 2466 3765 minus
2492 3711 2630 3765 dixit
2650 3713 2717 3765 de
2745 3712 2946 3782 populo
2976 3712 3287 3767 Iudaeorum
3315 3731 3326 3766 :
3373 3712 3664 3782 Videbunt,
3714 3728 3753 3768 et
3775 3732 3844 3767 sca

2287 3805 2524 3858 videbunt
2553 3819 2572 3858 :
2598 3805 2809 3858 audient
2837 3847 2851 3870 ,
2880 3815 2927 3859 et
2951 3822 3052 3859 non
3077 3807 3289 3860 audient
3312 3806 3516 3879 (Marc.
3541 3826 3619 3875 tv,
3647 3811 3747 3880 l2).
3773 3811 3847 3863 AI-

2289 3899 2437 3954 dlt‘ﬂl
2469 3915 2598 3954 aure
2622 3914 2906 3969 corporea,
2932 3900 3025 3956 sed
3056 3916 3159 3955 non
3188 3903 3414 3958 audient
3451 3907 3660 3961 mentis
3688 3907 3846 3959 auditu.

2360 3993 2450 4046 δι.
2483 3992 2651 4048 Nobis
2677 4010 2807 4066 ergo
2833 4037 2847 4059 ,
2879 3996 2980 4051 hoc
3010 4003 3112 4063 est,
3147 3996 3432 4064 Ecclesiae,
3475 4000 3654 4055 semel
3687 4003 3848 4053 loculus

2291 4100 2394 4153 est,
2426 4096 2480 4143 et
2503 4089 2611 4144 duo
2631 4089 2812 4144 audita
2845 4101 3004 4154 sunt;
3041 4092 3163 4162 quia
3183 4101 3239 4146 et
3267 4092 3353 4146 illa
3377 4092 3694 4149 audivimus
3723 4107 3766 4149 et
3793 4095 3848 4147 ia-

2293 4183 2622 4250 tellcximus,
2652 4200 2772 4255 quae
2796 4199 2900 4239 non
2925 4185 3330 4251 intellexerunt,
3356 4187 3446 4256 qui
3482 4189 3850 4260 legeruntznon

2292 4281 2601 4345 audierunt,
2629 4281 2717 4350 qui
2747 4280 3055 4335 audierunt.
3080 4279 3241 4334 Solus
3257 4282 3408 4335 enim
3427 4281 3687 4337 Christus
3709 4295 3853 4336 annm

2292 4379 2504 4445 aperuit
2550 4373 2840 4428 humanam
2873 4374 2936 4426 ad
2969 4375 3347 4444 cognoscenda
3399 4376 3669 4446 mysteria
3700 4394 3715 4440 ;
3743 4376 3852 4429 saltu

2297 4470 2419 4524 libri
2443 4469 2780 4540 signaculum
2805 4469 2986 4535 solvit,
3017 4469 3320 4547 et‘resolvit
3347 4473 3644 4541 tenigmsta
3675 4470 3854 4542 proptre-

2293 4573 2493 4619 tarum.

2369 4658 2456 4713 55.
2497 4655 2676 4727 (Vers.
2711 4657 2828 4726 15.)
2860 4656 3091 4729 Ideoque
3121 4657 3237 4727 ipse
3269 4657 3464 4714 reddet
3494 4662 3858 4730 unicuiqnese-

2300 4750 2535 4805 cundum
2565 4765 2751 4821 opera,
2778 4751 2829 4804 in
2869 4767 2974 4820 quo
3006 4763 3055 4805 ct
3097 4752 3416 4819 qualitatem
3469 4768 3699 4824 operum
3746 4769 3860 4807 eom-

2303 4842 2634 4912 prehendit;
2704 4853 2757 4896 ut
2822 4851 2916 4897 aut
2953 4845 3313 4913 complurium
3366 4854 3422 4900 et
3463 4849 3749 4902 melicium
3778 4862 3861 4900 res-

2301 4937 2457 4990 tituat
2490 4936 2708 5005 pra-mia
2735 4936 2941 4991 meritis
2968 4938 3302 5006 singulorum
3331 4956 3344 5000 ;
3376 4949 3467 4994 aut
3495 4952 3689 4996 contra
3719 4952 3766 4996 et
3789 4957 3862 4994 nu-

2300 5046 2451 5085 mero
2475 5043 2784 5100 gravemur,
2812 5041 2865 5083 et
2892 5031 3186 5086 acerbitate
3214 5031 3562 5090 meritorum.

2307 5139 2568 5196 ronymus
2593 5140 2658 5177 ex
2689 5123 2930 5196 Eusebio
2957 5125 3138 5178 tradit.
3170 5125 3303 5180 Vide
3352 5129 3773 5182 Annotationeni
3818 5127 3865 5182 ll.

2305 5195 2508 5253 Valesii
2564 5197 2613 5248 iti
2664 5197 2754 5251 lib.
2818 5211 2866 5249 tv
2910 5195 3128 5250 Eusebii
3179 5198 3247 5252 de
3295 5199 3400 5252 vita
3456 5201 3789 5255 Constantini
3830 5202 3866 5251 in

2302 5285 2423 5334 cap.
2450 5269 2542 5330 62.
2584 5269 2681 5342 ubi
2716 5269 2859 5342 inter
2880 5269 2984 5323 alia
3018 5269 3156 5323 scitu
3175 5268 3497 5339 dignissima
3524 5274 3718 5342 legitur
3744 5285 3790 5327 et
3814 5272 3868 5323 is-

2303 5342 2394 5396 tud
2439 5357 2504 5395 ex
2537 5339 3108 5406 itinerarioAntonini,
3145 5343 3287 5410 quod
3342 5357 3464 5396 cum
3494 5339 3600 5398 hoc
3624 5346 3738 5399 loco
3788 5358 3869 5396 non

2302 5427 2490 5485 parum
2536 5412 2696 5465 habet
2719 5410 3024 5485 affinitatis:
3051 5411 3328 5467 Descendit
3357 5415 3603 5485 sacerdos
3616 5418 3670 5468 iu
3691 5417 3869 5485 ﬁumen,

2297 5495 2346 5537 et
2365 5484 2494 5538 liora
2515 5501 2616 5556 qua
2647 5484 2796 5550 coepit
2817 5483 3112 5538 benedicere
3135 5503 3346 5554 aquam.
3368 5502 3491 5540 mox
3517 5483 3769 5540 Iordanis
3783 5503 3872 5538 cui

2309 5573 2496 5630 magno
2525 5559 2699 5625 rugitu
2740 5566 2855 5630 post
2882 5573 2936 5610 se
2962 5558 3262 5620 revertitur;
3289 5569 3336 5611 et
3366 5568 3470 5612 stat
3497 5575 3634 5624 aqua
3675 5563 3875 5623 superior

2307 5629 2360 5681 in
2396 5646 2450 5682 se
2480 5645 2641 5696 usque
2673 5631 2794 5682 dum
2823 5629 3107 5696 baptismus
3137 5630 3408 5699 perﬁcitur
3440 5647 3460 5684 :
3491 5632 3714 5701 inferior
3741 5642 3873 5684 aut!!!

2305 5701 2440 5770 fugit
2463 5703 2514 5753 in
2546 5717 2705 5754 mare.

2378 5770 2403 5808 ἀ
2425 5771 2520 5827 His
2552 5774 2711 5842 plane
2735 5775 2944 5837 gemina
2978 5773 3137 5827 docet
3158 5771 3500 5842 Augustinus
3527 5773 3622 5829 lib.
3649 5776 3755 5829 nde
3778 5771 3876 5826 Pec-

2305 5855 2420 5897 cuto
2451 5846 2608 5918 orig"
2642 5861 2692 5898 c.
2718 5844 2788 5918 δᾴ
2816 5863 2829 5909 ;
2857 5848 2938 5918 lat
2966 5848 3028 5898 de
3071 5845 3242 5914 Nupt.
3280 5856 3329 5900 et
3372 5842 3615 5918 Qoucup.
3642 5863 3663 5913 ;
3711 5847 3796 5902 lib.
3835 5858 3875 5911 ι,

2303 5930 2426 5987 cap.
2454 5917 2508 5980 5,
2535 5916 2728 5975 Contra
2751 5917 2867 5975 Jul.
2899 5917 3110 5994 Pelag.,
3141 5928 3304 5991 atque
3333 5916 3491 5978 alibi.

1735 6025 1947 6064 IXPUCI'I‘
1971 6025 2086 6065 10m
2106 6027 2265 6066 νιειιιι
2287 6028 2462 6074 QUAE"
2481 6031 2602 6072 rm
2620 6032 2780 6071 PIIOI.
