4040 6210
1316 351 2666 363 _.__._.._.______._.___....._._.._.___-._
2689 357 2891 364 ...-
3396 361 3481 371 -,-_

1416 624 2483 786 PR/EFATIO.

402 1185 662 1257 Quamvis
709 1200 889 1256 operm
935 1193 1168 1255 pretium
1212 1182 1458 1238 facturus
1502 1198 1603 1237 nos
1642 1197 1762 1236 esse
1811 1181 2206 1239 arbitraremur
2252 1185 2296 1237 si
2344 1183 2595 1256 Origenis
2636 1184 2811 1256 Opera
2853 1185 3059 1249 omnia,
3097 1196 3205 1239 tam
3237 1185 3326 1240 illa
3359 1202 3593 1255 quorum

332 1283 628 1352 genuinum
668 1295 789 1335 eum
831 1292 955 1333 esse
1006 1287 1288 1331 auctorem
1331 1285 1572 1341 constat,
1613 1292 1774 1345 quam
1818 1291 1881 1330 ea
1908 1292 2027 1346 qua:
2058 1278 2157 1332 sub
2193 1277 2310 1348 ejus
2341 1279 2563 1333 nomine
2594 1279 2722 1333 olim
2755 1280 3308 1345 circumferebantur,
3341 1281 3392 1334 in
3425 1297 3591 1334 unum

330 1388 532 1442 corpus
568 1369 977 1440 colligeremns,
1005 1367 1264 1438 quoniam
1301 1377 1483 1420 tamen
1517 1367 1799 1436 conquesti
1826 1374 1952 1422 sunt
1987 1367 2085 1420 viri
2116 1366 2321 1437 aliquot
2352 1367 2573 1434 eruditi,
2596 1384 2847 1438 aegreque
2879 1371 3049 1424 tulere
3094 1371 3236 1440 quod
3265 1371 3317 1425 in
3349 1373 3593 1445 priorum

329 1462 555 1531 hujusce
592 1462 851 1517 editionis
879 1461 1216 1515 voluminum
1250 1458 1357 1514 line
1384 1474 1550 1529 opera
1588 1459 1834 1527 qumdam
1866 1456 2085 1529 Origeni
2120 1475 2403 1530 perperam
2441 1461 2677 1529 ascripta
2723 1462 2904 1517 addita
2949 1461 3172 1529 fuerint,
3215 1477 3337 1532 quae
3370 1464 3595 1516 omnino

329 1555 596 1623 superﬂua
628 1555 880 1624 adeoque
912 1552 1218 1607 ementibus
1245 1566 1479 1606 onerosa
1509 1551 1613 1606 sibi
1648 1551 1993 1617 videbantur,
2026 1552 2146 1605 ideo
2182 1551 2233 1605 in
2268 1552 2667 1619 posterioribus
2701 1554 2861 1607 tomis
2905 1553 3109 1623 reliqua
3158 1554 3425 1624 ejusmodi
3459 1568 3592 1619 spu-

326 1650 410 1702 ria
449 1649 750 1704 omittenda
782 1647 1116 1712 censuimus,
1145 1647 1327 1716 qualia
1371 1655 1494 1700 sunt
1540 1645 1979 1701 Commentarius
2010 1646 2150 1699 alter
2184 1645 2234 1698 in
2262 1643 2364 1699 Job
2398 1661 2427 1697 a
2463 1643 2749 1700 Joachimo
2785 1647 3034 1702 Perionio
3058 1646 3250 1701 Latine
3270 1660 3590 1708 conversus.

335 1741 748 1796 Commentaria
784 1741 841 1795 in
868 1739 1219 1810 Evangelium
1254 1736 1418 1793 Marci
1453 1753 1573 1807 qua:
1606 1739 1706 1792 sibi
1737 1738 2032 1808 aliquando
2072 1738 2279 1793 edenda
2331 1748 2695 1807 proposuerat
2726 1740 3073 1795 doctissimus
3109 1738 3359 1803 Hnetius,
3402 1737 3590 1793 Homi-

336 1831 425 1886 lia
460 1830 516 1885 in
545 1831 818 1895 diversos,
852 1838 909 1883 et
933 1829 1032 1883 alia
1069 1842 1189 1898 qua!
1220 1826 1517 1896 praeferunt
1545 1828 1776 1899 vulgatae
1806 1838 1967 1882 antea
2002 1827 2207 1883 Latina:
2240 1829 2505 1885 editiones
2538 1845 2553 1882 :
2581 1830 2723 1883 unde
2758 1830 2814 1884 ﬁt
2851 1842 2909 1885 ut
2935 1846 3040 1887 non
3070 1833 3185 1902 jam
3221 1831 3590 1888 voluminibus

327 1925 603 1993 quinque,
653 1924 796 1980 sicut
839 1922 990 1978 initio
1026 1922 1369 1992 propositum
1423 1922 1624 1986 fuerat,
1666 1924 1762 1976 sed
1820 1929 2055 1988 quatuor
2099 1920 2368 1973 duntaxat
2417 1912 2525 1974 tota
2575 1922 3037 1991 Origenianorum
3070 1922 3308 1993 Operum
3338 1922 3591 1979 collectio

338 2017 693 2072 conﬁciatur.
1524 2002 1525 2005 η
2124 2032 2128 2037 ·

403 2111 601 2166 Mirum
630 2127 754 2167 vero
782 2111 1016 2167 fortasse
1043 2110 1317 2168 videbitur
1355 2115 1611 2176 quartum
1651 2105 1752 2157 hoc
1788 2113 1841 2157 et
1866 2101 2117 2155 ultimum
2148 2102 2423 2167 volumen,
2461 2105 2604 2173 quod
2649 2106 2701 2159 in
2750 2105 3071 2174 prazl’atione
3110 2107 3254 2161 tertii
3283 2122 3428 2162 anno
3452 2110 3593 2162 1740

322 2205 480 2274 quasi
535 2221 658 2260 mox
696 2208 848 2274 prelo
888 2203 1336 2258 committendum
1380 2200 1785 2260 uuntiavcram,
1833 2207 1942 2251 tam
2002 2212 2126 2251 sero
2175 2205 2356 2251 tamen
2413 2206 2534 2266 post
2574 2198 2676 2251 alia
2727 2200 2966 2268 prodire.
3003 2197 3199 2254 Verum
3230 2211 3592 2272 praeterquam

327 2297 467 2366 quod
503 2295 730 2365 propius
756 2293 1072 2363 inspicienti
1100 2290 1233 2344 mihi
1261 2290 1348 2344 vix
1390 2290 1687 2359 quidquam
1742 2289 1794 2341 in
1831 2302 1896 2341 eo
1927 2286 2272 2340 elaboratum
2316 2287 2579 2358 preloque
2610 2299 2860 2357 paratum
2893 2291 3155 2356 occurrit,
3189 2294 3399 2348 absenti
3433 2296 3594 2364 paulo

320 2400 470 2461 post,
508 2390 815 2458 alienisque
853 2387 1131 2442 laboribus
1176 2393 1442 2452 occupato
1492 2381 1776 2452 promissis
1822 2392 1967 2434 stare
2007 2394 2113 2433 non
2145 2379 2321 2434 licuit.
2357 2380 2513 2435 Anno
2538 2383 2682 2436 enim
2716 2382 2857 2437 1742
2891 2394 3108 2440 mortuo
3153 2386 3375 2441 domino
3403 2399 3593 2443 nostro

323 2484 486 2539 Petro
516 2481 789 2543 Sabatier,
826 2479 921 2549 qui
952 2480 1148 2534 veteris
1192 2478 1393 2532 Latina:
1436 2475 1757 2537 Bibliorum,
1789 2488 1948 2542 quam
1998 2473 2238 2528 Italicam
2283 2485 2503 2541 vocant,
2539 2476 2823 2532 Versionis
2848 2479 3029 2547 priora
3063 2480 3170 2534 dno
3204 2480 3478 2537 volumina
3509 2484 3592 2538 in-

280 2574 285 2581 “
328 2578 458 2632 folio
490 2577 673 2630 Remis
706 2574 1042 2645 vulgaverat,
1079 2572 1274 2627 [ternos
1325 2585 1468 2624 anno
1501 2567 1639 2622 1745
1668 2584 1695 2622 a
1734 2566 2123 2636 Superioribus
2168 2569 2370 2624 missus
2402 2569 2469 2622 ad
2506 2572 2939 2639 persequendam
2990 2573 3147 2635 hanc,
3182 2589 3343 2643 quam
3372 2577 3590 2646 potissi-

327 2686 474 2725 mum
511 2667 809 2739 ﬂagitabat,
847 2666 1110 2735 cujusque
1137 2663 1442 2733 sumptibus
1474 2662 1805 2715 subvenerat
1840 2660 2229 2715 serenissiums
2272 2661 2692 2715 Anrelianorum
2726 2664 2832 2716 dux
2863 2678 2927 2717 ac
2953 2667 3227 2734 princeps,
3257 2666 3577 2734 editionem,

327 2779 422 2818 sex
460 2776 633 2816 annos
666 2762 908 2829 integros
941 2760 1141 2814 ibidem
1172 2757 1437 2825 insumpsi
1474 2755 1635 2810 tertio
1665 2764 1720 2809 et
1754 2753 1944 2807 ultimo
1978 2753 2141 2822 hujus
2174 2753 2434 2807 volumini
2475 2753 2828 2811 absolvendo.
2863 2755 2981 2821 Quo
3011 2755 3163 2810 linito
3194 2767 3335 2812 totus
3360 2760 3426 2814 ad
3461 2759 3581 2816 Ori-

326 2873 518 2928 genem
551 2856 709 2923 redii,
744 2854 959 2924 singula
992 2856 1058 2908 ad
1096 2852 1500 2922 manuscriptos
1531 2849 1748 2906 codices
1788 2848 1994 2905 contuli
2028 2857 2085 2902 et
2106 2849 2387 2917 castigavi,
2415 2848 2560 2902 uotis
2588 2847 2876 2909 illustravi,
2907 2849 3038 2903 nulli
3061 2850 3294 2920 denique
3321 2853 3404 2907 vel
3425 2869 3591 2922 curm,

331 2950 413 3006 vel
445 2949 646 3018 studio,
683 2948 769 3004 vel
806 2947 980 3002 labori
1019 2946 1235 3018 peperci
1265 2954 1322 2998 ut
1357 2945 1627 3013 integrum
1658 2943 1789 2999 illud
1822 2958 1886 2997 ac
1926 2940 2227 3012 perfectum
2260 2941 2482 3011 suisque
2515 2943 2770 2997 omnibus
2819 2941 3061 2997 numeris
3091 2943 3398 2998 absolutum
3434 2947 3585 3000 voln-

327 3058 449 3098 men
490 3016 770 3099 evaderet.
800 3039 857 3097 Si
892 3016 1029 3110 quid
1051 3016 1239 3109 postea
1276 3053 1442 3092 morte
1475 3035 1867 3098 intercesserit,
1899 3035 1949 3087 id
1985 3034 2328 3088 tribuendmn
2383 3035 2466 3088 vel
2511 3034 2757 3089 aviditati
2794 3043 2848 3090 et
2881 3034 3181 3089 oscitantia:
3224 3040 3590 3107 typographu-

328 3152 472 3201 rum,
504 3136 616 3205 qui,
658 3151 727 3192 ne
774 3133 1160 3205 typographica
1190 3147 1427 3201 unquam
1465 3145 1562 3185 sua
1590 3128 1801 3183 ollicina
1837 3137 2013 3193 vacet,
2041 3143 2178 3182 nova
2211 3142 2430 3196 semper
2464 3128 2828 3196 imprimenda
2873 3137 3155 3199 appetunt,
3189 3130 3437 3187 inchoata
3483 3148 3583 3185 neu

326 3227 559 3297 gligunt,
582 3230 668 3285 vel
699 3227 825 3283 aliis
861 3227 1275 3295 quibuscunque
1316 3222 1554 3286 casibus,
1588 3222 1774 3293 quales
1807 3220 1913 3276 l‘ert
1947 3235 2126 3275 rerum
2164 3221 2527 3275 humanarum
2579 3236 2856 3292 nunquam
2903 3222 3007 3279 sibi
3029 3226 3402 3280 coustantium
3428 3226 3589 3304 vicis.

323 3324 530 3378 situdo.

396 3414 568 3468 Porro
603 3420 782 3465 tomus
814 3408 902 3464 hic
935 3415 1161 3480 quartus
1200 3414 1255 3460 et
1292 3404 1513 3459 ultimus
1555 3403 1607 3457 iu
1639 3404 1771 3457 duas
1808 3413 1988 3474 partes
2021 3405 2301 3470 dividitur,
2336 3421 2569 3475 quarum
2613 3405 2764 3476 prior
2804 3410 3048 3463 continet
3093 3410 3308 3465 residua
3339 3409 3585 3483 Origeni:

325 3524 495 3581 opera
524 3508 579 3561 in
610 3502 897 3568 Joannem,
932 3501 1295 3571 fragmentum
1323 3513 1354 3553 e
1386 3506 1577 3568 quarta
1611 3497 1831 3552 homilia
1863 3499 1915 3551 in
1941 3500 2075 3555 Acta
2111 3500 2512 3570 apostolorum.
2548 3501 2987 3559 Commentarios
3015 3504 3255 3573 ejusdem
3292 3510 3344 3563 in
3376 3508 3589 3577 Episto.

328 3605 433 3657 lam
464 3599 621 3654 Pauli
653 3597 719 3652 ad
758 3597 1058 3658 Romanos,
1089 3608 1210 3647 cum
1259 3590 1584 3661 fragmentis
1616 3590 1667 3644 in
1698 3590 1967 3660 Epistolas
2007 3593 2073 3647 ad
2102 3592 2345 3657 Galatas,
2385 3597 2454 3649 ad
2487 3596 2771 3666 Ephesios.
2805 3596 2871 3650 ad
2903 3597 3277 3667 Colossenses,
3321 3602 3385 3654 ad
3417 3602 3590 3657 Thcs-

333 3692 716 3755 salonicenses,
747 3690 813 3742 ad
862 3688 1067 3752 Titum,
1100 3686 1168 3738 ad
1219 3683 1619 3747 Philemonem,
1652 3682 1719 3736 ad
1768 3682 2044 3748 llebrazos,
2081 3695 2137 3739 et
2177 3686 2387 3741 duobus
2439 3689 2718 3741 consuetis
2764 3688 3057 3753 iudicibus,
3120 3690 3291 3745 altero
3342 3691 3584 3749 locorum

341 3784 630 3852 Scriptura:
673 3794 869 3841 sacrae,
892 3778 1063 3831 altero
1108 3790 1290 3830 rermu
1322 3773 1756 3829 memorabiliqu
1786 3789 1801 3826 :
1837 3775 2112 3842 posterior
2137 3790 2263 3843 pars
2296 3775 2682 3844 complectitur
2710 3775 2889 3844 Opera
2925 3778 2988 3831 ad
3020 3776 3305 3849 Origenem
3336 3794 3590 3855 speetane

330 3882 421 3946 tia,
448 3881 704 3934 nimirum
734 3875 793 3931 S.
828 3873 1094 3942 Pamphili
1123 3870 1387 3941 martyris
1424 3869 1733 3938 Apologiam
1762 3884 1856 3936 pro
1891 3866 2141 3937 Origene,
2170 3879 2226 3923 et
2258 3883 2356 3938 pro
2390 3869 2580 3924 eodem
2630 3868 3011 3942 Panegyricam
3049 3872 3363 3936 Orationem
3391 3897 3422 3934 ει
3459 3898 3589 3936 εδει,-

323 3984 413 4030 cto
438 3971 704 4040 Gregorio
735 3968 1145 4036 Thaumaturgo
1175 3979 1204 4018 e
1233 3962 1420 4017 schola
1470 3960 1722 4028 Origenis
1760 3960 1814 4013 iu
1860 3960 2094 4027 patriam
2142 3961 2323 4015 redire
2362 3962 2573 4031 paranti
2610 3966 2991 4033 compositam,
3022 3984 3085 4021 ac
3113 3969 3376 4027 Οωεειτρεε
3404 3975 3456 4029 in
3485 3976 3586 4031 Pa-

328 4067 541 4120 ιπειίιιο
573 4063 781 4131 publice
812 4060 1075 4122 habitam,
1110 4056 1431 4125 Origeniaua
1459 4070 1487 4105 a
1515 4050 1830 4106 doctissimo
1859 4050 2051 4106 lluetio
2082 4052 2309 4122 scripta,
2338 4055 2592 4124 nmisque
2624 4054 2902 4111 historicis
2935 4074 2998 4112 ac
3021 4060 3229 4118 criticis
3262 4065 3350 4120 ubi
3371 4080 3491 4123 cum
3521 4086 3589 4124 eo

333 4159 492 4213 nobis
516 4172 619 4211 non
653 4156 902 4211 convenit
931 4154 1220 4215 illustrata,
1254 4158 1390 4202 cum'
1414 4161 1628 4200 summa
1662 4144 1904 4213 ejusdem
1936 4146 2117 4216 operis
2148 4146 2440 4211 librorum,
2475 4149 2812 4212 sectionum,
2846 4153 3084 4221 capitum
3112 4164 3168 4209 et
3194 4172 3540 4215 numerorum
3568 4180 3582 4227 ;

324 4259 386 4305 et
412 4260 725 4319 excerptum
762 4265 826 4304 ex
868 4247 1105 4318 Georgio
1157 4243 1311 4297 Bullo
1355 4249 1517 4308 caput
1568 4254 1771 4292 nouum
1808 4237 2143 4307 Defensionis
2178 4239 2307 4315 ﬁdei
2359 4238 2620 4309 Nicwna',
2655 4244 2721 4298 de
2761 4244 2896 4303 Filio
2928 4245 3004 4317 τῷ
3027 4249 3320 4322 opacus-im,
3362 4254 3449 4308 ubi
3495 4271 3581 4307 ea.

333 4341 530 4395 tholica
562 4340 811 4409 Origenis
834 4340 902 4394 de
933 4338 1202 4393 Trinitate
1240 4334 1370 4388 ﬁdes
1401 4331 1743 4401 potissimum
1771 4330 2104 4385 vindicatur.

405 4489 827 4547 Commentariis
868 4492 922 4545 in
968 4486 1259 4554 Joaunc'tn,
1292 4499 1348 4543 et
1389 4490 1658 4559 Apologirc
1706 4489 1973 4558 Pamphili
2006 4492 2244 4559 speciale
2274 4494 2537 4553 Monitum
2569 4505 2850 4571 praeﬁxum
2882 4518 2984 4561 est.
3010 4510 3144 4565 Cum
3177 4530 3307 4569 vero
3350 4518 3417 4573 de
3465 4520 3545 4575 fra
3570 4556 3583 4566 .

331 4584 562 4650 gmentis
588 4584 642 4637 in
670 4586 805 4638 Acta
842 4584 1213 4653 apostolorum
1249 4593 1303 4638 et
1350 4584 1402 4638 in
1446 4581 1716 4649 Epistolas
1749 4583 1900 4637 Pauli
1950 4596 2148 4655 agatur
2179 4586 2621 4661 Origenianorum
2667 4597 2804 4651 libro
2837 4617 2917 4666 Ill,
2948 4605 3187 4661 sectione
3212 4596 3265 4671 9,
3296 4626 3445 4668 num.
3475 4617 3504 4670 7
3532 4631 3582 4673 et

329 4673 382 4739 8,
409 4689 529 4744 pag.
566 4675 695 4740 297,
726 4685 780 4729 et
804 4678 1047 4731 sectione
1074 4676 1129 4740 5,
1162 4693 1312 4732 ιιιιιιι.
1342 4675 1409 4730 14
1434 4688 1488 4730 et
1520 4675 1600 4740 l5,
1636 4691 1761 4746 pag.
1798 4677 1904 4731 505
1938 4688 1994 4732 et
2026 4679 2154 4745 506,
2191 4684 2280 4736 uhi
2308 4686 2436 4755 quid
2477 4691 2599 4767 novi
2637 4707 2665 4745 a
2696 4694 2852 4747 nobis
2885 4706 3155 4765 repertum
3204 4704 3277 4759 sit
3306 4706 3446 4764 uotis
3486 4714 3583 4767 ob-

330 4770 686 4870 servavimus,
718 4770 845 4824 inde
897 4770 956 4823 lit
1007 4782 1065 4823 ut
1107 4771 1174 4825 de
1214 4769 1318 4825 illis
1348 4771 1541 4825 iterum
1574 4770 1793 4841 prmfari
1818 4787 2286 4842 supervacaneum
2317 4780 2581 4849 videatur,
2610 4786 2711 4841 nisi
2742 4786 2881 4845 forte
2908 4790 3111 4862 aliquid
3141 4797 3364 4870 insuper
3394 4805 3579 4860 dicen-

335 4857 451 4915 dum
480 4862 555 4917 sit
583 4863 651 4918 de
677 4862 1099 4918 Commentariis
1132 4863 1182 4917 in
1213 4863 1504 4933 Epistolam
1534 4864 1601 4917 ad
1636 4862 1930 4920 Romanos.

1286 5044 1361 5097 De
1400 5044 1802 5098 Commentariis
1832 5046 1887 5096 in
1908 5023 2305 5227 Epist.
2336 5037 2620 5093 Romanos.

1286 5152 1478 5206 Celsum
1515 5168 1645 5208 suas
1688 5154 1740 5207 in
1776 5152 2075 5222 Epistolam
2280 5166 2509 5206 omanos
2558 5150 2620 5205 lui

396 5150 529 5206 Cum
574 5152 735 5207 libris
768 5168 801 5203 v
830 5161 884 5207 et
916 5167 1007 5206 vtn
1042 5151 1235 5206 Contra
1271 5152 1478 5206 Celsum
1515 5168 1645 5208 snas
1688 5154 1740 5207 in
1776 5150 2509 5227 Epistolam'omanos
2558 5150 2967 5208 lucubrationes
2995 5165 3260 5211 memoret
3290 5158 3577 5233 Origenes,

319 5256 530 5299 certum
560 5256 644 5301 est
685 5248 737 5299 in
794 5247 934 5301 hanc
978 5249 1127 5317 prius
1159 5247 1480 5317 Epistolam,
1506 5262 1668 5316 quam
1716 5247 1918 5300 Contra
1958 5246 2196 5311 Celsum,
2224 5248 2470 5316 adeoque
2516 5258 2810 5319 antequam
2847 5247 3008 5302 linem
3044 5249 3347 5319 imperandi
3376 5254 3581 5315 faceret

320 5336 624 5407 Philippus,
671 5352 793 5393 eum
840 5341 1144 5408 scripsisse.
1195 5340 1389 5409 Liquet
1418 5342 1582 5394 etiam
1630 5340 1761 5395 illud
1804 5355 1942 5410 opus
1985 5339 2153 5393 fuisse
2196 5340 2535 5394 elaboratum
2570 5348 2688 5408 post
2723 5339 2838 5407 ejus
2869 5339 2922 5392 in
2956 5337 3257 5398 Levitieum
3290 5344 3579 5419 llomilias,

318 5448 554 5501 quarum
610 5435 863 5489 secunda:
909 5434 1156 5489 meminit
1198 5435 1291 5488 lib.
1340 5448 1420 5499 ιι,
1467 5449 1620 5489 num.
1670 5435 1695 5488 l
1747 5433 2274 5489 Commentariorum
2312 5434 2363 5487 in
2391 5434 2638 5488 eamdem
2676 5433 2991 5502 Epistolam.
3023 5435 3197 5492 Porro
3231 5442 3581 5512 cum,judice

321 5523 539 5590 Rufino,
579 5526 696 5581 ista:
729 5528 974 5583 llomilia:
1018 5545 1082 5583 ex
1143 5538 1387 5596 tempore
1427 5529 1795 5600 pronuntiata:
1831 5527 1959 5593 sint,
1996 5528 2214 5582 nnnuisi
2250 5536 2371 5596 post
2412 5541 2615 5579 annum
2655 5525 2856 5582 Christi
2888 5527 2995 5585 245
3026 5531 3215 5587 haberi
3255 5542 3573 5602 potuerunt.

320 5614 475 5670 [Inde
517 5618 825 5688 colligimus
869 5637 978 5688 quo
1024 5630 1269 5692 tempore
1306 5622 1751 5678 Commentarios
1795 5622 1849 5675 in
1898 5621 2215 5677 Mattbteum
2250 5621 2616 5676 concinnabat
2647 5622 2935 5694 Origenes,
2970 5640 3163 5695 nctupe
3195 5626 3342 5681 circa
3372 5643 3571 5683 annum

313 5706 443 5774 2.56,
475 5708 776 5779 imperante
821 5712 1089 5783 Philippo,
1132 5715 1325 5771 eodem
1363 5716 1527 5773 etiam
1567 5715 1970 5772 Commentaria
2019 5718 2073 5770 in
2128 5714 2423 5783 Epistulam
2473 5718 2539 5772 ad
2573 5716 2851 5775 Romanos
2883 5735 3006 5775 eum
3036 5721 3353 5776 adornasse.
3389 5718 3575 5790 quue

255 5848 397 5967 aq
635 5811 906 5872 Parnm.
948 5815 1064 5876 Cn.
1098 5813 1266 5884 XIV,

194 5991 257 6042 Ὗ
