4082 6224
411 324 482 380 ,ε
1284 318 1604 378 neuneu
1635 319 1728 372 AD
1765 317 2131 374 conueu'r.
2169 316 2498 374 ORlGENlS
2537 319 2603 373 IN
2635 319 2828 378 sonu.
3615 327 3674 380 ιι

1353 473 1654 484 ———-

425 473 2582 510 mm

2883 474 3650 512 παῖ-ΞΕ

1701 723 2384 843 MONITUM

702 1015 851 1107 AD
926 1008 1812 1109 COMMENTARIA
1882 987 2468 1102 ORIGENIS
2544 1011 2671 1100 IN
2744 1010 3363 1105 JO‘ANNEM.

476 1449 518 1508 l.
542 1449 826 1522 Origenes,
850 1465 960 1505 non
988 1449 1146 1518 longe
1175 1455 1465 1518 postquam
1488 1443 1780 1500 Antiochia
1806 1443 1987 1510 rediit,
2018 1447 2065 1506 Α
2092 1443 2448 1516 Evangelium
2503 1461 2614 1501 esse
2664 1444 2891 1500 Joannis
2924 1447 3075 1500 nobis
3120 1447 3472 1516 propositum,
3525 1445 3679 1518 cujus

401 1559 514 1614 quo
539 1560 569 1597 a
601 1541 902 1608 ﬂammma,
957 1541 1256 1596 Alexandri
1321 1535 1509 1593 Severi
1565 1548 1764 1603 matre,
1812 1535 1993 1592 fuerat
2090 1555 2298 1594 sensum
2322 1555 2419 1606 pro
2444 1540 2590 1594 uirili
2621 1551 2802 1594 nostra
2828 1541 2975 1610 jussi
3017 1557 3197 1595 sumus
3237 1540 3332 1594 abs
3363 1550 3417 1594 te
3461 1541 3678 1596 inaesti-

401 1638 722 1700 accersitus,
765 1636 1028 1690 nimirum
1059 1647 1206 1688 anno
1239 1631 1441 1686 Christi
1475 1629 1606 1696 2l9,
1639 1631 1712 1685 alr
1735 1630 1890 1686 hisee
1928 1630 1984 1685 in

399 1725 668 1784 Joannem
701 1725 1128 1784 Commentariis
1161 1739 1256 1778 sua
1303 1723 1354 1778 in
1403 1723 1742 1791 Scripturam
1771 1721 1983 1792 Exege-

403 1821 509 1874 tiea
543 1817 891 1874 Alexandriae
914 1815 1232 1886 auspicatus
1257 1823 1357 1878 est,
1397 1823 1453 1868 ut
1495 1814 1608 1884 ipse
1653 1813 1830 1867 innuit
1857 1828 1985 1882 pro-

401 1908 524 1979 logo
556 1908 611 1961 in
642 1905 932 1970 Joannem,
958 1921 1103 1960 num.
1129 1905 1162 1958 4
1186 1921 1199 1958 :
1237 1904 1424 1976 Πάσης
1448 1905 1628 1958 τοίνυν
1657 1907 1789 1976 ἡμῖν
1840 1905 1983 1977 πρά-

404 1997 540 2062 ξεως
592 1997 955 2067 ἀνακειμένης
1001 1994 1138 2066 Θεῷ,
1187 1996 1280 2048 καὶ
1324 1996 1526 2059 παντὸς
1568 1996 1664 2049 τοῦ
1691 1997 1828 2066 βίου,
1859 1997 1984 2049 ἐπεὶ

405 2088 712 2159 σπεύδομεν
739 2090 829 2142 ἐπὶ
856 2089 921 2142 τὰ
952 2089 1258 2159 κρείττονα,
1297 2088 1394 2140 καί⁸
1451 2087 1788 2158 βουλομένων
1824 2088 1984 2157 ἡμῶν

403 2179 547 2251 ἔχειν
573 2181 751 2235 πᾶσαν
781 2180 950 2252 αὐτὴν
1004 2179 1258 2252 ἀπαρχὴν
1292 2179 1404 2233 τῶν
1453 2179 1662 2233 πολλῶν
1694 2179 1980 2252 ἀπαρχῶν,

402 2277 458 2329 εί
483 2293 544 2344 γε
572 2275 646 2348 μὴ
681 2268 1037 2346 σφαλλόμεθα
1054 2275 1214 2328 τοῦτο
1264 2274 1597 2346 νομίζοντες,
1627 2275 1787 2328 ποίαν
1814 2275 1980 2346 ἐχρῆν

396 2365 552 2432 εἶναι,
580 2369 714 2439 μετὰ
735 2370 797 2423 τὸ
824 2369 965 2422 κατὰ
991 2370 1052 2423 τὸ
1079 2367 1238 2438 σῶμα
1265 2367 1598 2438 κεχωρίσθαι
1639 2369 1788 2439 ἡμᾶς
1815 2368 1981 2434 ἀλλή-

394 2459 523 2523 λων,
554 2461 916 2533 διαφέρουσαν
946 2461 979 2533 ἢ
1019 2461 1114 2532 τὴν
1151 2461 1279 2531 περὶ
1311 2460 1642 2528 Εὐαγγελίου
1689 2461 1976 2527 ὲξέτασιν;

396 2555 507 2608 Καὶ
543 2554 652 2623 γὰρ
678 2554 973 2625 τολμητέον
1009 2555 1181 2606 εἰπεῖν
1213 2552 1401 2606 πασῶν
1430 2552 1540 2606 τῶν
1565 2552 1799 2624 Γραφῶν
1836 2550 1977 2607 εἶναι

395 2646 652 2718 ἀπαρχὴν
677 2647 738 2699 τὸ
770 2645 1120 2714 Εὐαγγέλιον.
1164 2645 1442 2717 Ἀπαρχὴν
1465 2641 1560 2698 οὖν
1582 2643 1853 2714 πράξεων,
1916 2646 1975 2714 ἐξ

394 2733 458 2793 οὗ
491 2737 564 2810 τῇ
600 2737 980 2808 Ἀλεξανδρείᾳ
1030 2736 1534 2807 ὲπιδεδημήκαμεν,
1573 2736 1692 2789 τίνα
1735 2736 1901 2810 ἄλλην
1938 2737 1972 2808 ἢ

392 2830 496 2902 τὴν
533 2831 610 2894 εἰς
639 2828 737 2900 τὴν
768 2829 1026 2900 ἀπαρχὴν
1058 2827 1167 2880 τῶν
1192 2827 1423 2900 Γραφῶν
1461 2827 1627 2900 ἐχρῆν
1655 2829 1972 2898 γεγονέναι;

397 2919 560 2974 Omni
591 2921 767 2990 itaque
792 2921 999 2973 actione
1023 2928 1074 2972 et
1122 2927 1231 2972 tota
1278 2919 1380 2971 vita
1411 2930 1594 2972 nostra
1637 2918 1748 2973 Deo
1769 2919 1970 2984 dicata,

394 3013 644 3084 quoniam
667 3012 736 3065 ad
765 3011 1140 3081 praestantiora
1167 3025 1354 3079 magno
1378 3008 1554 3062 studio
1583 3011 1970 3076 contendimus,

393 3108 822 3176 cupientibusque
855 3106 1002 3160 nobis
1027 3104 1294 3173 primitias
1320 3119 1498 3158 omnes
1541 3105 1832 3158 multarum
1863 3105 1976 3173 pri-

392 3201 668 3254 mitiarum
694 3199 905 3262 habere,
943 3197 1045 3250 nisi
1104 3197 1198 3248 hoc
1233 3196 1600 3252 existimantes
1656 3197 1970 3266 decipimur,

386 3308 634 3360 qua'nam
671 3290 792 3344 alite
825 3292 971 3344 nobis
1010 3289 1258 3352 primitia:
1298 3289 1688 3357 praestantiore:
1723 3305 1833 3345 esse
1880 3291 1973 3346 de-

389 3383 637 3444 buerunt,
668 3392 1007 3451 posteaquam
1061 3389 1244 3431 mutua
1299 3381 1534 3448 corporis
1591 3383 1972 3438 consuetudine

387 3475 615 3541 sejuncti
639 3490 842 3538 sumus,
867 3489 1026 3541 quam
1056 3475 1330 3528 instituere
1357 3475 1421 3526 de
1476 3471 1759 3542 Evangelia
1793 3475 1970 3542 dispu-

387 3566 686 3618 tationem?
765 3565 974 3618 Etenim
1022 3567 1323 3618 audendum
1368 3573 1448 3618 est
1499 3567 1672 3619 dici-re
1730 3569 1965 3621 omnium

389 3654 788 3723 Scripturarum
840 3655 1102 3724 primitias
1154 3653 1499 3726 Evangelium
1543 3673 1672 3710 esse.
1735 3656 1820 3710 Ea:
1859 3673 1966 3727 quo

390 3749 558 3814 igitur
583 3757 806 3810 tempore
868 3747 1246 3801 Alexandriam
1305 3749 1656 3814 pervenimus,
1708 3766 1966 3819 quasnam

389 3838 532 3892 alias
577 3854 689 3891 esse
736 3841 966 3905 oportuit
1022 3853 1326 3893 nostrarum
1377 3843 1645 3894 actionum
1703 3842 1966 3909 primitias

385 3947 548 4002 quam
582 3931 634 3984 in
665 3930 1058 4001 Scripturarum
1086 3933 1329 4002 primitiis
1349 3935 1374 3986 ?
1401 3933 1466 3987 Et
1510 3933 1646 3987 infra
1700 3949 1852 3986 num.
1883 3934 1917 3987 6
1950 3952 1963 3986 :

395 4024 539 4092 Ἐγὼ
589 4025 634 4077 δ’
667 4020 820 4094 οἶμαι
882 4026 962 4079 ὅτι
1014 4026 1106 4080 καὶ
1158 4025 1203 4078 δ’
1248 4025 1416 4079 ὄντων
1442 4025 1550 4078 τῶν
1599 4025 1962 4094 Εὐαγγελίων,

2086 1646 2234 1700 gare.
2288 1629 2639 1686 Ambrosium
2706 1630 2791 1685 hic
2855 1629 3154 1699 alloquitur
3215 1628 3373 1697 cujus
3455 1632 3676 1688 hortatu

2085 1721 2522 1780 Commentarios
2548 1723 2714 1778 hosce
2741 1722 3002 1793 suscepit,
3042 1723 3201 1792 eique
3242 1723 3602 1792 nuncuparit.

2153 1813 2217 1870 ll.
2265 1813 2512 1869 Achaico
2557 1813 2752 1868 itinere
2799 1812 3175 1868 intermissum
3221 1828 3380 1884 opus,
3412 1816 3585 1870 redux
3619 1823 3676 1872 et

2082 1908 2370 1978 presbyter
2404 1907 2514 1974 jam
2567 1907 2776 1972 factus,
2828 1905 3171 1961 Alexandriae
3225 1908 3558 1977 resumpsit,
3614 1919 3676 1964 ut

2082 2008 2231 2069 patet
2256 2014 2324 2053 ex
2349 1999 2670 2068 praefatione
2693 2000 2823 2054 torni
2853 2000 2989 2055 sexti
3013 2000 3066 2053 in
3090 1999 3382 2063 Joannem.
3414 2017 3566 2059 num.
3594 2002 3621 2057 1
3651 2021 3669 2057 ι

2084 2090 2197 2143 Καὶ
2221 2089 2384 2160 μέχρι
2422 2107 2486 2158 γε
2511 2090 2605 2144 τοῦ
2635 2091 2889 2162 πέμπτου
2917 2092 3104 2163 τόμου,
3139 2094 3188 2146 εί
3219 2094 3315 2148 καὶ
3345 2097 3376 2148 ὁ
3405 2096 3547 2149 κατὰ
3571 2095 3674 2167 τὴν

2099 2179 2505 2253 Ἀλεξάνδρειαν
2560 2181 2770 2254 χειμὼν
2817 2184 3200 2256 ἀντιπράττειν
3235 2186 3431 2248 ἐδόκει,
3492 2189 3560 2243 τὰ
3591 2187 3672 2244 δι-

2081 2273 2282 2344 δόμενα
2331 2275 2812 2346 ὑπηγορεὺσαμεν,
2875 2277 3240 2348 ἐπιτιμῶντος
3287 2281 3400 2344 τοῖς
3447 2282 3670 2354 ἀνέμοις

2081 2367 2176 2420 καὶ
2209 2369 2321 2430 τοῖς
2345 2365 2552 2438 κύμασι
2584 2366 2682 2438 τῆς
2713 2366 2989 2440 θαλάσσης
3020 2369 3116 2423 τοῦ
3164 2372 3359 2443 Ἰησοῦ.
3417 2373 3541 2427 lam
3599 2375 3668 2429 ad

2078 2459 2318 2527 quintum
2349 2475 2510 2528 usque
2559 2470 2782 2524 tomum,
2830 2462 3072 2530 quamvis
3096 2464 3368 2519 adversari
3419 2466 3567 2520 nobis
3595 2470 3672 2521 ei-

2078 2548 2293 2602 deretur
2322 2549 2664 2604 Alexandria:
2687 2550 2940 2619 procella,
2969 2569 3086 2622 qua:
3136 2570 3385 2610 concessa
3410 2556 3559 2625 fuere
3587 2557 3668 2610 lo-

2078 2642 2186 2694 cuti
2229 2656 2440 2706 sumus,
2482 2641 2615 2696 Iesu
2655 2643 2956 2712 increpante
2986 2655 3164 2699 ventos
3192 2653 3242 2699 et
3275 2649 3448 2703 undas
3476 2651 3665 2705 maris.

2079 2731 2235 2788 Unde
2262 2732 2433 2800 liquet
2457 2733 2672 2802 priores
2691 2733 2932 2802 quinque
2960 2742 3138 2790 tomos
3168 2735 3510 2794 Alexandria:
3538 2750 3665 2796 ante

2079 2840 2282 2878 annum
2318 2824 2448 2890 251,
2479 2839 2589 2894 quo
2618 2824 2922 2880 Gesaroam
2961 2826 3237 2898 migravit,
3281 2829 3450 2886 fuisse
3503 2831 3661 2886 lucu-

2077 2917 2264 2973 bratos
2301 2933 2316 2970 :
2370 2919 2514 2986 quod
2567 2919 2732 2972 etiam
2774 2919 2934 2976 docet
2965 2920 3230 2978 Eusebius
3275 2923 3420 2978 Hist.
3456 2925 3552 2981 lib.
3583 2941 3660 2990 rt.

2077 3025 2199 3078 cap.
2230 3008 2320 3062 24.
2353 3008 2464 3064 lmo
2491 3017 2704 3065 sextum
2753 3011 3100 3067 Alexandria:
3132 3013 3319 3069 itidem
3368 3017 3663 3074 inchoave-

2075 3108 2184 3162 rat,
2213 3099 2308 3154 sed
2331 3115 2456 3155 eum
2492 3099 2670 3155 denuo
2700 3102 2940 3157 exordiri
2979 3118 3203 3160 necesse
3246 3106 3462 3176 habuit,
3514 3114 3660 3180 quod

2075 3193 2312 3264 priorem
2361 3192 2715 3262 scriptionem
2767 3193 3102 3251 Alexandria
3138 3199 3424 3256 discedens
3471 3218 3657 3258 secum

2075 3301 2182 3340 non
2212 3295 2566 3355 asportasset,
2593 3289 3049 3356 quemadmodum
3104 3292 3218 3362 ipse
3261 3293 3339 3348 ait
3377 3295 3429 3350 in
3462 3297 3658 3365 pra-ra-

2075 3377 2222 3432 tione
2244 3379 2484 3449 eiusdem
2518 3383 2668 3446 lomi,
2701 3381 2862 3452 paulo
2891 3381 3032 3436 inl‘ra
3062 3401 3076 3439 :
3121 3385 3261 3438 Ἰσθι
3309 3386 3367 3440 δὲ
3415 3388 3497 3443 ὅτι
3549 3387 3659 3443 ἀπὸ

2072 3470 2273 3540 πολλῆς
2303 3471 2612 3544 προθυμίας
2643 3475 2904 3546 δευτέραν
2930 3477 3134 3548 ταύτην
3177 3478 3352 3550 ἀρχὴν
3396 3480 3660 3552 ποιοῦμαι

2070 3565 2230 3620 ἕκτου
2260 3567 2448 3639 τόμον,
2479 3567 2568 3622 διὰ
2613 3570 2675 3623 τὸ
2718 3570 2787 3624 τὰ
2836 3573 3392 3644 προῦπαγορευθέντα
3420 3577 3554 3646 ἡμῖν
3599 3577 3659 3630 ὲν

2067 3661 2134 3729 τῇ
2175 3659 2548 3732 Ἀλεξανδρείᾳ
2576 3662 2677 3716 οὐκ
2707 3659 2804 3716 οἷδ’
2831 3665 2980 3726 ὅπως
3003 3664 3077 3734 μὴ
3107 3665 3451 3733 ὲκκομῖσθαι.
3482 3665 3655 3719 Cu'te-

2071 3767 2187 3803 rum
2217 3753 2355 3805 scias
2383 3769 2448 3806 ex
2476 3753 2645 3803 multa
2678 3769 2771 3804 nos
2811 3753 3229 3819 promptitndine
3280 3755 3484 3808 initium
3515 3757 3658 3811 sexti

2071 3843 2198 3893 tomi
2245 3842 2416 3892 denuo
2470 3841 2668 3908 facere,
2697 3857 2757 3894 eo
2807 3841 2948 3909 quod
2990 3858 3106 3912 qua:
3138 3853 3293 3898 antea
3325 3847 3653 3917 interpretati

2071 3930 2348 3999 fueramus
2401 3931 2760 3996 Alexandrite,
2799 3936 2976 3988 nescio
3028 3952 3132 4004 quo
3161 3947 3317 4004 pacto
3381 3943 3650 3997 nobiscum

2070 4021 2235 4074 allata
2267 4038 2368 4075 nun
2392 4023 2631 4092 fuerunt.
2669 4023 2806 4079 lliuc
2828 4027 2910 4082 vel
2948 4042 3054 4083 non
3084 4031 3416 4097 audiendus,
3458 4035 3539 4089 vel
3571 4037 3650 4090 sic

379 4118 543 4174 οἱονεὶ
578 4119 856 4188 στοιχείων
885 4119 986 4189 τῆς
1019 4119 1252 4181 πίστεως
1277 4119 1374 4187 τῆς
1415 4117 1760 4198 Ἑκκλησὶας,
1788 4118 1846 4186 ἐξ
1892 4111 1967 4171 ὧν

2073 4113 2454 4186 intelligendus
2479 4127 2564 4172 est
2583 4117 2920 4187 Nicephorus
2944 4135 3067 4176 cum
3103 4123 3178 4177 ait
3199 4123 3296 4180 lib.
3331 4140 3385 4191 ν,
3409 4142 3530 4198 cap.
3558 4128 3646 4196 lii,

381 4211 660 4281 στοιχείων
674 4213 702 4264 ὁ
725 4214 831 4276 πᾶς
849 4213 1142 4284 συνέστηκε
1163 4213 1382 4282 κόσμος,
1397 4195 1454 4265 ὲν
1469 4212 1688 4283 Χριστῷ
1705 4211 1963 4266 καταλλα-

379 4303 498 4371 γέις
512 4302 589 4374 τῷ
600 4303 737 4374 Θεῷ,
752 4305 892 4358 καθά
907 4323 1070 4377 φησιν
1084 4309 1112 4359 ὁ
1135 4305 1347 4368 Παῦλος
1362 4321 1375 4334 ·
1397 4321 1415 4356 ι
1435 4304 1566 4368 Θεὸς
1580 4301 1648 4375 ἦν
1665 4307 1722 4359 ὲν
1738 4304 1960 4376 Χριστῷ

379 4397 584 4466 κόσμον
618 4398 1005 4452 καταλλάσσων
1035 4399 1232 4470 ἑαυτῷ,
1270 4418 1286 4450 ι
1318 4389 1378 4453 οὗ
1422 4399 1626 4470 κόσμου
1657 4398 1756 4469 τὴν
1780 4400 1960 4470 ἀμαρ-

378 4487 502 4542 τίαν
528 4483 660 4560 ἦρεν
699 4489 940 4560 Ἰησοῦς
995 4491 1124 4562 περὶ
1157 4489 1265 4561 γὰρ
1289 4485 1403 4542 ’τοῦ
1440 4490 1644 4560 κόσμου
1696 4489 1794 4559 τῆς
1832 4491 1957 4543 Ἐκ-

381 4576 608 4649 κλησίας
631 4579 658 4629 ὀ
681 4578 835 4646 λόγος
850 4580 997 4632 ἐστὶν
1028 4583 1055 4634 ὁ
1083 4581 1463 4652 γεγραμμένος
1482 4597 1496 4612 ο
1522 4599 1540 4630 ι
1561 4579 1694 4634 Ἰδοὺ
1720 4582 1748 4634 ὁ
1763 4581 1817 4634 Ἀ
1828 4579 1958 4650 μνὸς

378 4669 472 4723 τοῦ
505 4667 640 4722 Θεοῦ
665 4671 694 4722 ὁ
716 4671 1008 4744 αῖρωνοτὴν
1034 4671 1307 4744 ἁμαρτίαν
1331 4670 1425 4726 τοῦ
1465 4672 1690 4743 κόσμου,
1728 4691 1746 4724 ι
1777 4673 1958 4744 ἀπαρ-

354 4759 475 4831 ,χὴν
505 4759 611 4813 τῶν
653 4761 1001 4829 Εὖαγγελίων
1040 4759 1178 4817 εἷναι
1205 4762 1265 4816 τὸ
1307 4761 1777 4833 προστεταγμένον
1824 4764 1955 4834 ἡμῖν

379 4849 484 4902 ὑπὸ
517 4851 608 4907 σοῦ
634 4852 773 4905 κατὰ
800 4851 1028 4924 δύναμιν
1057 4851 1344 4925 ἐρευνῆσαι
1394 4855 1455 4908 τδ
1491 4853 1632 4908 κατὰ
1677 4854 1951 4926 Ἰωάννην.

377 4941 624 4994 Arbitror
669 4961 784 4997 tero
833 4961 946 5014 ego,
992 4948 1202 5000 etiamsi
1233 4957 1465 5018 quatuor
1507 4949 1610 5001 sint
1638 4946 1952 5018 Evangelia,

377 5034 536 5087 veluti
565 5034 820 5088 elementa
849 5037 976 5105 fidei
1033 5038 1304 5102 Ecclesiae,
1357 5053 1422 5092 es:
1451 5040 1640 5109 quibus
1688 5039 1954 5092 elementis

375 5135 517 5180 totus
557 5138 759 5182 constat
786 5130 872 5182 hic
914 5132 1140 5184 mundus
1199 5130 1310 5184 Deo
1333 5145 1426 5199 per
1465 5131 1732 5184 Christum
1772 5148 1954 5185 reton-

374 5216 608 5283 ciliatus,
660 5220 794 5274 sicut
849 5221 1022 5291 inquit
1078 5220 1282 5275 Paulus
1331 5225 1374 5255 ¹⁹
1423 5242 1436 5277 :
1485 5241 1502 5274 ι
1544 5222 1682 5276 Deus
1741 5231 1855 5276 erat
1897 5224 1950 5274 in

374 5310 609 5380 Christo,
651 5316 906 5369 mundum
937 5318 1037 5370 sibi
1085 5318 1468 5383 reconcilians;
1514 5338 1531 5369 ι
1562 5318 1714 5386 cujus
1768 5317 1952 5370 mundi

372 5413 642 5472 peccatum
691 5409 906 5461 sustulit
940 5409 1130 5475 Iesus;
1183 5411 1247 5462 de
1282 5411 1478 5464 mundo
1513 5413 1650 5464 enim
1702 5409 1950 5464 Ecclesiw

2067 4221 2162 4262 sex
2199 4217 2372 4264 tomos
2407 4210 2459 4264 in
2492 4207 2755 4265 Joannem
2788 4211 3133 4270 Alexandria:
3165 4227 3276 4271 tum
3307 4218 3476 4275 fuisse
3508 4224 3649 4276 scri-

2067 4307 2206 4368 ptos.

2136 4388 2222 4444 ΙΙΙ.
2278 4390 2473 4455 Anno,
2533 4400 2591 4445 ut
2626 4391 2740 4460 jam
2791 4393 3058 4461 diximus,
3116 4397 3246 4464 9.5!,
3311 4399 3643 4458 Demetrium

2062 4485 2488 4540 Alexandrinum
2527 4487 2844 4556 episcopum
2876 4488 3060 4543 multis
3085 4489 3151 4542 de
3180 4489 3362 4544 causis
3413 4491 3516 4546 sibi
3557 4494 3642 4547 in-

2062 4575 2274 4631 fensum
2307 4587 2565 4648 expertus
2593 4579 2858 4650 Origenes
2881 4619 2897 4643 ,
2921 4580 3252 4634 Alexandria
3281 4581 3558 4649 discessit,
3589 4596 3643 4640 et

2059 4666 2320 4722 Ctesareze
2343 4669 2525 4723 sedem
2555 4670 2754 4737 posuit,
2785 4670 2874 4723 ubi
2904 4685 3008 4724 non
3045 4668 3254 4733 statim,
3303 4671 3398 4726 sed
3457 4683 3638 4732 tamen

2061 4775 2168 4814 non
2205 4759 2374 4814 multo
2429 4772 2574 4830 post,
2599 4769 2658 4815 et
2702 4761 2951 4816 fortassis
3004 4771 3128 4832 post
3175 4772 3410 4820 mortem
3441 4767 3637 4824 Demc-

2063 4851 2173 4912 trii.
2202 4865 2345 4906 anno
2383 4851 2595 4907 scilicet
2615 4851 2741 4915 232,
2779 4852 3013 4925 aliquam
3043 4867 3236 4913 nactus
3270 4863 3642 4932 tranquillita-

2061 4953 2191 5005 tem,
2231 4943 2593 5012 interruptum
2635 4959 2773 5014 Opus
2827 4961 3146 5014 prosecutus
3179 4960 3283 5008 est.
3323 4952 3478 5019 Quod
3514 4960 3636 5026 qui-

2059 5035 2408 5112 demigruere
2436 5037 2601 5091 etiam
2657 5039 2783 5093 licet
2813 5057 2878 5095 ex
2931 5044 3252 5112 prmfatione
3279 5045 3522 5112 ejusdem
3552 5058 3638 5104 to-

2059 5051 2206 5102 aem:
2251 5051 2408 5090 ruere
2436 5051 2601 5091 etiam
2657 5051 2783 5093 licet
2813 5057 2878 5095 ex
2931 5051 3252 5112 prmratione
3279 5051 3522 5112 ejusdem
3552 5058 3636 5104 to-

2058 5051 2296 5238 ιηῘὰ
2331 5147 2345 5184 ι
2372 5132 2482 5188 Καὶ
2503 5134 2569 5189 ὲκ
2598 5135 2690 5188 τοῦ
2724 5136 2780 5190 δὲ
2824 5139 3176 5201 ἐπιπεσόντος
3205 5139 3636 5211 προεληλυθότες

2056 5217 2459 5295 ὲξελῖὗσθημεν
2506 5227 2614 5281 ἀπὸ
2661 5229 2760 5298 τῆς
2800 5230 3099 5298 Αἰγύπτου,
3149 5231 3456 5302 ῥυσαμένου
3487 5238 3634 5309 ἡμᾶς

2055 5313 2149 5366 τοῦ
2179 5314 2313 5368 Θεοῦ
2343 5317 2436 5370 τοῦ
2468 5317 2829 5387 ἐξαγαγόντος
2857 5321 2948 5373 τὸν
2974 5319 3100 5372 λαὸν
3130 5323 3296 5379 αὑτοῦ
3319 5326 3414 5380 ἀπ’
3438 5330 3628 5400 αὐτῆς.

2060 5407 2290 5460 Ἔπειτα
2326 5407 2420 5462 τοῦ
2461 5409 2656 5479 ἐχθροῦ
2686 5411 2988 5480 πικρότατα
3038 5412 3196 5485 ἡμῶν
3225 5431 3633 5491 καταστρατευ-

370 5509 543 5547 sermo
573 5495 659 5550 ille
685 5508 758 5551 est
809 5500 1151 5566 scriptus“:
1199 5518 1217 5550 ι
1261 5501 1394 5554 Ecce
1449 5507 1624 5571 Agnus
1687 5499 1801 5563 Dei,
1858 5501 1947 5566 qui

2071 5498 2287 5568 ιαμένου
2330 5499 2417 5554 διὰ
2478 5501 2586 5553 τῶν
2635 5501 2835 5555 καινῶν
2889 5503 3052 5558 αὐτοῦ
3099 5509 3478 5581 γραμμάτων,
3523 5512 3633 5566 τῶν

373 5587 548 5655 aufert
595 5599 864 5657 peccatum
921 5595 1123 5658 mundi,
1177 5614 1195 5644 ›
1237 5592 1636 5664 Evongetiorum
1677 5593 1941 5663 primitias

443 5742 488 5776 “
523 5741 565 5798 ll
591 5742 716 5802 Cor.
745 5763 798 5814 ν,
831 5750 918 5805 l9.
1019 5753 1058 5783 “
1083 5750 1240 5806 Joan.
1269 5767 1308 5811 ι.
1335 5752 1423 5807 50.

2051 5590 2266 5664 ἀληθῶς
2312 5592 2523 5664 ἐχθρῶν
2551 5593 2627 5662 τῷ
2671 5595 3016 5670 Εὐαγγελίῳ,
3065 5601 3154 5656 καὶ
3186 5603 3393 5669 πάντας
3415 5603 3540 5666 τοὺς
3575 5607 3630 5658 ἐν
