4082 6224
482 288 550 342 l5

1359 284 1677 343 MONITUM
1707 285 1797 341 AD
1836 284 2192 344 COMMENT.
2233 284 2556 342 ()RIGENlS
2590 288 2659 342 IN
2692 285 2883 344 JOAN.
3674 296 3733 352 l6

478 411 739 482 Αἰγύπτῳ
770 407 1002 481 ἀνέμους
1040 408 1138 480 τῆς
1185 409 1445 482 πονηρίας
1486 408 1608 462 καθ’
1636 409 1792 481 ἡμῶν
1815 409 2029 482 ὲγείραν

2163 379 2342 479 plures
2367 387 2511 465 enim
2540 408 2769 465 Ruﬁnus
2793 416 3076 481 enumerat
3105 405 3335 465 Invectu-
3386 408 3439 475 Ξ,
3471 409 3563 467 ubi
3589 410 3731 466 hunc

472 517 588 565 τος,
623 501 810 572 στῆναι
844 499 1041 572 μᾶλλόν
1095 517 1161 570 με
1195 499 1328 571 1:96;
1358 501 1447 554 τὸν
1474 500 1662 570 ἀγῶνα
1709 502 2004 571 παρεκάλει
2028 503 2056 555 ὁ

474 592 651 663 λόγος,
691 593 782 647 καὶ
814 592 1050 665 τηρῆσαι
1075 592 1135 646 τὸ
1177 592 1525 664 ἡγεμονικὸν,
1553 593 1771 665 μήποτε,
1794 592 2055 667 μοχθηροὶ

474 684 724 756 λογισμοὶ
770 682 1094 754 ὲξισχύσωσι
1149 684 1237 737 τὸν
1263 684 1506 754 χειμῶνα
1563 686 1656 738 καὶ
1685 687 1751 756 τῇ
1774 684 1919 757 ψυχῇ
1950 703 2052 757 μου

473 778 878 844 ἐπεισαγαγεῖν,
924 775 1069 846 ἤπερ
1111 775 1355 847 ἀκαίρως
1386 776 1514 845 πρὶν
1542 775 1781 848 γαλήνην
1808 775 1905 849 τὴν
1931 777 2051 831 διά-

473 885 620 921 νοιαν
641 867 825 921 λαϐεῖν
861 866 1150 922 συνάπτειν
1192 867 1258 919 τὰ
1283 866 1411 937 ἑξῆς
1441 867 1541 938 τῆς
1566 868 1810 940 Γραφῆς.
1846 869 1957 922 Καὶ
2000 872 2048 923 οἱ

474 957 729 1031 συνήθεις
767 957 826 1012 δὲ
870 957 1208 1029 ταχύγραφοι
1263 957 1338 1029 μὴ
1381 958 1652 1030 παρόντες
1697 958 1791 1012 τοῦ
1830 958 2047 1031 ἔχεσθαι

470 1050 577 1103 τῶν
609 1048 1028 1122 ὑπαγορεύσεων
1054 1047 1305 1102 ἐκώλυον.
1334 1047 1450 1103 Νῦν
1476 1049 1520 1102 δ’
1542 1052 1628 1103 ὅτε
1659 1051 1723 1103 τὰ
1749 1052 1866 1104 καθ’
1890 1051 2046 1122 ἡμῶν

470 1140 840 1213 πεπυρωμένα
873 1140 1062 1206 πολλὰ,
1090 1140 1406 1204 σϐεννύντος
1433 1140 1588 1206 Θεοῦ,
1628 1142 1756 1213 βέλη
1802 1145 2040 1215 ἤμϐλυν-

466 1251 580 1296 ut,
607 1234 700 1287 καί
724 1233 1056 1288 ἐνεθισθεῖσα
1082 1236 1115 1305 ἡ
1126 1233 1242 1305 μῶν
1269 1235 1302 1305 ἡ
1348 1234 1495 1306 ψυχὴ
1534 1238 1648 1300 τοῖς
1678 1235 2044 1307 συμϐεϐηκόσι

464 1327 553 1381 διὰ
584 1327 674 1379 τὸν
699 1327 949 1400 οὐράνιον
976 1327 1154 1396 λόγον,
1186 1326 1371 1398 φέρειν
1393 1327 1523 1398 ῥᾷον
1554 1327 1799 1399 βιάζεται
1829 1328 1929 1393 τὰς
1951 1345 2045 1397 γε-

464 1420 768 1491 γενημένας
828 1420 1140 1485 ἐπιϐουλὰς,
1184 1421 1424 1493 ὡσπερεὶ
1455 1420 1630 1489 ποσῆς
1661 1420 1841 1482 εὐδίας
1884 1419 2045 1473 λαϐό-

469 1528 641 1580 μενοι,
669 1510 851 1564 οὑκέτι
871 1509 1283 1581 ὑπερτιθέμενοι
1300 1509 1665 1582 ὑπαγορεύειν
1685 1508 1753 1561 τὰ
1773 1506 2042 1562 ἀκόλουθα

466 1599 787 1672 βουλόμεθα,
819 1599 952 1655 Θεὸν
979 1599 1296 1655 διδάσκαλον
1330 1599 1642 1672 ὑπηχοῦντα
1669 1600 1727 1653 ἐν
1757 1598 1833 1670 τῷ
1862 1598 2041 1668 ἀδύτῳ

346 1670 361 1680 ⁸
462 1691 560 1762 τῆς
586 1670 766 1761 ψυχῆς
800 1689 959 1761 ἡμῶν
986 1692 1240 1760 παρεῖναι
1265 1670 1566 1760 εὐχόμενοι,
1605 1689 1689 1742 ἵνα
1721 1687 1871 1752 τέλος
1901 1688 2036 1760 λάϐῃ

2162 500 2334 570 ipsum
2364 500 2679 574 llieronymi
2727 500 3009 572 prologum
3066 503 3277 557 refert:
3327 511 3382 556 et
3432 503 3524 572 qui
3566 507 3731 574 paulo

2159 589 2297 645 infra
2350 592 2538 646 eadem
2592 591 2785 661 repetit
2840 590 2927 646 his
2977 592 3198 647 verbis:
3233 591 3472 656 Interim,
3526 594 3729 664 inquit,

2158 680 2398 753 Origenis
2427 683 2610 750 libros,
2662 694 2717 737 ut
2745 702 2906 754 supra
2941 685 3194 748 diximus,
3228 685 3285 740 in
3316 699 3522 740 omnem
3548 686 3731 741 admi-

2154 775 2406 827 rationem
2444 775 2669 839 extollit,
2718 786 2766 829 et
2817 776 2944 828 dicit
2986 780 3129 845 quod
3156 776 3203 830 si
3238 792 3325 830 eos
3353 777 3731 847 interpretetur

2158 863 2395 919 Romana
2448 867 2652 936 lingua,
2699 880 2973 937 cognoscet
3029 876 3284 939 quantum
3335 868 3457 922 boni
3501 878 3551 922 et
3600 878 3731 921 ante

2151 958 2388 1012 nescierit
2419 969 2467 1013 et
2500 958 2633 1012 scire
2658 975 2796 1013 nunc
2819 961 3054 1026 creuerit,
3083 961 3137 1015 id
3168 972 3263 1028 est,
3294 961 3350 1016 in
3383 961 3724 1022 Hattlttzum,

2149 1050 2354 1119 inquit,
2391 1065 2516 1111 xxVI
2553 1050 2711 1104 libros
2751 1049 2888 1122 (lege
2924 1051 3054 1124 xxv)
3082 1062 3129 1106 et
3166 1054 3220 1105 in
3251 1052 3446 1106 Lucam
3469 1053 3723 1123 quinque,

2146 1154 2194 1196 et
2222 1144 2277 1197 in
2317 1143 2578 1198 Joannem
2605 1161 2777 1201 χχιιι.
2808 1146 2934 1202 lude
2963 1156 3048 1203 est
3091 1148 3233 1218 quod
3284 1147 3337 1201 in
3391 1163 3494 1204 ms.
3528 1148 3727 1204 codice

2146 1233 2670 1291 Commentariorum
2703 1238 2753 1292 in
2777 1237 3042 1294 Joannem
3076 1253 3184 1308 quo
3213 1254 3342 1293 usus
3365 1247 3448 1293 est
3485 1239 3725 1295 Ambro-

2144 1328 2256 1382 sius
2279 1327 2584 1394 Ferrarius,
2623 1344 2815 1384 novem
2860 1330 3175 1401 interrupta:
3215 1330 3372 1385 seriei
3431 1332 3587 1400 lomi,
3621 1332 3721 1401 qui

2144 1416 2302 1473 hodie
2334 1429 2644 1487 supersunt,
2699 1421 2751 1474 in
2811 1419 3029 1490 triginta
3085 1421 3221 1474 duos
3269 1428 3447 1477 tomos
3499 1420 3723 1476 fuerant

2141 1508 2438 1564 distributi.
2474 1508 2675 1566 Verum
2713 1509 2892 1566 Ruﬁni
2923 1510 3143 1566 lectioni
3185 1511 3316 1567 ﬁdes
3376 1512 3598 1567 minime
3635 1514 3722 1565 vi-

2141 1601 2299 1656 detur
2321 1616 2442 1659 esse
2470 1603 2777 1659 adhibenda
2808 1620 2824 1659 :
2857 1619 2983 1660 nam
3023 1620 3146 1661 cum
3198 1615 3373 1662 tomus
3417 1622 3591 1672 χχιιι,
3619 1607 3715 1674 qui

2142 1691 2407 1763 hodieque
2431 1707 2704 1764 superest,
2763 1696 2978 1753 desinat
3026 1696 3093 1752 ad
3126 1708 3290 1769 caput
3314 1697 3541 1753 Joannis
3586 1713 3712 1759 xm,

462 1786 495 1856 ἡ
523 1785 622 1856 τῆς
649 1784 789 1839 κατά
824 1784 1069 1837 Ἰωάννου
1095 1782 1396 1854 διηγήσεως
1420 1780 1512 1835 τοῦ
1540 1781 1871 1851 Εὐαγγελίου
1902 1781 2029 1835 aluo

2138 1783 2192 1852 ᾗ.
2221 1754 2420 1846 53,-vel
2445 1754 2714 1854 integrum
2744 1800 2881 1857 Opus
2905 1754 3214 1858 neutiquam
3242 1788 3473 1845 absolvit
3516 1754 3712 1858 Origo;

460 1877 619 1948 δομή.
656 1874 867 1929 Γένοιτο
890 1875 935 1928 δ’
972 1876 1001 1928 ὁ
1033 1873 1161 1939 Θεὸς
1192 1875 1422 1946 ἐπήκοος
1454 1873 1609 1945 ἡμῶν
1641 1876 1705 1945 τῇ
1740 1873 1894 1946 εὐχῇ,
1954 1874 2034 1939 εἰς

458 1968 519 2022 τὸ
553 1966 783 2038 συνάψαι
815 1964 1103 2037 δυνηθῆναι
1136 1964 1197 2017 τὸ
1248 1963 1532 2041 σῶμα,τοῦ
1561 1963 1683 2018 ὅλου
1715 1963 1895 2034 λόγου,
1930 1981 2034 2035 μη-

457 2060 576 2115 κέτι
605 2058 1012 2132 μεσολαϐούσης
1045 2056 1441 2128 περιστάσεως,
1484 2054 1748 2129 διακοπὴν
1799 2056 1892 2112 τοῦ
1923 2058 2037 2129 εἱρ-

460 2154 560 2227 μοῦ
594 2154 697 2225 τῆς
726 2150 951 2225 Γραφῆς
997 2150 1387 2224 όποιανδήποτε
1439 2149 1837 2223 ὲνεργήσασθαι
1873 2149 2035 2205 δυνα-

461 2245 665 2317 μένηςῑ
725 2243 810 2298 Ea:
832 2248 931 2297 hoc
990 2259 1119 2297 casu
1152 2243 1439 2314 progressi,
1483 2244 1703 2301 extracti
1742 2258 1923 2297 sumus
1969 2258 2036 2295 ex

454 2336 710 2408 JEggpto,
748 2334 856 2389 Deo
908 2350 1003 2389 nos
1055 2332 1346 2399 liberante,
1408 2332 1500 2404 qui
1548 2333 1730 2388 eduxit
1779 2330 2029 2402 populum

453 2434 605 2481 suum
661 2444 724 2481 ea:
767 2443 828 2480 ea
857 2442 876 2480 :
907 2424 1093 2479 deinde
1142 2424 1357 2478 inimico
1412 2422 1730 2491 (Demetrio)
1778 2421 2027 2474 adversus

455 2535 547 2571 nos
575 2517 905 2571 acerbissime
928 2525 1191 2587 pugnante
1214 2531 1308 2584 per
1343 2531 1466 2570 suas
1499 2530 1663 2569 novas
1688 2513 1919 2577 litteras,
1951 2527 2031 2567 re-

453 2624 574 2663 rera
628 2605 916 2678 Evangelia
959 2606 1225 2671 inimicas,
1279 2620 1559 2675 omnesque
1595 2601 1813 2676 zE'ggpti
1851 2611 2028 2658 ventos

452 2702 705 2755 adversus
735 2716 826 2753 nos
868 2703 1185 2762 concitante,
1212 2710 1360 2754 stare
1388 2713 1468 2753 me
1497 2698 1664 2770 magis
1705 2697 2029 2752 adhortaba-

449 2806 538 2848 tur
572 2794 710 2848 ratio
739 2794 808 2847 ad
845 2805 1129 2858 certamen,
1182 2801 1230 2847 et
1280 2807 1486 2847 servare
1535 2791 2028 2860 prastamissimam

450 2886 552 2940 mei
577 2897 801 2956 partem,
852 2900 1009 2956 quam
1063 2884 1361 2954 importune
1405 2883 1722 2953 conjungere
1751 2890 2030 2936 restantem

449 2978 800 3048 Scripturam,
851 2988 1131 3048 antequam
1156 2977 1382 3032 rationis
1410 2977 1684 3030 discursus
1727 2971 2031 3044 tranquilli-

447 3083 607 3129 tatem
637 3073 905 3142 reciperet.
962 3088 1025 3127 ne
1051 3070 1188 3143 forte
1226 3070 1570 3141 cogitationes
1614 3081 1790 3135 praete
1818 3064 2023 3120 inuale-

445 3175 647 3220 scerent
680 3165 735 3218 in
765 3165 999 3218 animam
1030 3163 1186 3217 etiam
1218 3177 1388 3216 meam
1418 3157 1706 3229 procellam
1754 3156 2001 3211 inducere

449 3256 591 3322 Quin
637 3256 875 3309 absentes
923 3268 1148 3324 quoque,
1203 3251 1292 3322 qui
1343 3248 1474 3303 milii
1520 3248 1585 3302 de
1618 3263 1762 3300 more
1805 3248 2021 3309 adsunt,

447 3348 643 3401 veloces
665 3347 969 3414 scriptores,
1013 3359 1094 3398 me
1124 3333 1465 3412 prohibebant
1508 3356 1628 3409 qua:
1648 3339 2025 3406 excogitassem

445 3440 699 3495 mandare
746 3436 955 3492 litteris.
984 3434 1146 3490 Nunc
1173 3448 1290 3489 vero
1349 3430 1562 3502 quando
1609 3431 1887 3485 adversum
1931 3444 2024 3482 nos

443 3537 626 3605 ignita!
649 3534 857 3604 sagitta:
896 3531 1078 3586 multa
1103 3544 1251 3584 trante
1280 3527 1499 3599 fuerunt
1554 3525 1732 3589 facta,
1768 3522 1877 3577 Deo
1902 3521 2024 3576 illas

443 3628 823 3699 exstinguente,
859 3634 907 3678 et
949 3634 1161 3679 assueta
1186 3620 1370 3675 anima
1400 3628 1581 3673 nostra
1625 3618 1727 3681 Itis,
1770 3630 1888 3687 qua:
1923 3628 2026 3667 cae-

445 3721 590 3776 lestis
622 3718 876 3774 sermonis
901 3731 1065 3771 causa
1110 3713 1443 3785 contingunt,
1473 3711 1612 3781 ferre
1635 3709 1847 3780 cogitur
1885 3705 2022 3774 faci-

445 3813 549 3866 lius
594 3811 765 3880 {actas
805 3807 1072 3870 insidias,
1123 3805 1281 3860 veluti
1345 3804 1676 3875 aliquantum
1724 3799 2024 3857 serenitatis

446 3900 611 3963 nacti,
644 3915 746 3951 non
793 3895 1021 3962 amplius
1047 3893 1346 3961 differentes
1385 3893 1590 3947 dictare
1620 3892 1863 3946 volumus
1905 3905 2025 3959 quin

446 3998 665 4054 restant,
722 3986 889 4040 Deum
920 3982 1236 4051 magistrum
1286 3982 1341 4034 in
1382 3983 1572 4034 animae
1624 3990 1818 4035 nostra:
1862 3980 2020 4048 adyto

441 4078 703 4153 penetrali
734 4080 1066 4132 insonantem
1096 4075 1283 4128 adesse
1319 4082 1612 4143 precantes,
1666 4081 1721 4124 ut
1751 4071 1909 4138 ﬁnem
1932 4087 2023 4123 ac—

444 4173 605 4243 cipiat
668 4177 937 4225 structura
992 4165 1350 4221 enarrationis
1412 4162 1678 4234 Evangelii
1735 4162 2020 4216 secundum

444 4263 727 4320 Joannem.
761 4262 928 4331 Atque
953 4261 1156 4313 utinam
1190 4258 1375 4312 audiat
1408 4256 1547 4310 Deus
1578 4271 1755 4325 preces
1791 4263 2018 4318 nostras,

444 4367 502 4413 ut
531 4371 723 4425 corpus
753 4355 911 4408 totius
940 4352 1114 4420 operis
1139 4350 1457 4422 c.:njungere
1482 4342 1768 4420 possimus,
1795 4364 1886 4403 nec
1910 4346 2021 4402 ulla
2050 4424 2051 4427 η

2141 1894 2256 1943 nes,
2283 1879 2364 1934 vel
2392 1878 2439 1934 si
2467 1881 2534 1935 ad
2563 1878 2721 1934 ﬁnem
2760 1895 2931 1950 usque
2960 1882 3236 1950 perduxit,
3287 1897 3393 1937 non
3424 1881 3713 1953 pauciores

2138 1987 2300 2042 quam
2323 1987 2491 2027 xxxix
2520 1979 2696 2027 tomos
2722 1971 3034 2029 elaborasse
3061 1973 3354 2029 verisimile
3375 1982 3479 2029 est.
3507 1973 3712 2028 Deinde

2136 2063 2319 2133 plures
2350 2077 2514 2133 quam
2542 2077 2696 2116 χχιιι
2720 2069 2893 2117 tomos
2917 2061 3196 2120 conlectos
3219 2064 3384 2119 luisse
3414 2064 3540 2119 inde
3560 2065 3708 2119 erui-

2139 2163 2246 2218 tur,
2282 2154 2423 2223 quod
2475 2150 2737 2223 Origenes
2785 2154 2900 2223 ipse
2963 2162 3195 2210 tractatur
3243 2171 3389 2209 xxxv
3449 2156 3503 2214 iu
3562 2156 3703 2209 blat-

2135 2244 2355 2310 tlueum,
2383 2258 2504 2313 pag.
2532 2243 2657 2310 99.2,
2686 2244 2738 2297 in
2774 2244 2888 2299 haec
2925 2243 3158 2300 Matthxi
3212 2246 3375 2300 verba
3408 2260 3421 2295 :
3462 2243 3701 2313 ldipsum

2134 2343 2306 2386 autent
2334 2344 2383 2387 et
2404 2333 2652 2399 latrones,
2679 2334 2769 2403 qui
2791 2333 3034 2402 cruciﬁxi
3064 2345 3352 2390 erantcum
3381 2351 3466 2401 eo,
3503 2334 3702 2402 impro-

2132 2424 2382 2492 perabant
2405 2425 2473 2486 ei,
2507 2425 2582 2479 ait
2606 2439 2665 2479 se
2687 2424 2738 2479 in
2762 2423 3179 2480 Commentariis
3220 2428 3333 2482 suis
3362 2426 3417 2483 in
3439 2426 3700 2483 Joannem

2133 2516 2447 2583 erposuisse
2474 2515 2541 2571 de
2571 2514 2781 2571 duobus
2811 2514 3113 2572 latronibus
3162 2517 3253 2587 qui
3300 2519 3544 2574 cruciﬁxi
3580 2528 3706 2574 sunt

2133 2623 2254 2662 cum
2284 2606 2523 2669 Christo,
2550 2615 2603 2661 et
2629 2606 2701 2661 ibi
2730 2607 2966 2678 agitasse
2995 2623 3062 2662 an
3093 2607 3186 2663 alii
3221 2609 3330 2664 sint
3385 2612 3493 2667 duo
3546 2611 3597 2665 hi
3627 2609 3704 2664 la-

2136 2709 2319 2753 trones
2351 2712 2579 2768 quorum
2610 2711 2749 2753 unus
2800 2696 3217 2769 blasphemabat
3248 2700 3524 2756 Christum
3549 2701 3704 2773 juxta

2132 2788 2353 2854 Lucam,
2402 2797 2457 2846 et
2497 2789 2587 2843 alii
2638 2788 2839 2845 fuerint
2871 2788 2947 2844 illi
2976 2789 3083 2846 duo
3127 2789 3365 2847 latrones
3407 2792 3502 2863 qui
3536 2793 3698 2848 ambo

2132 2882 2645 2953 blaSphemaverunt
2677 2881 2832 2952 juxta
2863 2880 3175 2938 Matthteum
3224 2891 3279 2937 et
3332 2881 3598 2941 Marcum.
3629 2883 3699 2940 Et

2129 2976 2272 3041 apud
2294 2971 2578 3037 Joannem,
2612 2972 2807 3043 Inquit,
2840 2974 2978 3027 sicut
3019 2975 3305 3043 potuimus,
3367 2977 3709 3045 exposuimus

2129 3063 2195 3119 de
2249 3065 2455 3118 duobus
2505 3062 2830 3132 latronibus,
2879 3065 2970 3127 qui
3023 3067 3236 3135 [uerunt
3288 3066 3534 3137 cruci/ixi
3581 3084 3703 3123 cum

2127 3154 2357 3220 Christo,
2387 3158 2476 3229 qui
2497 3156 2781 3211 secundum
2812 3155 3122 3213 Mattha'unt
3147 3160 3356 3230 quidem
3380 3172 3427 3215 et
3453 3158 3699 3215 Πανί-μω

2126 3250 2599 3320 improperarerunt
2627 3249 2676 3302 ei
2712 3248 2867 3303 ambo
2924 3250 2981 3305 in
3020 3266 3209 3315 cruce;
3258 3251 3542 3307 secundum
3592 3249 3698 3304 Lu-

2125 3358 2239 3395 cam
2269 3351 2443 3396 autem
2482 3340 2740 3396 dicentem
2770 3342 3019 3412 quoniam
3049 3359 3187 3396 unus
3230 3342 3295 3396 de
3346 3342 3695 3407 pendentibus

2126 3433 2418 3489 latronibus
2449 3433 2934 3503 blasphemabat....
2969 3432 3290 3489 Conveniens
3327 3448 3449 3502 ergo
3494 3443 3575 3486 est
3634 3444 3691 3486 ut

2125 3526 2181 3580 in
2207 3526 2389 3595 primis
2410 3524 2618 3596 quidem
2645 3524 2796 3578 ambo
2819 3524 3047 3578 latrones
3092 3523 3457 3594 intelligantur
3503 3529 3691 3584 Domi-

2126 3633 2253 3672 num
2304 3615 2779 3687 blasphemasse....
2843 3616 2945 3669 Aut
2993 3631 3056 3669 ne
3116 3617 3271 3685 forte,
3311 3618 3448 3673 sicut
3490 3629 3540 3674 et
3583 3620 3692 3677 illic

2124 3707 2354 3762 diximus
2410 3704 2848 3779 (Commentariis
2899 3704 3106 3761 scilicet
3154 3707 3208 3762 in
3257 3705 3567 3779 Joannem),
3601 3710 3696 3766 alii

2123 3809 2245 3856 sunt
2278 3798 2333 3853 hi
2357 3799 2462 3853 duo
2506 3799 2737 3852 la'rones
2775 3812 2841 3851 ea:
2884 3797 3074 3869 quibus
3122 3814 3262 3855 unus
3303 3800 3697 3867 blaspltemabat

2123 3914 2265 3964 etim,
2295 3909 2341 3953 et
2369 3896 2463 3951 alii
2488 3896 2699 3967 fuerunt
2743 3897 2826 3950 illi
2853 3896 2961 3952 duo
2986 3898 3217 3954 latrones
3261 3898 3353 3970 qui
3379 3900 3533 3954 ambo
3580 3899 3694 3954 bla—

2122 3991 2522 4058 sphemaverunt
2556 3987 2658 4060 (sic
2710 3989 2855 4044 enim
2910 3989 3195 4062 legendum
3226 3998 3308 4046 est
3334 3987 3489 4059 juxta
3517 3990 3693 4060 mss.).

2125 4079 2250 4135 llaec
2279 4091 2459 4134 autem
2490 4079 2679 4135 nullibi
2716 4078 3065 4150 reperiuntur
3094 4080 3149 4136 in
3176 4095 3367 4137 novem
3407 4080 3572 4145 tomis
3600 4083 3692 4151 qui

2123 4171 2422 4226 etiamnum
2450 4179 2668 4225 exstant
2698 4171 2750 4225 in
2774 4169 3065 4236 Joannem,
3094 4181 3258 4241 atque
3281 4187 3346 4227 ex
3376 4171 3554 4227 verbis
3580 4187 3696 4225 mo-

2122 4262 2193 4317 do
2214 4262 2395 4318 citatis
2425 4271 2474 4319 cI
2513 4261 2633 4318 loco
2668 4263 2758 4318 ubi
2785 4276 2848 4318 ea
2870 4263 3034 4317 citata
3070 4272 3216 4329 sum,
3264 4263 3478 4319 videtur
3504 4263 3697 4335 0rige~
3788 4299 3800 4309 -

2124 4367 2220 4408 nes
2248 4369 2352 4408 non
2380 4368 2478 4425 per
2523 4362 2895 4415 transennam.
2946 4354 3041 4409 sed
3091 4366 3158 4409 ex
3195 4355 3460 4424 professo.
3515 4362 3571 4411 et
3596 4369 3695 4410 suo

443 4450 661 4523 posthac
728 4447 1012 4502 necessitas
1092 4443 1390 4513 intercipiat
1453 4454 1607 4514 atque
1665 4443 2017 4509 interrumpat
2052 4468 2094 4522 υ
2125 4443 2262 4510 loco,
2315 4452 2579 4499 tractasse
2624 4442 2693 4498 de
2747 4441 2955 4497 duobus
3009 4440 3331 4495 latronibus.
3363 4439 3536 4496 Porro
3566 4454 3689 4495 cum

444 4540 741 4610 Scriptum
764 4534 990 4593 seriem!
1017 4535 1273 4590 Attamen
1306 4533 1520 4590 nonnisi
1553 4534 1711 4604 longe
1756 4540 1880 4601 post
1905 4530 2018 4585 Ma.

443 4632 636 4688 ximini
675 4629 1131 4701 persecutionem,
1165 4626 1364 4699 quippe
1407 4626 1563 4697 cujus
1588 4635 1734 4680 torno
1762 4639 1876 4680 χιιι
1905 4636 2021 4678 me-

443 4725 698 4788 minerat,
746 4729 884 4776 teste
939 4721 1173 4777 Eusebio
1210 4718 1353 4774 Hist.
1409 4717 1504 4773 lib.
1532 4733 1606 4781 vt,
1647 4730 1769 4787 cap.
1809 4715 1902 4779 28.
1965 4724 2021 4769 et

443 4818 626 4871 forsan
677 4813 730 4866 in
775 4813 1014 4867 secundo
1064 4812 1257 4867 itinere
1305 4810 1649 4875 Atheniensi,
1692 4810 1768 4865 uti
1793 4807 2018 4877 conjicit

442 4906 689 4972 llnetius,
721 4903 1051 4976 posteriores
1077 4903 1207 4956 tomi
1240 4902 1477 4973 expliciti
1514 4911 1657 4960 sunt.

513 4999 604 5059 IV.
638 4999 1001 5069 Hieronymus
1026 4993 1249 5065 prologo
1277 4994 1368 5063 qui
1397 4994 1654 5064 praeﬁxos
1690 5003 1777 5049 est
1808 4991 2019 5069 [salinae

442 5087 874 5162 interpretationi
937 5085 1296 5142 llomiliarum
1352 5086 1602 5156 Origenis
1656 5086 1712 5140 in
1767 5076 2016 5162 Lam,

441 5197 636 5238 novem
672 5192 727 5237 et
781 5181 1003 5250 triginta
1065 5186 1243 5234 tomos
1294 5176 1363 5231 ab
1414 5178 1604 5231 eodem
1679 5172 1915 5247 OrigetTe
1960 5174 2015 5230 in

440 5255 708 5331 Joannem
739 5274 968 5341 scriptos
1010 5278 1425 5327 commemorat.
1476 5266 1749 5339 Siquidem
1772 5309 1789 5336 ,
1819 5268 2016 5338 inquit,

439 5367 581 5439 quod
598 5364 721 5421 olim
740 5362 918 5417 ηοιιια³
934 5376 1116 5419 sancta
1135 5363 1372 5419 Blesilla
1394 5363 1748 5433 ﬂagitaverat,
1773 5371 1829 5415 ut
1851 5377 1921 5416 xx
1931 5376 2015 5416 xw

442 5458 587 5529 (lege
602 5451 734 5525 xxv)
760 5462 928 5507 tomos
947 5453 1091 5508 illius
1114 5455 1167 5508 in
1191 5452 1523 5518 Matthtcum,
1553 5461 1601 5507 et
1628 5453 1857 5525 quinque
1880 5454 2016 5507 alios

441 5553 499 5604 in
524 5547 741 5613 Lucam,
761 5555 807 5600 et
830 5558 999 5599 xxxix
1024 5546 1079 5598 in
1101 5544 1364 5600 Joannem
1387 5556 1583 5602 nostra:
1601 5547 1799 5616 lingua:
1831 5548 2016 5601 trade-

418 5652 573 5692 'rem.
600 5635 1020 5691 Amanuensium
1043 5648 1287 5690 errorem
1311 5635 1400 5690 hic
1425 5636 1739 5705 suspicatur
1760 5635 2013 5691 doctissi-

443 5746 561 5784 "lllS
579 5727 820 5795 lluctius,
837 5736 890 5783 et
910 5741 1007 5799 pro
1028 5741 1189 5783 xxxtx
1214 5726 1499 5799 legendum
1527 5735 1679 5796 putat
1701 5742 1876 5783 xxx".
1899 5725 2013 5783 Non

2126 4534 2433 4590 tricesimus
2486 4532 2759 4589 secundus
2812 4541 2992 4587 tomus
3018 4531 3231 4587 desinat
3266 4531 3332 4585 ad
3378 4538 3540 4601 caput
3570 4542 3693 4595 xttt,

2119 4628 2176 4696 ᾗ.
2211 4627 2283 4683 55
2324 4627 2597 4698 Evangelii
2645 4624 2906 4693 Joannis,
2948 4634 3006 4679 ut
3048 4624 3162 4695 jam
3212 4623 3469 4687 diximus,
3501 4629 3696 4693 agatur

2122 4733 2251 4774 vero
2282 4720 2348 4775 de
2392 4717 2698 4775 latronibus
2754 4720 2807 4774 in
2842 4719 3020 4791 capite
3067 4730 3183 4781 xix,
3212 4718 3267 4786 ᾗ.
3327 4715 3393 4770 18
3451 4714 3693 4783 ejusdem

2121 4811 2419 4881 Evangelii,
2475 4810 2658 4882 plures
2697 4827 2860 4883 quam
2916 4800 3066 4866 xxxtt
3096 4817 3270 4864 tomos
3324 4807 3375 4862 in
3425 4807 3691 4863 Joannem

2119 4904 2430 4960 elaboratas
2458 4902 2623 4962 fuisse
2646 4904 2942 4962 verisimile
2967 4912 3071 4967 est,
3107 4915 3174 4957 ac
3204 4900 3433 4972 proinde
3461 4900 3694 4971 genuina

2121 4994 2336 5051 videtur
2387 4995 2698 5068 Hieronymi
2757 4995 2949 5059 lectio,
3027 5008 3149 5063 qua:
3196 5006 3363 5046 χχιιι
3416 5000 3592 5047 tomos
3639 4991 3695 5047 in

2117 5088 2382 5145 Joannem
2409 5096 2815 5145 commemorat.

2192 5180 2259 5235 γ.
2290 5179 2368 5234 Ex
2399 5188 2478 5234 tot
2506 5178 2758 5250 Origenis
2809 5176 2862 5230 in
2890 5173 3154 5231 Joannem
3204 5173 3696 5239 lucubrationibus.

2118 5288 2233 5326 χιιι
2266 5272 2532 5326 duntaxat
2570 5281 2743 5325 tomos
2793 5269 2861 5321 ad
2909 5281 3062 5321 suam
3114 5274 3332 5321 aetatem
3382 5265 3696 5336 pervenisse

2119 5363 2310 5419 scribit
2363 5360 2631 5418 Eusebius
2666 5361 2809 5415 llist.
2865 5359 2963 5415 lib.
3023 5374 3100 5426 νι,
3136 5374 3260 5430 cap.
3293 5357 3387 5412 24.
3431 5357 3541 5412 Sed
3570 5372 3693 5413 cum

2117 5469 2284 5510 χχχιι
2315 5453 2675 5526 Hieronymus
2707 5462 2916 5523 postea,
2968 5459 3025 5506 et
3073 5448 3302 5504 Ruﬁnus
3342 5448 3526 5503 forsan
3559 5447 3697 5503 dun-

2119 5556 2270 5601 taxat
2299 5560 2449 5601 xxxu
2507 5560 2619 5616 pra:
2670 5543 2921 5599 manibus
2965 5540 3278 5601 habuerint.
3328 5549 3386 5595 et
3422 5537 3700 5610 supersint

2119 5637 2385 5706 hodieque
2411 5638 2541 5691 tomi
2570 5651 2740 5692 xxvm
2772 5646 2827 5691 et
2852 5650 3026 5699 χχιιι,
3053 5631 3449 5701 conjiciendum
3471 5639 3557 5684 est
3585 5640 3692 5683 non

2117 5729 2298 5799 plures
2329 5743 2491 5799 quam
2519 5742 2631 5784 xxu
2662 5727 2864 5784 vidisse
2920 5724 3235 5783 Eusebium.
3303 5722 3487 5794 plures
3516 5731 3696 5776 tamen
