4082 6224
433 349 503 404 Π
796 344 802 350 ’
1314 345 1636 404 MONITUM
1677 349 1770 404 AD
1803 349 2165 406 COMMENT.
2202 349 2526 406 ORICENIS
2563 350 2626 404 IN
2666 345 2853 405 JOAN.
3642 354 3703 407 l8

434 478 534 517 sua
591 468 748 515 aetate
775 459 1081 516 exstitisse.
1126 460 1232 514 llos
1278 471 1581 531 temporum
1632 466 1830 536 injuria
1867 478 2009 538 post~
2049 475 2092 529 Α
2123 480 2213 522 ant
2240 468 2412 522 locum
2445 469 2737 539 signassem
2769 478 3090 537 suspectum.
3137 468 3323 537 Aliqua
3361 470 3541 525 tamen
3585 487 3707 537 per--

439 553 654 605 modum
690 551 1015 620 absttntpsil,
1039 553 1283 620 exceptis
1322 556 1483 609 tomis
1522 573 1560 619 I,
1600 573 1663 623 ιι,
1687 573 1764 623 vt,
1799 576 1857 624 x,
1895 576 2016 626 xm,
2124 575 2295 614 versae
2341 561 2603 614 doctrinae
2661 559 2780 614 labe
2833 575 3077 628 respersa
3108 561 3357 617 consulto
3403 564 3706 618 detraxisse

435 657 550 706 xxx,
593 657 682 702 xx.
717 659 885 696 xxvltt
915 653 967 697 et
1015 659 1198 710 χχιιι,
1255 661 1488 716 quorum
1546 653 1761 718 gemina
1815 657 2018 723 prodiit
2124 650 2356 714 νῖάθίητν
2412 665 2511 705 "ec
2542 651 2800 720 Ρθυείοτδ
2864 667 3154 722 διιρετεεεθ
3202 669 3396 722 1³³85³8
3447 665 3551 720 εει.
3584 669 3705 725 qm“

435 734 842 804 interpretatio.
879 735 955 790 Ex
990 737 1177 793 codice
1211 739 1418 796 Veneto
1454 741 1514 799 S.
1546 741 1740 812 Marci,
1773 749 1864 817 qui
1900 750 2018 805 ηιιι.
2120 745 2188 799 ab
2239 743 2500 799 Ecclesia:
2543 745 2783 800 decretis
2814 760 2918 800 non
2963 747 3161 818 exiguo
3193 749 3512 804 recederent
3538 750 3704 803 inter-

431 817 530 873 libi
563 821 728 876 hodie
750 832 1054 893 comparet,
1108 825 1344 895 priorem
1395 832 1745 890 concinnavit.
1785 838 2022 895 Ambro.
2119 836 2279 891 vallo.
2311 837 2436 892 llaec
2461 853 2594 893 vero
2614 839 2798 894 omnia
2828 840 2944 895 suis
2967 850 3152 895 notata
3188 851 3316 894 sunt
3344 842 3496 898 locis.

432 911 549 967 sius
583 911 896 982 Ferrarius,
922 915 1364 988 Mediolanensis,
1398 928 1702 983 monachus
1734 928 2014 997 Cassinas,
2191 928 2301 984 VII.
2336 931 2409 985 Ex
2458 932 2672 1002 gemina
2725 932 2959 987 Ferrarii
2991 942 3047 988 et
3080 934 3320 988 Perionii
3377 936 3704 1002 interpreta-

433 1012 488 1081 et
522 1004 693 1059 edidit
727 1021 874 1061 anno
909 1008 1042 1064 1551
1071 1015 1474 1082 ;posteriorem
1507 1033 1574 1073 ex
1623 1021 1816 1077 codice
1847 1023 2016 1095 Regio
2122 1023 2265 1076 tione
2290 1032 2345 1077 et
2398 1025 2557 1078 unico
2588 1025 2778 1080 codice
2831 1023 3002 1094 Regio
3031 1026 3326 1080 editionem
3382 1043 3536 1081 suam
3569 1044 3704 1082 con-

429 1073 436 1081 ,
1073 1073 1130 1082 __
1847 1073 2011 1095 ην--
2218 1073 2261 1076 _-
2297 1073 2343 1077 -_
2400 1073 2552 1078 --μη
2593 1073 2776 1080 ---πη
2831 1073 2997 1094 ---οη
3036 1073 3326 1080 __-----._.--
3382 1073 3536 1081 -.-μη
3571 1073 3670 1082 ,νη

432 1094 748 1154 Joachimus
784 1100 1087 1169 Perionius,
1145 1105 1530 1166 Benedictinus
1586 1112 1775 1168 itidem
1818 1131 2014 1171 moua-
2118 1113 2270 1169 ﬂavit
2298 1114 2544 1178 lIuetius,
2579 1117 2670 1186 qui
2702 1116 2824 1170 laeto
2857 1131 2988 1171 sane
3026 1119 3212 1173 animo
3245 1119 3367 1174 aliis
3399 1136 3527 1175 usus
3557 1131 3704 1175 esset

431 1190 590 1254 chus,
628 1192 866 1248 triennio
896 1205 1014 1263 post
1038 1197 1118 1251 vel
1152 1199 1396 1254 circiter.
1424 1201 1595 1268 Quem
1647 1215 1780 1273 puto
1830 1224 1934 1262 non
1963 1210 2017 1263 in
2121 1209 2406 1263 codicibus
2443 1208 2599 1278 juSsu
2635 1210 2769 1264 cleri
2818 1209 3084 1265 Gallicani
3120 1211 3411 1280 descriptis
3459 1223 3586 1266 ante
3615 1227 3706 1265 an-

434 1298 496 1337 se
534 1284 829 1353 recepisset
859 1285 1119 1356 laborem,
1149 1290 1192 1344 si
1225 1305 1330 1345 non
1389 1302 1568 1348 actum
1625 1296 1784 1350 modo
1807 1312 1865 1352 se
1899 1313 2022 1365 age-
2125 1315 2222 1354 nos
2253 1300 2462 1367 aliquot
2494 1317 2560 1355 ex
2594 1301 2764 1355 Italia:
2800 1303 3172 1366 BibliOthecis,
3201 1304 3244 1357 si
3277 1303 3521 1359 Joannes
3550 1306 3706 1359 Tari-

435 1389 518 1440 re,
554 1376 646 1428 sed
680 1376 817 1431 bene
845 1387 1022 1434 actum
1058 1382 1299 1451 pessime
1346 1399 1404 1437 se
1439 1401 1603 1453 agere
1633 1387 2016 1446 intellexisset.
2125 1407 2245 1456 nus,
2277 1389 2604 1446 Parisiensis
2635 1393 2936 1462 professor,
2970 1395 3122 1462 cujus
3159 1395 3281 1451 tidei
3316 1399 3594 1452 connniSsi
3631 1400 3704 1454 illi

434 1466 504 1520 At
557 1467 790 1522 nondum
822 1483 1149 1540 pervenerat
1190 1476 1257 1528 ad
1305 1489 1428 1529 eum
1479 1476 1805 1534 Ferrariana
1851 1482 2018 1538 inter-
2123 1493 2278 1537 erant
2335 1494 2395 1538 ut
2422 1487 2608 1538 eadem
2641 1485 3048 1541 Commentario
3086 1490 3137 1541 iu
3184 1487 3491 1554 Joannem,
3546 1491 3706 1546 Com-

433 1553 699 1622 Pl‘elalio:
733 1566 1137 1626 proptereaque
1165 1560 1216 1612 ῑιι
1244 1561 1654 1629 esplanationis
1679 1581 1790 1620 sua:
1819 1567 2017 1636 pra‘fa-
2123 1577 2420 1631 mentarios
2453 1579 2501 1631 in
2536 1577 2850 1633 Matthzeum
2900 1591 2954 1634 et
3005 1581 3358 1637 [’Itilocaliam
3412 1585 3464 1637 in
3526 1584 3704 1641 lucem

435 1647 579 1700 tione
604 1647 842 1717 primum
879 1664 939 1704 se
967 1649 1171 1704 laboris
1206 1650 1364 1722 hujus
1415 1653 1765 1724 inemptorem
1795 1661 2016 1728 prolilc-
2119 1669 2415 1736 emitteret,
2473 1687 2594 1725 cum
2650 1673 2768 1741 ipso
2807 1675 3218 1729 communicare
3266 1677 3526 1731 voluisset
3561 1700 3572 1734 :
3606 1694 3701 1732 ve-

436 1749 546 1792 ιιιν·
576 1738 931 1794 Ρθιέυδείῑῖίι
967 1741 1128 1795 δίκιο
1167 1741 1413 1806 Senensi.
1449 1747 1540 1817 qui
1603 1748 1830 1818 idipsum
1865 1762 2015 1805 retu-
2049 1822 2087 1849 υ
2121 1777 2236 1816 rum
2267 1761 2449 1817 lumen
2483 1765 2548 1818 de
2582 1780 2681 1820 suo
2713 1767 2918 1823 lumine
2946 1770 3248 1824 accendere
3277 1770 3366 1824 ille
3399 1770 3601 1837 noluit,
3633 1787 3703 1826 ne

434 1829 525 1896 lit;
551 1829 740 1886 Sinus
769 1831 933 1886 clialn
977 1833 1094 1888 Viro
1125 1836 1340 1890 erudito
1363 1839 1451 1907 qui
1491 1838 1632 1894 ἷίιΙδο
1660 1841 1801 1896 idem
1850 1843 2012 1898 ilera-
2049 1822 2087 1874 Β
2119 1857 2296 1912 minus
2327 1857 2426 1927 ipsi
2456 1875 2615 1913 suum
2645 1861 2851 1916 luceret
2890 1877 3012 1916 cum
3048 1862 3284 1916 aiienuzu
3338 1866 3700 1920 accendisset.

435 1925 540 1976 Vit.
583 1922 696 1977 H03
730 1927 1172 1991 θυιοιιιεοιηουε»
1226 1926 1488 1984 Venelli!“
1541 1941 1596 1988 ει
1648 1933 1903 2004 Regium.
1946 1953 2009 1992 ex
2116 1949 2232 2015 Qua
2269 1922 2425 2005 deire
2458 1953 2701 2022 graviter
2735 1953 3025 2008 admodum
3075 1969 3178 2009 nec
3226 1955 3430 2024 injuste
3463 1971 3703 2026 conque-

439 2029 550 2067 uno
604 2014 905 2084 eodemque
954 2018 1169 2074 venisse
1219 2022 1518 2090 exemplari
1575 2025 1893 2096 intelligitur
1947 2045 2014 2084 ex
2122 2014 2259 2093 ritur
2309 2040 2646 2095 clarissimus
2702 2043 2923 2098 ιιι-εηειιι.
2989 2043 3098 2098 Nos
3158 2061 3320 2111 vero,
3382 2047 3699 2114 feliciores.

439 2103 692 2160 eottllictu
746 2107 1085 2165 Ferrariaue
1122 2112 1598 2184 interpretationis
1647 2135 1770 2173 cum
1831 2120 2011 2176 Perio-

2120 2133 2330 2188 duobus
2360 2135 2439 2189 usi
2469 2151 2658 2188 sumus
2688 2137 2988 2200 codicibus,
3035 2138 3333 2191 Bodleiano
3360 2139 3616 2195 nimirum
3647 2154 3703 2198 et

439 2198 600 2252 niaua
649 2207 702 2252 et
735 2199 922 2258 Graeca
975 2199 1155 2259 Iluetii
1202 2207 1444 2262 editione
1495 2209 1563 2263 ad
1596 2212 1878 2281 exemplar
1918 2214 2011 2268 Re-

2121 2225 2434 2289 Barberino,
2465 2229 2531 2280 ad
2553 2243 2782 2294 quorum
2818 2226 2974 2282 iidem
3006 2228 3193 2284 Graeca
3225 2233 3585 2298 restituimus,
3621 2235 3704 2288 la-

438 2287 580 2355 sium
630 2291 924 2360 expressis,
979 2295 1116 2348 adeo
1144 2295 1402 2352 accurate
1436 2298 1642 2354 lacuna?
1675 2301 1886 2358 lacunis
1932 2320 2016 2359 re-
2117 2331 2287 2370 cunas
2331 2317 2715 2384 explevimus.
2780 2317 3132 2390 Ferrariique
3191 2321 3700 2392 interpretationem

433 2383 718 2451 ςροῐιάιτηιν
745 2385 870 2442 licet
899 2387 951 2440 ίιι
993 2388 1266 2458 aliquibus
1300 2393 1600 2448 aUCIiOI‘elII
1640 2398 2015 2466 el‘pel’ieclio-
2115 2407 2545 2475 emendavimus,
2591 2421 2793 2465 umtata
2825 2413 3059 2481 primum
3093 2414 3229 2483 ejus,
3283 2432 3444 2486 quant
3477 2419 3702 2472 lluetius

433 2490 546 2529 rem
608 2476 776 2532 fuisse
829 2477 1069 2534 Ferrarii
1128 2483 1372 2538 codicem
1434 2483 1710 2541 fatendum
1766 2489 1856 2542 sit.
1903 2489 2013 2544 lloc
2118 2501 2169 2554 in
2205 2499 2400 2556 Latino
2431 2513 2779 2569 servaverat,
2812 2515 3080 2560 tomorum
3118 2508 3414 2566 divisione.

432 2566 706 2636 przecipue
753 2567 1101 2638 discrepabat
1159 2581 1388 2643 uterque
1433 2574 1593 2640 liber,
1621 2579 1766 2646 quod
1815 2579 2014 2651 Regius

435 2671 622 2712 veram
672 2674 735 2714 ac
763 2663 1054 2731 genuinam
1094 2679 1282 2719 novem
1315 2675 1586 2722 tomorum
1619 2682 1864 2727 servaret
1901 2675 2001 2728 dis-

435 2747 781 2816 tinctionem,
825 2767 948 2807 cum
1002 2752 1236 2812 Venetus
1265 2758 1318 2812 in
1351 2760 1568 2830 triginta
1591 2746 1919 2822 duosmnius
1951 2784 2015 2822 ac

431 2841 708 2897 continuae
736 2845 900 2900 seriei
931 2855 1104 2904 tomos
1133 2858 1316 2905 sectus
1345 2863 1511 2917 esset,
1547 2873 1578 2908 a
1608 2854 1850 2911 Gra’culo
1879 2876 2014 2929 quo-

437 2939 558 2989 dam
588 2938 774 2990 incerti
807 2941 1058 3008 nominis,
1089 2941 1166 2996 ait
1197 2943 1383 3001 Sixtus
1419 2946 1702 3016 Senensis,
1747 2969 1880 3008 novo
1910 2958 2013 3010 im-

434 3033 666 3094 pastura:
707 3043 922 3098 genere,
975 3039 1036 3084 ut
1086 3048 1214 3101 opus
1271 3050 1609 3093 numerarunt
1674 3043 2013 3102 maltitudme

435 3126 672 3183 auctum,
732 3127 781 3172 et
809 3121 1153 3176 arithmetica:
1201 3128 1588 3194 supputatiouis
1620 3133 1804 3188 ordine
1840 3140 2012 3191 conti-

437 3216 660 3264 nuatum
691 3213 972 3282 optabilius
1011 3216 1270 3282 redderet,
1302 3235 1364 3272 ac
1389 3222 1584 3291 majori
1626 3227 1794 3291 pretio
1824 3231 2012 3282 vende-

435 3307 513 3352 ret
546 3315 564 3352 :
598 3301 739 3357 unde
765 3303 984 3359 delusus
1019 3306 1310 3362 Ferrarius
1354 3312 1601 3367 eamdem
1635 3317 1860 3373 retinuit
1890 3320 2010 3376 libri

436 3395 818 3462 partitionem,
870 3407 928 3476 et
973 3413 1004 3453 e
1035 3400 1254 3468 triginta
1304 3419 1494 3460 novem
1553 3408 1718 3463 tomis
1763 3426 1903 3480 quos
1958 3415 2010 3469 itt

433 3482 693 3541 Joannem
723 3489 1012 3559 scripsisse
1039 3490 1326 3563 Origeuem
1361 3499 1614 3564 putabat,
1664 3511 1872 3570 septem
1922 3522 2011 3562 so-

437 3577 544 3632 lum
575 3591 876 3648 postremos
927 3585 1246 3648 desiderari,
1273 3599 1327 3643 et
1379 3591 1587 3662 exiguis
1632 3593 1842 3666 aliquot
1872 3599 2010 3653 dun-

439 3677 592 3721 taxat
621 3669 830 3727 lacunis
865 3673 1156 3744 abruptam
1193 3692 1313 3733 esse
1341 3683 1520 3750 operis
1548 3685 1744 3740 seriem
1774 3692 2008 3746 censuit.

441 3761 759 3827 Quanquam
821 3763 1062 3821 l‘raudem
1101 3771 1336 3826 subinde
1367 3775 1629 3831 odoratus
1675 3790 1758 3833 est
1785 3781 1867 3835 vir
1920 3783 2011 3838 ille

440 3849 707 3916 eruditus,
749 3868 870 3906 nam
900 3853 962 3908 in
1003 3859 1120 3924 pri:
1153 3876 1185 3914 e
1219 3862 1693 3931 interpretationis
1739 3885 1852 3925 suae
1892 3873 2010 3926 edi-

441 3940 608 4004 tione,
645 3943 795 4000 initio
827 3949 956 4002 tomi
1003 3966 1118 4015 Xlx,
1171 3953 1238 4007 ad
1270 3969 1446 4022 oram,
1487 3960 1755 4027 suspicari
1790 3975 1848 4015 se
1877 3963 2016 4016 scri-

435 4031 518 4086 bit
547 4037 708 4091 ltusce
762 4047 954 4104 tomos,
989 4059 1055 4098 ne
1101 4061 1360 4102 numerus
1409 4049 1877 4121 interpellaretur,
1939 4057 2012 4111 ita

434 4125 603 4183 luisse
626 4129 918 4190 dissectos.

2187 2614 2319 2669 VIII.
2355 2615 2557 2670 Prmter
2593 2633 2782 2672 novem
2812 2620 2980 2677 hosce
3015 2631 3211 2686 tomos,
3264 2622 3576 2680 Philocm’ia:
3609 2642 3700 2682 ca-

2118 2706 2226 2776 pita
2253 2709 2287 2762 4
2308 2720 2358 2762 et
2392 2709 2426 2764 5
2453 2709 2560 2763 duo
2593 2711 2852 2767 exhibent
2877 2711 3182 2784 fragmenta
3207 2732 3237 2771 c
3279 2728 3425 2774 tomo
3462 2735 3535 2786 tv,
3570 2723 3700 2776 tria-

2117 2812 2224 2866 que
2283 2799 2386 2852 alia
2436 2815 2499 2854 ex
2537 2801 2858 2869 praefatione
2889 2804 3086 2872 quinti,
3123 2806 3265 2860 inter
3311 2824 3430 2878 qua:
3460 2812 3696 2865 medium

2117 2899 2265 2945 tenet
2295 2893 2558 2961 particula
2599 2909 2630 2949 e
2682 2894 2779 2950 lib.
2835 2912 2886 2950 γι
2915 2896 3231 2954 Eusebiana:
3267 2900 3543 2969 Historite,
3573 2921 3696 2976 cape

2113 2981 2208 3047 (ὶῦ,
2258 2984 2526 3038 traducta.
2571 2986 2686 3040 Duo
2738 3001 2955 3057 quoque
3000 2989 3187 3046 Latina
3226 2993 3528 3064 fragmenta
3571 3012 3699 3066 sup-

2118 3075 2323 3144 peditat
2351 3076 2608 3150 Apologia
2639 3078 2904 3148 Pamphili
2953 3085 3231 3153 martyris.
3285 3087 3526 3142 Primum
3561 3101 3698 3145 este

2041 3159 2082 3216 C
2118 3176 2262 3222 tomo
2296 3184 2346 3233 v,
2382 3171 2478 3225 sed
2513 3171 2772 3237 alterum,
2805 3176 2948 3244 quod
2979 3192 3009 3232 e
3042 3179 3282 3234 secundo
3319 3181 3696 3252 depromptum

2119 3259 2309 3324 fertur,
2367 3264 2418 3318 in
2475 3279 2541 3320 eo
2590 3265 2779 3322 nullibi
2814 3271 3073 3338 reperies.
3108 3272 3215 3328 Nec
3253 3283 3430 3330 tamen
3462 3276 3583 3332 ideo
3618 3289 3696 3332 to-

2119 3369 2262 3406 mum
2294 3354 2436 3410 hunc
2493 3371 2613 3412 esse
2649 3359 3032 3416 detruncatnm
3092 3365 3527 3423 concludendum
3562 3385 3695 3427 cen-

2117 3459 2319 3512 semus,
2351 3456 2538 3518 utpote
2567 3450 2657 3520 qui
2691 3468 2757 3505 ex
2801 3455 2950 3508 ounti
3001 3465 3154 3524 parte
3198 3459 3426 3531 integer,
3486 3477 3584 3517 nec
3619 3463 3698 3517 la.

2115 3539 2274 3592 cunis
2309 3538 2432 3595 ullis
2482 3541 2769 3598 dehiscere
2801 3545 3071 3600 videatur.
3139 3548 3290 3604 Unde
3347 3553 3697 3608 verisimilius

2116 3631 2460 3698 suspicamur
2511 3633 2816 3704 fragmenta
2870 3636 3052 3690 haece
3089 3638 3196 3693 duo
3228 3655 3296 3692 ex
3331 3659 3438 3695 uno
3473 3643 3696 3698 eodem—

2115 3735 2221 3788 que
2278 3729 2424 3776 tomo
2476 3725 2666 3792 quinto
2697 3740 2819 3779 esse
2847 3725 3123 3792 decerpta.
3173 3729 3338 3796 (antts
3367 3732 3697 3801 conjectura:

2119 3810 2385 3864 rationem
2427 3813 2760 3869 reddidimus
2794 3816 2885 3870 ubi
2913 3818 3194 3873 convenit.

2190 3900 2279 3954 IX.
2319 3901 2436 3955 .lam
2494 3914 2552 3958 ut
2580 3905 2782 3976 aliquid
2813 3909 2880 3963 de
2914 3911 3076 3966 tomis
3105 3912 3404 3984 deperditis
3426 3917 3696 3984 dicamus,

2116 4002 2478 4065 prmterquam
2532 3999 2675 4068 quod
2706 4002 2900 4058 scribit
2956 4005 3225 4063 Eusebius
3281 4008 3423 4066 llirt.
3479 4012 3576 4068 lib.
3615 4029 3692 4078 νε.

2116 4101 2236 4156 cap.
2300 4088 2390 4153 28,
2456 4091 2524 4145 de
2574 4091 2853 4151 Maximini
2911 4101 3320 4168 persecutione,
3371 4119 3492 4173 quae
3551 4121 3694 4160 anno

2113 4175 2315 4232 Christi
2369 4177 2476 4235 255
2527 4183 2708 4239 furere
2751 4186 2936 4257 cmpit,
2989 4192 3324 4247 mentionem
3374 4192 3490 4249 ﬁeri
3548 4204 3693 4251 tonio

512 4261 594 4318 γι,
647 4265 717 4321 At
770 4268 1174 4331 illustrissimus
1223 4278 1474 4346 ιιυθιίυε,
1533 4284 1625 4354 qui
1674 4284 1882 4355 primus
1913 4302 2008 4344 eos
2113 4287 2250 4336 χχιι.
2282 4273 2544 4344 Origenes
2605 4276 2722 4344 ipse
2777 4288 2922 4335 ιοιιιο
2968 4298 3056 4336 xu
3092 4285 3142 4338 in
3199 4283 3690 4357 Mattlt.eatn,'pag.

431 4350 622 4411 Grece
651 4359 816 4415 edidit
847 4361 1196 4438 nomomagi,
1243 4385 1388 4428 anno
1412 4350 1568 4441 1663;
1623 4350 1778 4430 ειίιηη
1808 4380 2005 4448 cuique
2115 4365 2240 4433 748,
2277 4368 2328 4420 in
2355 4369 2470 4423 hate
2495 4368 2730 4424 Mattlnei
2756 4373 2798 4402 "
2824 4373 2987 4427 verba
3023 4391 3040 4428 :
3083 4375 3336 4430 llosanna
3391 4350 3532 4431 Filio

432 4460 718 4504 numerum
775 4451 828 4506 in
855 4452 1045 4511 Graeco
1092 4461 1349 4530 restituit,
1386 4475 1602 4520 servata
1649 4467 1886 4524 [ferrarii
1926 4473 2007 4524 in.
2044 4496 2086 4550 Β
2115 4460 2218 4524 vid,
2253 4468 2382 4528 etc.,
2411 4461 2597 4516 eadem
2635 4478 2663 4515 a
2695 4463 2874 4533 seipso
2901 4465 3316 4522 Commentariis
3353 4470 3402 4519 in
3426 4466 3690 4523 Joannem

431 4543 843 4609 terpretatione,
872 4557 924 4600 ut
954 4558 1072 4601 erat
1103 4553 1274 4620 prius,
1325 4557 1375 4610 in
1428 4573 1577 4613 nx”
1621 4569 1798 4616 tomos
1827 4564 2010 4620 δίεπε-
2044 4543 2076 4550 ⁷
2115 4565 2351 4618 expensa
2384 4549 2552 4606 fuisse
2581 4552 2676 4614 ait,
2709 4555 2928 4622 quando
2958 4556 3212 4612 videlicet
3246 4557 3374 4610 illud
3410 4575 3690 4627 exponen-

430 4628 587 4695 bma,
616 4640 802 4702 mpme
830 4651 967 4704 qua,
997 4639 1122 4696 licet
1153 4651 1208 4696 οι
1239 4643 1291 4698 in
1315 4647 1570 4703 oratione
1612 4649 1860 4717 bon-ida,
1909 4670 2008 4710 ηρ-
2115 4637 2242 4692 dum
2290 4637 2393 4693 sibi
2459 4642 2796 4710 pr0positum
2856 4643 3006 4696 fuit:
3049 4644 3117 4699 In
3175 4648 3466 4701 crastinum
3515 4658 3692 4706 autent

429 4735 539 4789 que
566 4724 702 4778 satis
734 4741 889 4795 pura,
948 4727 1272 4789 Perioniana
1325 4745 1504 4793 tamen
1549 4741 1774 4797 nitidior
1805 4753 1860 4799 et
1893 4760 2008 4798 me-

2116 4726 2270 4779 turba
2317 4727 2486 4782 multa
2535 4746 2653 4800 qua:
2701 4741 2912 4784 venerat
2959 4733 3028 4784 ad
3075 4735 3214 4788 diem
3261 4738 3447 4804 festum
3483 4741 3544 4808 ²³,
3579 4755 3691 4800 etc.

428 4810 552 4879 lior,
582 4813 789 4871 Graecis
819 4820 1075 4889 proprius
1103 4823 1336 4893 insistat,
1364 4844 1631 4902 suamque
1663 4835 1821 4889 lidem
1869 4837 2004 4892 satis
2114 4821 2244 4886 Qua:
2279 4821 2497 4888 quidem
2540 4833 2689 4879 tomo
2723 4839 2849 4876 χχιιι
2893 4835 3118 4882 tractata
3173 4830 3341 4887 fuisse
3399 4836 3692 4891 verisimile

427 4915 668 4972 praestet.
699 4909 822 4964 Suis
849 4922 1025 4968 tamen
1059 4913 1274 4973 laborat
1309 4937 1528 4992 quoque
1565 4925 1737 4992 vitiis,
1767 4937 1821 4983 et
1858 4929 1911 4984 in
1941 4947 2006 4986 eo

2112 4925 2215 4971 est.
2250 4914 2456 4971 Deinde
2500 4916 2552 4970 in
2585 4915 2894 4972 Matthzcum
2928 4919 3111 4977 itidem
3161 4933 3317 4979 tract.
3368 4938 3529 4989 xxxv,
3569 4946 3689 4998 pag.

427 4993 667 5050 Fcrrarii
702 4999 784 5053 vel
817 5002 1041 5067 candor,
1081 5005 1164 5060 vel
1213 5007 1570 5080 intelligentia
1621 5029 1801 5068 rerum
1851 5017 2005 5072 valde

2114 5008 2240 5075 895,
2294 5016 2525 5064 testatur
2577 5025 2636 5066 se
2691 5010 3003 5080 diligentius
3052 5016 3103 5069 in
3165 4993 3586 5073 Commentariis
3636 4993 3689 5074 in

425 5084 678 5140 videntur
731 5091 1074 5164 requirenda,
1103 5099 1245 5166 quod
1285 5099 1514 5155 solemni
1552 5104 1918 5162 obtestatione
1949 5107 2001 5160 in
2112 5100 2375 5156 Joannem
2423 5105 2768 5160 examinasse
2799 5106 2964 5160 ³11³1)
3013 5123 3118 5161 υιιτι
3177 5108 3290 5162 δοιει
3331 5108 3412 5161 νει
3448 5109 3694 5179 Pluribus

429 5176 536 5232 line
559 5179 740 5248 operis
770 5183 851 5238 sui
893 5185 1299 5247 denuntiaverit
1327 5209 1388 5249 se
1421 5196 1475 5248 in
1514 5197 1611 5250 Ιιοο
1650 5197 1784 5250 libro
1809 5209 2007 5252 υετιεη-
2117 5194 2432 5251 mulieribus
2466 5196 2669 5253 Christi
2726 5200 2892 5269 pedes
2945 5199 3092 5252 uncti
3141 5197 3375 5254 fuissent
3425 5201 3477 5256 in
3509 5219 3690 5260 cmna.

427 5268 495 5322 do
520 5286 727 5326 summa
757 5290 909 5330 usum
952 5279 1060 5346 [ide
1086 5299 1149 5335 ac
1181 5285 1479 5356 diligentia,
1515 5297 1569 5341 ut
1617 5288 1752 5342 nilu'l
1784 5306 2004 5357 prorsus
2109 5288 2262 5354 Quod
2289 5304 2422 5346 sane
2447 5293 2637 5345 eodem
2665 5268 2812 5346 tomo
2862 5305 2989 5343 χιιι
3030 5290 3308 5359 praefixum
3340 5305 3478 5347 erat.
3525 5295 3690 5350 Deni-

425 5365 492 5418 sit
522 5367 855 5425 immutatum
881 5372 946 5426 ab
971 5391 1030 5428 eo
1060 5378 1200 5445 quod
1220 5380 1398 5434 scribit
1437 5392 1647 5435 auctor.
1678 5385 1881 5439 Deinde
1908 5388 2008 5441 ad-
2109 5399 2217 5451 que
2245 5383 2298 5438 in
2327 5383 2623 5455 Epistulam
2658 5386 2723 5436 ad
2753 5383 3032 5438 Romanos
3071 5398 3194 5452 cap.
3233 5400 3304 5448 vr,
3334 5385 3428 5441 lib.
3463 5403 3493 5440 v
3531 5408 3542 5442 :
3587 5386 3690 5442 Ve-

425 5457 504 5512 dit
539 5478 552 5514 ε
584 5457 730 5514 Scito
764 5475 1018 5533 ρηειενεα
1060 5486 1140 5524 me
1182 5472 1312 5524 nihil
1345 5473 1602 5544 ίηυεῃὶεκε
1633 5475 1688 5529 in
1733 5477 1830 5528 hoc
1871 5477 2007 5530 libro
2115 5491 2230 5526 rum
2259 5475 2324 5528 de
2355 5478 2557 5530 ratione
2589 5476 2944 5544 baptismatis,
2998 5478 3193 5548 inquit,
3253 5497 3366 5533 cum
3404 5495 3690 5548 exponere-

425 5553 565 5618 quod
592 5553 832 5608 videatur
852 5558 1074 5614 decreti;
1099 5572 1297 5616 εαησιω
1327 5567 1514 5619 matris
1553 5567 1800 5623 Ecclesia:
1823 5573 2010 5626 αιιυιν-
2113 5583 2229 5620 ntus
2286 5565 2632 5636 Evangelium
2676 5571 2962 5623 secundum
3009 5572 3292 5637 Joannem,
3356 5571 3442 5624 ubi
3485 5578 3691 5626 uentum

425 5643 571 5704 sari;
606 5659 725 5694 nam
754 5645 798 5696 si
821 5647 1154 5714 invenissem,
1192 5661 1283 5703 ant
1337 5652 1531 5709 librum
1575 5673 1677 5710 non
1715 5660 2012 5728 vertissent,
2113 5671 2187 5716 est
2219 5662 2288 5714 ad
2323 5677 2438 5715 eum
2471 5660 2642 5716 locum
2681 5663 2734 5717 in
2787 5681 2888 5733 qua
2918 5666 3042 5722 dicit
3098 5667 3161 5719 de
3189 5663 3314 5718 Jun
3345 5682 3363 5718 :
3402 5685 3418 5717 ι
3459 5665 3578 5719 lose
3603 5677 3691 5715 vos

503 5813 546 5843 ¹¹
579 5812 769 5871 Matth.
809 5833 921 5887 xxi,
959 5820 1013 5876 9.
1091 5821 1132 5852 ¹³
1167 5818 1321 5878 Joan.
1355 5838 1450 5890 ιιι,
1485 5827 1568 5881 l2.
