  <div class='ocr_page' id='page_1' title='image "/cluster/home/n/w/nwhite01/storage/ocr_20150623/14/hvd.32044073501363/015.png"; bbox 0 0 4040 6210; ppageno 0'>
   <div class='ocr_carea' id='block_1_1' title="bbox 342 335 1921 404">
    <p class='ocr_par' dir='ltr' id='par_1_1' title="bbox 342 335 1918 404">
     <span class='ocr_line' id='line_1_1' title="bbox 342 335 1918 404; baseline -0.002 -7"><span class='ocrx_word' id='word_1_1' title='bbox 342 335 409 397; x_wconf 68' lang='lat' dir='ltr'><strong><em>i9</em></strong></span> <span class='ocrx_word' id='word_1_2' title='bbox 1202 337 1520 396; x_wconf 76' lang='lat' dir='ltr'><strong><em>MONITUM</em></strong></span> <span class='ocrx_word' id='word_1_3' title='bbox 1554 340 1645 395; x_wconf 80' lang='lat' dir='ltr'><strong><em>AD</em></strong></span> <span class='ocrx_word' id='word_1_4' title='bbox 1675 341 1918 404; x_wconf 64' lang='lat' dir='ltr'><strong><em>COMME</em></strong></span> 
     </span>
    </p>
   </div>
   <div class='ocr_carea' id='block_1_2' title="bbox 2022 335 3610 404">
    <p class='ocr_par' dir='ltr' id='par_1_2' title="bbox 2022 337 3610 400">
     <span class='ocr_line' id='line_1_2' title="bbox 2022 337 3610 400; baseline 0.004 -6"><span class='ocrx_word' id='word_1_5' title='bbox 2022 382 2034 394; x_wconf 93' lang='lat'><strong><em>.</em></strong></span> <span class='ocrx_word' id='word_1_6' title='bbox 2067 337 2391 397; x_wconf 73' lang='lat' dir='ltr'><strong><em>ORIGENIS</em></strong></span> <span class='ocrx_word' id='word_1_7' title='bbox 2424 341 2490 396; x_wconf 78' lang='lat' dir='ltr'><strong><em>IN</em></strong></span> <span class='ocrx_word' id='word_1_8' title='bbox 2527 339 2722 398; x_wconf 74' lang='lat' dir='ltr'><strong><em>JOAN.</em></strong></span> <span class='ocrx_word' id='word_1_9' title='bbox 3539 347 3610 400; x_wconf 72' lang='lat'><strong><em>9.0</em></strong></span> 
     </span>
    </p>
   </div>
   <div class='ocr_carea' id='block_1_3' title="bbox 338 448 3608 526">
    <p class='ocr_par' dir='ltr' id='par_1_3' title="bbox 338 448 3608 526">
     <span class='ocr_line' id='line_1_3' title="bbox 338 448 3608 526; baseline 0 -20"><span class='ocrx_word' id='word_1_10' title='bbox 338 448 624 520; x_wconf 67' lang='lat' dir='ltr'><strong><em>baptizabit</em></strong></span> <span class='ocrx_word' id='word_1_11' title='bbox 678 450 732 504; x_wconf 89' lang='lat' dir='ltr'><strong><em>in</em></strong></span> <span class='ocrx_word' id='word_1_12' title='bbox 781 449 982 520; x_wconf 90' lang='lat' dir='ltr'><strong><em>Spiritu</em></strong></span> <span class='ocrx_word' id='word_1_13' title='bbox 1039 462 1222 505; x_wconf 86' lang='lat' dir='ltr'><strong><em>sancto</em></strong></span> <span class='ocrx_word' id='word_1_14' title='bbox 1255 451 1321 519; x_wconf 66' lang='grc'><strong><em>³⁸,</em></strong></span> <span class='ocrx_word' id='word_1_15' title='bbox 1361 462 1456 506; x_wconf 78' lang='lat' dir='ltr'><strong><em>set</em></strong></span> <span class='ocrx_word' id='word_1_16' title='bbox 1509 453 1633 506; x_wconf 84' lang='lat' dir='ltr'><strong><em>item</em></strong></span> <span class='ocrx_word' id='word_1_17' title='bbox 1683 452 1770 506; x_wconf 90' lang='lat' dir='ltr'><strong><em>ubi</em></strong></span> <span class='ocrx_word' id='word_1_18' title='bbox 1814 454 1925 521; x_wconf 88' lang='lat' dir='ltr'><strong><em>ipse</em></strong></span> <span class='ocrx_word' id='word_1_19' title='bbox 1954 467 1998 526; x_wconf 72' lang='grc' dir='ltr'>Α</span> <span class='ocrx_word' id='word_1_20' title='bbox 2029 459 2138 503; x_wconf 84' lang='lat' dir='ltr'><strong><em>tur.</em></strong></span> <span class='ocrx_word' id='word_1_21' title='bbox 2197 449 2364 515; x_wconf 89' lang='lat' dir='ltr'><strong><em>Licet,</em></strong></span> <span class='ocrx_word' id='word_1_22' title='bbox 2412 451 2607 523; x_wconf 87' lang='lat' dir='ltr'><strong><em>inquit,</em></strong></span> <span class='ocrx_word' id='word_1_23' title='bbox 2678 450 2900 506; x_wconf 88' lang='lat' dir='ltr'><strong><em>multum</em></strong></span> <span class='ocrx_word' id='word_1_24' title='bbox 2944 453 3263 518; x_wconf 84' lang='lat' dir='ltr'><strong><em>perscrutati</em></strong></span> <span class='ocrx_word' id='word_1_25' title='bbox 3327 451 3608 523; x_wconf 73' lang='lat' dir='ltr'><strong><em>fuerimus,</em></strong></span> 
     </span>
    </p>
   </div>
   <div class='ocr_carea' id='block_1_4' title="bbox 337 543 1924 616">
    <p class='ocr_par' dir='ltr' id='par_1_4' title="bbox 337 543 1924 616">
     <span class='ocr_line' id='line_1_4' title="bbox 337 543 1924 616; baseline -0.001 -16"><span class='ocrx_word' id='word_1_26' title='bbox 337 543 590 600; x_wconf 72' lang='lat' dir='ltr'><strong><em>Salvator</em></strong></span> <span class='ocrx_word' id='word_1_27' title='bbox 623 545 753 598; x_wconf 88' lang='lat' dir='ltr'><strong><em>dicit</em></strong></span> <span class='ocrx_word' id='word_1_28' title='bbox 795 558 815 598; x_wconf 89' lang='lat'><em>:</em></span> <span class='ocrx_word' id='word_1_29' title='bbox 849 563 868 596; x_wconf 82' lang='lat' dir='ltr'><strong><em>s</em></strong></span> <span class='ocrx_word' id='word_1_30' title='bbox 910 544 1030 599; x_wconf 87' lang='lat' dir='ltr'><strong><em>Nisi</em></strong></span> <span class='ocrx_word' id='word_1_31' title='bbox 1059 546 1178 608; x_wconf 82' lang='lat' dir='ltr'><strong><em>quis</em></strong></span> <span class='ocrx_word' id='word_1_32' title='bbox 1221 557 1437 604; x_wconf 87' lang='lat' dir='ltr'><strong><em>renatus</em></strong></span> <span class='ocrx_word' id='word_1_33' title='bbox 1466 545 1628 616; x_wconf 61' lang='lat' dir='ltr'><strong><em>luerit</em></strong></span> <span class='ocrx_word' id='word_1_34' title='bbox 1656 549 1828 600; x_wconf 85' lang='lat' dir='ltr'><strong><em>denuo</em></strong></span> <span class='ocrx_word' id='word_1_35' title='bbox 1858 561 1924 599; x_wconf 70' lang='lat' dir='ltr'><strong><em>ex</em></strong></span> 
     </span>
    </p>
   </div>
   <div class='ocr_carea' id='block_1_5' title="bbox 337 636 1922 708">
    <p class='ocr_par' dir='ltr' id='par_1_5' title="bbox 337 636 1922 708">
     <span class='ocr_line' id='line_1_5' title="bbox 337 636 1922 708; baseline 0.001 -18"><span class='ocrx_word' id='word_1_36' title='bbox 337 654 478 706; x_wconf 86' lang='lat' dir='ltr'><strong><em>aqua</em></strong></span> <span class='ocrx_word' id='word_1_37' title='bbox 532 645 580 690; x_wconf 90' lang='lat' dir='ltr'><strong><em>et</em></strong></span> <span class='ocrx_word' id='word_1_38' title='bbox 617 636 856 706; x_wconf 78' lang='lat' dir='ltr'><strong><em>Spiritu,</em></strong></span> <span class='ocrx_word' id='word_1_39' title='bbox 935 653 1038 694; x_wconf 85' lang='lat' dir='ltr'><strong><em>non</em></strong></span> <span class='ocrx_word' id='word_1_40' title='bbox 1093 647 1258 706; x_wconf 87' lang='lat' dir='ltr'><strong><em>potest</em></strong></span> <span class='ocrx_word' id='word_1_41' title='bbox 1321 636 1542 692; x_wconf 76' lang='lat' dir='ltr'><strong><em>introire</em></strong></span> <span class='ocrx_word' id='word_1_42' title='bbox 1590 640 1649 692; x_wconf 78' lang='lat' dir='ltr'><strong><em>in</em></strong></span> <span class='ocrx_word' id='word_1_43' title='bbox 1707 654 1922 708; x_wconf 79' lang='lat' dir='ltr'><strong><em>regnum</em></strong></span> 
     </span>
    </p>
   </div>
   <div class='ocr_carea' id='block_1_6' title="bbox 343 731 1922 800">
    <p class='ocr_par' dir='ltr' id='par_1_6' title="bbox 343 731 1922 800">
     <span class='ocr_line' id='line_1_6' title="bbox 343 731 1922 800; baseline 0.003 -16"><span class='ocrx_word' id='word_1_44' title='bbox 343 731 436 785; x_wconf 87' lang='lat' dir='ltr'><strong><em>Dei</em></strong></span> <span class='ocrx_word' id='word_1_45' title='bbox 469 731 514 763; x_wconf 84' lang='grc'><strong><em>¹⁸</em></strong></span> <span class='ocrx_word' id='word_1_46' title='bbox 540 750 559 788; x_wconf 90' lang='lat'><em>:</em></span> <span class='ocrx_word' id='word_1_47' title='bbox 597 749 619 784; x_wconf 72' lang='grc' dir='ltr'><strong><em>ι</em></strong></span> <span class='ocrx_word' id='word_1_48' title='bbox 652 747 745 798; x_wconf 87' lang='lat' dir='ltr'><strong><em>pro</em></strong></span> <span class='ocrx_word' id='word_1_49' title='bbox 775 731 971 785; x_wconf 85' lang='lat' dir='ltr'><strong><em>viribus</em></strong></span> <span class='ocrx_word' id='word_1_50' title='bbox 1016 732 1211 786; x_wconf 85' lang='lat' dir='ltr'><strong><em>nostris</em></strong></span> <span class='ocrx_word' id='word_1_51' title='bbox 1239 748 1357 799; x_wconf 73' lang='lat' dir='ltr'><strong><em>qua!</em></strong></span> <span class='ocrx_word' id='word_1_52' title='bbox 1403 748 1680 788; x_wconf 85' lang='lat' dir='ltr'><strong><em>occurrere</em></strong></span> <span class='ocrx_word' id='word_1_53' title='bbox 1731 741 1922 800; x_wconf 85' lang='lat' dir='ltr'><strong><em>potue-</em></strong></span> 
     </span>
    </p>
   </div>
   <div class='ocr_carea' id='block_1_7' title="bbox 338 824 1924 895">
    <p class='ocr_par' dir='ltr' id='par_1_7' title="bbox 338 824 1924 895">
     <span class='ocr_line' id='line_1_7' title="bbox 338 824 1924 895; baseline 0.002 -18"><span class='ocrx_word' id='word_1_54' title='bbox 338 835 484 888; x_wconf 89' lang='lat' dir='ltr'><strong><em>runt,</em></strong></span> <span class='ocrx_word' id='word_1_55' title='bbox 517 826 621 878; x_wconf 86' lang='lat' dir='ltr'><strong><em>imo</em></strong></span> <span class='ocrx_word' id='word_1_56' title='bbox 648 842 767 895; x_wconf 75' lang='lat' dir='ltr'><strong><em>qua:</em></strong></span> <span class='ocrx_word' id='word_1_57' title='bbox 797 825 1010 880; x_wconf 85' lang='lat' dir='ltr'><strong><em>donavit</em></strong></span> <span class='ocrx_word' id='word_1_58' title='bbox 1046 824 1203 882; x_wconf 86' lang='lat' dir='ltr'><strong><em>Deus.</em></strong></span> <span class='ocrx_word' id='word_1_59' title='bbox 1235 826 1490 890; x_wconf 69' lang='lat' dir='ltr'><strong><em>diximus,</em></strong></span> <span class='ocrx_word' id='word_1_60' title='bbox 1521 825 1615 878; x_wconf 88' lang='lat' dir='ltr'><strong><em>ubi</em></strong></span> <span class='ocrx_word' id='word_1_61' title='bbox 1647 835 1695 878; x_wconf 90' lang='lat' dir='ltr'><strong><em>et</em></strong></span> <span class='ocrx_word' id='word_1_62' title='bbox 1721 842 1924 880; x_wconf 85' lang='lat' dir='ltr'><strong><em>sermo-</em></strong></span> 
     </span>
    </p>
   </div>
   <div class='ocr_carea' id='block_1_8' title="bbox 338 917 1924 990">
    <p class='ocr_par' dir='ltr' id='par_1_8' title="bbox 338 917 1924 990">
     <span class='ocr_line' id='line_1_8' title="bbox 338 917 1924 990; baseline 0.002 -19"><span class='ocrx_word' id='word_1_63' title='bbox 338 919 419 971; x_wconf 85' lang='lat' dir='ltr'><strong><em>nis</em></strong></span> <span class='ocrx_word' id='word_1_64' title='bbox 448 919 550 971; x_wconf 74' lang='lat' dir='ltr'><strong><em>vim</em></strong></span> <span class='ocrx_word' id='word_1_65' title='bbox 578 934 681 987; x_wconf 87' lang='lat' dir='ltr'><strong><em>qua</em></strong></span> <span class='ocrx_word' id='word_1_66' title='bbox 707 919 904 972; x_wconf 87' lang='lat' dir='ltr'><strong><em>dicitur</em></strong></span> <span class='ocrx_word' id='word_1_67' title='bbox 929 932 948 970; x_wconf 90' lang='lat'><strong><em>:</em></strong></span> <span class='ocrx_word' id='word_1_68' title='bbox 981 936 999 969; x_wconf 82' lang='grc' dir='ltr'><strong><em>ι</em></strong></span> <span class='ocrx_word' id='word_1_69' title='bbox 1042 917 1162 974; x_wconf 84' lang='lat' dir='ltr'><strong><em>Nisi</em></strong></span> <span class='ocrx_word' id='word_1_70' title='bbox 1211 920 1328 988; x_wconf 91' lang='lat' dir='ltr'><strong><em>quis</em></strong></span> <span class='ocrx_word' id='word_1_71' title='bbox 1385 930 1598 974; x_wconf 88' lang='lat' dir='ltr'><strong><em>renatus</em></strong></span> <span class='ocrx_word' id='word_1_72' title='bbox 1639 919 1799 990; x_wconf 80' lang='lat' dir='ltr'><strong><em>fuerit</em></strong></span> <span class='ocrx_word' id='word_1_73' title='bbox 1833 921 1924 974; x_wconf 89' lang='lat' dir='ltr'><strong><em>de-</em></strong></span> 
     </span>
    </p>
   </div>
   <div class='ocr_carea' id='block_1_9' title="bbox 338 1009 1921 1080">
    <p class='ocr_par' dir='ltr' id='par_1_9' title="bbox 338 1009 1921 1080">
     <span class='ocr_line' id='line_1_9' title="bbox 338 1009 1921 1080; baseline 0.004 -19"><span class='ocrx_word' id='word_1_74' title='bbox 338 1027 467 1076; x_wconf 87' lang='lat' dir='ltr'><strong><em>nuo,</em></strong></span> <span class='ocrx_word' id='word_1_75' title='bbox 503 1030 521 1063; x_wconf 78' lang='grc' dir='ltr'><strong><em>ι</em></strong></span> <span class='ocrx_word' id='word_1_76' title='bbox 558 1009 720 1065; x_wconf 88' lang='lat' dir='ltr'><strong><em>altius</em></strong></span> <span class='ocrx_word' id='word_1_77' title='bbox 749 1013 957 1080; x_wconf 88' lang='lat' dir='ltr'><strong><em>aperire</em></strong></span> <span class='ocrx_word' id='word_1_78' title='bbox 999 1013 1339 1068; x_wconf 71' lang='lat' dir='ltr'><strong><em>tentabimus.</em></strong></span> <span class='ocrx_word' id='word_1_79' title='bbox 1389 1009 1562 1067; x_wconf 86' lang='lat' dir='ltr'><strong><em>Porro</em></strong></span> <span class='ocrx_word' id='word_1_80' title='bbox 1607 1021 1754 1066; x_wconf 78' lang='lat' dir='ltr'><strong><em>tonio</em></strong></span> <span class='ocrx_word' id='word_1_81' title='bbox 1788 1027 1839 1066; x_wconf 78' lang='lat' dir='ltr'><strong><em>v1</em></strong></span> <span class='ocrx_word' id='word_1_82' title='bbox 1868 1013 1921 1068; x_wconf 90' lang='lat' dir='ltr'><strong><em>in</em></strong></span> 
     </span>
    </p>
   </div>
   <div class='ocr_carea' id='block_1_10' title="bbox 333 1098 1922 1172">
    <p class='ocr_par' dir='ltr' id='par_1_10' title="bbox 333 1098 1922 1172">
     <span class='ocr_line' id='line_1_10' title="bbox 333 1098 1922 1172; baseline 0.001 -16"><span class='ocrx_word' id='word_1_83' title='bbox 333 1098 597 1158; x_wconf 78' lang='lat' dir='ltr'><strong><em>Joannem</em></strong></span> <span class='ocrx_word' id='word_1_84' title='bbox 634 1103 854 1172; x_wconf 78' lang='lat' dir='ltr'><strong><em>exponit</em></strong></span> <span class='ocrx_word' id='word_1_85' title='bbox 900 1103 1120 1172; x_wconf 82' lang='lat' dir='ltr'><strong><em>quidem</em></strong></span> <span class='ocrx_word' id='word_1_86' title='bbox 1171 1104 1287 1158; x_wconf 66' lang='lat' dir='ltr'><strong><em>hinc</em></strong></span> <span class='ocrx_word' id='word_1_87' title='bbox 1319 1104 1481 1158; x_wconf 89' lang='lat' dir='ltr'><strong><em>verba</em></strong></span> <span class='ocrx_word' id='word_1_88' title='bbox 1510 1119 1522 1154; x_wconf 91' lang='lat'><strong>:</strong></span> <span class='ocrx_word' id='word_1_89' title='bbox 1559 1101 1680 1172; x_wconf 88' lang='lat' dir='ltr'><strong><em>Ipse</em></strong></span> <span class='ocrx_word' id='word_1_90' title='bbox 1716 1119 1805 1158; x_wconf 81' lang='lat' dir='ltr'><strong><em>vos</em></strong></span> <span class='ocrx_word' id='word_1_91' title='bbox 1829 1103 1922 1158; x_wconf 86' lang='lat' dir='ltr'><strong><em>ba-</em></strong></span> 
     </span>
    </p>
   </div>
   <div class='ocr_carea' id='block_1_11' title="bbox 337 1194 1922 1264">
    <p class='ocr_par' dir='ltr' id='par_1_11' title="bbox 337 1194 1922 1264">
     <span class='ocr_line' id='line_1_11' title="bbox 337 1194 1922 1264; baseline -0.003 -13"><span class='ocrx_word' id='word_1_92' title='bbox 337 1196 560 1263; x_wconf 78' lang='lat' dir='ltr'><strong><em>ptisabit</em></strong></span> <span class='ocrx_word' id='word_1_93' title='bbox 617 1197 670 1248; x_wconf 85' lang='lat' dir='ltr'><strong><em>in</em></strong></span> <span class='ocrx_word' id='word_1_94' title='bbox 717 1194 925 1264; x_wconf 86' lang='lat' dir='ltr'><strong><em>Spiritu</em></strong></span> <span class='ocrx_word' id='word_1_95' title='bbox 981 1206 1199 1260; x_wconf 84' lang='lat' dir='ltr'><strong><em>sancto;</em></strong></span> <span class='ocrx_word' id='word_1_96' title='bbox 1249 1195 1552 1264; x_wconf 76' lang='lat' dir='ltr'><strong><em>posteriora</em></strong></span> <span class='ocrx_word' id='word_1_97' title='bbox 1613 1210 1760 1258; x_wconf 85' lang='lat' dir='ltr'><strong><em>vero,</em></strong></span> <span class='ocrx_word' id='word_1_98' title='bbox 1821 1195 1922 1250; x_wconf 90' lang='lat' dir='ltr'><strong><em>nisi</em></strong></span> 
     </span>
    </p>
   </div>
   <div class='ocr_carea' id='block_1_12' title="bbox 334 1287 1922 1356">
    <p class='ocr_par' dir='ltr' id='par_1_12' title="bbox 334 1287 1922 1356">
     <span class='ocr_line' id='line_1_12' title="bbox 334 1287 1922 1356; baseline 0.001 -18"><span class='ocrx_word' id='word_1_99' title='bbox 334 1287 476 1354; x_wconf 83' lang='lat' dir='ltr'><strong><em>quis,</em></strong></span> <span class='ocrx_word' id='word_1_100' title='bbox 513 1295 644 1349; x_wconf 69' lang='grc' dir='ltr'>εις..</span> <span class='ocrx_word' id='word_1_101' title='bbox 679 1287 1000 1356; x_wconf 83' lang='lat' dir='ltr'><strong><em>exposuisse</em></strong></span> <span class='ocrx_word' id='word_1_102' title='bbox 1031 1288 1220 1342; x_wconf 78' lang='lat' dir='ltr'><strong>debuit</strong></span> <span class='ocrx_word' id='word_1_103' title='bbox 1248 1289 1404 1344; x_wconf 91' lang='lat' dir='ltr'><strong><em>initio</em></strong></span> <span class='ocrx_word' id='word_1_104' title='bbox 1440 1289 1567 1344; x_wconf 86' lang='lat' dir='ltr'><strong><em>tomi</em></strong></span> <span class='ocrx_word' id='word_1_105' title='bbox 1615 1303 1688 1342; x_wconf 78' lang='lat' dir='ltr'><strong><em>sl.</em></strong></span> <span class='ocrx_word' id='word_1_106' title='bbox 1723 1287 1922 1341; x_wconf 85' lang='lat' dir='ltr'><strong><em>Eusta-</em></strong></span> 
     </span>
    </p>
   </div>
   <div class='ocr_carea' id='block_1_13' title="bbox 339 1376 1920 1449">
    <p class='ocr_par' dir='ltr' id='par_1_13' title="bbox 339 1376 1920 1449">
     <span class='ocr_line' id='line_1_13' title="bbox 339 1376 1920 1449; baseline 0.003 -21"><span class='ocrx_word' id='word_1_107' title='bbox 339 1377 485 1430; x_wconf 83' lang='lat' dir='ltr'><strong><em>thius</em></strong></span> <span class='ocrx_word' id='word_1_108' title='bbox 548 1377 925 1434; x_wconf 82' lang='lat' dir='ltr'><strong><em>Autiochenus</em></strong></span> <span class='ocrx_word' id='word_1_109' title='bbox 1000 1376 1254 1447; x_wconf 83' lang='lat' dir='ltr'><strong><em>Origenis</em></strong></span> <span class='ocrx_word' id='word_1_110' title='bbox 1314 1383 1492 1434; x_wconf 83' lang='lat' dir='ltr'><strong><em>locum</em></strong></span> <span class='ocrx_word' id='word_1_111' title='bbox 1566 1379 1777 1449; x_wconf 83' lang='lat' dir='ltr'><strong><em>profert</em></strong></span> <span class='ocrx_word' id='word_1_112' title='bbox 1851 1393 1920 1432; x_wconf 80' lang='lat' dir='ltr'><strong><em>ex</em></strong></span> 
     </span>
    </p>
   </div>
   <div class='ocr_carea' id='block_1_14' title="bbox 337 1471 1922 1542">
    <p class='ocr_par' dir='ltr' id='par_1_14' title="bbox 337 1471 1922 1542">
     <span class='ocr_line' id='line_1_14' title="bbox 337 1471 1922 1542; baseline 0.001 -20"><span class='ocrx_word' id='word_1_113' title='bbox 337 1471 525 1524; x_wconf 79' lang='lat' dir='ltr'><strong><em>iisdem</em></strong></span> <span class='ocrx_word' id='word_1_114' title='bbox 561 1471 722 1526; x_wconf 89' lang='lat' dir='ltr'><strong><em>tomis</em></strong></span> <span class='ocrx_word' id='word_1_115' title='bbox 749 1471 1044 1540; x_wconf 71' lang='lat' dir='ltr'><strong><em>deperditis</em></strong></span> <span class='ocrx_word' id='word_1_116' title='bbox 1077 1473 1131 1526; x_wconf 90' lang='lat' dir='ltr'><strong><em>in</em></strong></span> <span class='ocrx_word' id='word_1_117' title='bbox 1162 1471 1449 1539; x_wconf 75' lang='lat' dir='ltr'><strong><em>Joannem,</em></strong></span> <span class='ocrx_word' id='word_1_118' title='bbox 1475 1472 1566 1527; x_wconf 87' lang='lat' dir='ltr'><strong><em>ubi</em></strong></span> <span class='ocrx_word' id='word_1_119' title='bbox 1611 1473 1678 1526; x_wconf 83' lang='lat' dir='ltr'><strong><em>de</em></strong></span> <span class='ocrx_word' id='word_1_120' title='bbox 1710 1471 1922 1542; x_wconf 82' lang='lat' dir='ltr'><strong><em>lapida—</em></strong></span> 
     </span>
    </p>
   </div>
   <div class='ocr_carea' id='block_1_15' title="bbox 337 1559 1923 1633">
    <p class='ocr_par' dir='ltr' id='par_1_15' title="bbox 337 1559 1923 1633">
     <span class='ocr_line' id='line_1_15' title="bbox 337 1559 1923 1633; baseline 0.004 -21"><span class='ocrx_word' id='word_1_121' title='bbox 337 1563 484 1615; x_wconf 82' lang='lat' dir='ltr'><strong><em>tione</em></strong></span> <span class='ocrx_word' id='word_1_122' title='bbox 511 1559 640 1616; x_wconf 83' lang='lat' dir='ltr'><strong><em>Jesu</em></strong></span> <span class='ocrx_word' id='word_1_123' title='bbox 675 1577 703 1614; x_wconf 91' lang='lat' dir='ltr'><strong><em>a</em></strong></span> <span class='ocrx_word' id='word_1_124' title='bbox 734 1561 935 1618; x_wconf 59' lang='lat' dir='ltr'><strong><em>iudicis</em></strong></span> <span class='ocrx_word' id='word_1_125' title='bbox 995 1563 1135 1617; x_wconf 80' lang='lat' dir='ltr'><strong><em>facta</em></strong></span> <span class='ocrx_word' id='word_1_126' title='bbox 1183 1566 1467 1633; x_wconf 76' lang='lat' dir='ltr'><strong><em>agebatur.</em></strong></span> <span class='ocrx_word' id='word_1_127' title='bbox 1525 1565 1616 1619; x_wconf 91' lang='lat' dir='ltr'><strong><em>Sic</em></strong></span> <span class='ocrx_word' id='word_1_128' title='bbox 1652 1564 1742 1618; x_wconf 88' lang='lat' dir='ltr'><strong><em>ille</em></strong></span> <span class='ocrx_word' id='word_1_129' title='bbox 1783 1564 1923 1618; x_wconf 86' lang='lat' dir='ltr'><strong><em>libro</em></strong></span> 
     </span>
    </p>
   </div>
   <div class='ocr_carea' id='block_1_16' title="bbox 337 1651 1922 1725">
    <p class='ocr_par' dir='ltr' id='par_1_16' title="bbox 337 1651 1922 1725">
     <span class='ocr_line' id='line_1_16' title="bbox 337 1651 1922 1725; baseline 0.001 -20"><span class='ocrx_word' id='word_1_130' title='bbox 337 1654 413 1714; x_wconf 78' lang='lat' dir='ltr'><strong><em>De</em></strong></span> <span class='ocrx_word' id='word_1_131' title='bbox 451 1651 888 1723; x_wconf 77' lang='lat' dir='ltr'><strong><em>Eugastrintytlio</em></strong></span> <span class='ocrx_word' id='word_1_132' title='bbox 920 1673 938 1707; x_wconf 84' lang='lat'><strong><em>.&#39;</em></strong></span> <span class='ocrx_word' id='word_1_133' title='bbox 967 1654 1080 1708; x_wconf 70' lang='grc' dir='ltr'><strong><em>Οὐκ</em></strong></span> <span class='ocrx_word' id='word_1_134' title='bbox 1107 1654 1326 1708; x_wconf 74' lang='grc' dir='ltr'>ἔλαττον</span> <span class='ocrx_word' id='word_1_135' title='bbox 1355 1654 1413 1707; x_wconf 82' lang='grc' dir='ltr'>δὲ</span> <span class='ocrx_word' id='word_1_136' title='bbox 1447 1655 1540 1708; x_wconf 70' lang='grc' dir='ltr'><strong><em>κα)⁸</em></strong></span> <span class='ocrx_word' id='word_1_137' title='bbox 1572 1655 1633 1708; x_wconf 81' lang='grc' dir='ltr'><strong><em>τὸ</em></strong></span> <span class='ocrx_word' id='word_1_138' title='bbox 1659 1654 1756 1725; x_wconf 74' lang='grc' dir='ltr'>τῆς</span> <span class='ocrx_word' id='word_1_139' title='bbox 1779 1653 1922 1707; x_wconf 87' lang='grc' dir='ltr'>λιθο-</span> 
     </span>
    </p>
   </div>
   <div class='ocr_carea' id='block_1_17' title="bbox 335 1744 1922 1821">
    <p class='ocr_par' dir='ltr' id='par_1_17' title="bbox 335 1744 1922 1821">
     <span class='ocr_line' id='line_1_17' title="bbox 335 1744 1922 1821; baseline 0.001 -23"><span class='ocrx_word' id='word_1_140' title='bbox 335 1744 520 1808; x_wconf 59' lang='lat' dir='ltr'><strong><em>Salia;</em></strong></span> <span class='ocrx_word' id='word_1_141' title='bbox 571 1745 755 1819; x_wconf 79' lang='grc' dir='ltr'>δρᾶμα</span> <span class='ocrx_word' id='word_1_142' title='bbox 807 1746 1048 1819; x_wconf 77' lang='grc' dir='ltr'><strong><em>θεωρῶν,</em></strong></span> <span class='ocrx_word' id='word_1_143' title='bbox 1103 1749 1288 1821; x_wconf 72' lang='grc' dir='ltr'>ἐπειδὴ</span> <span class='ocrx_word' id='word_1_144' title='bbox 1336 1747 1625 1802; x_wconf 80' lang='grc' dir='ltr'>καὶτοῦτο</span> <span class='ocrx_word' id='word_1_145' title='bbox 1667 1748 1922 1819; x_wconf 82' lang='grc' dir='ltr'>πειρᾶται</span> 
     </span>
    </p>
   </div>
   <div class='ocr_carea' id='block_1_18' title="bbox 2025 544 3611 616">
    <p class='ocr_par' dir='ltr' id='par_1_18' title="bbox 2025 544 3611 616">
     <span class='ocr_line' id='line_1_18' title="bbox 2025 544 3611 616; baseline 0.004 -19"><span class='ocrx_word' id='word_1_146' title='bbox 2025 544 2262 604; x_wconf 86' lang='lat' dir='ltr'><strong><em>nondum</em></strong></span> <span class='ocrx_word' id='word_1_147' title='bbox 2289 545 2578 600; x_wconf 73' lang='lat' dir='ltr'><strong><em>invenimus</em></strong></span> <span class='ocrx_word' id='word_1_148' title='bbox 2615 547 2669 600; x_wconf 91' lang='lat' dir='ltr'><strong><em>in</em></strong></span> <span class='ocrx_word' id='word_1_149' title='bbox 2721 545 2804 606; x_wconf 73' lang='lat' dir='ltr'><strong><em>liis</em></strong></span> <span class='ocrx_word' id='word_1_150' title='bbox 2829 561 2948 616; x_wconf 75' lang='lat' dir='ltr'><strong><em>qua:</em></strong></span> <span class='ocrx_word' id='word_1_151' title='bbox 2977 546 3174 614; x_wconf 87' lang='lat' dir='ltr'><strong><em>scripta</em></strong></span> <span class='ocrx_word' id='word_1_152' title='bbox 3215 555 3356 612; x_wconf 86' lang='lat' dir='ltr'><strong><em>sunt,</em></strong></span> <span class='ocrx_word' id='word_1_153' title='bbox 3382 545 3611 603; x_wconf 70' lang='lat' dir='ltr'><strong><em>Judteos</em></strong></span> 
     </span>
    </p>
   </div>
   <div class='ocr_carea' id='block_1_19' title="bbox 2024 636 3609 710">
    <p class='ocr_par' dir='ltr' id='par_1_19' title="bbox 2024 636 3609 710">
     <span class='ocr_line' id='line_1_19' title="bbox 2024 636 3609 710; baseline 0.004 -21"><span class='ocrx_word' id='word_1_154' title='bbox 2024 636 2315 704; x_wconf 86' lang='lat' dir='ltr'><strong><em>arripuisse</em></strong></span> <span class='ocrx_word' id='word_1_155' title='bbox 2343 636 2545 706; x_wconf 75' lang='lat' dir='ltr'><strong><em>lapides</em></strong></span> <span class='ocrx_word' id='word_1_156' title='bbox 2569 647 2622 692; x_wconf 93' lang='lat' dir='ltr'><strong><em>ut</em></strong></span> <span class='ocrx_word' id='word_1_157' title='bbox 2652 639 2708 692; x_wconf 89' lang='lat' dir='ltr'><strong><em>in</em></strong></span> <span class='ocrx_word' id='word_1_158' title='bbox 2730 638 2881 696; x_wconf 87' lang='lat' dir='ltr'><strong><em>illum</em></strong></span> <span class='ocrx_word' id='word_1_159' title='bbox 2903 639 3202 709; x_wconf 85' lang='lat' dir='ltr'><strong><em>injicerent.</em></strong></span> <span class='ocrx_word' id='word_1_160' title='bbox 3237 668 3304 678; x_wconf 61' lang='grc' dir='ltr'><strong><em>-η</em></strong></span> <span class='ocrx_word' id='word_1_161' title='bbox 3334 636 3400 692; x_wconf 77' lang='lat' dir='ltr'><strong><em>Et</em></strong></span> <span class='ocrx_word' id='word_1_162' title='bbox 3423 645 3609 710; x_wconf 80' lang='lat' dir='ltr'><strong><em>paucis</em></strong></span> 
     </span>
    </p>
   </div>
   <div class='ocr_carea' id='block_1_20' title="bbox 2025 727 3611 804">
    <p class='ocr_par' dir='ltr' id='par_1_20' title="bbox 2025 727 3611 804">
     <span class='ocr_line' id='line_1_20' title="bbox 2025 727 3611 804; baseline 0.004 -23"><span class='ocrx_word' id='word_1_163' title='bbox 2025 729 2223 782; x_wconf 88' lang='lat' dir='ltr'><strong><em>additis</em></strong></span> <span class='ocrx_word' id='word_1_164' title='bbox 2255 745 2273 783; x_wconf 92' lang='lat'><strong><em>:</em></strong></span> <span class='ocrx_word' id='word_1_165' title='bbox 2301 727 2442 784; x_wconf 89' lang='lat' dir='ltr'><strong><em>Nam</em></strong></span> <span class='ocrx_word' id='word_1_166' title='bbox 2469 730 2517 784; x_wconf 89' lang='lat' dir='ltr'><strong><em>si</em></strong></span> <span class='ocrx_word' id='word_1_167' title='bbox 2547 731 2738 784; x_wconf 85' lang='lat' dir='ltr'><strong><em>iterum</em></strong></span> <span class='ocrx_word' id='word_1_168' title='bbox 2773 742 3190 800; x_wconf 87' lang='lat' dir='ltr'><strong><em>assumpserunt,</em></strong></span> <span class='ocrx_word' id='word_1_169' title='bbox 3221 733 3371 804; x_wconf 84' lang='lat' dir='ltr'><strong><em>prius</em></strong></span> <span class='ocrx_word' id='word_1_170' title='bbox 3403 749 3611 788; x_wconf 80' lang='lat' dir='ltr'><strong><em>assum-</em></strong></span> 
     </span>
    </p>
   </div>
   <div class='ocr_carea' id='block_1_21' title="bbox 2024 822 3610 894">
    <p class='ocr_par' dir='ltr' id='par_1_21' title="bbox 2024 822 3610 894">
     <span class='ocr_line' id='line_1_21' title="bbox 2024 822 3610 894; baseline 0.003 -18"><span class='ocrx_word' id='word_1_171' title='bbox 2024 831 2260 890; x_wconf 88' lang='lat' dir='ltr'><strong><em>pserunt.</em></strong></span> <span class='ocrx_word' id='word_1_172' title='bbox 2294 822 2418 878; x_wconf 82' lang='lat' dir='ltr'><strong><em>Vult</em></strong></span> <span class='ocrx_word' id='word_1_173' title='bbox 2435 834 2614 878; x_wconf 84' lang='lat' dir='ltr'><strong><em>autem</em></strong></span> <span class='ocrx_word' id='word_1_174' title='bbox 2641 835 2756 880; x_wconf 89' lang='lat' dir='ltr'><strong><em>tum</em></strong></span> <span class='ocrx_word' id='word_1_175' title='bbox 2781 825 2836 878; x_wconf 88' lang='lat' dir='ltr'><strong><em>in</em></strong></span> <span class='ocrx_word' id='word_1_176' title='bbox 2863 825 3246 894; x_wconf 78' lang='lat' dir='ltr'><strong><em>superioribus,</em></strong></span> <span class='ocrx_word' id='word_1_177' title='bbox 3297 836 3407 886; x_wconf 88' lang='lat' dir='ltr'><strong><em>tum</em></strong></span> <span class='ocrx_word' id='word_1_178' title='bbox 3430 827 3484 880; x_wconf 91' lang='lat' dir='ltr'><strong><em>in</em></strong></span> <span class='ocrx_word' id='word_1_179' title='bbox 3521 828 3610 880; x_wconf 85' lang='lat' dir='ltr'><strong><em>in-</em></strong></span> 
     </span>
    </p>
   </div>
   <div class='ocr_carea' id='block_1_22' title="bbox 2027 914 3607 986">
    <p class='ocr_par' dir='ltr' id='par_1_22' title="bbox 2027 914 3607 986">
     <span class='ocr_line' id='line_1_22' title="bbox 2027 914 3607 986; baseline 0.003 -17"><span class='ocrx_word' id='word_1_180' title='bbox 2027 914 2329 983; x_wconf 71' lang='lat' dir='ltr'><strong><em>ferioribus,</em></strong></span> <span class='ocrx_word' id='word_1_181' title='bbox 2359 916 2434 970; x_wconf 91' lang='lat' dir='ltr'><strong><em>nil</em></strong></span> <span class='ocrx_word' id='word_1_182' title='bbox 2462 915 2567 972; x_wconf 89' lang='lat' dir='ltr'><strong><em>tale</em></strong></span> <span class='ocrx_word' id='word_1_183' title='bbox 2596 917 2952 984; x_wconf 74' lang='lat' dir='ltr'><strong><em>prazcessisse,</em></strong></span> <span class='ocrx_word' id='word_1_184' title='bbox 2987 927 3045 971; x_wconf 81' lang='lat' dir='ltr'><strong><em>ut</em></strong></span> <span class='ocrx_word' id='word_1_185' title='bbox 3083 919 3264 986; x_wconf 85' lang='lat' dir='ltr'><strong><em>probet</em></strong></span> <span class='ocrx_word' id='word_1_186' title='bbox 3297 919 3472 985; x_wconf 69' lang='lat' dir='ltr'><strong><em>verba,</em></strong></span> <span class='ocrx_word' id='word_1_187' title='bbox 3516 919 3607 974; x_wconf 82' lang='lat' dir='ltr'><strong><em>sed</em></strong></span> 
     </span>
    </p>
   </div>
   <div class='ocr_carea' id='block_1_23' title="bbox 2027 1009 3611 1079">
    <p class='ocr_par' dir='ltr' id='par_1_23' title="bbox 2027 1009 3611 1079">
     <span class='ocr_line' id='line_1_23' title="bbox 2027 1009 3611 1079; baseline 0.003 -18"><span class='ocrx_word' id='word_1_188' title='bbox 2027 1025 2130 1063; x_wconf 90' lang='lat' dir='ltr'><strong><em>non</em></strong></span> <span class='ocrx_word' id='word_1_189' title='bbox 2164 1009 2366 1077; x_wconf 81' lang='lat' dir='ltr'><strong><em>lapides</em></strong></span> <span class='ocrx_word' id='word_1_190' title='bbox 2399 1011 2748 1075; x_wconf 84' lang='lat' dir='ltr'><strong><em>assumpsisse</em></strong></span> <span class='ocrx_word' id='word_1_191' title='bbox 2779 1027 3054 1079; x_wconf 80' lang='lat' dir='ltr'><strong><em>perperam</em></strong></span> <span class='ocrx_word' id='word_1_192' title='bbox 3114 1011 3167 1064; x_wconf 87' lang='lat' dir='ltr'><strong><em>in</em></strong></span> <span class='ocrx_word' id='word_1_193' title='bbox 3197 1011 3370 1064; x_wconf 81' lang='lat' dir='ltr'><strong><em>illum.</em></strong></span> <span class='ocrx_word' id='word_1_194' title='bbox 3424 1010 3489 1066; x_wconf 86' lang='lat' dir='ltr'><strong><em>Et</em></strong></span> <span class='ocrx_word' id='word_1_195' title='bbox 3533 1022 3611 1066; x_wconf 84' lang='lat' dir='ltr'><strong><em>ta-</em></strong></span> 
     </span>
    </p>
   </div>
   <div class='ocr_carea' id='block_1_24' title="bbox 2025 1100 3604 1174">
    <p class='ocr_par' dir='ltr' id='par_1_24' title="bbox 2025 1100 3604 1174">
     <span class='ocr_line' id='line_1_24' title="bbox 2025 1100 3604 1174; baseline 0.002 -21"><span class='ocrx_word' id='word_1_196' title='bbox 2025 1117 2140 1154; x_wconf 80' lang='lat' dir='ltr'><strong><em>men</em></strong></span> <span class='ocrx_word' id='word_1_197' title='bbox 2185 1100 2503 1174; x_wconf 81' lang='lat' dir='ltr'><strong><em>evangelista</em></strong></span> <span class='ocrx_word' id='word_1_198' title='bbox 2528 1103 2676 1172; x_wconf 82' lang='lat' dir='ltr'><strong><em>prius</em></strong></span> <span class='ocrx_word' id='word_1_199' title='bbox 2706 1103 2842 1156; x_wconf 73' lang='lat' dir='ltr'><strong><em>dixit</em></strong></span> <span class='ocrx_word' id='word_1_200' title='bbox 2868 1118 2886 1155; x_wconf 89' lang='lat'><strong><em>:</em></strong></span> <span class='ocrx_word' id='word_1_201' title='bbox 2923 1121 2940 1154; x_wconf 83' lang='grc' dir='ltr'><strong><em>ι</em></strong></span> <span class='ocrx_word' id='word_1_202' title='bbox 2987 1101 3246 1160; x_wconf 84' lang='lat' dir='ltr'><strong><em>Tulerunt</em></strong></span> <span class='ocrx_word' id='word_1_203' title='bbox 3273 1104 3437 1173; x_wconf 86' lang='lat' dir='ltr'><strong><em>igitur</em></strong></span> <span class='ocrx_word' id='word_1_204' title='bbox 3465 1103 3604 1171; x_wconf 90' lang='lat' dir='ltr'><strong><em>lapi-</em></strong></span> 
     </span>
    </p>
   </div>
   <div class='ocr_carea' id='block_1_25' title="bbox 2025 1194 3601 1264">
    <p class='ocr_par' dir='ltr' id='par_1_25' title="bbox 2025 1194 3601 1264">
     <span class='ocr_line' id='line_1_25' title="bbox 2025 1194 3601 1264; baseline 0.003 -19"><span class='ocrx_word' id='word_1_205' title='bbox 2025 1198 2114 1246; x_wconf 86' lang='lat' dir='ltr'><strong><em>des</em></strong></span> <span class='ocrx_word' id='word_1_206' title='bbox 2171 1200 2228 1246; x_wconf 89' lang='lat' dir='ltr'><strong><em>ut</em></strong></span> <span class='ocrx_word' id='word_1_207' title='bbox 2279 1194 2521 1263; x_wconf 68' lang='lat' dir='ltr'><strong><em>facerent</em></strong></span> <span class='ocrx_word' id='word_1_208' title='bbox 2563 1195 2619 1248; x_wconf 89' lang='lat' dir='ltr'><strong><em>in</em></strong></span> <span class='ocrx_word' id='word_1_209' title='bbox 2673 1194 2821 1248; x_wconf 85' lang='lat' dir='ltr'><strong><em>illum</em></strong></span> <span class='ocrx_word' id='word_1_210' title='bbox 2851 1194 2915 1247; x_wconf 90' lang='grc'><strong><em>¹⁶.</em></strong></span> <span class='ocrx_word' id='word_1_211' title='bbox 2961 1212 2980 1246; x_wconf 72' lang='grc' dir='ltr'><strong><em>ι</em></strong></span> <span class='ocrx_word' id='word_1_212' title='bbox 3019 1195 3149 1260; x_wconf 76' lang='lat' dir='ltr'><strong><em>Qua:</em></strong></span> <span class='ocrx_word' id='word_1_213' title='bbox 3175 1197 3263 1249; x_wconf 88' lang='lat' dir='ltr'><strong><em>ubi</em></strong></span> <span class='ocrx_word' id='word_1_214' title='bbox 3291 1196 3601 1264; x_wconf 84' lang='lat' dir='ltr'><strong><em>scripsisset.</em></strong></span> 
     </span>
    </p>
   </div>
   <div class='ocr_carea' id='block_1_26' title="bbox 2024 1285 3603 1357">
    <p class='ocr_par' dir='ltr' id='par_1_26' title="bbox 2024 1285 3603 1357">
     <span class='ocr_line' id='line_1_26' title="bbox 2024 1285 3603 1357; baseline 0.004 -21"><span class='ocrx_word' id='word_1_215' title='bbox 2024 1293 2230 1339; x_wconf 87' lang='lat' dir='ltr'><strong><em>centum</em></strong></span> <span class='ocrx_word' id='word_1_216' title='bbox 2252 1285 2472 1355; x_wconf 84' lang='lat' dir='ltr'><strong><em>triginta</em></strong></span> <span class='ocrx_word' id='word_1_217' title='bbox 2493 1287 2722 1357; x_wconf 86' lang='lat' dir='ltr'><strong><em>quinque</em></strong></span> <span class='ocrx_word' id='word_1_218' title='bbox 2745 1285 3015 1341; x_wconf 85' lang='lat' dir='ltr'><strong><em>versiculis</em></strong></span> <span class='ocrx_word' id='word_1_219' title='bbox 3039 1285 3354 1356; x_wconf 79' lang='lat' dir='ltr'><strong><em>interjectis,</em></strong></span> <span class='ocrx_word' id='word_1_220' title='bbox 3383 1289 3603 1343; x_wconf 88' lang='lat' dir='ltr'><strong><em>subdit:</em></strong></span> 
     </span>
    </p>
   </div>
   <div class='ocr_carea' id='block_1_27' title="bbox 2029 1373 3605 1449">
    <p class='ocr_par' dir='ltr' id='par_1_27' title="bbox 2029 1373 3605 1449">
     <span class='ocr_line' id='line_1_27' title="bbox 2029 1373 3605 1449; baseline 0.006 -23"><span class='ocrx_word' id='word_1_221' title='bbox 2029 1392 2049 1426; x_wconf 76' lang='grc' dir='ltr'><strong><em>ι</em></strong></span> <span class='ocrx_word' id='word_1_222' title='bbox 2083 1373 2426 1434; x_wconf 87' lang='lat' dir='ltr'><strong><em>Sustulerunt</em></strong></span> <span class='ocrx_word' id='word_1_223' title='bbox 2483 1378 2662 1449; x_wconf 86' lang='lat' dir='ltr'><strong><em>itaque</em></strong></span> <span class='ocrx_word' id='word_1_224' title='bbox 2695 1376 2878 1432; x_wconf 75' lang='lat' dir='ltr'><strong><em>Judtei</em></strong></span> <span class='ocrx_word' id='word_1_225' title='bbox 2924 1377 3150 1448; x_wconf 82' lang='lat' dir='ltr'><strong><em>lapides,</em></strong></span> <span class='ocrx_word' id='word_1_226' title='bbox 3199 1389 3255 1442; x_wconf 82' lang='lat' dir='ltr'><strong><em>ut</em></strong></span> <span class='ocrx_word' id='word_1_227' title='bbox 3303 1379 3605 1448; x_wconf 79' lang='lat' dir='ltr'><strong><em>lapidarent</em></strong></span> 
     </span>
    </p>
   </div>
   <div class='ocr_carea' id='block_1_28' title="bbox 2024 1467 3602 1540">
    <p class='ocr_par' dir='ltr' id='par_1_28' title="bbox 2024 1467 3602 1540">
     <span class='ocr_line' id='line_1_28' title="bbox 2024 1467 3602 1540; baseline 0.001 -20"><span class='ocrx_word' id='word_1_228' title='bbox 2024 1468 2194 1536; x_wconf 86' lang='lat' dir='ltr'><strong><em>ipsum</em></strong></span> <span class='ocrx_word' id='word_1_229' title='bbox 2227 1468 2291 1520; x_wconf 83' lang='lat'><strong><em>&quot;.</em></strong></span> <span class='ocrx_word' id='word_1_230' title='bbox 2331 1487 2352 1522; x_wconf 77' lang='grc' dir='ltr'><strong><em>ι</em></strong></span> <span class='ocrx_word' id='word_1_231' title='bbox 2391 1467 2519 1522; x_wconf 77' lang='grc' dir='ltr'><strong><em>Πωο</em></strong></span> <span class='ocrx_word' id='word_1_232' title='bbox 2553 1467 2767 1540; x_wconf 84' lang='lat' dir='ltr'><strong><em>quidem</em></strong></span> <span class='ocrx_word' id='word_1_233' title='bbox 2803 1467 3004 1538; x_wconf 85' lang='lat' dir='ltr'><strong><em>duplici</em></strong></span> <span class='ocrx_word' id='word_1_234' title='bbox 3035 1467 3150 1522; x_wconf 85' lang='lat' dir='ltr'><strong><em>loco</em></strong></span> <span class='ocrx_word' id='word_1_235' title='bbox 3171 1468 3434 1537; x_wconf 87' lang='lat' dir='ltr'><strong><em>descripta</em></strong></span> <span class='ocrx_word' id='word_1_236' title='bbox 3457 1477 3602 1534; x_wconf 86' lang='lat' dir='ltr'><strong><em>sunt,</em></strong></span> 
     </span>
    </p>
   </div>
   <div class='ocr_carea' id='block_1_29' title="bbox 2023 1558 3601 1630">
    <p class='ocr_par' dir='ltr' id='par_1_29' title="bbox 2023 1558 3601 1630">
     <span class='ocr_line' id='line_1_29' title="bbox 2023 1558 3601 1630; baseline -0.002 -16"><span class='ocrx_word' id='word_1_237' title='bbox 2023 1561 2344 1630; x_wconf 82' lang='lat' dir='ltr'><strong><em>diversisque</em></strong></span> <span class='ocrx_word' id='word_1_238' title='bbox 2370 1561 2691 1630; x_wconf 82' lang='lat' dir='ltr'><strong><em>temporibus</em></strong></span> <span class='ocrx_word' id='word_1_239' title='bbox 2715 1570 2860 1630; x_wconf 69' lang='lat' dir='ltr'><strong><em>gesta</em></strong></span> <span class='ocrx_word' id='word_1_240' title='bbox 2881 1569 3158 1628; x_wconf 74' lang='lat' dir='ltr'><strong><em>apparent,</em></strong></span> <span class='ocrx_word' id='word_1_241' title='bbox 3191 1560 3332 1630; x_wconf 85' lang='lat' dir='ltr'><strong><em>quod</em></strong></span> <span class='ocrx_word' id='word_1_242' title='bbox 3361 1574 3466 1612; x_wconf 88' lang='lat' dir='ltr'><strong><em>non</em></strong></span> <span class='ocrx_word' id='word_1_243' title='bbox 3503 1558 3601 1611; x_wconf 77' lang='lat' dir='ltr'><strong><em>lia-</em></strong></span> 
     </span>
    </p>
   </div>
   <div class='ocr_carea' id='block_1_30' title="bbox 2025 1652 3604 1722">
    <p class='ocr_par' dir='ltr' id='par_1_30' title="bbox 2025 1652 3604 1722">
     <span class='ocr_line' id='line_1_30' title="bbox 2025 1652 3604 1722; baseline 0.001 -15"><span class='ocrx_word' id='word_1_244' title='bbox 2025 1656 2176 1710; x_wconf 87' lang='lat' dir='ltr'><strong><em>beant</em></strong></span> <span class='ocrx_word' id='word_1_245' title='bbox 2224 1658 2433 1709; x_wconf 88' lang='lat' dir='ltr'><strong><em>eosdem</em></strong></span> <span class='ocrx_word' id='word_1_246' title='bbox 2483 1654 2757 1708; x_wconf 75' lang='lat' dir='ltr'><strong><em>verborum</em></strong></span> <span class='ocrx_word' id='word_1_247' title='bbox 2816 1669 2980 1708; x_wconf 72' lang='lat' dir='ltr'><strong><em>nexus</em></strong></span> <span class='ocrx_word' id='word_1_248' title='bbox 3027 1653 3108 1707; x_wconf 75' lang='lat' dir='ltr'><strong><em>vel</em></strong></span> <span class='ocrx_word' id='word_1_249' title='bbox 3153 1652 3554 1722; x_wconf 82' lang='lat' dir='ltr'><strong><em>conjunctiones</em></strong></span> <span class='ocrx_word' id='word_1_250' title='bbox 3581 1667 3604 1708; x_wconf 91' lang='lat'><strong><em>:</em></strong></span> 
     </span>
    </p>
   </div>
   <div class='ocr_carea' id='block_1_31' title="bbox 2023 1745 3607 1817">
    <p class='ocr_par' dir='ltr' id='par_1_31' title="bbox 2023 1745 3607 1817">
     <span class='ocr_line' id='line_1_31' title="bbox 2023 1745 3607 1817; baseline 0 -17"><span class='ocrx_word' id='word_1_251' title='bbox 2023 1749 2113 1802; x_wconf 91' lang='lat' dir='ltr'><strong><em>sed</em></strong></span> <span class='ocrx_word' id='word_1_252' title='bbox 2145 1747 2398 1817; x_wconf 81' lang='lat' dir='ltr'><strong><em>Origenes</em></strong></span> <span class='ocrx_word' id='word_1_253' title='bbox 2431 1747 2562 1816; x_wconf 89' lang='lat' dir='ltr'><strong><em>ipse,</em></strong></span> <span class='ocrx_word' id='word_1_254' title='bbox 2619 1747 2712 1815; x_wconf 87' lang='lat' dir='ltr'><strong><em>qui</em></strong></span> <span class='ocrx_word' id='word_1_255' title='bbox 2751 1762 2806 1800; x_wconf 87' lang='lat' dir='ltr'><strong><em>se</em></strong></span> <span class='ocrx_word' id='word_1_256' title='bbox 2849 1745 3157 1815; x_wconf 86' lang='lat' dir='ltr'><strong><em>Scripturas</em></strong></span> <span class='ocrx_word' id='word_1_257' title='bbox 3203 1761 3382 1799; x_wconf 87' lang='lat' dir='ltr'><strong><em>omnes</em></strong></span> <span class='ocrx_word' id='word_1_258' title='bbox 3430 1755 3607 1800; x_wconf 85' lang='lat' dir='ltr'><strong><em>tenere</em></strong></span> 
     </span>
    </p>
   </div>
   <div class='ocr_carea' id='block_1_32' title="bbox 332 1832 1921 1914">
    <p class='ocr_par' dir='ltr' id='par_1_32' title="bbox 332 1837 1917 1914">
     <span class='ocr_line' id='line_1_32' title="bbox 332 1837 1917 1914; baseline 0.003 -23"><span class='ocrx_word' id='word_1_259' title='bbox 332 1837 755 1914; x_wconf 76' lang='grc' dir='ltr'>τροπολογῆσαι,</span> <span class='ocrx_word' id='word_1_260' title='bbox 779 1838 873 1892; x_wconf 78' lang='grc' dir='ltr'><strong><em>τσῦ</em></strong></span> <span class='ocrx_word' id='word_1_261' title='bbox 924 1840 1281 1910; x_wconf 83' lang='grc' dir='ltr'>εὑαγγελικοῦ</span> <span class='ocrx_word' id='word_1_262' title='bbox 1309 1840 1706 1912; x_wconf 62' lang='grc' dir='ltr'><strong><em>καταψεύδεται</em></strong></span> <span class='ocrx_word' id='word_1_263' title='bbox 1733 1843 1917 1912; x_wconf 81' lang='grc' dir='ltr'>γράμ-</span> 
     </span>
    </p>
   </div>
   <div class='ocr_carea' id='block_1_33' title="bbox 2022 1832 3606 1914">
    <p class='ocr_par' dir='ltr' id='par_1_33' title="bbox 2022 1836 3606 1908">
     <span class='ocr_line' id='line_1_33' title="bbox 2022 1836 3606 1908; baseline -0.002 -14"><span class='ocrx_word' id='word_1_264' title='bbox 2022 1839 2307 1904; x_wconf 77' lang='lat' dir='ltr'><strong><em>existimat,</em></strong></span> <span class='ocrx_word' id='word_1_265' title='bbox 2335 1841 2447 1893; x_wconf 72' lang='lat' dir='ltr'><strong><em>liazc</em></strong></span> <span class='ocrx_word' id='word_1_266' title='bbox 2476 1838 2706 1894; x_wconf 87' lang='lat' dir='ltr'><strong><em>scribens</em></strong></span> <span class='ocrx_word' id='word_1_267' title='bbox 2737 1854 2842 1892; x_wconf 89' lang='lat' dir='ltr'><strong><em>non</em></strong></span> <span class='ocrx_word' id='word_1_268' title='bbox 2867 1839 3102 1908; x_wconf 78' lang='lat' dir='ltr'><strong><em>cognovit</em></strong></span> <span class='ocrx_word' id='word_1_269' title='bbox 3135 1845 3302 1892; x_wconf 84' lang='lat' dir='ltr'><strong><em>totum</em></strong></span> <span class='ocrx_word' id='word_1_270' title='bbox 3343 1837 3398 1890; x_wconf 90' lang='lat' dir='ltr'><strong><em>id</em></strong></span> <span class='ocrx_word' id='word_1_271' title='bbox 3427 1836 3606 1892; x_wconf 79' lang='lat' dir='ltr'><strong><em>Eran-</em></strong></span> 
     </span>
    </p>
   </div>
   <div class='ocr_carea' id='block_1_34' title="bbox 337 1927 1920 2003">
    <p class='ocr_par' dir='ltr' id='par_1_34' title="bbox 337 1927 1920 2003">
     <span class='ocr_line' id='line_1_34' title="bbox 337 1927 1920 2003; baseline 0.005 -24"><span class='ocrx_word' id='word_1_272' title='bbox 337 1944 506 1996; x_wconf 78' lang='grc' dir='ltr'>ματος</span> <span class='ocrx_word' id='word_1_273' title='bbox 530 1944 545 1958; x_wconf 78' lang='grc'><strong><em>⁸</em></strong></span> <span class='ocrx_word' id='word_1_274' title='bbox 572 1927 633 1981; x_wconf 73' lang='grc' dir='ltr'><strong><em>οὐ</em></strong></span> <span class='ocrx_word' id='word_1_275' title='bbox 666 1928 808 1982; x_wconf 87' lang='grc' dir='ltr'>πάνυ</span> <span class='ocrx_word' id='word_1_276' title='bbox 839 1945 915 1997; x_wconf 83' lang='grc' dir='ltr'>τι,</span> <span class='ocrx_word' id='word_1_277' title='bbox 967 1929 1162 1998; x_wconf 88' lang='grc' dir='ltr'>λέγων,</span> <span class='ocrx_word' id='word_1_278' title='bbox 1195 1931 1435 2003; x_wconf 71' lang='grc' dir='ltr'>εὕραμεν</span> <span class='ocrx_word' id='word_1_279' title='bbox 1485 1930 1820 2003; x_wconf 76' lang='grc' dir='ltr'><strong><em>ζητήσαντες</em></strong></span> <span class='ocrx_word' id='word_1_280' title='bbox 1860 1935 1920 1987; x_wconf 85' lang='grc' dir='ltr'>ὲν</span> 
     </span>
    </p>
   </div>
   <div class='ocr_carea' id='block_1_35' title="bbox 331 2019 1922 2090">
    <p class='ocr_par' dir='ltr' id='par_1_35' title="bbox 331 2019 1922 2090">
     <span class='ocr_line' id='line_1_35' title="bbox 331 2019 1922 2090; baseline 0.003 -17"><span class='ocrx_word' id='word_1_281' title='bbox 331 2023 445 2084; x_wconf 73' lang='grc' dir='ltr'>τοῖς</span> <span class='ocrx_word' id='word_1_282' title='bbox 471 2020 576 2090; x_wconf 82' lang='grc' dir='ltr'>πρὸ</span> <span class='ocrx_word' id='word_1_283' title='bbox 604 2019 820 2088; x_wconf 79' lang='grc' dir='ltr'>τούτου,</span> <span class='ocrx_word' id='word_1_284' title='bbox 842 2020 924 2074; x_wconf 88' lang='grc' dir='ltr'>ὃτι</span> <span class='ocrx_word' id='word_1_285' title='bbox 949 2020 1255 2076; x_wconf 77' lang='grc' dir='ltr'>ἐϐάστασαν</span> <span class='ocrx_word' id='word_1_286' title='bbox 1279 2023 1327 2076; x_wconf 79' lang='lat' dir='ltr'><strong><em>oi</em></strong></span> <span class='ocrx_word' id='word_1_287' title='bbox 1361 2023 1602 2077; x_wconf 83' lang='grc' dir='ltr'>Ἰουδαῖοι</span> <span class='ocrx_word' id='word_1_288' title='bbox 1631 2022 1811 2087; x_wconf 84' lang='grc' dir='ltr'>λίθους</span> <span class='ocrx_word' id='word_1_289' title='bbox 1835 2024 1922 2080; x_wconf 81' lang='grc' dir='ltr'><strong><em>ἵνα</em></strong></span> 
     </span>
    </p>
   </div>
   <div class='ocr_carea' id='block_1_36' title="bbox 332 2112 1921 2191">
    <p class='ocr_par' dir='ltr' id='par_1_36' title="bbox 332 2112 1921 2191">
     <span class='ocr_line' id='line_1_36' title="bbox 332 2112 1921 2191; baseline 0.006 -27"><span class='ocrx_word' id='word_1_290' title='bbox 332 2112 623 2167; x_wconf 70' lang='grc' dir='ltr'><strong><em>λιθάσωσιν</em></strong></span> <span class='ocrx_word' id='word_1_291' title='bbox 662 2115 844 2168; x_wconf 81' lang='grc' dir='ltr'>αὐτόν.</span> <span class='ocrx_word' id='word_1_292' title='bbox 873 2145 944 2154; x_wconf 95' lang='grc'><strong><em>-</em></strong></span> <span class='ocrx_word' id='word_1_293' title='bbox 966 2112 1098 2170; x_wconf 79' lang='grc' dir='ltr'>Εἶτα</span> <span class='ocrx_word' id='word_1_294' title='bbox 1145 2119 1260 2187; x_wconf 81' lang='grc' dir='ltr'>μετ’</span> <span class='ocrx_word' id='word_1_295' title='bbox 1287 2119 1443 2187; x_wconf 87' lang='grc' dir='ltr'>ὀλίγα</span> <span class='ocrx_word' id='word_1_296' title='bbox 1470 2118 1632 2189; x_wconf 86' lang='grc' dir='ltr'>φησίν</span> <span class='ocrx_word' id='word_1_297' title='bbox 1653 2136 1665 2148; x_wconf 88' lang='grc'><strong>·</strong></span> <span class='ocrx_word' id='word_1_298' title='bbox 1709 2120 1771 2172; x_wconf 86' lang='grc' dir='ltr'>Εἰ</span> <span class='ocrx_word' id='word_1_299' title='bbox 1810 2119 1921 2191; x_wconf 78' lang='grc' dir='ltr'><strong><em>γάρ</em></strong></span> 
     </span>
    </p>
   </div>
   <div class='ocr_carea' id='block_1_37' title="bbox 333 2205 1922 2280">
    <p class='ocr_par' dir='ltr' id='par_1_37' title="bbox 333 2205 1922 2280">
     <span class='ocr_line' id='line_1_37' title="bbox 333 2205 1922 2280; baseline 0.005 -23"><span class='ocrx_word' id='word_1_300' title='bbox 333 2205 495 2262; x_wconf 79' lang='grc' dir='ltr'>πάλιν</span> <span class='ocrx_word' id='word_1_301' title='bbox 522 2205 852 2271; x_wconf 74' lang='grc' dir='ltr'>ἐϐάστασαν,</span> <span class='ocrx_word' id='word_1_302' title='bbox 879 2208 1149 2280; x_wconf 84' lang='grc' dir='ltr'>πρότερον</span> <span class='ocrx_word' id='word_1_303' title='bbox 1175 2209 1506 2266; x_wconf 77' lang='grc' dir='ltr'>ἐϐάστασαν.</span> <span class='ocrx_word' id='word_1_304' title='bbox 1547 2212 1695 2266; x_wconf 79' lang='grc' dir='ltr'><strong><em>Ἀνω</em></strong></span> <span class='ocrx_word' id='word_1_305' title='bbox 1731 2212 1791 2266; x_wconf 79' lang='grc' dir='ltr'><strong><em>δὲ</em></strong></span> <span class='ocrx_word' id='word_1_306' title='bbox 1825 2213 1922 2266; x_wconf 80' lang='grc' dir='ltr'>καὶ</span> 
     </span>
    </p>
   </div>
   <div class='ocr_carea' id='block_1_38' title="bbox 332 2299 1922 2376">
    <p class='ocr_par' dir='ltr' id='par_1_38' title="bbox 332 2299 1922 2376">
     <span class='ocr_line' id='line_1_38' title="bbox 332 2299 1922 2376; baseline 0.004 -24"><span class='ocrx_word' id='word_1_307' title='bbox 332 2300 484 2356; x_wconf 82' lang='grc' dir='ltr'>κάτω</span> <span class='ocrx_word' id='word_1_308' title='bbox 515 2299 764 2371; x_wconf 73' lang='grc' dir='ltr'>βούλεται</span> <span class='ocrx_word' id='word_1_309' title='bbox 790 2303 1224 2367; x_wconf 84' lang='grc' dir='ltr'>κατασκευάσαι,</span> <span class='ocrx_word' id='word_1_310' title='bbox 1275 2303 1349 2374; x_wconf 86' lang='grc' dir='ltr'><strong><em>μὴ</em></strong></span> <span class='ocrx_word' id='word_1_311' title='bbox 1391 2303 1771 2376; x_wconf 78' lang='grc' dir='ltr'><strong><em>προηγεῖσθαι,</em></strong></span> <span class='ocrx_word' id='word_1_312' title='bbox 1824 2306 1922 2359; x_wconf 77' lang='grc' dir='ltr'>καὶ</span> 
     </span>
    </p>
   </div>
   <div class='ocr_carea' id='block_1_39' title="bbox 332 2391 1918 2466">
    <p class='ocr_par' dir='ltr' id='par_1_39' title="bbox 332 2391 1918 2466">
     <span class='ocr_line' id='line_1_39' title="bbox 332 2391 1918 2466; baseline 0.004 -21"><span class='ocrx_word' id='word_1_313' title='bbox 332 2391 498 2464; x_wconf 70' lang='grc' dir='ltr'>ἀλλην</span> <span class='ocrx_word' id='word_1_314' title='bbox 553 2392 756 2463; x_wconf 82' lang='grc' dir='ltr'>ὁμοίως</span> <span class='ocrx_word' id='word_1_315' title='bbox 812 2394 1040 2464; x_wconf 73' lang='grc' dir='ltr'>ἐκδοχὴν</span> <span class='ocrx_word' id='word_1_316' title='bbox 1095 2395 1183 2448; x_wconf 73' lang='grc' dir='ltr'><strong><em>ἵνα</em></strong></span> <span class='ocrx_word' id='word_1_317' title='bbox 1239 2397 1554 2449; x_wconf 83' lang='grc' dir='ltr'>συστάσειεν</span> <span class='ocrx_word' id='word_1_318' title='bbox 1597 2397 1679 2450; x_wconf 80' lang='grc' dir='ltr'>ὅτι</span> <span class='ocrx_word' id='word_1_319' title='bbox 1703 2397 1918 2466; x_wconf 85' lang='grc' dir='ltr'>λόγους,</span> 
     </span>
    </p>
   </div>
   <div class='ocr_carea' id='block_1_40' title="bbox 332 2485 1921 2557">
    <p class='ocr_par' dir='ltr' id='par_1_40' title="bbox 332 2485 1921 2557">
     <span class='ocr_line' id='line_1_40' title="bbox 332 2485 1921 2557; baseline 0.003 -20"><span class='ocrx_word' id='word_1_320' title='bbox 332 2485 449 2537; x_wconf 87' lang='grc' dir='ltr'>ἁλλ’</span> <span class='ocrx_word' id='word_1_321' title='bbox 480 2485 600 2556; x_wconf 79' lang='grc' dir='ltr'>οὐχὶ</span> <span class='ocrx_word' id='word_1_322' title='bbox 631 2485 812 2549; x_wconf 90' lang='grc' dir='ltr'>λίθους</span> <span class='ocrx_word' id='word_1_323' title='bbox 837 2485 1146 2541; x_wconf 73' lang='grc' dir='ltr'>ἐϐάστασαν</span> <span class='ocrx_word' id='word_1_324' title='bbox 1175 2487 1411 2557; x_wconf 75' lang='grc' dir='ltr'>ἀμελητὶ</span> <span class='ocrx_word' id='word_1_325' title='bbox 1440 2488 1559 2540; x_wconf 85' lang='grc' dir='ltr'>κατ’</span> <span class='ocrx_word' id='word_1_326' title='bbox 1589 2489 1777 2542; x_wconf 77' lang='grc' dir='ltr'>αὐτοῦ.</span> <span class='ocrx_word' id='word_1_327' title='bbox 1810 2488 1921 2542; x_wconf 82' lang='grc' dir='ltr'>Καί</span> 
     </span>
    </p>
   </div>
   <div class='ocr_carea' id='block_1_41' title="bbox 273 2576 1917 2652">
    <p class='ocr_par' dir='ltr' id='par_1_41' title="bbox 273 2576 1917 2652">
     <span class='ocr_line' id='line_1_41' title="bbox 273 2576 1917 2652; baseline 0.002 -23"><span class='ocrx_word' id='word_1_328' title='bbox 273 2639 280 2644; x_wconf 27' lang='grc' dir='ltr'><strong><em>η</em></strong></span> <span class='ocrx_word' id='word_1_329' title='bbox 331 2595 384 2630; x_wconf 84' lang='grc' dir='ltr'><strong><em>τι</em></strong></span> <span class='ocrx_word' id='word_1_330' title='bbox 432 2577 527 2630; x_wconf 74' lang='grc' dir='ltr'><strong><em>’τςῦ</em></strong></span> <span class='ocrx_word' id='word_1_331' title='bbox 595 2577 980 2645; x_wconf 75' lang='grc' dir='ltr'>εὐαγγελιστοῦ</span> <span class='ocrx_word' id='word_1_332' title='bbox 1040 2577 1275 2650; x_wconf 79' lang='grc' dir='ltr'>πρόσθεν</span> <span class='ocrx_word' id='word_1_333' title='bbox 1321 2579 1637 2650; x_wconf 78' lang='grc' dir='ltr'>εἰρηκότος,</span> <span class='ocrx_word' id='word_1_334' title='bbox 1679 2600 1696 2632; x_wconf 80' lang='grc' dir='ltr'><strong><em>ι</em></strong></span> <span class='ocrx_word' id='word_1_335' title='bbox 1735 2576 1917 2652; x_wconf 41' lang='grc' dir='ltr'>Ἷιιραν</span> 
     </span>
    </p>
   </div>
   <div class='ocr_carea' id='block_1_42' title="bbox 330 2667 1918 2742">
    <p class='ocr_par' dir='ltr' id='par_1_42' title="bbox 330 2667 1918 2742">
     <span class='ocr_line' id='line_1_42' title="bbox 330 2667 1918 2742; baseline 0.003 -20"><span class='ocrx_word' id='word_1_336' title='bbox 330 2667 425 2724; x_wconf 75' lang='grc' dir='ltr'><strong><em>οὖν</em></strong></span> <span class='ocrx_word' id='word_1_337' title='bbox 476 2669 656 2734; x_wconf 81' lang='grc' dir='ltr'>λίθους</span> <span class='ocrx_word' id='word_1_338' title='bbox 719 2671 808 2724; x_wconf 79' lang='grc' dir='ltr'>ἵνα</span> <span class='ocrx_word' id='word_1_339' title='bbox 841 2671 1075 2742; x_wconf 84' lang='grc' dir='ltr'>βάλωσιν</span> <span class='ocrx_word' id='word_1_340' title='bbox 1128 2674 1213 2724; x_wconf 79' lang='grc' dir='ltr'><strong><em>ἐπ’</em></strong></span> <span class='ocrx_word' id='word_1_341' title='bbox 1250 2672 1439 2726; x_wconf 75' lang='grc' dir='ltr'>αὐτόν·</span> <span class='ocrx_word' id='word_1_342' title='bbox 1474 2691 1494 2724; x_wconf 79' lang='lat' dir='ltr'><strong><em>s</em></strong></span> <span class='ocrx_word' id='word_1_343' title='bbox 1527 2672 1602 2735; x_wconf 80' lang='grc' dir='ltr'>ὡς</span> <span class='ocrx_word' id='word_1_344' title='bbox 1658 2672 1716 2726; x_wconf 81' lang='grc' dir='ltr'><strong><em>δὲ</em></strong></span> <span class='ocrx_word' id='word_1_345' title='bbox 1745 2673 1918 2728; x_wconf 80' lang='grc' dir='ltr'>ταῦτα</span> 
     </span>
    </p>
   </div>
   <div class='ocr_carea' id='block_1_43' title="bbox 333 2761 1918 2836">
    <p class='ocr_par' dir='ltr' id='par_1_43' title="bbox 333 2761 1918 2836">
     <span class='ocr_line' id='line_1_43' title="bbox 333 2761 1918 2836; baseline 0.003 -22"><span class='ocrx_word' id='word_1_346' title='bbox 333 2761 686 2834; x_wconf 58' lang='grc' dir='ltr'>προῦγραφεν</span> <span class='ocrx_word' id='word_1_347' title='bbox 719 2764 778 2819; x_wconf 87' lang='grc' dir='ltr'>ὲν</span> <span class='ocrx_word' id='word_1_348' title='bbox 808 2763 886 2836; x_wconf 83' lang='grc' dir='ltr'>τῷ</span> <span class='ocrx_word' id='word_1_349' title='bbox 914 2761 1140 2834; x_wconf 76' lang='grc' dir='ltr'>μεταξὺ,</span> <span class='ocrx_word' id='word_1_350' title='bbox 1179 2764 1340 2818; x_wconf 80' lang='grc' dir='ltr'>πέντε</span> <span class='ocrx_word' id='word_1_351' title='bbox 1371 2782 1474 2818; x_wconf 86' lang='grc' dir='ltr'><strong><em>που</em></strong></span> <span class='ocrx_word' id='word_1_352' title='bbox 1499 2765 1590 2818; x_wconf 77' lang='grc' dir='ltr'><strong><em>καὶ</em></strong></span> <span class='ocrx_word' id='word_1_353' title='bbox 1623 2765 1918 2836; x_wconf 84' lang='grc' dir='ltr'>τριάκοντα</span> 
     </span>
    </p>
   </div>
   <div class='ocr_carea' id='block_1_44' title="bbox 331 2857 1913 2932">
    <p class='ocr_par' dir='ltr' id='par_1_44' title="bbox 331 2857 1913 2932">
     <span class='ocr_line' id='line_1_44' title="bbox 331 2857 1913 2932; baseline 0.003 -24"><span class='ocrx_word' id='word_1_354' title='bbox 331 2857 468 2932; x_wconf 63' lang='grc' dir='ltr'>πρὸς</span> <span class='ocrx_word' id='word_1_355' title='bbox 492 2860 600 2920; x_wconf 84' lang='grc' dir='ltr'>τοῖς</span> <span class='ocrx_word' id='word_1_356' title='bbox 623 2857 816 2912; x_wconf 78' lang='grc' dir='ltr'>ἑκατὸν</span> <span class='ocrx_word' id='word_1_357' title='bbox 833 2858 1049 2928; x_wconf 80' lang='grc' dir='ltr'>στίχους</span> <span class='ocrx_word' id='word_1_358' title='bbox 1066 2859 1331 2931; x_wconf 75' lang='grc' dir='ltr'>ὑπερϐάς,</span> <span class='ocrx_word' id='word_1_359' title='bbox 1356 2859 1606 2931; x_wconf 78' lang='grc' dir='ltr'>ἐπιφέρει</span> <span class='ocrx_word' id='word_1_360' title='bbox 1636 2858 1913 2932; x_wconf 84' lang='grc' dir='ltr'>προσθείς·</span> 
     </span>
    </p>
   </div>
   <div class='ocr_carea' id='block_1_45' title="bbox 337 2928 1919 3015">
    <p class='ocr_par' dir='ltr' id='par_1_45' title="bbox 337 2928 1919 3015">
     <span class='ocr_line' id='line_1_45' title="bbox 337 2928 1919 3015; baseline 0.006 -18"><span class='ocrx_word' id='word_1_361' title='bbox 337 2928 372 2996; x_wconf 68' lang='grc' dir='ltr'><strong><em>ἶ</em></strong></span> <span class='ocrx_word' id='word_1_362' title='bbox 396 2944 736 3001; x_wconf 76' lang='grc' dir='ltr'>Ἕῦάστασαν</span> <span class='ocrx_word' id='word_1_363' title='bbox 782 2943 876 3002; x_wconf 81' lang='grc' dir='ltr'><strong><em>οὖν</em></strong></span> <span class='ocrx_word' id='word_1_364' title='bbox 928 2950 977 3001; x_wconf 77' lang='grc' dir='ltr'>οἱ</span> <span class='ocrx_word' id='word_1_365' title='bbox 1021 2928 1265 3002; x_wconf 80' lang='grc' dir='ltr'>Ἰουδαῖοι</span> <span class='ocrx_word' id='word_1_366' title='bbox 1292 2928 1470 3015; x_wconf 83' lang='grc' dir='ltr'>λίθους</span> <span class='ocrx_word' id='word_1_367' title='bbox 1503 2928 1590 3008; x_wconf 77' lang='grc' dir='ltr'><strong><em>ἵνα</em></strong></span> <span class='ocrx_word' id='word_1_368' title='bbox 1624 2928 1919 3006; x_wconf 82' lang='grc' dir='ltr'>λιθάσωσιν</span> 
     </span>
    </p>
   </div>
   <div class='ocr_carea' id='block_1_46' title="bbox 330 3036 1919 3111">
    <p class='ocr_par' dir='ltr' id='par_1_46' title="bbox 330 3036 1919 3111">
     <span class='ocr_line' id='line_1_46' title="bbox 330 3036 1919 3111; baseline 0.002 -21"><span class='ocrx_word' id='word_1_369' title='bbox 330 3036 512 3090; x_wconf 85' lang='grc' dir='ltr'>αὐτόν.</span> <span class='ocrx_word' id='word_1_370' title='bbox 556 3056 575 3090; x_wconf 76' lang='lat' dir='ltr'><strong><em>s</em></strong></span> <span class='ocrx_word' id='word_1_371' title='bbox 628 3037 788 3092; x_wconf 82' lang='grc' dir='ltr'>Ἀλλά</span> <span class='ocrx_word' id='word_1_372' title='bbox 813 3037 985 3092; x_wconf 76' lang='grc' dir='ltr'>ταῦτα</span> <span class='ocrx_word' id='word_1_373' title='bbox 1021 3039 1121 3109; x_wconf 80' lang='grc' dir='ltr'>μὲν</span> <span class='ocrx_word' id='word_1_374' title='bbox 1154 3039 1351 3102; x_wconf 80' lang='grc' dir='ltr'>διττοῖς</span> <span class='ocrx_word' id='word_1_375' title='bbox 1378 3038 1789 3110; x_wconf 70' lang='grc' dir='ltr'>ἀναγέγραπται</span> <span class='ocrx_word' id='word_1_376' title='bbox 1819 3059 1919 3111; x_wconf 83' lang='grc' dir='ltr'><strong><em>χω·</em></strong></span> 
     </span>
    </p>
   </div>
   <div class='ocr_carea' id='block_1_47' title="bbox 330 3128 1912 3206">
    <p class='ocr_par' dir='ltr' id='par_1_47' title="bbox 330 3128 1912 3206">
     <span class='ocr_line' id='line_1_47' title="bbox 330 3128 1912 3206; baseline 0.003 -25"><span class='ocrx_word' id='word_1_377' title='bbox 330 3129 488 3202; x_wconf 51' lang='grc' dir='ltr'>βίοις,</span> <span class='ocrx_word' id='word_1_378' title='bbox 523 3129 582 3181; x_wconf 81' lang='grc' dir='ltr'>ὲν</span> <span class='ocrx_word' id='word_1_379' title='bbox 614 3128 890 3200; x_wconf 70' lang='grc' dir='ltr'>διαφόροις</span> <span class='ocrx_word' id='word_1_380' title='bbox 914 3129 969 3182; x_wconf 81' lang='grc' dir='ltr'><strong><em>δὲ</em></strong></span> <span class='ocrx_word' id='word_1_381' title='bbox 1000 3130 1252 3197; x_wconf 78' lang='grc' dir='ltr'>φαίνεται</span> <span class='ocrx_word' id='word_1_382' title='bbox 1282 3131 1646 3203; x_wconf 80' lang='grc' dir='ltr'>πεπραγμένα</span> <span class='ocrx_word' id='word_1_383' title='bbox 1679 3137 1912 3206; x_wconf 82' lang='grc' dir='ltr'>καιροῖς,</span> 
     </span>
    </p>
   </div>
   <div class='ocr_carea' id='block_1_48' title="bbox 330 3187 1984 3296">
    <p class='ocr_par' dir='ltr' id='par_1_48' title="bbox 330 3187 1984 3296">
     <span class='ocr_line' id='line_1_48' title="bbox 330 3187 1984 3296; baseline 0.003 -21"><span class='ocrx_word' id='word_1_384' title='bbox 330 3187 578 3276; x_wconf 38' lang='grc' dir='ltr'>άπδῃτοῦ</span> <span class='ocrx_word' id='word_1_385' title='bbox 640 3187 842 3294; x_wconf 61' lang='grc' dir='ltr'>μητάς</span> <span class='ocrx_word' id='word_1_386' title='bbox 871 3187 1044 3286; x_wconf 46' lang='grc' dir='ltr'>αὑτὰ-ς</span> <span class='ocrx_word' id='word_1_387' title='bbox 1071 3222 1215 3293; x_wconf 78' lang='grc' dir='ltr'>ἔχειν</span> <span class='ocrx_word' id='word_1_388' title='bbox 1265 3224 1371 3278; x_wconf 74' lang='grc' dir='ltr'><strong><em>τῶν</em></strong></span> <span class='ocrx_word' id='word_1_389' title='bbox 1397 3187 1658 3296; x_wconf 57' lang='grc' dir='ltr'>ρηίιάτων</span> <span class='ocrx_word' id='word_1_390' title='bbox 1691 3187 1916 3280; x_wconf 48' lang='grc' dir='ltr'><strong><em>ἐιιιίπλοἐ</em></strong></span> <span class='ocrx_word' id='word_1_391' title='bbox 1943 3187 1984 3243; x_wconf 74' lang='lat' dir='ltr'>C</span> 
     </span>
    </p>
   </div>
   <div class='ocr_carea' id='block_1_49' title="bbox 329 3313 1916 3389">
    <p class='ocr_par' dir='ltr' id='par_1_49' title="bbox 329 3313 1916 3389">
     <span class='ocr_line' id='line_1_49' title="bbox 329 3313 1916 3389; baseline 0.002 -21"><span class='ocrx_word' id='word_1_392' title='bbox 329 3314 434 3379; x_wconf 77' lang='grc' dir='ltr'>κὰς</span> <span class='ocrx_word' id='word_1_393' title='bbox 462 3313 495 3386; x_wconf 77' lang='grc' dir='ltr'>ἢ</span> <span class='ocrx_word' id='word_1_394' title='bbox 533 3313 794 3386; x_wconf 80' lang='grc' dir='ltr'>συζυγίας</span> <span class='ocrx_word' id='word_1_395' title='bbox 815 3331 828 3345; x_wconf 85' lang='grc'><strong>·</strong></span> <span class='ocrx_word' id='word_1_396' title='bbox 864 3314 999 3369; x_wconf 75' lang='grc' dir='ltr'>ἀλλὰ</span> <span class='ocrx_word' id='word_1_397' title='bbox 1057 3316 1357 3387; x_wconf 80' lang='grc' dir='ltr'>Ὠριγένης,</span> <span class='ocrx_word' id='word_1_398' title='bbox 1403 3319 1431 3369; x_wconf 87' lang='grc' dir='ltr'>ὁ</span> <span class='ocrx_word' id='word_1_399' title='bbox 1463 3317 1642 3380; x_wconf 83' lang='grc' dir='ltr'>πάσας</span> <span class='ocrx_word' id='word_1_400' title='bbox 1673 3319 1916 3389; x_wconf 74' lang='grc' dir='ltr'>οἰόμενος</span> 
     </span>
    </p>
   </div>
   <div class='ocr_carea' id='block_1_50' title="bbox 331 3406 1916 3480">
    <p class='ocr_par' dir='ltr' id='par_1_50' title="bbox 331 3406 1916 3480">
     <span class='ocr_line' id='line_1_50' title="bbox 331 3406 1916 3480; baseline 0.004 -21"><span class='ocrx_word' id='word_1_401' title='bbox 331 3406 530 3460; x_wconf 84' lang='grc' dir='ltr'>εἰδέναι</span> <span class='ocrx_word' id='word_1_402' title='bbox 585 3407 685 3472; x_wconf 85' lang='grc' dir='ltr'>τὰς</span> <span class='ocrx_word' id='word_1_403' title='bbox 732 3407 976 3480; x_wconf 77' lang='grc' dir='ltr'>Γραφὰς,</span> <span class='ocrx_word' id='word_1_404' title='bbox 1020 3409 1119 3462; x_wconf 74' lang='grc' dir='ltr'>οὐκ</span> <span class='ocrx_word' id='word_1_405' title='bbox 1153 3409 1364 3476; x_wconf 78' lang='grc' dir='ltr'>ἀνέγνω</span> <span class='ocrx_word' id='word_1_406' title='bbox 1411 3409 1570 3464; x_wconf 77' lang='grc' dir='ltr'>τοῦτο</span> <span class='ocrx_word' id='word_1_407' title='bbox 1610 3412 1705 3464; x_wconf 80' lang='grc' dir='ltr'><strong><em>καὶ</em></strong></span> <span class='ocrx_word' id='word_1_408' title='bbox 1741 3411 1916 3467; x_wconf 81' lang='grc' dir='ltr'>ταῦτα</span> 
     </span>
    </p>
   </div>
   <div class='ocr_carea' id='block_1_51' title="bbox 328 3499 1947 3574">
    <p class='ocr_par' dir='ltr' id='par_1_51' title="bbox 328 3499 1947 3574">
     <span class='ocr_line' id='line_1_51' title="bbox 328 3499 1947 3574; baseline 0.001 -18"><span class='ocrx_word' id='word_1_409' title='bbox 328 3499 559 3574; x_wconf 76' lang='grc' dir='ltr'>γράφων</span> <span class='ocrx_word' id='word_1_410' title='bbox 614 3499 690 3564; x_wconf 84' lang='grc' dir='ltr'>ὡς</span> <span class='ocrx_word' id='word_1_411' title='bbox 717 3499 837 3553; x_wconf 82' lang='grc' dir='ltr'>ὅλον</span> <span class='ocrx_word' id='word_1_412' title='bbox 867 3499 1024 3571; x_wconf 81' lang='grc' dir='ltr'>ὁμοῦ,</span> <span class='ocrx_word' id='word_1_413' title='bbox 1079 3501 1138 3553; x_wconf 84' lang='grc' dir='ltr'><strong><em>τὸ</em></strong></span> <span class='ocrx_word' id='word_1_414' title='bbox 1196 3501 1524 3570; x_wconf 79' lang='grc' dir='ltr'>Εὑαγγέλιον</span> <span class='ocrx_word' id='word_1_415' title='bbox 1559 3503 1651 3556; x_wconf 78' lang='grc' dir='ltr'>ἐπὶ</span> <span class='ocrx_word' id='word_1_416' title='bbox 1694 3501 1947 3570; x_wconf 79' lang='grc' dir='ltr'>λέξεως.·</span> 
     </span>
    </p>
   </div>
   <div class='ocr_carea' id='block_1_52' title="bbox 329 3589 1914 3666">
    <p class='ocr_par' dir='ltr' id='par_1_52' title="bbox 329 3589 1914 3666">
     <span class='ocr_line' id='line_1_52' title="bbox 329 3589 1914 3666; baseline 0.003 -22"><span class='ocrx_word' id='word_1_417' title='bbox 329 3589 394 3645; x_wconf 77' lang='lat' dir='ltr'><strong><em>Et</em></strong></span> <span class='ocrx_word' id='word_1_418' title='bbox 425 3591 484 3644; x_wconf 83' lang='grc' dir='ltr'>δέ</span> <span class='ocrx_word' id='word_1_419' title='bbox 515 3609 602 3655; x_wconf 90' lang='grc' dir='ltr'><strong><em>τις</em></strong></span> <span class='ocrx_word' id='word_1_420' title='bbox 630 3591 1004 3664; x_wconf 72' lang='grc' dir='ltr'>ὑπολαμϐάνει</span> <span class='ocrx_word' id='word_1_421' title='bbox 1032 3593 1206 3647; x_wconf 72' lang='grc' dir='ltr'>ταῦτα</span> <span class='ocrx_word' id='word_1_422' title='bbox 1240 3593 1495 3650; x_wconf 88' lang='grc' dir='ltr'>πλάττειν</span> <span class='ocrx_word' id='word_1_423' title='bbox 1527 3596 1694 3666; x_wconf 78' lang='grc' dir='ltr'>ἡμᾶς,</span> <span class='ocrx_word' id='word_1_424' title='bbox 1724 3597 1914 3662; x_wconf 80' lang='grc' dir='ltr'>αὑταῖς</span> 
     </span>
    </p>
   </div>
   <div class='ocr_carea' id='block_1_53' title="bbox 328 3684 1916 3758">
    <p class='ocr_par' dir='ltr' id='par_1_53' title="bbox 328 3684 1916 3758">
     <span class='ocr_line' id='line_1_53' title="bbox 328 3684 1916 3758; baseline 0.003 -21"><span class='ocrx_word' id='word_1_425' title='bbox 328 3684 450 3749; x_wconf 78' lang='grc' dir='ltr'>ταῖς</span> <span class='ocrx_word' id='word_1_426' title='bbox 499 3684 880 3755; x_wconf 82' lang='grc' dir='ltr'>εὐαγγελικαῖς</span> <span class='ocrx_word' id='word_1_427' title='bbox 943 3685 1182 3758; x_wconf 78' lang='grc' dir='ltr'>ἐντυχὼν</span> <span class='ocrx_word' id='word_1_428' title='bbox 1231 3687 1540 3756; x_wconf 77' lang='grc' dir='ltr'>ἀποφάσεσι</span> <span class='ocrx_word' id='word_1_429' title='bbox 1563 3727 1577 3754; x_wconf 90' lang='grc'><strong><em>,</em></strong></span> <span class='ocrx_word' id='word_1_430' title='bbox 1656 3688 1752 3746; x_wconf 77' lang='grc' dir='ltr'>καὶ</span> <span class='ocrx_word' id='word_1_431' title='bbox 1802 3691 1916 3754; x_wconf 85' lang='grc' dir='ltr'>τοῖς</span> 
     </span>
    </p>
   </div>
   <div class='ocr_carea' id='block_1_54' title="bbox 331 3775 1914 3854">
    <p class='ocr_par' dir='ltr' id='par_1_54' title="bbox 331 3775 1914 3854">
     <span class='ocr_line' id='line_1_54' title="bbox 331 3775 1914 3854; baseline 0.005 -25"><span class='ocrx_word' id='word_1_432' title='bbox 331 3775 718 3848; x_wconf 66' lang='grc' dir='ltr'>ἑμπσνηθεῖσιν</span> <span class='ocrx_word' id='word_1_433' title='bbox 737 3777 884 3849; x_wconf 82' lang='grc' dir='ltr'>αὑτῷ</span> <span class='ocrx_word' id='word_1_434' title='bbox 911 3780 1038 3852; x_wconf 76' lang='grc' dir='ltr'>περὶ</span> <span class='ocrx_word' id='word_1_435' title='bbox 1057 3777 1216 3834; x_wconf 80' lang='grc' dir='ltr'>τοῦτο</span> <span class='ocrx_word' id='word_1_436' title='bbox 1238 3781 1668 3853; x_wconf 83' lang='grc' dir='ltr'>σπουδάσμασιν,</span> <span class='ocrx_word' id='word_1_437' title='bbox 1692 3781 1914 3854; x_wconf 76' lang='grc' dir='ltr'>εὑρήσει</span> 
     </span>
    </p>
   </div>
   <div class='ocr_carea' id='block_1_55' title="bbox 333 3869 1911 3945">
    <p class='ocr_par' dir='ltr' id='par_1_55' title="bbox 333 3869 1911 3945">
     <span class='ocr_line' id='line_1_55' title="bbox 333 3869 1911 3945; baseline 0.004 -22"><span class='ocrx_word' id='word_1_438' title='bbox 333 3869 499 3940; x_wconf 78' lang='grc' dir='ltr'>μηδὲν</span> <span class='ocrx_word' id='word_1_439' title='bbox 529 3871 680 3943; x_wconf 76' lang='grc' dir='ltr'>ἡμᾶς</span> <span class='ocrx_word' id='word_1_440' title='bbox 701 3871 981 3943; x_wconf 71' lang='grc' dir='ltr'>εἰρηκέναι</span> <span class='ocrx_word' id='word_1_441' title='bbox 1011 3871 1228 3942; x_wconf 76' lang='grc' dir='ltr'>ψευδές.</span> <span class='ocrx_word' id='word_1_442' title='bbox 1266 3873 1448 3945; x_wconf 82' lang='lat' dir='ltr'><strong><em>Neque</em></strong></span> <span class='ocrx_word' id='word_1_443' title='bbox 1474 3876 1648 3930; x_wconf 88' lang='lat' dir='ltr'><strong><em>minus</em></strong></span> <span class='ocrx_word' id='word_1_444' title='bbox 1676 3877 1757 3930; x_wconf 79' lang='lat' dir='ltr'><strong><em>liis</em></strong></span> <span class='ocrx_word' id='word_1_445' title='bbox 1787 3875 1911 3930; x_wconf 85' lang='lat' dir='ltr'><strong><em>dum</em></strong></span> 
     </span>
    </p>
   </div>
   <div class='ocr_carea' id='block_1_56' title="bbox 332 3957 1912 4037">
    <p class='ocr_par' dir='ltr' id='par_1_56' title="bbox 332 3957 1912 4037">
     <span class='ocr_line' id='line_1_56' title="bbox 332 3957 1912 4037; baseline 0.005 -27"><span class='ocrx_word' id='word_1_446' title='bbox 332 3957 676 4025; x_wconf 73' lang='lat' dir='ltr'><strong><em>lapidationis</em></strong></span> <span class='ocrx_word' id='word_1_447' title='bbox 755 3959 960 4028; x_wconf 81' lang='lat' dir='ltr'><strong><em>factum</em></strong></span> <span class='ocrx_word' id='word_1_448' title='bbox 1028 3963 1330 4030; x_wconf 89' lang='lat' dir='ltr'><strong><em>speculatur</em></strong></span> <span class='ocrx_word' id='word_1_449' title='bbox 1399 3964 1726 4037; x_wconf 80' lang='lat' dir='ltr'><strong><em>(Origenes),</em></strong></span> <span class='ocrx_word' id='word_1_450' title='bbox 1777 3965 1912 4018; x_wconf 86' lang='lat' dir='ltr'><strong><em>illud</em></strong></span> 
     </span>
    </p>
   </div>
   <div class='ocr_carea' id='block_1_57' title="bbox 331 4051 1909 4126">
    <p class='ocr_par' dir='ltr' id='par_1_57' title="bbox 331 4051 1909 4126">
     <span class='ocr_line' id='line_1_57' title="bbox 331 4051 1909 4126; baseline 0.004 -22"><span class='ocrx_word' id='word_1_451' title='bbox 331 4051 494 4126; x_wconf 78' lang='lat' dir='ltr'><strong><em>etiam</em></strong></span> <span class='ocrx_word' id='word_1_452' title='bbox 523 4068 586 4106; x_wconf 88' lang='lat' dir='ltr'><strong><em>ac</em></strong></span> <span class='ocrx_word' id='word_1_453' title='bbox 631 4051 678 4107; x_wconf 89' lang='lat' dir='ltr'><strong><em>si</em></strong></span> <span class='ocrx_word' id='word_1_454' title='bbox 706 4068 799 4120; x_wconf 86' lang='lat' dir='ltr'><strong><em>per</em></strong></span> <span class='ocrx_word' id='word_1_455' title='bbox 829 4062 1007 4122; x_wconf 85' lang='lat' dir='ltr'><strong><em>tropos</em></strong></span> <span class='ocrx_word' id='word_1_456' title='bbox 1039 4054 1240 4123; x_wconf 78' lang='lat' dir='ltr'><strong><em>factum</em></strong></span> <span class='ocrx_word' id='word_1_457' title='bbox 1273 4056 1328 4109; x_wconf 90' lang='lat' dir='ltr'><strong><em>in</em></strong></span> <span class='ocrx_word' id='word_1_458' title='bbox 1369 4055 1533 4110; x_wconf 89' lang='lat' dir='ltr'><strong><em>aliam</em></strong></span> <span class='ocrx_word' id='word_1_459' title='bbox 1593 4059 1909 4112; x_wconf 86' lang='lat' dir='ltr'><strong><em>sententiam</em></strong></span> 
     </span>
    </p>
   </div>
   <div class='ocr_carea' id='block_1_58' title="bbox 331 4127 1906 4218">
    <p class='ocr_par' dir='ltr' id='par_1_58' title="bbox 331 4127 1906 4218">
     <span class='ocr_line' id='line_1_58' title="bbox 331 4127 1906 4218; baseline 0.003 -19"><span class='ocrx_word' id='word_1_460' title='bbox 331 4127 550 4202; x_wconf 49' lang='lat' dir='ltr'><strong><em>aluc‘ere</em></strong></span> <span class='ocrx_word' id='word_1_461' title='bbox 596 4144 853 4214; x_wconf 85' lang='lat' dir='ltr'><strong><em>obnitens,</em></strong></span> <span class='ocrx_word' id='word_1_462' title='bbox 885 4146 944 4200; x_wconf 90' lang='lat' dir='ltr'><strong><em>in</em></strong></span> <span class='ocrx_word' id='word_1_463' title='bbox 987 4146 1300 4218; x_wconf 73' lang='lat' dir='ltr'><strong><em>euangelicis</em></strong></span> <span class='ocrx_word' id='word_1_464' title='bbox 1335 4148 1502 4206; x_wconf 77' lang='lat' dir='ltr'><strong><em>verbis</em></strong></span> <span class='ocrx_word' id='word_1_465' title='bbox 1536 4149 1667 4204; x_wconf 87' lang='lat' dir='ltr'><strong><em>mire</em></strong></span> <span class='ocrx_word' id='word_1_466' title='bbox 1717 4151 1906 4205; x_wconf 86' lang='lat' dir='ltr'><strong><em>menti-</em></strong></span> 
     </span>
    </p>
   </div>
   <div class='ocr_carea' id='block_1_59' title="bbox 2022 1926 3604 2003">
    <p class='ocr_par' dir='ltr' id='par_1_59' title="bbox 2022 1926 3604 2003">
     <span class='ocr_line' id='line_1_59' title="bbox 2022 1926 3604 2003; baseline -0.001 -19"><span class='ocrx_word' id='word_1_467' title='bbox 2022 1931 2146 2003; x_wconf 84' lang='lat' dir='ltr'><strong><em>gelii</em></strong></span> <span class='ocrx_word' id='word_1_468' title='bbox 2174 1940 2372 1994; x_wconf 74' lang='lat' dir='ltr'><strong><em>textum</em></strong></span> <span class='ocrx_word' id='word_1_469' title='bbox 2411 1929 2666 1997; x_wconf 88' lang='lat' dir='ltr'><strong><em>scriptum</em></strong></span> <span class='ocrx_word' id='word_1_470' title='bbox 2691 1931 2760 1984; x_wconf 83' lang='lat' dir='ltr'><strong><em>ad</em></strong></span> <span class='ocrx_word' id='word_1_471' title='bbox 2788 1929 3042 1984; x_wconf 78' lang='lat' dir='ltr'><strong><em>litteram.</em></strong></span> <span class='ocrx_word' id='word_1_472' title='bbox 3078 1926 3248 1982; x_wconf 83' lang='lat' dir='ltr'><strong><em>Porro</em></strong></span> <span class='ocrx_word' id='word_1_473' title='bbox 3273 1929 3320 1983; x_wconf 88' lang='lat' dir='ltr'><strong><em>si</em></strong></span> <span class='ocrx_word' id='word_1_474' title='bbox 3347 1929 3467 1998; x_wconf 87' lang='lat' dir='ltr'><strong><em>quis</em></strong></span> <span class='ocrx_word' id='word_1_475' title='bbox 3488 1931 3604 1983; x_wconf 77' lang='lat' dir='ltr'><strong><em>[uec</em></strong></span> 
     </span>
    </p>
   </div>
   <div class='ocr_carea' id='block_1_60' title="bbox 2022 2018 3607 2092">
    <p class='ocr_par' dir='ltr' id='par_1_60' title="bbox 2022 2018 3607 2092">
     <span class='ocr_line' id='line_1_60' title="bbox 2022 2018 3607 2092; baseline -0.003 -14"><span class='ocrx_word' id='word_1_476' title='bbox 2022 2039 2117 2084; x_wconf 92' lang='lat' dir='ltr'><strong><em>nos</em></strong></span> <span class='ocrx_word' id='word_1_477' title='bbox 2152 2023 2390 2092; x_wconf 71' lang='lat' dir='ltr'><strong><em>eﬂ&#39;iugere</em></strong></span> <span class='ocrx_word' id='word_1_478' title='bbox 2436 2020 2726 2084; x_wconf 77' lang='lat' dir='ltr'><strong><em>existimat,</em></strong></span> <span class='ocrx_word' id='word_1_479' title='bbox 2778 2019 3049 2074; x_wconf 80' lang='lat' dir='ltr'><strong><em>sententiis</em></strong></span> <span class='ocrx_word' id='word_1_480' title='bbox 3081 2018 3393 2089; x_wconf 74' lang='lat' dir='ltr'><strong><em>euangelicis</em></strong></span> <span class='ocrx_word' id='word_1_481' title='bbox 3436 2019 3607 2089; x_wconf 84' lang='lat' dir='ltr'><strong><em>perle-</em></strong></span> 
     </span>
    </p>
   </div>
   <div class='ocr_carea' id='block_1_61' title="bbox 2021 2113 3605 2187">
    <p class='ocr_par' dir='ltr' id='par_1_61' title="bbox 2021 2113 3605 2187">
     <span class='ocr_line' id='line_1_61' title="bbox 2021 2113 3605 2187; baseline -0.001 -17"><span class='ocrx_word' id='word_1_482' title='bbox 2021 2116 2140 2181; x_wconf 86' lang='lat' dir='ltr'><strong><em>ctis,</em></strong></span> <span class='ocrx_word' id='word_1_483' title='bbox 2193 2116 2442 2187; x_wconf 81' lang='lat' dir='ltr'><strong><em>illiusque</em></strong></span> <span class='ocrx_word' id='word_1_484' title='bbox 2489 2117 2545 2170; x_wconf 85' lang='lat' dir='ltr'><strong><em>in</em></strong></span> <span class='ocrx_word' id='word_1_485' title='bbox 2595 2131 2684 2170; x_wconf 86' lang='lat' dir='ltr'><strong><em>eas</em></strong></span> <span class='ocrx_word' id='word_1_486' title='bbox 2727 2113 3142 2180; x_wconf 86' lang='lat' dir='ltr'><strong><em>commentariis,</em></strong></span> <span class='ocrx_word' id='word_1_487' title='bbox 3193 2114 3260 2168; x_wconf 86' lang='lat' dir='ltr'><strong><em>ab</em></strong></span> <span class='ocrx_word' id='word_1_488' title='bbox 3313 2115 3458 2170; x_wconf 80' lang='lat' dir='ltr'><strong><em>omni</em></strong></span> <span class='ocrx_word' id='word_1_489' title='bbox 3510 2130 3605 2169; x_wconf 76' lang='lat' dir='ltr'><strong><em>nos</em></strong></span> 
     </span>
    </p>
   </div>
   <div class='ocr_carea' id='block_1_62' title="bbox 2020 2205 3599 2274">
    <p class='ocr_par' dir='ltr' id='par_1_62' title="bbox 2020 2205 3599 2274">
     <span class='ocr_line' id='line_1_62' title="bbox 2020 2205 3599 2274; baseline -0.001 -12"><span class='ocrx_word' id='word_1_490' title='bbox 2020 2207 2338 2264; x_wconf 81' lang='lat' dir='ltr'><strong><em>abstinuisse</em></strong></span> <span class='ocrx_word' id='word_1_491' title='bbox 2385 2207 2659 2268; x_wconf 84' lang='lat' dir='ltr'><strong><em>mendacio</em></strong></span> <span class='ocrx_word' id='word_1_492' title='bbox 2707 2207 3006 2274; x_wconf 85' lang='lat' dir='ltr'><strong><em>comperiet.</em></strong></span> <span class='ocrx_word' id='word_1_493' title='bbox 3064 2205 3145 2260; x_wconf 78' lang='lat' dir='ltr'><strong>Ex</strong></span> <span class='ocrx_word' id='word_1_494' title='bbox 3171 2205 3259 2260; x_wconf 88' lang='lat' dir='ltr'><strong><em>his</em></strong></span> <span class='ocrx_word' id='word_1_495' title='bbox 3285 2207 3465 2264; x_wconf 83' lang='lat' dir='ltr'><strong><em>verbis</em></strong></span> <span class='ocrx_word' id='word_1_496' title='bbox 3490 2225 3599 2263; x_wconf 89' lang='lat' dir='ltr'><strong><em>non</em></strong></span> 
     </span>
    </p>
   </div>
   <div class='ocr_carea' id='block_1_63' title="bbox 2022 2294 3600 2369">
    <p class='ocr_par' dir='ltr' id='par_1_63' title="bbox 2022 2294 3600 2369">
     <span class='ocr_line' id='line_1_63' title="bbox 2022 2294 3600 2369; baseline 0 -16"><span class='ocrx_word' id='word_1_497' title='bbox 2022 2299 2190 2369; x_wconf 82' lang='lat' dir='ltr'><strong><em>liquet</em></strong></span> <span class='ocrx_word' id='word_1_498' title='bbox 2218 2300 2308 2356; x_wconf 89' lang='lat' dir='ltr'><strong><em>ubi</em></strong></span> <span class='ocrx_word' id='word_1_499' title='bbox 2338 2299 2406 2354; x_wconf 87' lang='lat' dir='ltr'><strong><em>de</em></strong></span> <span class='ocrx_word' id='word_1_500' title='bbox 2429 2297 2759 2368; x_wconf 86' lang='lat' dir='ltr'><strong><em>lapidatione</em></strong></span> <span class='ocrx_word' id='word_1_501' title='bbox 2781 2295 2908 2352; x_wconf 85' lang='lat' dir='ltr'><strong><em>Jesu</em></strong></span> <span class='ocrx_word' id='word_1_502' title='bbox 2937 2311 2966 2349; x_wconf 85' lang='lat' dir='ltr'><strong><em>a</em></strong></span> <span class='ocrx_word' id='word_1_503' title='bbox 3021 2294 3222 2352; x_wconf 67' lang='lat' dir='ltr'><strong><em>Iudaeis</em></strong></span> <span class='ocrx_word' id='word_1_504' title='bbox 3251 2295 3397 2353; x_wconf 79' lang='lat' dir='ltr'><strong><em>facta</em></strong></span> <span class='ocrx_word' id='word_1_505' title='bbox 3428 2301 3600 2369; x_wconf 83' lang='lat' dir='ltr'><strong><em>egerit</em></strong></span> 
     </span>
    </p>
   </div>
   <div class='ocr_carea' id='block_1_64' title="bbox 2019 2385 3596 2462">
    <p class='ocr_par' dir='ltr' id='par_1_64' title="bbox 2019 2385 3596 2462">
     <span class='ocr_line' id='line_1_64' title="bbox 2019 2385 3596 2462; baseline -0.001 -15"><span class='ocrx_word' id='word_1_506' title='bbox 2019 2391 2305 2462; x_wconf 76' lang='lat' dir='ltr'><strong><em>Origenes,</em></strong></span> <span class='ocrx_word' id='word_1_507' title='bbox 2333 2405 2402 2446; x_wconf 81' lang='lat' dir='ltr'><strong><em>an</em></strong></span> <span class='ocrx_word' id='word_1_508' title='bbox 2428 2405 2550 2446; x_wconf 83' lang='lat' dir='ltr'><strong><em>cum</em></strong></span> <span class='ocrx_word' id='word_1_509' title='bbox 2579 2390 2822 2460; x_wconf 84' lang='lat' dir='ltr'><strong><em>priorem</em></strong></span> <span class='ocrx_word' id='word_1_510' title='bbox 2851 2385 3078 2442; x_wconf 83' lang='lat' dir='ltr'><strong><em>Joannis</em></strong></span> <span class='ocrx_word' id='word_1_511' title='bbox 3109 2397 3424 2444; x_wconf 80' lang='lat' dir='ltr'><strong><em>contextum</em></strong></span> <span class='ocrx_word' id='word_1_512' title='bbox 3447 2391 3596 2446; x_wconf 85' lang='lat' dir='ltr'><strong><em>edis-</em></strong></span> 
     </span>
    </p>
   </div>
   <div class='ocr_carea' id='block_1_65' title="bbox 2021 2479 3598 2550">
    <p class='ocr_par' dir='ltr' id='par_1_65' title="bbox 2021 2479 3598 2550">
     <span class='ocr_line' id='line_1_65' title="bbox 2021 2479 3598 2550; baseline -0.001 -12"><span class='ocrx_word' id='word_1_513' title='bbox 2021 2483 2274 2549; x_wconf 89' lang='lat' dir='ltr'><strong><em>seruerit,</em></strong></span> <span class='ocrx_word' id='word_1_514' title='bbox 2329 2482 2559 2538; x_wconf 81' lang='lat' dir='ltr'><strong><em>tulerunt</em></strong></span> <span class='ocrx_word' id='word_1_515' title='bbox 2599 2482 2760 2548; x_wconf 79' lang='lat' dir='ltr'><strong><em>igitur</em></strong></span> <span class='ocrx_word' id='word_1_516' title='bbox 2790 2480 2991 2549; x_wconf 86' lang='lat' dir='ltr'><strong><em>lapides</em></strong></span> <span class='ocrx_word' id='word_1_517' title='bbox 3029 2489 3083 2534; x_wconf 88' lang='lat' dir='ltr'><strong><em>ut</em></strong></span> <span class='ocrx_word' id='word_1_518' title='bbox 3105 2479 3345 2550; x_wconf 87' lang='lat' dir='ltr'><strong><em>jacerent</em></strong></span> <span class='ocrx_word' id='word_1_519' title='bbox 3369 2483 3423 2537; x_wconf 90' lang='lat' dir='ltr'><strong><em>in</em></strong></span> <span class='ocrx_word' id='word_1_520' title='bbox 3445 2499 3598 2549; x_wconf 83' lang='lat' dir='ltr'><strong><em>eum;</em></strong></span> 
     </span>
    </p>
   </div>
   <div class='ocr_carea' id='block_1_66' title="bbox 2021 2573 3600 2647">
    <p class='ocr_par' dir='ltr' id='par_1_66' title="bbox 2021 2573 3600 2647">
     <span class='ocr_line' id='line_1_66' title="bbox 2021 2573 3600 2647; baseline 0 -17"><span class='ocrx_word' id='word_1_521' title='bbox 2021 2595 2088 2631; x_wconf 80' lang='lat' dir='ltr'><strong><em>an</em></strong></span> <span class='ocrx_word' id='word_1_522' title='bbox 2120 2593 2242 2634; x_wconf 85' lang='lat' dir='ltr'><strong><em>cum</em></strong></span> <span class='ocrx_word' id='word_1_523' title='bbox 2278 2576 2658 2647; x_wconf 80' lang='lat' dir='ltr'><strong><em>posteriorem,</em></strong></span> <span class='ocrx_word' id='word_1_524' title='bbox 2706 2574 3032 2630; x_wconf 82' lang='lat' dir='ltr'><strong><em>sustulerunt</em></strong></span> <span class='ocrx_word' id='word_1_525' title='bbox 3057 2573 3234 2640; x_wconf 89' lang='lat' dir='ltr'><strong><em>itaque</em></strong></span> <span class='ocrx_word' id='word_1_526' title='bbox 3256 2573 3436 2630; x_wconf 73' lang='grc' dir='ltr'><strong><em>,Ιαάωὶ</em></strong></span> <span class='ocrx_word' id='word_1_527' title='bbox 3463 2578 3600 2644; x_wconf 88' lang='lat' dir='ltr'><strong><em>lapi-</em></strong></span> 
     </span>
    </p>
   </div>
   <div class='ocr_carea' id='block_1_67' title="bbox 2022 2669 3599 2740">
    <p class='ocr_par' dir='ltr' id='par_1_67' title="bbox 2022 2669 3599 2740">
     <span class='ocr_line' id='line_1_67' title="bbox 2022 2669 3599 2740; baseline 0.003 -18"><span class='ocrx_word' id='word_1_528' title='bbox 2022 2674 2133 2735; x_wconf 85' lang='lat' dir='ltr'><strong><em>des,</em></strong></span> <span class='ocrx_word' id='word_1_529' title='bbox 2163 2680 2214 2723; x_wconf 89' lang='lat' dir='ltr'><strong><em>ut</em></strong></span> <span class='ocrx_word' id='word_1_530' title='bbox 2239 2669 2532 2738; x_wconf 85' lang='lat' dir='ltr'><strong><em>lapidarent</em></strong></span> <span class='ocrx_word' id='word_1_531' title='bbox 2565 2669 2754 2738; x_wconf 82' lang='lat' dir='ltr'><strong><em>ipsum.</em></strong></span> <span class='ocrx_word' id='word_1_532' title='bbox 2787 2669 3046 2726; x_wconf 81' lang='lat' dir='ltr'><strong><em>Fortasse</em></strong></span> <span class='ocrx_word' id='word_1_533' title='bbox 3075 2669 3392 2740; x_wconf 86' lang='lat' dir='ltr'><strong><em>utrobique.</em></strong></span> <span class='ocrx_word' id='word_1_534' title='bbox 3445 2669 3599 2736; x_wconf 83' lang='lat' dir='ltr'><strong><em>Quod</em></strong></span> 
     </span>
    </p>
   </div>
   <div class='ocr_carea' id='block_1_68' title="bbox 2021 2761 3596 2829">
    <p class='ocr_par' dir='ltr' id='par_1_68' title="bbox 2021 2761 3596 2829">
     <span class='ocr_line' id='line_1_68' title="bbox 2021 2761 3596 2829; baseline 0.001 -13"><span class='ocrx_word' id='word_1_535' title='bbox 2021 2763 2066 2816; x_wconf 83' lang='lat' dir='ltr'><strong><em>si</em></strong></span> <span class='ocrx_word' id='word_1_536' title='bbox 2099 2763 2171 2816; x_wconf 87' lang='lat' dir='ltr'><strong><em>ita</em></strong></span> <span class='ocrx_word' id='word_1_537' title='bbox 2199 2771 2308 2826; x_wconf 89' lang='lat' dir='ltr'><strong><em>est,</em></strong></span> <span class='ocrx_word' id='word_1_538' title='bbox 2338 2762 2406 2816; x_wconf 79' lang='lat' dir='ltr'><strong><em>de</em></strong></span> <span class='ocrx_word' id='word_1_539' title='bbox 2435 2761 2765 2829; x_wconf 81' lang='lat' dir='ltr'><strong><em>lapidatione</em></strong></span> <span class='ocrx_word' id='word_1_540' title='bbox 2791 2761 2895 2822; x_wconf 79' lang='lat' dir='ltr'><strong><em>bac</em></strong></span> <span class='ocrx_word' id='word_1_541' title='bbox 2931 2771 3082 2818; x_wconf 88' lang='lat' dir='ltr'><strong><em>tomo</em></strong></span> <span class='ocrx_word' id='word_1_542' title='bbox 3109 2777 3200 2816; x_wconf 74' lang='lat' dir='ltr'><strong><em>ut</em></strong></span> <span class='ocrx_word' id='word_1_543' title='bbox 3230 2774 3287 2818; x_wconf 88' lang='lat' dir='ltr'><strong><em>et</em></strong></span> <span class='ocrx_word' id='word_1_544' title='bbox 3317 2771 3466 2821; x_wconf 89' lang='lat' dir='ltr'><strong><em>tomo</em></strong></span> <span class='ocrx_word' id='word_1_545' title='bbox 3491 2777 3596 2818; x_wconf 65' lang='lat' dir='ltr'><strong><em>xxv</em></strong></span> 
     </span>
    </p>
   </div>
   <div class='ocr_carea' id='block_1_69' title="bbox 2023 2851 3598 2924">
    <p class='ocr_par' dir='ltr' id='par_1_69' title="bbox 2023 2851 3598 2924">
     <span class='ocr_line' id='line_1_69' title="bbox 2023 2851 3598 2924; baseline 0.001 -18"><span class='ocrx_word' id='word_1_546' title='bbox 2023 2851 2104 2906; x_wconf 88' lang='lat' dir='ltr'><strong><em>vel</em></strong></span> <span class='ocrx_word' id='word_1_547' title='bbox 2138 2867 2264 2907; x_wconf 71' lang='lat' dir='ltr'><strong><em>xxv:</em></strong></span> <span class='ocrx_word' id='word_1_548' title='bbox 2299 2867 2423 2907; x_wconf 89' lang='lat' dir='ltr'><strong><em>eum</em></strong></span> <span class='ocrx_word' id='word_1_549' title='bbox 2474 2852 2650 2921; x_wconf 80' lang='lat' dir='ltr'><strong><em>egisse</em></strong></span> <span class='ocrx_word' id='word_1_550' title='bbox 2701 2851 2815 2906; x_wconf 76' lang='lat' dir='ltr'><strong><em>veri</em></strong></span> <span class='ocrx_word' id='word_1_551' title='bbox 2860 2866 3122 2924; x_wconf 81' lang='lat' dir='ltr'><strong><em>perquam</em></strong></span> <span class='ocrx_word' id='word_1_552' title='bbox 3159 2853 3338 2909; x_wconf 86' lang='lat' dir='ltr'><strong><em>simile</em></strong></span> <span class='ocrx_word' id='word_1_553' title='bbox 3363 2853 3598 2914; x_wconf 76' lang='lat' dir='ltr'><strong><em>videtur.</em></strong></span> 
     </span>
    </p>
   </div>
   <div class='ocr_carea' id='block_1_70' title="bbox 2091 2941 3599 3015">
    <p class='ocr_par' dir='ltr' id='par_1_70' title="bbox 2091 2941 3599 3015">
     <span class='ocr_line' id='line_1_70' title="bbox 2091 2941 3599 3015; baseline -0.001 -15"><span class='ocrx_word' id='word_1_554' title='bbox 2091 2943 2161 3000; x_wconf 78' lang='grc' dir='ltr'><strong><em>Χ.</em></strong></span> <span class='ocrx_word' id='word_1_555' title='bbox 2217 2943 2594 2998; x_wconf 84' lang='lat' dir='ltr'><strong><em>Tillemontius</em></strong></span> <span class='ocrx_word' id='word_1_556' title='bbox 2631 2941 2777 3006; x_wconf 75' lang='lat' dir='ltr'><strong><em>Hist.</em></strong></span> <span class='ocrx_word' id='word_1_557' title='bbox 2808 2943 2942 2998; x_wconf 87' lang='lat' dir='ltr'><strong><em>eccl.</em></strong></span> <span class='ocrx_word' id='word_1_558' title='bbox 2997 2952 3130 3004; x_wconf 87' lang='lat' dir='ltr'><strong><em>tom.</em></strong></span> <span class='ocrx_word' id='word_1_559' title='bbox 3175 2943 3261 3008; x_wconf 87' lang='lat' dir='ltr'><strong><em>Ill,</em></strong></span> <span class='ocrx_word' id='word_1_560' title='bbox 3314 2959 3440 3015; x_wconf 86' lang='lat' dir='ltr'><strong><em>pag.</em></strong></span> <span class='ocrx_word' id='word_1_561' title='bbox 3471 2943 3599 3010; x_wconf 73' lang='lat'><strong><em>572,</em></strong></span> 
     </span>
    </p>
   </div>
   <div class='ocr_carea' id='block_1_71' title="bbox 2021 3033 3602 3106">
    <p class='ocr_par' dir='ltr' id='par_1_71' title="bbox 2021 3033 3602 3106">
     <span class='ocr_line' id='line_1_71' title="bbox 2021 3033 3602 3106; baseline -0.002 -16"><span class='ocrx_word' id='word_1_562' title='bbox 2021 3035 2224 3106; x_wconf 88' lang='lat' dir='ltr'><strong><em>aliquid</em></strong></span> <span class='ocrx_word' id='word_1_563' title='bbox 2257 3042 2404 3089; x_wconf 75' lang='lat' dir='ltr'><strong><em>tonio</em></strong></span> <span class='ocrx_word' id='word_1_564' title='bbox 2429 3049 2480 3088; x_wconf 80' lang='lat' dir='ltr'><strong><em>vi</em></strong></span> <span class='ocrx_word' id='word_1_565' title='bbox 2506 3036 2694 3089; x_wconf 81' lang='lat' dir='ltr'><strong><em>deesse</em></strong></span> <span class='ocrx_word' id='word_1_566' title='bbox 2719 3034 3054 3102; x_wconf 84' lang='lat' dir='ltr'><strong><em>suspicatur,</em></strong></span> <span class='ocrx_word' id='word_1_567' title='bbox 3102 3035 3192 3089; x_wconf 91' lang='lat' dir='ltr'><strong><em>ubi</em></strong></span> <span class='ocrx_word' id='word_1_568' title='bbox 3223 3044 3332 3088; x_wconf 82' lang='lat' dir='ltr'><strong><em>tum</em></strong></span> <span class='ocrx_word' id='word_1_569' title='bbox 3361 3033 3428 3098; x_wconf 67' lang='lat' dir='ltr'><strong><em>de</em></strong></span> <span class='ocrx_word' id='word_1_570' title='bbox 3456 3049 3602 3089; x_wconf 84' lang='lat' dir='ltr'><strong><em>mar-</em></strong></span> 
     </span>
    </p>
   </div>
   <div class='ocr_carea' id='block_1_72' title="bbox 2023 3123 3604 3196">
    <p class='ocr_par' dir='ltr' id='par_1_72' title="bbox 2023 3123 3604 3196">
     <span class='ocr_line' id='line_1_72' title="bbox 2023 3123 3604 3196; baseline 0 -16"><span class='ocrx_word' id='word_1_571' title='bbox 2023 3126 2254 3196; x_wconf 79' lang='lat' dir='ltr'><strong><em>tyribus,</em></strong></span> <span class='ocrx_word' id='word_1_572' title='bbox 2288 3134 2399 3180; x_wconf 86' lang='lat' dir='ltr'><strong><em>tum</em></strong></span> <span class='ocrx_word' id='word_1_573' title='bbox 2428 3123 2496 3178; x_wconf 86' lang='lat' dir='ltr'><strong><em>de</em></strong></span> <span class='ocrx_word' id='word_1_574' title='bbox 2523 3133 2677 3194; x_wconf 85' lang='lat' dir='ltr'><strong><em>peste</em></strong></span> <span class='ocrx_word' id='word_1_575' title='bbox 2703 3125 2935 3193; x_wconf 81' lang='lat' dir='ltr'><strong><em>quadam</em></strong></span> <span class='ocrx_word' id='word_1_576' title='bbox 2966 3140 3089 3195; x_wconf 64' lang='lat' dir='ltr'><strong><em>quae</em></strong></span> <span class='ocrx_word' id='word_1_577' title='bbox 3129 3125 3314 3190; x_wconf 78' lang='lat' dir='ltr'><strong><em>nullibi</em></strong></span> <span class='ocrx_word' id='word_1_578' title='bbox 3347 3125 3402 3180; x_wconf 92' lang='lat' dir='ltr'><strong><em>in</em></strong></span> <span class='ocrx_word' id='word_1_579' title='bbox 3433 3125 3604 3182; x_wconf 84' lang='lat' dir='ltr'><strong><em>histo-</em></strong></span> 
     </span>
    </p>
   </div>
   <div class='ocr_carea' id='block_1_73' title="bbox 2023 3217 3603 3288">
    <p class='ocr_par' dir='ltr' id='par_1_73' title="bbox 2023 3217 3603 3288">
     <span class='ocr_line' id='line_1_73' title="bbox 2023 3217 3603 3288; baseline -0.004 -12"><span class='ocrx_word' id='word_1_580' title='bbox 2023 3221 2122 3278; x_wconf 87' lang='lat' dir='ltr'><strong><em>riis</em></strong></span> <span class='ocrx_word' id='word_1_581' title='bbox 2169 3218 2460 3288; x_wconf 85' lang='lat' dir='ltr'><strong><em>reperitur,</em></strong></span> <span class='ocrx_word' id='word_1_582' title='bbox 2493 3233 2746 3288; x_wconf 67' lang='lat' dir='ltr'><strong><em>qumque,</em></strong></span> <span class='ocrx_word' id='word_1_583' title='bbox 2807 3219 3006 3287; x_wconf 84' lang='lat' dir='ltr'><strong><em>inquit,</em></strong></span> <span class='ocrx_word' id='word_1_584' title='bbox 3059 3217 3209 3274; x_wconf 87' lang='lat' dir='ltr'><strong><em>circa</em></strong></span> <span class='ocrx_word' id='word_1_585' title='bbox 3259 3232 3459 3280; x_wconf 84' lang='lat' dir='ltr'><strong><em>annum</em></strong></span> <span class='ocrx_word' id='word_1_586' title='bbox 3493 3217 3603 3272; x_wconf 71' lang='lat'><strong><em>232</em></strong></span> 
     </span>
    </p>
   </div>
   <div class='ocr_carea' id='block_1_74' title="bbox 2026 3307 3600 3381">
    <p class='ocr_par' dir='ltr' id='par_1_74' title="bbox 2026 3307 3600 3381">
     <span class='ocr_line' id='line_1_74' title="bbox 2026 3307 3600 3381; baseline -0.004 -13"><span class='ocrx_word' id='word_1_587' title='bbox 2026 3311 2273 3370; x_wconf 74' lang='lat' dir='ltr'><strong><em>fortassis</em></strong></span> <span class='ocrx_word' id='word_1_588' title='bbox 2309 3322 2560 3380; x_wconf 74' lang='lat' dir='ltr'><strong><em>grassata</em></strong></span> <span class='ocrx_word' id='word_1_589' title='bbox 2587 3319 2692 3377; x_wconf 88' lang='lat' dir='ltr'><strong><em>est,</em></strong></span> <span class='ocrx_word' id='word_1_590' title='bbox 2724 3311 2992 3381; x_wconf 84' lang='lat' dir='ltr'><strong><em>Origenes</em></strong></span> <span class='ocrx_word' id='word_1_591' title='bbox 3041 3309 3208 3364; x_wconf 82' lang='lat' dir='ltr'><strong><em>multa</em></strong></span> <span class='ocrx_word' id='word_1_592' title='bbox 3257 3309 3419 3362; x_wconf 81' lang='lat' dir='ltr'><strong><em>verba</em></strong></span> <span class='ocrx_word' id='word_1_593' title='bbox 3452 3307 3600 3363; x_wconf 80' lang='lat' dir='ltr'><strong><em>lece-</em></strong></span> 
     </span>
    </p>
   </div>
   <div class='ocr_carea' id='block_1_75' title="bbox 2024 3401 3599 3471">
    <p class='ocr_par' dir='ltr' id='par_1_75' title="bbox 2024 3401 3599 3471">
     <span class='ocr_line' id='line_1_75' title="bbox 2024 3401 3599 3471; baseline -0.003 -11"><span class='ocrx_word' id='word_1_594' title='bbox 2024 3413 2130 3460; x_wconf 89' lang='lat' dir='ltr'><strong><em>rat.</em></strong></span> <span class='ocrx_word' id='word_1_595' title='bbox 2170 3402 2366 3460; x_wconf 78' lang='lat' dir='ltr'><strong><em>Verum</em></strong></span> <span class='ocrx_word' id='word_1_596' title='bbox 2423 3403 2474 3460; x_wconf 89' lang='lat' dir='ltr'><strong><em>id</em></strong></span> <span class='ocrx_word' id='word_1_597' title='bbox 2506 3417 2611 3458; x_wconf 89' lang='lat' dir='ltr'><strong><em>non</em></strong></span> <span class='ocrx_word' id='word_1_598' title='bbox 2647 3404 2782 3458; x_wconf 83' lang='lat' dir='ltr'><strong><em>satis</em></strong></span> <span class='ocrx_word' id='word_1_599' title='bbox 2824 3417 3086 3471; x_wconf 81' lang='lat' dir='ltr'><strong><em>assequar</em></strong></span> <span class='ocrx_word' id='word_1_600' title='bbox 3126 3403 3269 3466; x_wconf 85' lang='lat' dir='ltr'><strong><em>unde</em></strong></span> <span class='ocrx_word' id='word_1_601' title='bbox 3320 3401 3599 3470; x_wconf 83' lang='lat' dir='ltr'><strong><em>conjicere</em></strong></span> 
     </span>
    </p>
   </div>
   <div class='ocr_carea' id='block_1_76' title="bbox 2020 3491 3599 3566">
    <p class='ocr_par' dir='ltr' id='par_1_76' title="bbox 2020 3491 3599 3566">
     <span class='ocr_line' id='line_1_76' title="bbox 2020 3491 3599 3566; baseline -0.005 -14"><span class='ocrx_word' id='word_1_602' title='bbox 2020 3497 2261 3566; x_wconf 87' lang='lat' dir='ltr'><strong><em>potuerit</em></strong></span> <span class='ocrx_word' id='word_1_603' title='bbox 2314 3495 2716 3552; x_wconf 88' lang='lat' dir='ltr'><strong><em>eruditissimus</em></strong></span> <span class='ocrx_word' id='word_1_604' title='bbox 2766 3494 2870 3548; x_wconf 87' lang='lat' dir='ltr'><strong><em>vir.</em></strong></span> <span class='ocrx_word' id='word_1_605' title='bbox 2930 3491 3233 3558; x_wconf 86' lang='lat' dir='ltr'><strong><em>Utrumque</em></strong></span> <span class='ocrx_word' id='word_1_606' title='bbox 3277 3493 3422 3546; x_wconf 87' lang='lat' dir='ltr'><strong><em>enim</em></strong></span> <span class='ocrx_word' id='word_1_607' title='bbox 3449 3504 3599 3545; x_wconf 79' lang='lat' dir='ltr'><strong><em>exse-</em></strong></span> 
     </span>
    </p>
   </div>
   <div class='ocr_carea' id='block_1_77' title="bbox 2020 3581 3596 3659">
    <p class='ocr_par' dir='ltr' id='par_1_77' title="bbox 2020 3581 3596 3659">
     <span class='ocr_line' id='line_1_77' title="bbox 2020 3581 3596 3659; baseline -0.003 -18"><span class='ocrx_word' id='word_1_608' title='bbox 2020 3589 2204 3659; x_wconf 89' lang='lat' dir='ltr'><strong><em>quitur</em></strong></span> <span class='ocrx_word' id='word_1_609' title='bbox 2235 3587 2496 3658; x_wconf 85' lang='lat' dir='ltr'><strong><em>Origenes</em></strong></span> <span class='ocrx_word' id='word_1_610' title='bbox 2522 3596 2576 3641; x_wconf 88' lang='lat' dir='ltr'><strong><em>et</em></strong></span> <span class='ocrx_word' id='word_1_611' title='bbox 2618 3586 2685 3642; x_wconf 88' lang='lat' dir='ltr'><strong><em>de</em></strong></span> <span class='ocrx_word' id='word_1_612' title='bbox 2711 3585 3044 3655; x_wconf 79' lang='lat' dir='ltr'><strong><em>martyribus</em></strong></span> <span class='ocrx_word' id='word_1_613' title='bbox 3095 3583 3243 3638; x_wconf 86' lang='lat' dir='ltr'><strong><em>etde</em></strong></span> <span class='ocrx_word' id='word_1_614' title='bbox 3278 3583 3346 3637; x_wconf 89' lang='lat' dir='ltr'><strong><em>iis</em></strong></span> <span class='ocrx_word' id='word_1_615' title='bbox 3377 3581 3466 3652; x_wconf 91' lang='lat' dir='ltr'><strong><em>qui</em></strong></span> <span class='ocrx_word' id='word_1_616' title='bbox 3497 3597 3596 3651; x_wconf 83' lang='lat' dir='ltr'><strong><em>pe-</em></strong></span> 
     </span>
    </p>
   </div>
   <div class='ocr_carea' id='block_1_78' title="bbox 2023 3673 3598 3749">
    <p class='ocr_par' dir='ltr' id='par_1_78' title="bbox 2023 3673 3598 3749">
     <span class='ocr_line' id='line_1_78' title="bbox 2023 3673 3598 3749; baseline -0.005 -13"><span class='ocrx_word' id='word_1_617' title='bbox 2023 3682 2233 3748; x_wconf 81' lang='lat' dir='ltr'><strong><em>rierunt</em></strong></span> <span class='ocrx_word' id='word_1_618' title='bbox 2268 3681 2338 3738; x_wconf 88' lang='lat' dir='ltr'><strong><em>ob</em></strong></span> <span class='ocrx_word' id='word_1_619' title='bbox 2367 3679 2797 3749; x_wconf 78' lang='lat' dir='ltr'><strong><em>pestilentiarum</em></strong></span> <span class='ocrx_word' id='word_1_620' title='bbox 2845 3677 3267 3734; x_wconf 80' lang='lat' dir='ltr'><strong><em>euastitutioues</em></strong></span> <span class='ocrx_word' id='word_1_621' title='bbox 3303 3675 3468 3730; x_wconf 86' lang='lat' dir='ltr'><strong><em>verba</em></strong></span> <span class='ocrx_word' id='word_1_622' title='bbox 3517 3673 3598 3728; x_wconf 84' lang='lat' dir='ltr'><strong><em>fa-</em></strong></span> 
     </span>
    </p>
   </div>
   <div class='ocr_carea' id='block_1_79' title="bbox 2021 3767 3598 3862">
    <p class='ocr_par' dir='ltr' id='par_1_79' title="bbox 2021 3767 3598 3862">
     <span class='ocr_line' id='line_1_79' title="bbox 2021 3767 3598 3862; baseline -0.004 -33"><span class='ocrx_word' id='word_1_623' title='bbox 2021 3774 2174 3830; x_wconf 83' lang='lat' dir='ltr'><strong><em>ciens</em></strong></span> <span class='ocrx_word' id='word_1_624' title='bbox 2201 3790 2216 3828; x_wconf 91' lang='lat'><strong>:</strong></span> <span class='ocrx_word' id='word_1_625' title='bbox 2257 3788 2358 3830; x_wconf 88' lang='lat' dir='ltr'><strong><em>nec</em></strong></span> <span class='ocrx_word' id='word_1_626' title='bbox 2384 3773 2454 3826; x_wconf 84' lang='lat' dir='ltr'><strong><em>ibi</em></strong></span> <span class='ocrx_word' id='word_1_627' title='bbox 2479 3772 2658 3839; x_wconf 83' lang='lat' dir='ltr'><strong><em>agitur</em></strong></span> <span class='ocrx_word' id='word_1_628' title='bbox 2684 3769 2750 3825; x_wconf 88' lang='lat' dir='ltr'><strong><em>de</em></strong></span> <span class='ocrx_word' id='word_1_629' title='bbox 2789 3769 2858 3824; x_wconf 83' lang='lat' dir='ltr'><strong><em>iis</em></strong></span> <span class='ocrx_word' id='word_1_630' title='bbox 2893 3769 2985 3840; x_wconf 85' lang='lat' dir='ltr'><strong><em>qui</em></strong></span> <span class='ocrx_word' id='word_1_631' title='bbox 3013 3783 3150 3824; x_wconf 82' lang='lat' dir='ltr'><strong><em>nova</em></strong></span> <span class='ocrx_word' id='word_1_632' title='bbox 3181 3767 3419 3862; x_wconf 63' lang='lat' dir='ltr'><strong><em>quadam</em></strong></span> <span class='ocrx_word' id='word_1_633' title='bbox 3444 3776 3598 3838; x_wconf 81' lang='lat' dir='ltr'><strong><em>peste</em></strong></span> 
     </span>
    </p>
   </div>
   <div class='ocr_carea' id='block_1_80' title="bbox 2021 3867 3599 3943">
    <p class='ocr_par' dir='ltr' id='par_1_80' title="bbox 2021 3867 3599 3943">
     <span class='ocr_line' id='line_1_80' title="bbox 2021 3867 3599 3943; baseline -0.005 -11"><span class='ocrx_word' id='word_1_634' title='bbox 2021 3873 2328 3943; x_wconf 84' lang='lat' dir='ltr'><strong><em>consumpti</em></strong></span> <span class='ocrx_word' id='word_1_635' title='bbox 2387 3871 2624 3942; x_wconf 87' lang='lat' dir='ltr'><strong><em>periere,</em></strong></span> <span class='ocrx_word' id='word_1_636' title='bbox 2654 3871 2750 3926; x_wconf 86' lang='lat' dir='ltr'><strong><em>sed</em></strong></span> <span class='ocrx_word' id='word_1_637' title='bbox 2784 3869 2854 3925; x_wconf 87' lang='lat' dir='ltr'><strong><em>de</em></strong></span> <span class='ocrx_word' id='word_1_638' title='bbox 2901 3870 2970 3925; x_wconf 90' lang='lat' dir='ltr'><strong><em>iis</em></strong></span> <span class='ocrx_word' id='word_1_639' title='bbox 2997 3868 3089 3939; x_wconf 86' lang='lat' dir='ltr'><strong><em>qui</em></strong></span> <span class='ocrx_word' id='word_1_640' title='bbox 3125 3868 3429 3939; x_wconf 85' lang='lat' dir='ltr'><strong><em>antiquitus</em></strong></span> <span class='ocrx_word' id='word_1_641' title='bbox 3455 3867 3599 3938; x_wconf 88' lang='lat' dir='ltr'><strong><em>apud</em></strong></span> 
     </span>
    </p>
   </div>
   <div class='ocr_carea' id='block_1_81' title="bbox 2019 3961 3585 4035">
    <p class='ocr_par' dir='ltr' id='par_1_81' title="bbox 2019 3961 3585 4035">
     <span class='ocr_line' id='line_1_81' title="bbox 2019 3961 3585 4035; baseline -0.004 -15"><span class='ocrx_word' id='word_1_642' title='bbox 2019 3966 2251 4034; x_wconf 82' lang='lat' dir='ltr'><strong><em>gentiles</em></strong></span> <span class='ocrx_word' id='word_1_643' title='bbox 2275 3981 2396 4022; x_wconf 86' lang='lat' dir='ltr'><strong><em>cum</em></strong></span> <span class='ocrx_word' id='word_1_644' title='bbox 2421 3963 2735 4035; x_wconf 83' lang='lat' dir='ltr'><strong><em>pestilentes</em></strong></span> <span class='ocrx_word' id='word_1_645' title='bbox 2760 3965 2935 4020; x_wconf 87' lang='lat' dir='ltr'><strong><em>morbi</em></strong></span> <span class='ocrx_word' id='word_1_646' title='bbox 2957 3971 3360 4033; x_wconf 83' lang='lat' dir='ltr'><strong><em>grassarentur,</em></strong></span> <span class='ocrx_word' id='word_1_647' title='bbox 3377 3961 3585 4030; x_wconf 82' lang='lat' dir='ltr'><strong><em>seipsos</em></strong></span> 
     </span>
    </p>
   </div>
   <div class='ocr_carea' id='block_1_82' title="bbox 2021 4052 3595 4128">
    <p class='ocr_par' dir='ltr' id='par_1_82' title="bbox 2021 4052 3595 4128">
     <span class='ocr_line' id='line_1_82' title="bbox 2021 4052 3595 4128; baseline -0.003 -14"><span class='ocrx_word' id='word_1_648' title='bbox 2021 4059 2074 4114; x_wconf 91' lang='lat' dir='ltr'><strong><em>in</em></strong></span> <span class='ocrx_word' id='word_1_649' title='bbox 2104 4059 2356 4114; x_wconf 78' lang='lat' dir='ltr'><strong><em>victimas</em></strong></span> <span class='ocrx_word' id='word_1_650' title='bbox 2394 4073 2492 4127; x_wconf 87' lang='lat' dir='ltr'><strong><em>pro</em></strong></span> <span class='ocrx_word' id='word_1_651' title='bbox 2518 4057 2696 4128; x_wconf 82' lang='lat' dir='ltr'><strong><em>patria</em></strong></span> <span class='ocrx_word' id='word_1_652' title='bbox 2734 4056 3102 4124; x_wconf 82' lang='lat' dir='ltr'><strong><em>tradiderunt,</em></strong></span> <span class='ocrx_word' id='word_1_653' title='bbox 3136 4052 3595 4127; x_wconf 67' lang='lat' dir='ltr'><strong><em>quemadmodum</em></strong></span> 
     </span>
    </p>
   </div>
   <div class='ocr_carea' id='block_1_83' title="bbox 2019 4148 2724 4208">
    <p class='ocr_par' dir='ltr' id='par_1_83' title="bbox 2019 4148 2724 4208">
     <span class='ocr_line' id='line_1_83' title="bbox 2019 4148 2724 4208; baseline 0.001 -2"><span class='ocrx_word' id='word_1_654' title='bbox 2019 4165 2118 4206; x_wconf 88' lang='lat' dir='ltr'><strong><em>suo</em></strong></span> <span class='ocrx_word' id='word_1_655' title='bbox 2145 4148 2266 4206; x_wconf 86' lang='lat' dir='ltr'><strong><em>loco</em></strong></span> <span class='ocrx_word' id='word_1_656' title='bbox 2293 4149 2724 4208; x_wconf 80' lang='lat' dir='ltr'><strong><em>observavimus.</em></strong></span> 
     </span>
    </p>
   </div>
   <div class='ocr_carea' id='block_1_84' title="bbox 403 4293 1921 4393">
    <p class='ocr_par' dir='ltr' id='par_1_84' title="bbox 403 4293 1916 4393">
     <span class='ocr_line' id='line_1_84' title="bbox 403 4293 1916 4393; baseline 0.001 -12"><span class='ocrx_word' id='word_1_657' title='bbox 403 4322 452 4357; x_wconf 64' lang='grc' dir='ltr'><strong><em>τι</em></strong></span> <span class='ocrx_word' id='word_1_658' title='bbox 478 4319 639 4383; x_wconf 75' lang='lat' dir='ltr'><strong><em>Joan.</em></strong></span> <span class='ocrx_word' id='word_1_659' title='bbox 670 4339 711 4390; x_wconf 88' lang='grc' dir='ltr'>ι,</span> <span class='ocrx_word' id='word_1_660' title='bbox 741 4321 831 4379; x_wconf 76' lang='lat'><strong><em>33.</em></strong></span> <span class='ocrx_word' id='word_1_661' title='bbox 911 4324 955 4357; x_wconf 80' lang='lat'><strong>“</strong></span> <span class='ocrx_word' id='word_1_662' title='bbox 985 4293 1155 4382; x_wconf 69' lang='lat' dir='ltr'><strong><em>Joan.</em></strong></span> <span class='ocrx_word' id='word_1_663' title='bbox 1175 4338 1260 4393; x_wconf 87' lang='grc' dir='ltr'>ιιι,</span> <span class='ocrx_word' id='word_1_664' title='bbox 1283 4324 1338 4381; x_wconf 79' lang='grc'><strong>5.</strong></span> <span class='ocrx_word' id='word_1_665' title='bbox 1418 4325 1460 4357; x_wconf 87' lang='grc'><strong><em>¹⁶</em></strong></span> <span class='ocrx_word' id='word_1_666' title='bbox 1482 4323 1640 4382; x_wconf 79' lang='lat' dir='ltr'><strong><em>Joan.</em></strong></span> <span class='ocrx_word' id='word_1_667' title='bbox 1675 4341 1796 4393; x_wconf 78' lang='lat' dir='ltr'><strong><em>vin,</em></strong></span> <span class='ocrx_word' id='word_1_668' title='bbox 1827 4325 1916 4383; x_wconf 87' lang='lat'><strong><em>59.</em></strong></span> 
     </span>
    </p>
   </div>
   <div class='ocr_carea' id='block_1_85' title="bbox 2022 4293 2422 4393">
    <p class='ocr_par' dir='ltr' id='par_1_85' title="bbox 2022 4321 2422 4382">
     <span class='ocr_line' id='line_1_85' title="bbox 2022 4321 2422 4382; baseline -0.008 0"><span class='ocrx_word' id='word_1_669' title='bbox 2022 4323 2209 4382; x_wconf 80' lang='lat' dir='ltr'><strong><em>’Joan.</em></strong></span> <span class='ocrx_word' id='word_1_670' title='bbox 2243 4341 2298 4381; x_wconf 71' lang='grc' dir='ltr'><strong>ς.</strong></span> <span class='ocrx_word' id='word_1_671' title='bbox 2333 4321 2422 4380; x_wconf 77' lang='grc'><strong>51.</strong></span> 
     </span>
    </p>
   </div>
  </div>
