4040 6210
445 329 506 386 51
1900 317 2221 377 ORIGENIS
3634 316 3705 368 '53

444 446 709 502 uiuimus.
739 445 1053 501 Audeamus
1082 443 1249 515 igitur
1274 443 1457 501 dicere
1484 442 1753 515 primitias
1773 442 2021 511 Scriptu-

2141 438 2246 507 ιὴν
2287 440 2321 492 ό
2353 439 2573 505 καλόςο
2616 437 2710 490 καὶ
2744 438 2803 489 ἐν
2849 437 2915 506 τῇ
2963 404 3357 501 Ἀποκαλύψειζ
3399 426 3543 500 Ἐγώ
3593 434 3710 499 ειμι

446 552 631 592 rarum
681 534 923 592 omnium
974 533 1322 605 Evangelium
1373 549 1548 602 esse;
1607 532 2024 605 Evangeliorum

444 642 578 684 vero
602 626 896 698 primitias,
922 625 1282 698 Evangelium
1312 642 1341 681 a
1369 623 1580 681 Joanne
1613 626 1869 681 traditum
1893 642 1909 692 ;
1939 640 2031 679 cu-

445 722 533 793 ius
575 735 796 776 sensum
845 719 1132 790 percipere
1166 734 1324 775 nemo
1358 728 1558 788 potest,
1599 718 1705 774 nisi
1738 718 1830 788 qui
1864 732 2026 787 supra

447 823 636 883 pectus
654 811 781 869 Jesu
809 813 1141 879 recubuerit,
1167 812 1250 867 vel
1275 813 1545 882 acceperit
1569 829 1597 865 a
1622 810 1749 868 Jesu
1776 810 2026 875 Mariam,

447 920 569 976 qua:
597 905 764 960 etiam
797 904 965 974 ipsius
992 912 1164 960 mater
1196 905 1324 959 ﬁat:
1356 904 1491 960 adeo
1524 903 1682 960 talem
1708 913 2029 975 tantumque

448 1009 572 1050 esse
615 1009 838 1051 necesse
869 1003 983 1057 est,
1015 994 1109 1065 qui
1150 992 1387 1051 Joannes
1412 995 1554 1051 alius
1586 996 1654 1050 sit
1700 994 1936 1062 futurus,
1971 1004 2031 1050 ut

447 1086 908 1156 quemadmodum
933 1084 1195 1152 Joannes,
1226 1085 1414 1140 itidem
1439 1086 1601 1142 etiam
1631 1096 1690 1140 et
1716 1085 1819 1142 iste
1848 1101 1879 1140 a
1901 1084 2028 1142 Jesu

449 1175 608 1230 Jcsus
630 1175 897 1231 exsistere
920 1177 1262 1231 ostendatur.
1288 1176 1421 1232 Nam
1446 1176 1492 1230 si
1527 1176 1707 1233 nullus
1731 1186 1816 1232 cst
1845 1176 2031 1233 Mariae

453 1267 635 1334 ﬁlius,
678 1267 886 1338 judicio
913 1283 1103 1324 eorum
1139 1270 1233 1338 qui
1277 1269 1345 1323 de
1391 1269 1509 1338 ipsa
1541 1284 1676 1324 sane
1722 1279 2030 1335 senserunt,

452 1368 811 1428 prmtcrquam
835 1358 993 1415 Jcsus
1013 1374 1029 1416 :
1053 1358 1292 1430 dicitque
1317 1357 1475 1417 Iesus
1501 1360 1693 1415 matri:
1725 1357 1863 1415 Ecce
1882 1361 2031 1430 filius

453 1459 573 1503 tuus
608 1451 674 1515 ⁸⁵,
708 1460 762 1506 et
790 1466 920 1519 non,
951 1468 1081 1508 ecce
1107 1453 1270 1510 etiam
1309 1452 1394 1507 hic
1425 1461 1509 1508 est
1542 1452 1683 1508 ﬁlius
1714 1461 1876 1508 tuus:
1905 1469 2028 1524 per-

453 1536 580 1593 inde
619 1549 724 1606 est,
754 1554 818 1593 ac
870 1540 916 1594 si
968 1541 1234 1596 dixisset:
1269 1540 1406 1596 Ecce
1433 1540 1522 1594 hic
1554 1549 1633 1593 est
1667 1538 1828 1595 Iesus
1867 1553 2035 1608 quem

455 1626 711 1691 genuisti.
759 1625 972 1682 Etenim
1022 1628 1272 1699 quisquis
1300 1628 1572 1699 perfectus
1599 1640 1721 1694 est,
1771 1640 1875 1681 non
1913 1644 2034 1682 am-

457 1715 597 1785 plius
623 1718 757 1772 vivit
788 1720 926 1789 ipse,
953 1720 1048 1774 sed
1084 1719 1137 1774 in
1176 1720 1295 1789 ipso
1325 1719 1458 1774 sivit
1489 1719 1738 1776 Christus
1764 1720 1830 1775 ιθ.
1862 1719 2027 1775 Cum-

2127 532 2194 585 τὸ
2219 538 2264 587 Α
2307 531 2405 585 καὶ
2452 531 2518 585 τὸ
2553 535 2620 594 Ω,
2662 531 2701 597 ἠ
2729 528 2886 598 ἀρχὴ
2928 526 3027 581 καὶ
3062 525 3129 580 τὸ
3168 524 3359 590 τέλος·
3403 524 3436 577 ὁ
3476 519 3712 589 πρῶτος

2128 625 2228 678 καὶ
2281 627 2315 678 ὁ
2363 622 2642 693 ἔσχατος.
2701 619 3013 693 Τολμητὲον
3069 618 3250 671 τοίνυν
3306 617 3482 669 εἰπεῖν
3531 615 3716 687 ἀπαρ-

2128 716 2230 788 χήν
2280 715 2381 786 μὲν
2421 713 2612 769 πασῶν
2642 712 2874 785 Γραφῶν
2928 707 3068 765 εἶναι
3125 708 3195 763 τὰ
3217 706 3549 776 Εύαγγέλια,
3601 705 3716 759 τῶν

2127 807 2184 861 δέ
2235 805 2580 876 Εὐαγγελίων
2628 802 2881 876 ἀπαρχήν
2910 802 2973 857 τὸ
3016 800 3158 856 κατά
3199 799 3475 871 Ἰωάννηψ
3514 791 3575 852 οὗ
3620 796 3715 851 τὸν

2127 899 2253 955 νοῦν
2308 898 2481 963 οὐδεὶς
2527 897 2752 953 δύναται
2805 895 2988 950 λαϐεῖν
3047 893 3124 966 μὴ
3178 890 3466 948 ἀναπεσὼν
3511 890 3606 944 ἐπὶ
3650 889 3716 944 τὸ

2131 991 2326 1063 στῆθος
2374 991 2571 1063 Ἰησοῦ,
2606 990 2742 1064 μηδέ
2774 988 2956 1043 λαϐὼν
2998 985 3109 1043 ἀπὸ
3151 983 3327 1057 Ἰησοῦ
3358 983 3458 1055 τὴν
3484 980 3714 1054 Μαρίαν

2129 1084 2420 1156 γινομένην
2484 1083 2580 1138 καὶ
2630 1080 2799 1137 αὐτοῦ
2857 1079 3090 1153 μητέρα·
3140 1077 3235 1131 καὶ
3287 1073 3605 1145 τηλικοῦτον
3654 1073 3715 1127 δὲ

2130 1175 2385 1245 γενέσθαι
2436 1175 2521 1229 δεῖ
2572 1174 2665 1229 τὸν
2718 1173 2974 1244 ἐσόμενον
3024 1169 3183 1224 ἄλλον
3247 1166 3519 1238 Ἰωάννην,
3570 1164 3715 1218 ὥστε

2129 1265 2294 1321 οίονε)⁷
2345 1265 2437 1321 τὸν
2502 1265 2755 1337 Ἰωάννην
2816 1261 3096 1333 δειχθῆναι
3152 1258 3283 1312 ὄντα
3342 1255 3555 1326 Ἰησοῦν
3606 1256 3718 1309 ἀπὸ

2142 1356 2339 1429 Ἰησοῦ.
2376 1359 2440 1411 El
2471 1356 2580 1428 γάρ
2607 1356 2784 1419 οὐδεὶς
2814 1354 2927 1417 υίὸς
2955 1351 3196 1423 Μαρίας,
3227 1347 3370 1402 κατά
3395 1347 3520 1410 τοὺς
3545 1345 3717 1415 ὑγιῶς

2131 1451 2260 1522 περὶ
2293 1450 2464 1519 αὐτῆς
2499 1446 2820 1516 δοξάζοντας
2852 1444 2986 1518 (52),
3022 1443 3056 1515 ἦ
3094 1439 3323 1514 Ἰησοῦς,
3350 1440 3483 1512 φησὶ
3508 1438 3566 1493 δὲ
3606 1439 3717 1509 Ἰη-

2133 1541 2260 1606 σοῦς
2294 1543 2360 1613 τῇ
2393 1539 2591 1613 μητρί·
2638 1538 2750 1594 Ἴδε
2776 1540 2809 1592 ό
2840 1539 2980 1603 υἱός
3004 1552 3142 1598 σου,
3172 1533 3263 1587 καὶ
3289 1531 3408 1604 ούχί
3428 1550 3442 1563 ·
3481 1531 3587 1585 Ἴδε
3621 1532 3722 1585 καὶ

2130 1626 2287 1697 οὗτος
2336 1631 2449 1696 υἱός
2505 1648 2597 1685 σου
2618 1647 2633 1662 ο
2677 1631 2792 1685 ἴσον
2837 1628 3028 1702 εἴρηκε
3068 1626 3167 1699 τῷ-
3218 1625 3325 1679 Ἴδε
3367 1619 3522 1689 οὗτός
3566 1626 3717 1678 ἐστιν

2147 1724 2353 1798 Ἰησοῦς
2397 1725 2457 1779 ὃν
2483 1724 2799 1796 ἐγέννησας.
2829 1723 2939 1777 Καὶ
2971 1721 3079 1792 γὰρ
3108 1721 3215 1784 πᾶς
3242 1720 3271 1772 ὁ
3302 1718 3717 1789 τετελειωμένος

457 1822 563 1877 que
602 1808 653 1862 in
704 1810 820 1879 ipso
866 1810 1013 1864 vivat
1046 1810 1320 1877 Christus,
1361 1811 1563 1867 dicitur
1593 1813 1661 1868 de
1704 1827 1770 1869 eo
1803 1812 2033 1869 Marias:

2141 1816 2202 1888 ζῇ
2233 1817 2437 1883 ούκέτι,
2463 1815 2578 1870 ἀλλ’
2608 1815 2667 1868 ἐν
2699 1813 2850 1885 αύτῷ
2883 1814 2948 1884 ζῇ
2979 1812 3234 1884 Χριστός·
3275 1811 3372 1865 καὶ
3404 1810 3525 1864 ἐπεὶ
3558 1809 3624 1882 ζῇ
3657 1810 3718 1864 ἐν

460 1901 600 1955 Ecce
631 1900 772 1957 Illius
801 1910 931 1958 tuus
956 1901 1226 1957 Christus.
1272 1902 1411 1970 Quid
1442 1918 1571 1974 ergo
1608 1904 1804 1960 attinet
1854 1906 2037 1961 dicere

458 2003 661 2061 quanta
694 1993 852 2049 nobis
879 2007 1016 2063 opus
1046 1994 1119 2049 sit
1146 2002 1327 2049 mente
1360 2003 1421 2048 ut
1449 1995 1501 2049 in
1534 1996 1791 2051 testaceis
1815 1996 2040 2067 abjecue

460 2084 654 2139 litterae
689 2084 961 2139 thesauris
999 2083 1336 2139 reconditum
1371 2085 1593 2140 verbum
1639 2085 1801 2157 digne
1851 2085 2038 2142 valea-

460 2186 581 2229 mus
625 2174 1009 2245 interpretari,
1061 2175 1363 2245 praesertim
1394 2191 1517 2231 cum
1549 2175 1729 2233 littera
1770 2180 1973 2250 passim
2006 2196 2039 2236 ιι

461 2264 743 2333 quibusvis
776 2265 988 2336 legatur
1011 2306 1027 2331 ,
1060 2267 1398 2335 verbumque
1428 2282 1524 2338 per
1552 2284 1739 2325 vocem
1781 2272 2040 2330 sensibile

461 2353 710 2408 audiatur
751 2353 820 2410 ab
851 2354 1104 2409 omnibus
1136 2355 1227 2426 qui
1279 2355 1332 2426 7
1377 2357 1620 2412 attditum
1646 2360 1891 2429 prmbent
1916 2375 2040 2416 cor-

463 2444 754 2514 poralem?
787 2445 889 2512 Qui
942 2446 1085 2500 enim
1141 2453 1400 2502 accurate
1436 2447 1878 2517 apprehensurus
1932 2451 2038 2516 sit,

461 2550 591 2591 vere
640 2538 685 2591 is
727 2536 871 2592 dicat
913 2546 1169 2607 oportet:
1221 2538 1338 2593 Nos
1379 2549 1554 2594 autem
1588 2539 1786 2597 Christi
1828 2559 2040 2598 sensum

463 2627 732 2695 habemus,
765 2638 821 2683 ut
847 2630 1077 2684 sciamus
1097 2646 1214 2700 qua:
1242 2649 1273 2684 a
1304 2630 1408 2685 Deo
1437 2633 1634 2687 donata
1660 2642 1782 2689 sunt
1806 2635 2041 2690 nobis“.

466 2718 620 2785 Quod
652 2734 782 2775 vero
810 2734 973 2776 onzne
1001 2718 1409 2776 Testamentum
1442 2721 1648 2779 Novum
1682 2726 1755 2781 sit
1793 2725 2043 2799 Evange-

2137 1906 2287 1978 αύτῷ
2313 1906 2568 1977 Χριστὸς,
2601 1904 2817 1974 λέγεται
2844 1903 2972 1976 περὶ
3000 1900 3164 1955 αὑτοῦ
3189 1903 3256 1973 τῇ
3291 1900 3482 1973 Μαρίᾳ
3501 1918 3515 1931 ·
3555 1901 3660 1955 Ἴδε
3687 1903 3721 1955 ό

2138 2000 2253 2064 υἱός
2281 2016 2373 2053 σου
2403 2000 2433 2052 ὁ
2459 1997 2714 2070 Χριστός.
2754 1995 2971 2050 Ἠλίκου
2999 1994 3177 2048 τοίνυν
3204 1993 3296 2048 νοῦ
3330 1994 3464 2065 ἡμῖν
3493 1993 3592 2058 δεῖ,
3631 1993 3719 2048 ῐνα

2139 2090 2229 2144 τὸν
2257 2092 2315 2143 ἐν
2353 2090 2465 2153 τοῖς
2492 2087 2836 2160 ὀστρακίνοις
2865 2086 2967 2157 τῆς
3007 2083 3257 2148 εὐτελοῦς
3289 2083 3487 2149 λέξεως
3515 2084 3722 2156 θησαυ-

2141 2183 2257 2257 ροῖς
2298 2180 2723 2252 ἐναποκείμενον
2765 2178 2924 2248 λόγον
2952 2177 3063 2250 (55)
3091 2176 3186 2230 τοῦ
3225 2175 3328 2229 ὑπὸ
3357 2175 3575 2229 πάντων
3608 2175 3721 2229 τῶν

2140 2274 2578 2346 ἐντυγχανόντων
2640 2270 3155 2344 ἀναγινωσκομένου
3211 2268 3560 2344 γράμματος,
3628 2267 3723 2320 καὶ

2140 2366 2249 2422 ὑπὸ
2286 2368 2504 2422 πάντων
2545 2364 2654 2421 τῶν
2684 2365 3031 2439 παρεχόντων
3061 2364 3162 2424 τάς
3194 2360 3511 2434 σωματικὰς
3547 2360 3721 2424 ἀκοὰς

2144 2460 2500 2532 ἀκουομένου,
2518 2457 2780 2530 αἰσθητοῦ
2803 2458 2890 2513 διὰ
2913 2457 3097 2529 φωνῆς
3117 2456 3299 2527 λόγου,
3324 2453 3571 2508 ἐκλαϐεῖν
3596 2455 3718 2506 κατ’

2141 2552 2298 2619 ἀξίαν
2325 2551 2662 2623 δυνηθῶμεν,
2682 2550 2737 2603 τί
2755 2548 2837 2603 δεῖ
2857 2550 2952 2604 καὶ
2965 2549 3143 2618 λέγειν
3164 2564 3179 2613 ;
3208 2546 3310 2600 Τὸν
3331 2547 3440 2618 γὰρ
3461 2545 3723 2618 μέλλοντα

2138 2644 2317 2699 ταῦτα
2345 2643 2591 2716 ἀκριϐῶς
2616 2629 3057 2714 καταλαμϐάνειν
3090 2640 3229 2712 μετά
3255 2638 3515 2712 ἀληθείας
3544 2639 3722 2692 εἰπεῖν

2142 2737 2240 2791 δεῖ’
2283 2734 2476 2807 Ἡμεῖς
2503 2734 2572 2789 δὲ
2597 2734 2749 2790 νοῦν
2790 2734 3050 2803 Χριστοῦ
3080 2734 3319 2804 ἔχομεν,
3347 2733 3449 2787 ἵνα
3478 2729 3725 2800 εἰδῶμεν

465 2810 620 2873 lium,
675 2811 869 2867 adduci
909 2827 1199 2879 possumus
1229 2813 1297 2867 ad
1342 2817 1670 2871 credendum
1696 2833 1764 2873 ex
1813 2819 1899 2875 his
1924 2836 2041 2891 qua:

2144 2827 2215 2883 τὰ
2234 2827 2352 2883 ὑπὸ
2379 2826 2484 2881 τοῦ
2509 2824 2658 2881 Θεοῦ
2691 2823 3050 2894 χαρισθέντα
3082 2823 3247 2895 ἡμῖν.
3284 2824 3443 2877 Ἔστι
3476 2822 3533 2877 δὲ
3562 2836 3727 2894 προσο

468 2901 663 2957 l’aulus
693 2903 845 2969 dicit,
876 2903 1095 2973 quando
1144 2905 1342 2962 alicubi
1374 2908 1423 2940 ⁴¹
1445 2909 1636 2964 scribit
1671 2927 1687 2965 :
1739 2909 2044 2967 Secundum

466 2991 817 3064 Ecangelium
845 3011 1040 3053 meum.
1073 2997 1218 3054 lnter
1254 3000 1457 3071 scripta
1487 3003 1633 3056 enim
1665 3002 1823 3058 Pauli
1860 3004 2044 3061 nullus

2145 2918 2377 2991 αχθῆναι
2422 2917 2531 2972 ἀπὸ
2571 2915 2679 2971 τῶν
2723 2916 2829 2971 ὑπὸ
2861 2915 3076 2970 Παύλου
3117 2915 3427 2987 λεγομένων
3474 2908 3726 2986 περὶτοῦ

2146 3013 2328 3067 πᾶσαν
2352 3011 2451 3083 τὴν
2477 3009 2686 3082 Καινὴν
2716 3005 2852 3063 εἶναι
2879 3008 2946 3063 τὰ
2969 3008 3277 3079 Εὐαγγέλια
3305 3007 3439 3080 (54),
3470 3008 3599 3061 ὅταν
3623 3021 3727 3060 που

466 3095 647 3142 exstat
670 3087 804 3143 liber
833 3090 923 3159 qui
946 3091 1127 3145 vocari
1155 3092 1501 3164 Evangelium
1532 3098 1903 3153 consueverit.
1935 3098 2041 3155 Sed

2146 3102 2366 3175 γράφῃ·
2414 3101 2576 3158 Κατὰ
2628 3100 2693 3155 τὸ
2742 3099 3112 3172 manum
3154 3116 3294 3169 μουο
3333 3102 3391 3153 ἐν
3436 3098 3729 3171 γράμμασι

469 3179 729 3251 quidquid
758 3179 845 3236 vel
894 3182 1217 3252 pradicavit
1248 3185 1332 3239 vel
1365 3186 1503 3241 dixit
1531 3196 1613 3242 est
1644 3187 1997 3260 Evangelium
2025 3208 2041 3259 ;

469 3287 588 3341 qua:
617 3287 746 3329 vero
780 3275 1099 3344 praedicavit
1123 3285 1180 3332 et
1206 3277 1342 3332 dixit
1366 3318 1381 3343 ,
1413 3279 1532 3335 haec
1565 3281 1730 3336 etiam
1780 3283 2041 3354 scripsit;

468 3378 598 3435 ergo
620 3380 687 3420 ex
706 3365 793 3421 his
811 3366 1082 3438 colligitur
1103 3369 1275 3438 ipsius
1295 3371 1501 3440 scripta
1523 3373 1873 3445 Evangelium
1900 3392 2042 3435 esse.

470 3454 625 3521 Quod
677 3458 721 3512 si
773 3456 927 3514 Pauli
966 3461 1166 3529 scripta
1207 3470 1335 3516 sunt
1367 3461 1725 3536 Evangelium
1752 3508 1766 3532 ,
1803 3470 2046 3537 profecto

471 3545 612 3601 idem
642 3551 971 3605 censendum
1003 3562 1086 3607 est
1133 3553 1200 3608 de
1234 3552 1379 3609 Petri
1407 3555 1572 3610 etiam
1607 3558 1865 3627 scriptis;
1898 3570 1954 3617 et
1984 3573 2044 3618 ut

473 3641 524 3694 in
582 3641 898 3698 universum
943 3644 1176 3714 loquar,
1215 3647 1399 3701 omnia
1447 3663 1569 3717 qua:
1621 3649 1793 3718 ipsius
1840 3651 2046 3709 Christi

470 3734 795 3791 conﬁrmant
823 3738 1142 3804 adventum,
1169 3750 1221 3795 et
1240 3755 1362 3810 qua:
1389 3741 1671 3798 stabiliunt
1701 3747 2045 3815 przesentiam

471 3822 616 3880 illius
639 3865 656 3892 ,
686 3841 916 3898 quaeque
948 3829 1210 3887 inducunt
1264 3835 1433 3904 ipsam
1470 3835 1524 3890 in
1572 3836 1790 3892 animos
1821 3837 2047 3906 cupien-

473 3917 607 3970 tium
642 3919 920 3990 suscipere
945 3922 1038 3976 Dei
1067 3938 1395 3993 sermonem,
1426 3938 1661 3984 stantem
1690 3945 1788 3997 pro
1815 3930 2044 3996 foribus,

471 4015 530 4060 et
556 4006 893 4079 pulsantem,
927 4022 982 4066 et
1020 4013 1233 4083 ingredi
1260 4015 1531 4073 volentem
1579 4017 1633 4073 in
1661 4021 1893 4087 animas,
1921 4030 2050 4077 sunt

474 4095 851 4169 Evangelium.

547 4188 601 4245 7.
634 4189 742 4246 Sed
779 4201 989 4261 tempus
1009 4191 1124 4261 jam
1153 4204 1239 4250 est
1267 4197 1582 4253 accuratius
1607 4201 1893 4269 exquirere
1917 4200 2050 4272 quid

2147 3192 2257 3265 γὰρ
2279 3192 2495 3247 Παύλου
2517 3193 2618 3247 ούκ
2647 3192 2844 3265 ἔχομεν
2875 3191 3077 3264 βιϐλίον
3111 3189 3441 3259 Εὐαγγέλιον
3469 3188 3719 3260 συνήθως

2148 3284 2500 3356 καλούμενον.
2560 3283 2723 3338 ’Δλλά
2763 3286 2872 3336 πᾶν
2916 3282 2946 3335 δ
2990 3282 3260 3352 ἐκήρυσσε
3309 3278 3403 3332 καὶ
3445 3278 3621 3347 ἔλεγε,
3667 3276 3731 3331 τὸ

2147 3376 2480 3446 Εύαγγέλιον
2501 3370 2589 3448 ἦν’
2623 3374 2660 3429 ὃ.
2686 3374 2782 3428 καὶ
2810 3374 3082 3445 ἐκήρυσσε
3112 3372 3204 3424 καὶ
3223 3370 3398 3438 ἔλεγε,
3433 3368 3608 3421 ταῦτα
3634 3367 3726 3422 καὶ

2147 3466 2387 3540 ἔγραφε·
2418 3466 2514 3521 καὶ
2549 3465 2587 3520 ἀ
2617 3464 2823 3536 ἔγραφε
2854 3465 2961 3536 ἄρα
2988 3461 3319 3531 Εὐαγγέλιον
3346 3456 3438 3530 ἧν.
3476 3460 3540 3512 Εἰ
3567 3458 3625 3510 δὲ
3658 3475 3726 3511 τα

2148 3559 2365 3614 Παύλου
2392 3556 2718 3627 Εὐαγγέλιον
2749 3551 2839 3627 ἦν,
2872 3553 3163 3609 ἀκόλουθον
3191 3552 3392 3622 λέγειν,
3422 3551 3504 3604 ὃτι
3539 3550 3632 3603 καὶ
3657 3549 3727 3601 τὰ

2150 3652 2358 3725 Πέτρου
2380 3648 2706 3719 Εύαγγέλιον
2730 3643 2820 3719 ἦν,
2844 3648 2937 3701 καὶ
2955 3643 3290 3719 ἁπαξαπλῶς
3314 3642 3384 3697 τὰ
3404 3642 3729 3696 συνιστάντα

2148 3744 2247 3817 τὴν
2268 3741 2504 3816 Χριστοῦ
2521 3740 2839 3813 ἐπιδημίαν,
2860 3740 2955 3794 καὶ
2972 3733 3449 3801 κατασκευάζοντα
3468 3733 3568 3805 τὴν
3590 3747 3733 3804 παρ-

2148 3838 2335 3893 ουσίαν
2378 3833 2565 3903 αύτοῦ,
2602 3832 2938 3907 ἐμποιοῦντά
2967 3849 3029 3885 τε
3058 3830 3226 3903 αὐτὴν
3253 3833 3374 3893 ταῖς
3397 3827 3596 3899 ψυχαῖς
3621 3824 3734 3879 τῶν

2152 3929 2490 4003 βουλομένων
2515 3926 2923 4001 παραδέξασθαι
2943 3925 3033 3980 τὸν
3059 3923 3271 3979 ἑστῶτα
3295 3921 3388 3975 ἐπὶ
3410 3920 3509 3993 τὴν
3538 3919 3729 3989 θύραν,

2151 4025 2245 4078 κα)⁸
2282 4021 2569 4096 κρούοντα,
2611 4020 2707 4075 κει)⁸
2734 4018 2994 4073 εἰσελθεῖν
3040 4015 3361 4089 βουλόμενον
3395 4014 3476 4078 εἱς
3503 4011 3601 4075 τὰς
3628 4009 3733 4081 ψυ-

2151 4114 2252 4189 χὰς
2280 4113 2439 4182 λόγον
2471 4109 2627 4164 Θεοῦ.

2221 4203 2275 4257 7.
2310 4202 2376 4255 Τί
2407 4200 2465 4254 δὲ
2499 4198 2746 4269 βούλεται
2785 4197 2978 4271 δηλοῦν
3011 4199 3044 4269 ή
3083 4196 3417 4265 Εὐαγγέλιον
3457 4210 3733 4267 προσηγο-

474 4297 583 4339 vox
607 4282 884 4352 Evangelii
920 4286 1210 4357 signiﬁcet,
1239 4300 1295 4345 et
1320 4305 1487 4360 quare
1515 4292 1567 4347 bi
1596 4290 1719 4347 libri
1747 4292 2041 4363 inscriptio

2156 4296 2266 4369 ρία,
2302 4295 2397 4348 καὶ
2422 4290 2512 4346 διά
2538 4291 2591 4345 τί
2617 4290 2824 4362 ταύτην
2853 4288 2967 4360 ἔχει
2994 4288 3094 4360 τὴν
3116 4287 3429 4367 ἐπιγραφὴν
3461 4286 3634 4342 ταῦτα
3665 4286 3735 4341 τὰ

475 4390 598 4432 nem
646 4375 788 4431 hanc
832 4376 1090 4436 habeant.
1127 4380 1221 4436 Est
1262 4382 1430 4451 igitur
1469 4383 1821 4453 Evangelium
1867 4400 2041 4443 sermo

2156 4385 2353 4458 βιϐλία,
2390 4383 2490 4457 ἤδη
2522 4383 2712 4457 καιρὸς
2747 4381 3021 4447 ἐξετάσαι.
3060 4382 3216 4435 Ἐστι
3246 4382 3427 4436 τοίνυν
3459 4381 3520 4434 τὸ
3556 4381 3736 4449 Εὐαγ-

473 4466 569 4537 qui
601 4482 782 4522 rerum
813 4470 1064 4524 nuntium
1099 4471 1369 4538 continet,
1404 4488 1523 4543 quae
1552 4474 1697 4545 quod
1727 4474 1888 4531 utiles
1916 4477 2041 4545 sint,

2156 4474 2335 4543 γέλιον
2367 4471 2527 4541 λόγος
2554 4470 2824 4543 περιέχων
2849 4471 3192 4541 ἀπαγγελίαν
3219 4470 3559 4544 πραγμάτων
3594 4469 3736 4525 κατά

473 4556 591 4629 iure
618 4561 815 4617 merito
860 4561 1097 4617 laetitiam
1135 4562 1356 4630 pariunt
1397 4566 1657 4632 auditori,
1693 4565 2041 4639 simulatque

2156 4568 2218 4622 τὸ
2243 4565 2460 4637 εὔλογον
2481 4564 2566 4620 διὰ
2589 4564 2651 4618 τὸ
2674 4564 2901 4636 ὠφελεῖν
2917 4563 3319 4638 εύφραινόντων
3334 4564 3426 4618 τὸν
3445 4564 3731 4628 ἀκούοντα,

477 4653 546 4707 ab
583 4651 702 4722 ipso
727 4654 964 4712 admissa
996 4654 1202 4712 fuerint
1240 4673 1362 4729 quae
1393 4658 1740 4716 nuntiantur.
1772 4658 1885 4718 Nec
1920 4676 2041 4719 vero

2158 4658 2297 4712 ἐπὰν
2326 4655 2698 4730 παραδέξηται
2722 4656 2783 4710 τὸ
2805 4654 3296 4726 ἀπαγγελλόμενον·
3320 4654 3474 4709 οὐδὲν
3505 4655 3550 4709 δ’
3573 4650 3737 4727 ἦττον

478 4744 661 4800 minus
692 4746 813 4802 talis
836 4748 1013 4803 oratio
1042 4758 1125 4806 est
1152 4749 1505 4822 Evangelium
1527 4793 1544 4818 ,
1572 4752 1823 4822 quamvis
1850 4767 1919 4810 ex
1947 4753 2041 4810 ha-

2157 4751 2186 4803 ὁ
2213 4746 2453 4811 τοιοῦτος
2474 4746 2634 4817 λόγος
2669 4746 3004 4817 Εύαγγέλιόν
3031 4747 3199 4808 ἐστιν,
3234 4744 3301 4799 ἂν
3333 4744 3427 4798 καὶ
3450 4743 3563 4816 (55)
3601 4742 3735 4817 πρὸς

477 4830 593 4886 bitu
623 4834 893 4891 audientis
921 4840 1325 4917 perpendatur:
1354 4841 1462 4910 vel,
1493 4839 1843 4912 Evangelium
1872 4843 2041 4897 oratiu

2157 4842 2257 4913 τήν
2292 4839 2476 4913 σχέσιν
2508 4840 2603 4894 τοῦ
2637 4839 2926 4903 ἀκούοντος
2953 4836 3297 4909 ἐξετάζηται’
3334 4837 3368 4908 ἦ
3404 4835 3737 4907 Εὑαγγέλιόν

546 4946 595 4981 ³⁸
613 4945 771 5004 Joan.
806 4962 920 5014 xIx,
948 4946 1039 5002 26.
1113 4948 1159 4981 “
1181 4948 1359 5007 Galat.
1396 4968 1455 5018 ιι,
1485 4953 1577 5008 20.
1654 4954 1695 4986 ”
1731 4953 1899 5007 lCnr.
1928 4968 1992 5017 ιι,
2022 4954 2041 5008 l

2143 4955 2234 5009 lli.
2310 4955 2356 4987 “
2380 4954 2539 5009 Rom.
2571 4969 2634 5019 tt,
2666 4953 2751 5008 l6.

548 5041 660 5115 (52)
688 5042 849 5098 Κατὰ
873 5041 1014 5115 τοὺς
1040 5040 1221 5111 ὑγιῶς
1269 5046 1401 5115 περὶ
1432 5043 1620 5114 αὐτῆς
1650 5043 2051 5115 ίδοξᾴζοντας.

476 5113 614 5171 Tum
643 5113 713 5169 i-x
747 5116 849 5169 hoc
876 5114 1014 5177 loco,
1045 5124 1156 5166 tum
1187 5129 1254 5167 ex
1303 5114 1370 5169 iis
1410 5130 1530 5183 quin
1576 5114 1740 5170 habet
1790 5113 2056 5181 Origenes

481 5196 613 5241 tom.
646 5199 698 5239 ιι
729 5187 782 5239 in
818 5184 1133 5239 Matthwum
1163 5193 1218 5238 et
1244 5184 1514 5238 bomilia7
1544 5185 1595 5237 in
1630 5183 1850 5248 Lucam,
1883 5186 2055 5253 liquet.

480 5256 658 5326 ipsum
689 5269 787 5326 pro
822 5253 1172 5311 heterodoxis
1209 5254 1465 5326 habuisse
1499 5270 1595 5310 eos
1625 5255 1714 5323 qui
1739 5264 2053 5326 perpetuam

481 5325 1055 5395 ltlarimgirginitatetu
1085 5327 1377 5393 negabant.
1419 5324 1475 5379 ln
1522 5339 1590 5379 eo
1643 5334 1793 5381 certe
1837 5324 2055 5391 errore,
2094 5363 2103 5369 ρ

481 5395 655 5463 inquit
676 5392 925 5457 linetins,
956 5397 1125 5451 fuisse
1141 5392 1509 5451 Tertulliauus
1531 5395 1795 5459 creditur,
1819 5410 2055 5463 eumque

481 5467 690 5519 duobus
724 5465 854 5535 locis
888 5467 1218 5533 prodidisse,
1244 5468 1382 5522 libro
1412 5466 1487 5519 De
1518 5467 1877 5533 monogamia,
1925 5482 2051 5535 cap.

481 5540 536 5596 8,
557 5546 607 5588 et
636 5536 729 5589 lib.
767 5533 843 5587 De
874 5552 1029 5590 carne
1067 5535 1285 5603 Christi,
1312 5552 1436 5605 cap.
1463 5536 1522 5604 7;
1548 5539 1641 5591 sed
1668 5537 1921 5595 obscure.
1954 5533 2053 5590 nec

483 5606 846 5677 satisaperte.
878 5607 944 5658 At
968 5606 1117 5677 clare
1138 5624 1263 5662 eum
1297 5623 1420 5663 cum
1459 5609 1579 5661 aliis
1641 5609 1920 5677 professus
1965 5616 2054 5660 est

484 5675 873 5742 Apollinarius,
905 5683 1045 5748 teste
1083 5676 1409 5748 Epiphanio,
1443 5678 1537 5746 qui
1586 5675 2053 5748 Antidicomaria-

484 5748 628 5802 nitas
660 5763 755 5803 eos
801 5747 1130 5821 appellabat,
1185 5746 1378 5805 lttcrcs.
1424 5763 1633 5816 uxvu,
1683 5762 1803 5819 cap.
1847 5746 1940 5816 ‘26,
1997 5753 2053 5802 ct

2158 5047 2354 5102 haeres.
2379 5056 2610 5107 Lxxvru,
2649 5057 2771 5112 cap.
2802 5041 2856 5096 Ι.
2903 5040 3037 5097 Post
3090 5040 3516 5112 Apollinarium-
3541 5038 3734 5112 eadem

2159 5116 2384 5171 vesania
2413 5106 2734 5169 laborarunt
2775 5112 3092 5177 Eunomius,
3125 5106 3429 5175 Helvidius,
3489 5106 3734 5165 Jovinia-

2159 5201 2262 5241 nus
2282 5194 2339 5240 et
2364 5185 2626 5241 Bonosus.
2657 5181 2766 5237 Sed
2793 5182 2936 5238 hanc
2966 5183 3217 5237 haeresim
3245 5180 3523 5237 luculento
3541 5179 3735 5235 adver-

2157 5272 2252 5312 sus
2284 5254 2590 5310 Helvidium
2623 5267 2789 5321 opere
2816 5244 3079 5307 contrivit
3102 5252 3491 5323 Hieronymus.

2229 5348 2341 5421 (55)
2370 5346 2585 5417 Λόγον.
2612 5343 2778 5400 Forte
2808 5343 3096 5414 legendum
3127 5342 3277 5401 νοῦν.

2232 5440 2351 5513 (54)
2374 5439 2451 5513 Τά
2487 5436 2845 5513 Eburacae.
2889 5436 3196 5513 Ferrarius
3226 5435 3355 5507 legit
3401 5436 3463 5513 sit
3499 5433 3745 5513 Εύαγγᾶ-

2159 5505 2292 5564 λιον.
2322 5505 2491 5564 Paulo
2512 5505 2634 5576 post
2656 5505 2826 5562 nostri
2856 5508 3073 5562 codices
3108 5505 3314 5562 habent
3346 5524 3360 5558 :
3391 5506 3513 5576 οὐκ)
3542 5505 3743 5576 ἔχομεν

2163 5580 2362 5653 βιϐλίον
2395 5575 2732 5647 εὐαγγέλιον.
2755 5576 2936 5633 Huetii
2960 5578 3130 5633 editio
3162 5577 3349 5632 Omisit
3374 5575 3597 5647 βιϐλίον.

2232 5671 2343 5744 (55)
2381 5671 2607 5744 Ἔστιν,
2644 5669 2723 5744 ἂν
2747 5670 2866 5726 καί.
2895 5668 3020 5727 Ιιεεο
3057 5671 3254 5727 desunt
3280 5667 3334 5724 in
3366 5666 3553 5723 codice
3579 5676 3743 5739 quem

2160 5740 2382 5801 secutus
2414 5751 2496 5800 cst
2529 5740 2779 5799 lluetius.
