4040 6210
368 271 442 324 $3
1467 275 1824 333 (ῚΟΜΜΕΝΤ.
1866 277 1931 332 ΙΝ

2061 273 2161 335 AN.
2200 278 2442 336 Tenus
2474 283 2516 339 l.
3567 292 3638 349 56

378 384 505 440 ἑστι
529 384 683 454 λόγος
724 387 1004 458 περιέχων
1038 389 1243 459 ἀγαθοῦ
1285 390 1362 463 τῷ
1416 392 1725 447 πιστεύοντι
1759 412 1960 466 παρου-

2067 408 2175 465 est,
2198 398 2485 454 continens
2512 397 2639 453 boni
2666 403 3010 470 praesentiant
3036 402 3341 477 cuicunque
3360 407 3633 466 credenti:

386 475 515 530 σίαν
542 477 575 547 ἢ
614 478 765 546 λογος
796 479 1268 552 ἐπαγγελλόμενος
1304 487 1556 555 παρεῖναι
1585 485 1644 538 τὸ
1674 485 1877 554 ἀγαθὸν
1906 488 1967 542 τὸ

392 568 856 641 προσδοκώμενον.
884 571 1097 639 Πάντες
1121 573 1177 627 δὲ
1200 575 1246 627 οἱ
1271 575 1384 647 (56)
1414 558 1800 650 προειρημένοι
1832 581 1966 650 ἡμῖν

386 659 501 730 ὅροι
524 659 640 729 (37)
678 662 1055 732 ὲφαρμόζουσι
1079 667 1192 728 τοῖς
1224 665 1688 740 ἐπιγραφομένοις
1722 670 1965 739 Εὐαγγε-

381 748 536 811 λίοις·
572 749 806 805 lus-sev
827 751 936 824 γάρ
973 754 1302 824 Εὐαγγέλιον
1342 756 1595 830 σύστημα
1622 760 1963 830 ἀπαγγελλο-

384 840 567 910 μένων
594 841 892 913 ὠφελίμων
926 845 1006 916 τῷ
1033 846 1362 913 πιστεύοντι,
1403 849 1496 903 καὶ
1522 849 1599 922 μὴ
1625 853 1962 924 παρεκδεξα-

384 931 555 1002 μένῳ,
577 933 845 1003 τυγχάνον
875 935 1146 1005 ὠφέλειαν
1169 938 1451 1010 ἐμποιοῦν,
1485 940 1625 996 κατὰ
1654 942 1716 996 τὸ
1742 942 1963 1014 εῠλογον

380 1023 667 1095 εὐφραίνει
691 1026 940 1083 διδάσκον
958 1030 1061 1103 τὴν
1080 1030 1146 1085 δι’
1165 1031 1482 1104 ἀνθρώπους
1497 1032 1594 1088 τοῦ
1615 1038 1961 1107 πρωτοτόκου

378 1115 567 1186 πάσης
629 1118 863 1183 κτίσεως
910 1121 1150 1192 Χριστοῦ
1216 1122 1390 1193 Ἰησοῦ
1445 1126 1712 1197 σωτήριον
1774 1129 1962 1193 αὐτοῖς

376 1206 704 1277 ἐπιδημίαν.
751 1210 909 1264 Ἀλλὰ
932 1212 1027 1264 καὶ
1047 1212 1129 1265 ὅτι
1155 1212 1310 1282 λόγος
1341 1216 1489 1271 ἐστὶν
1513 1216 1742 1272 ἕκαστον
1780 1220 1961 1290 Εὐαγ-

376 1298 568 1365 γέλιον
600 1299 857 1355 διδάσκων
886 1303 988 1374 τήν
1016 1302 1112 1357 τοῦ
1138 1305 1343 1374 ἀγαθοῦ
1364 1307 1577 1380 [ἰατρὸς
1610 1311 1669 1363 ὲν
1703 1310 1817 1382 Υίῷ
1848 1316 1962 1378 τοῖς

377 1386 735 1459 βουλομένοις
768 1391 1173 1464 παραδέξασθαι
1209 1395 1529 1468 ἐπιδημίαν,
1567 1401 1728 1453 παντὶ
1759 1400 1838 1471 τῷ
1870 1419 1960 1455 πι-

377 1478 630 1533 στεύοντι
665 1482 851 1551 σαφές·
880 1484 963 1537 ὅτι
982 1484 1040 1537 δὲ
1065 1486 1159 1538 καὶ
1190 1486 1395 1555 ἀγαθὸν
1427 1490 1823 1559 ἀπαγγέλλεται
1870 1495 1960 1549 διὰ

372 1569 485 1623 τῶν
531 1569 755 1641 βιϐλίων
807 1572 1012 1628 τούτων
1057 1576 1117 1630 τὸ
1162 1579 1530 1652 προσδοκηθὲν
1578 1584 1678 1637 οὐκ
1724 1585 1953 1656 ἀσαφές·

374 1662 569 1733 σχεδὸν
597 1662 709 1735 γὰρ
744 1665 775 1716 6
814 1665 1124 1739 Βαπτιστὴς
1185 1670 1435 1743 Ἰωάννης
1474 1674 1574 1745 τὴν
1623 1678 1823 1743 παντὸς
1859 1681 1955 1736 τοῦ

372 1753 506 1809 λαοῦ
536 1754 720 1809 λαϐὼν
768 1759 952 1830 φωνήν
982 1776 1115 1831 φησι
1153 1761 1377 1833 πέμψας
1408 1763 1488 1836 τῷ
1529 1766 1728 1838 Ἰησοῦ*
1787 1772 1873 1825 Σὺ
1904 1773 1961 1827 εί

372 1849 409 1899 ό
437 1845 793 1916 ἐρχόμενος,
838 1848 877 1916 ἦ
906 1848 1113 1916 ἕτερον
1144 1851 1592 1924 προσδοκῶμεν;
1640 1858 1958 1929 Προσδοκιῦ-

373 1950 538 2005 μινον
566 1935 680 2007 γὰρ
706 1936 910 2005 ἀγαθὸν
934 1936 1009 2009 τῷ
1034 1937 1149 2010 λαῷ
1177 1939 1206 1992 ὁ
1233 1941 1467 2012 Χριστὸς
1489 1939 1579 2016 ἦν,
1612 1948 1740 2018 περὶ
1766 1940 1829 2001 οῦ
1858 1967 1959 2021 κη-

376 2028 694 2100 ρυσσόντων
726 2028 836 2082 τῶν
868 2030 1183 2102 προφητῶν,
1227 2033 1387 2105 μέχρι
1416 2037 1512 2090 καὶ
1542 2036 1653 2092 τῶν
1686 2041 1958 2113 τυχόντων

378 2118 580 2183 πάντες
611 2121 696 2183 εἰς
735 2120 899 2173 αὐτὸν
936 2120 1095 2191 ἔσχον
1114 2124 1161 2175 οἱ
1195 2123 1301 2177 ὑπὸ
1338 2125 1501 2196 νόμον
1531 2129 1627 2182 καὶ
1674 2132 1958 2205 προφήτας

378 2212 480 2275 τὶς
514 2211 756 2276 ἐλπίδας,
805 2211 882 2276 ὡς
932 2217 1270 2286 μαρτυρεῐή
1320 2215 1650 2291 Σαμαρεῖτις
1702 2220 1954 2290 λέγουσα·

371 2301 539 2369 Οἶδα,
573 2304 661 2357 ὅτι
694 2306 970 2372 Μεσσίας
1000 2307 1235 2375 ἔρχεται
1264 2310 1298 2361 ό
1329 2312 1656 2380 λεγόμενος
1677 2315 1952 2381 Χριστός-ο

377 2398 569 2450 Ὅταν
618 2395 767 2465 ἔλθῃ
818 2397 1072 2464 ἐκεῖνος,
1119 2398 1449 2471 ἀπαγγελεῖ
1498 2403 1644 2474 ἡμῖν
1698 2404 1954 2460 ἅπαντα.

386 2487 557 2543 Ἀλλὰ
614 2491 711 2543 καὶ
762 2489 945 2560 Σίμων
991 2491 1086 2545 καὶ
1131 2490 1401 2559 Κλεόπας,
1446 2494 1760 2565 ὁμιλοῦντες
1820 2498 1958 2570 πρὸς

370 2580 652 2652 ἀλλήλους
682 2581 804 2651 περὶ
827 2582 1046 2636 πάντων
1071 2582 1178 2636 τῶν
1213 2584 1635 2657 συμϐεϐηκότων
1659 2588 1739 2660 τῷ
1781 2591 1955 2662 Ἰησοῦ

370 2672 531 2743 αὖτῷ
574 2672 655 2743 τῷ
698 2672 917 2745 Χριστῷ
964 2674 1280 2739 ἀναστάντι,
1335 2676 1548 2732 οὐδέπω
1596 2678 1957 2748 γινώσκοντες

370 2765 678 2836 ὲγηγέρθαι
712 2765 872 2819 αὑτὸν
903 2767 969 2820 ἐκ
1000 2766 1207 2839 νεκρῶν
1232 2785 1393 2837 φασι·
1429 2769 1515 2824 Σὺ
1535 2773 1725 2841 μόνος
1751 2787 1957 2843 παροι-

372 2857 503 2923 κεῖς
532 2857 606 2910 ἐν
642 2857 1054 2928 Ἰερουσαλὴμ,
1087 2859 1185 2914 καὶ
1212 2861 1323 2915 οὐκ
1351 2860 1539 2931 ἔγνως
1562 2864 1636 2920 τὰ
1666 2869 1959 2937 γενόμενα

370 2950 445 3001 ἑν
476 2947 641 3016 αὐτῇ
673 2948 744 3001 ἐν
791 2947 920 3014 ταῖς
950 2947 1198 3018 ἡμέραις
1229 2951 1508 3018 ταύταις-ς
1542 2955 1836 3022 Εἰπόντος
1865 2955 1955 3023 δὲ,

370 3038 525 3095 Ποῖα
544 3052 571 3103 ;
594 3039 1039 3109 ἀποκρίνονται,
1088 3040 1164 3095 Τὰ
1193 3040 1328 3112 περὶ
1379 3043 1572 3112 Ἰησοῦ
1611 3045 1719 3101 τοῦ
1768 3047 1956 3110 Ναζα-
1984 3067 2027 3127 ο

364 3131 589 3201 gap-air,
630 3131 699 3197 ὃς
746 3130 978 3199 ἐγένετο
1021 3133 1177 3202 ἀνὴρ
1219 3134 1549 3204 προφήτης,
1589 3137 1847 3207 δυνατὸς
1886 3140 1957 3195 ἐν

371 3224 530 3293 ἔργῳ
576 3222 673 3277 καὶ
720 3222 883 3291 λόγῳ
911 3223 1190 3277 ἐναντίον
1229 3224 1337 3279 τοῦ
1393 3226 1542 3281 Θεοῦ
1584 3229 1683 3283 καὶ
1730 3231 1956 3298 παντὸς

374 3316 481 3371 τοῦ
506 3316 689 3379 λαοῦ,
717 3315 877 3381 ὅπως
906 3332 969 3369 τε
996 3315 1350 3384 παρέδωκαν
1376 3320 1562 3375 αὐτόν
1586 3325 1640 3376 οί
1664 3323 1959 3393 ἀρχιερεῖς

376 3408 475 3462 καὶ
520 3409 581 3463 οε
621 3407 913 3476 ἄρχοντες
962 3406 1132 3476 ἡμῶν
1170 3410 1258 3476 εις
1308 3409 1486 3481 κρῖμα
1532 3414 1813 3483 θανάτου,
1857 3416 1956 3471 καὶ

374 3499 777 3566 ἐσταύρωσαν
831 3499 1040 3552 αὐτόν.
1108 3498 1308 3569 Ἡμεῖς
1357 3499 1426 3553 δὲ
1468 3500 1815 3574 ἠλπίζομεν,
1869 3504 1959 3560 ὅτι

376 3594 564 3659 αὑτός
590 3592 766 3646 ἐστιν
792 3593 825 3645 ό
851 3590 1095 3660 μέλλων
1138 3591 1507 3660 λυτροῦσθαι
1535 3595 1644 3650 τὸν
1699 3597 1954 3666 Ἰσραήλ.

376 3685 524 3756 Πρὸς
548 3683 763 3747 τούτοις
814 3682 1070 3753 ’Δνδρέας
1109 3686 1140 3738 6
1174 3685 1402 3754 ἀδελφὸς
1450 3686 1694 3760 Σίμωνος
1724 3690 1956 3764 Πέτρου,

378 3775 557 3847 stipant
592 3776 688 3829 τδν
722 3775 951 3846 ἀδελφὸν
981 3776 1072 3831 τὸν
1104 3776 1237 3831 ίδιον
1275 3779 1512 3850 Σίμωνα,
1547 3779 1695 3850 λέγει
1718 3798 1733 3813 ο
1762 3783 1957 3853 Εὐρή-

376 3884 573 3938 ωομεν
610 3867 719 3922 τὸν
755 3868 1055 3932 Μεσσίαν,
1093 3867 1127 3922 ὅ
1154 3869 1308 3932 ἐστι,
1342 3873 1957 3941 μεθερμηνευόμενον,

375 3960 657 4028 Χριστός.
706 3958 817 4013 Καὶ
867 3961 985 4030 μετ’
1026 3958 1183 4027 ὀλίγα
1229 3960 1259 4012 6
1303 3959 1592 4024 Φίλιππος,
1646 3961 1823 4034 εὑρὼν
1869 3964 1959 4019 τὸν

374 4048 700 4120 Ναθαναὴλ,
723 4049 870 4119 λέγει
896 4047 1044 4120 αὐτῷ
1061 4066 1075 4079 ·
1117 4052 1226 4103 Ὀν
1248 4050 1472 4121 ἔγραψε
1499 4051 1763 4120 Μωῦσῆς
1786 4052 1857 4107 ἐν
1879 4053 1960 4121 τῷ

372 4142 546 4210 νόμῳ
576 4138 676 4194 καὶ
721 4142 776 4193 oi
818 4139 1137 4209 προφῆται,
1182 4140 1524 4211 εὑρήκαμεν
1568 4141 1675 4196 τὸν
1725 4143 1960 4211 Ἰησοῦν

372 4233 487 4288 τὸν
518 4231 661 4287 υἱὸν
686 4231 791 4286 τοῦ
835 4232 1058 4301 Ἰωσὴφ
1084 4230 1192 4286 τὸν
1222 4232 1341 4287 ἀπὸ
1367 4232 1645 4303 Ναζῖιρέτ.

444 4327 503 4380 8.
561 4322 723 4389 Δόξαι
759 4323 802 4377 δ’
847 4323 913 4379 ἄν
949 4341 1035 4389 τις
1081 4324 1396 4381 ἐνίστασθαι
1446 4324 1524 4396 τῷ
1567 4325 1771 4398 πρώτῳ
1824 4327 1955 4399 ὅρῳ,

2068 486 2171 552 vel,
2204 489 2384 543 oratio
2428 486 2701 544 allirmans
2727 491 2922 547 adesse
2950 494 3152 551 bonum
3177 498 3321 566 quod
3350 510 3639 569 exspecta-

2066 576 2245 634 batur.
2278 577 2482 635 Omnes
2513 589 2692 635 autem
2725 596 2863 651 quas
2907 586 3260 654 prmdisimus
3291 589 3637 647 definitiones

2067 668 2134 724 iis
2182 670 2516 725 conveniunt
2547 686 2667 741 quae
2715 673 3089 731 inscribuntur
3130 677 3462 751 Evangelia:
3510 697 3635 738 cum

2066 755 2210 811 enim
2262 760 2686 830 unumquodque
2740 761 3090 834 Evangelium
3164 767 3236 821 sit
3289 773 3637 828 coacervatio
3724 818 3739 832 .

2067 846 2379 902 nuntiorum
2421 849 2632 904 utilium
2684 850 2733 906 ei
2787 853 2879 922 qui
2929 853 3084 908 fidem
3129 855 3421 929 adjungit,
3463 874 3638 931 neque

2064 950 2264 1006 pra‘ter
2313 954 2628 1009 germanam
2664 943 2949 999 scientiam
2994 946 3273 1017 intelligit,
3326 959 3381 1005 et
3425 951 3630 1007 emolu-

2068 1040 2313 1084 mentum
2351 1030 2563 1098 alferat,
2589 1032 2718 1103 jure
2750 1036 2946 1090 merito
2971 1035 3213 1094 laetitiam
3245 1041 3408 1110 parit,
3438 1044 3637 1099 docens

2064 1120 2356 1175 salutarem
2377 1122 2664 1178 adventum
2683 1125 2748 1179 ad
2766 1124 3035 1192 homines,
3053 1137 3107 1183 et
3128 1141 3348 1200 propter
3363 1133 3636 1198 homines,

2064 1210 2409 1281 primogeniti
2457 1213 2635 1267 omnis
2662 1224 2947 1280 creaturae,
2997 1233 3195 1288 nempe
3241 1218 3369 1276 Jesu
3410 1223 3635 1279 Christi.

2063 1295 2202 1363 Quin
2261 1302 2427 1356 etiam
2480 1307 2626 1373 quod
2688 1305 3039 1376 Evangelium
3095 1314 3518 1385 unumquodque
3566 1317 3637 1369 sit

2062 1389 2261 1455 oratio,
2293 1392 2497 1447 docens
2525 1394 2648 1449 boni
2675 1394 2854 1453 Patris
2878 1401 2930 1452 in
2964 1399 3102 1455 Filio
3129 1404 3419 1463 adventum
3443 1408 3508 1460 ad
3538 1421 3634 1460 vn-

2061 1476 2233 1536 lentes
2261 1496 2385 1537 eum
2413 1485 2669 1555 excipere
2698 1527 2715 1553 ,
2747 1490 2994 1546 credenti
3037 1492 3258 1548 cuilibet
3292 1497 3633 1567 perspicuum

2060 1579 2165 1625 est.
2196 1570 2352 1639 Quod
2381 1582 2561 1628 autem
2591 1586 2967 1645 exspectatum
2990 1581 3156 1636 etiam
3183 1582 3383 1639 bonum
3412 1602 3510 1658 per
3536 1589 3637 1647 hos

2060 1658 2228 1716 libros
2258 1663 2629 1732 promittitur,
2656 1680 2764 1719 non
2802 1678 2886 1722 est
2911 1667 3234 1726 obscurum:
3275 1675 3442 1731 totius
3476 1693 3633 1734 nam.

2059 1765 2166 1821 que
2191 1754 2373 1824 p0puli
2402 1752 2643 1812 ferc'ore
2677 1756 2905 1828 loquens
2928 1760 3170 1831 Baptista
3198 1762 3439 1823 Joannes
3470 1770 3524 1825 in
3555 1772 3633 1825 le-

2058 1843 2278 1914 gatione
2302 1846 2370 1901 ad
2400 1844 2587 1901 Jesum
2620 1850 2783 1905 missa
2817 1852 2894 1906 ait
2914 1851 2991 1907 “:
3038 1853 3184 1909 Num
3226 1870 3282 1910 tu
3313 1875 3369 1913 es
3398 1859 3488 1916 ille
3515 1879 3635 1917 ren-

2059 1946 2208 1991 turns
2233 1976 2249 2001 ,
2291 1955 2361 1992 an
2409 1939 2577 1994 alium
2630 1946 3037 2012 exspectamus?
3070 1946 3456 2018 Esspeclatum
3488 1954 3633 2011 enim

2061 2042 2089 2081 a
2123 2027 2318 2097 populo
2352 2030 2575 2095 bonum,
2606 2030 2766 2088 Jesus
2802 2045 2956 2099 erat;
2998 2037 3063 2091 de
3092 2050 3201 2105 quo
3231 2041 3514 2109 prophetis
3538 2060 3636 2098 an-

2060 2119 2466 2186 nuntiantihus,
2495 2121 2553 2191 8
2575 2123 2741 2177 etiam
2773 2138 2804 2178 e
2833 2124 2994 2196 vulgo
3024 2127 3252 2196 quilibet
3273 2129 3518 2188 homines
3541 2136 3631 2204 qui

2058 2209 2160 2264 sub
2187 2209 2304 2278 lege
2329 2220 2384 2266 et
2413 2213 2695 2282 prophetis
2723 2224 2924 2281 erant,
2955 2217 3008 2270 in
3040 2232 3105 2273 eo
3132 2232 3282 2289 spem
3317 2220 3631 2289 habebant;

2060 2301 2387 2356 Samaritide
2419 2301 2510 2357 illa
2544 2303 2645 2358 hoc
2678 2313 2914 2361 testante
2944 2317 3111 2378 atque
3137 2310 3355 2368 dicente
3382 2312 3457 2369 ιιι
3498 2313 3631 2370 Novi

2058 2392 2199 2463 quod
2244 2390 2465 2450 Messias
2493 2395 2627 2448 renit
2649 2434 2664 2458 ,
2692 2396 2786 2465 qui
2818 2397 3016 2451 dicitur
3048 2399 3313 2458 Christus.
3343 2404 3475 2458 Cum
3510 2421 3633 2477 ergo

2059 2488 2259 2543 venerit
2287 2488 2377 2542 ille
2400 2528 2416 2555 ,
2450 2489 2597 2543 nobis
2635 2491 2899 2546 nuntiabit
2936 2496 3132 2548 omnia.
3186 2495 3326 2564 Quin
3358 2508 3411 2553 et
3445 2498 3632 2554 Simon

2059 2587 2115 2636 et
2142 2577 2396 2651 Cleopas,
2425 2580 2568 2635 inter
2594 2597 2653 2637 se
2681 2598 2964 2641 sermones
2990 2587 3335 2645 conferentes
3363 2591 3432 2646 de
3459 2594 3635 2647 omni-

2059 2669 2160 2727 bus
2179 2686 2299 2743 qua:
2329 2671 2431 2742 ipsi
2457 2671 2583 2728 .lesu
2606 2674 2845 2740 Clu-isto.
2865 2679 2958 2746 qui
2982 2692 3377 2747 resurrexernt,
3405 2685 3636 2741 accidis-

2058 2770 2201 2830 sent,
2225 2764 2464 2819 nondum
2489 2764 2661 2834 ipsum
2686 2781 2716 2819 e
2741 2770 2975 2824 mortuis
2997 2771 3233 2826 excitum
3264 2772 3435 2830 fuisse
3463 2776 3634 2831 scien-

2040 2846 2165 2919 Ἴτε,
2184 2852 2433 2924 inquiunt
2457 2853 2532 2908 ⁸³ι
2564 2853 2641 2908 Τιι
2666 2856 2808 2912 solus
2834 2861 3135 2930 peregrinus
3155 2877 3208 2916 es
3231 2861 3632 2936 Hierosolymis,

2059 2960 2222 3015 neque
2275 2945 2558 3014 cognovisti
2607 2963 2724 3016 qua:
2769 2948 2912 3018 facta
2945 2961 3068 3005 sunt
3119 2951 3231 3006 illic
3268 2952 3350 3008 his
3399 2954 3581 3010 diebus
3609 2957 3637 3012 ?

2060 3033 2294 3106 Cumque
2321 3036 2410 3092 ille
2436 3037 2687 3102 dixisset,
2738 3038 2914 3104 Quae?
2941 3042 3320 3111 responderunt
3346 3084 3362 3110 ,
3403 3043 3475 3100 De
3501 3044 3628 3101 Jesu

2061 3126 2345 3182 Nasareno
2374 3168 2389 3193 ,
2417 3129 2509 3197 qui
2553 3128 2655 3199 [uit
2693 3129 2771 3183 vir
2815 3128 3080 3203 Propheta
3109 3173 3126 3199 ,
3164 3144 3348 3203 potens
3394 3152 3546 3206 opere
3584 3146 3633 3191 et

2058 3234 2295 3273 sermone
2320 3236 2498 3274 eorum
2542 3221 2650 3278 Deo
2677 3231 2727 3278 et
2763 3232 2871 3278 toto
2896 3224 3090 3295 populo
3114 3241 3135 3281 :
3166 3237 3213 3282 et
3241 3229 3500 3298 quomodo
3522 3235 3632 3286 tra-

2058 3312 2302 3366 diderunt
2330 3328 2446 3366 eum
2474 3315 2670 3369 summi
2699 3316 2999 3371 sacerdotes
3026 3330 3073 3373 et
3100 3319 3361 3387 principes
3383 3321 3550 3376 nostri
3575 3319 3633 3376 in

2059 3403 2541 3459 condemnationem
2585 3407 2797 3473 mortis,
2835 3418 2883 3465 et
2916 3409 3289 3479 cruciﬁxeruttt
3331 3428 3472 3485 eum.
3521 3409 3634 3466 Nos

2059 3508 2231 3550 autem
2273 3498 2610 3566 sperabamus
2650 3515 2766 3555 eum
2801 3517 2912 3556 esse
2943 3501 3096 3557 illum
3133 3503 3224 3573 qui
3269 3505 3634 3574 redempturus

2058 3598 2190 3644 esset
2217 3591 2413 3648 Israel.
2446 3590 2529 3646 Ad
2560 3593 2674 3648 hare
2705 3592 2966 3658 Andreas,
3000 3592 3170 3649 frater
3204 3593 3441 3651 Simonis
3463 3594 3631 3657 Petri,

2060 3688 2276 3750 reperto
2305 3680 2477 3736 fratre
2497 3696 2596 3736 suo
2627 3683 2871 3748 Simone,
2904 3682 3037 3738 dicit
3057 3682 3133 3737 δί
3164 3681 3469 3739 Invenimus
3502 3683 3635 3739 Hes-

2058 3773 2194 3825 siam
2227 3772 2368 3840 quod
2398 3780 2513 3837 est,
2563 3771 2607 3825 si
2658 3771 3014 3840 interpreteris
3041 3812 3057 3839 ,
3091 3771 3354 3829 Christus.
3387 3773 3632 3845 Cumque

2059 3861 2220 3930 paulo
2247 3871 2372 3932 post
2403 3861 2684 3933 Philippus
2718 3864 3014 3934 reperisset
3041 3864 3466 3936 Nathanaelom,
3502 3867 3636 3924 dicit

2063 3950 2139 4004 illi
2174 3951 2252 4005 "z
2288 3950 2366 4006 De
2397 3968 2499 4022 quo
2535 3952 2744 4021 scripsit
2774 3950 2985 4026 Moyses
3018 3957 3073 4009 in
3107 3955 3237 4026 lege,
3265 3964 3315 4010 et
3346 3956 3632 4027 prophetat,

2061 4039 2345 4095 invenimus
2373 4039 2555 4097 Iesum
2587 4041 2758 4110 ﬁlium
2787 4041 2983 4115 Ioseph
3019 4042 3388 4102 Nazarenam.

2130 4320 2185 4377 8.
2220 4320 2376 4389 Quod
2407 4322 2454 4378 si
2490 4320 2615 4392 quis
2649 4336 2950 4392 repugnare
2979 4321 3109 4377 velit
3143 4322 3334 4393 primae
3364 4322 3633 4380 definitio-

375 4417 502 4472 ἐπεὶ
555 4416 655 4470 καὶ
700 4416 770 4471 τὰ
828 4415 904 4489 μὴ
964 4416 1422 4490 ἐπιγεγραμμένα
1470 4397 1778 4486 Εὐαγγέλια
1823 4397 1957 4473 ὑπο-

2065 4411 2143 4479 ni,
2179 4415 2310 4483 quia
2349 4414 2551 4467 cadant
2588 4421 2644 4468 et
2674 4397 2779 4466 alia
2820 4412 2921 4467 sub
2968 4424 3090 4467 eam
3136 4426 3256 4482 qua:
3285 4427 3393 4468 non
3439 4412 3632 4467 inscri-

376 4509 574 4563 πίπτει
619 4505 803 4578 αὐτῷ’
854 4508 884 4560 6
925 4506 1038 4578 γὰρ
1075 4508 1239 4579 νόμος
1283 4509 1377 4561 καὶ
1406 4509 1456 4561 οί
1503 4509 1778 4581 προφῆται
1810 4508 1958 4580 λόγοι

374 4599 734 4656 πιστεύονται
803 4594 944 4654 εἶναι
1004 4599 1351 4672 περιέχοντες
1416 4600 1756 4670 ἀπαγγελίαν
1815 4619 1958 4675 πρα-

374 4693 612 4764 γμάτων
644 4687 789 4744 κατὰ
814 4689 878 4743 τὸ
920 4687 1145 4757 εὔλογον
1183 4688 1272 4742 διὰ
1297 4687 1357 4743 τὸ
1383 4688 1613 4758 ὠφελεῖν
1640 4689 1960 4762 εὐφραινόνο

375 4801 486 4838 των
510 4784 645 4848 τοὺς
676 4780 994 4846 ἀκούοντας,
1030 4779 1170 4834 ἐπὰν
1214 4778 1623 4853 παραδέξωνται
1656 4779 1726 4835 τὰ
1776 4781 1957 4850 ἀπαγ-

375 4873 707 4944 γελλόμενα.
752 4869 984 4942 Λεχθείη
1021 4870 1069 4924 δ’
1117 4870 1185 4924 ἂν
1213 4869 1349 4942 πρὸς
1396 4868 1556 4923 τοῦτο
1593 4870 1676 4923 ὅτι
1708 4869 1815 4942 πρὸ
1857 4869 1958 4941 τῆς

374 4963 625 5038 Χριστοῦ
677 4961 969 5034 ἐπιδημίας
1012 4963 1042 5016 6
1090 4961 1251 5033 νόμος
1296 4961 1391 5014 καὶ
1429 4961 1479 5014 οἱ
1525 4961 1822 5033 προφῆται,
1861 4959 1958 5015 ἅτε

377 5055 615 5128 μηδέπω
645 5051 963 5124 ὲληλὺθότος
990 5050 1083 5105 τοῦ
1107 5050 1176 5105 τὰ
1198 5051 1256 5103 ὲν
1275 5049 1457 5112 αὐτοῖς
1492 5050 1764 5120 μυστήρια
1787 5064 1962 5118 σαφη-

376 5149 648 5213 νὶζοντος,
668 5144 768 5198 οὐκ
790 5139 934 5215 εἶχον
957 5144 1017 5197 τὸ
1039 5141 1360 5214 ἐπάγγελμα
1383 5140 1479 5195 τοῦ
1503 5142 1631 5214 περί
1661 5140 1756 5199 τοῦ
1786 5140 1962 5211 Εὐαγ-

374 5237 569 5308 γελίου
602 5237 753 5310 ὅρου·
788 5236 818 5289 6
843 5236 899 5290 δὲ
932 5236 1144 5308 Σωτὴρ,
1173 5233 1520 5304 ἐπιδημήσας
1546 5232 1641 5287 καὶ
1688 5230 1748 5286 τὸ
1778 5231 1961 5300 Εὐαγ-

376 5331 565 5399 γέλιον
616 5328 1132 5400 ωματοποιηθῆναι
1194 5327 1449 5398 ποιήσας,
1511 5323 1590 5394 τῷ
1643 5322 1962 5395 Εὐαγγελίῳ

451 5497 496 5529 ⁸³
526 5493 722 5550 latth.
750 5508 827 5559 Il,
854 5493 909 5550 3.
985 5492 1029 5523 “
1055 5488 1213 5545 Joau.
1238 5503 1309 5551 tv,
1335 5487 1426 5543 25.
1499 5486 1547 5519 “
1572 5484 1705 5541 Luc.
1730 5499 1881 5550 χιιι,
1908 5485 1997 5553 l8,
2024 5486 2090 5543 l9
2111 5495 2167 5542 et
2191 5501 2344 5559 seqq.

2060 4503 2266 4557 bantur
2296 4501 2573 4572 Evangelii
2616 4500 2790 4564 titulo,
2821 4501 3071 4571 dicatque
3105 4499 3278 4571 legem
3309 4509 3367 4556 et
3398 4501 3629 4572 prophe-

2062 4593 2199 4648 ticos
2223 4606 2506 4649 sermones
2530 4595 2811 4648 continuere
2833 4591 3083 4646 nuntium
3118 4604 3296 4645 rerum
3324 4603 3467 4659 quae,
3487 4593 3630 4659 quod

2060 4683 2222 4739 utiles
2251 4682 2363 4739 sint
2390 4722 2407 4750 ,
2457 4684 2652 4739 merito
2682 4682 2924 4738 laetitiam
2956 4681 3178 4751 pariunt
3202 4680 3439 4737 auditori
3470 4683 3632 4738 simul

2064 4791 2129 4831 ac
2158 4775 2226 4829 ah
2255 4775 2371 4844 ipso
2398 4776 2713 4845 approbata:
2743 4774 2963 4841 fuerint,
2990 4772 3432 4843 respondebimus
3454 4773 3630 4847 legem

2065 4873 2121 4919 et
2168 4862 2517 4934 propheticos
2562 4878 2843 4919 sermones
2887 4873 3014 4919 ante
3066 4863 3274 4920 Christi
3313 4865 3633 4933 adventum,

2066 4956 2193 5027 quia
2238 4956 2476 5011 nondum
2523 4955 2831 5011 advenisset
2871 4954 2961 5011 ille
3004 4955 3098 5026 qui
3154 4957 3208 5012 in
3255 4955 3340 5010 his
3380 4962 3636 5011 contenta

2068 5056 2341 5104 reseraret
2372 5047 2651 5120 mysteria,
2681 5060 2787 5102 non
2814 5046 3066 5103 habuisse
3089 5045 3349 5116 ejusmodi
3378 5045 3627 5101 nuntium

2067 5140 2217 5210 quod
2245 5137 2528 5211 Evangelii
2563 5138 2881 5197 definitione
2911 5141 3250 5196 continetur:
3284 5136 3633 5193 Senatorem

2067 5243 2199 5287 vero
2221 5272 2238 5299 ,
2270 5234 2337 5286 ad
2368 5246 2469 5288 nos
2499 5247 2623 5290 cum
2673 5229 2996 5288 accessisset
3023 5270 3040 5298 ,
3073 5240 3128 5284 et
3173 5236 3235 5285 ut.
3282 5225 3637 5299 Evangelium

2071 5337 2304 5396 corpore
2350 5332 2495 5383 esset
2524 5326 2811 5398 praeditum
2841 5320 3111 5379 eﬂ‘ecisset
3138 5360 3157 5389 ,
3187 5319 3482 5392 perfecisse
3511 5335 3635 5378 cum

2420 5487 2468 5520 “
2495 5484 2653 5543 Juan.
2685 5501 2724 5551 ι,
2751 5484 2842 5539 Η.
2916 5483 2962 5516 ⁸⁷
2995 5482 3151 5539 Joan.
3180 5500 3219 5553 ι,
3247 5484 3340 5542 45.

458 5586 569 5660 (56)
634 5588 828 5660 Mm
872 5583 1175 5660 ξςριέκων.
1191 5580 1432 5660 ,ἀναθρεῖ
1489 5578 1570 5646 τῷ
1618 5578 1960 5660 emat???"

2072 5579 2370 5660 Bar_b_eri_n_o
2396 5588 2451 5633 et
2476 5577 2794 5660 liodleiatt‘o.

387 5648 822 5730 maugitus-9..
885 5648 1211 5730 Hiiyiéqde
1236 5648 1315 5730 oi.
1353 5651 1478 5706 llaec
1525 5652 1705 5706 omnia
1746 5648 1961 5730 deside-

393 5718 583 5780 rantur
608 5728 664 5781 in
693 5726 935 5780 editione
955 5718 1156 5790 Hiietii,
1187 5723 1545 5779 restituuntur
1570 5736 1635 5775 ex
1682 5718 1959 5774 codicibus

2142 5650 2256 5722 (37)
2280 5650 2465 5718 Ὅροι.
2492 5648 2669 5705 Codex
2705 5646 3052 5714 Bodleianus,
3077 5646 3248 5720 λόγοι.
