4082 6224
26 95 36 330 ξ

24 589 32 842 ¹

485 325 559 382 35
1931 319 2076 377 ΟΜ(

2177 319 2260 374 ilS
3694 329 3768 382 δεῖ

485 439 804 510 Evangelia,
829 448 894 493 ιιι
919 439 1100 494 omnia
1135 447 1318 493 essent
1343 438 1519 493 instar
1545 437 1842 506 Evangelii.
1879 435 2065 506 Neque

2177 433 2347 487 πάντα
2404 434 2539 487 ὡσεὶ
2606 430 2936 500 Εὐαγγέλιον
2985 429 3288 502 πεποίηκεν
3313 448 3326 462 ·
3388 431 3485 488 καὶ
3531 432 3636 488 οὐκ
3696 435 3770 488 ἂν

483 544 683 603 pra‘ter
725 532 1065 603 propositum
1113 531 1366 599 exemplo
1421 539 1604 584 uterer
1632 571 1646 593 ,
1686 530 1774 598 qui
1807 544 2070 597 panem...

489 626 724 692 Quando
746 625 986 679 cnim....
1021 623 1145 677 [iliis
1186 622 1470 677 hominum
1502 621 1787 674 divinitate
1822 635 1942 683 sua,
1980 621 2074 673 ab-

485 719 614 780 lato,
645 716 862 786 quodin
892 715 1010 785 lege
1027 723 1083 768 et
1107 715 1389 782 prophetis
1420 721 1560 778 erat,
1591 712 1878 774 velamine,
1905 711 2076 764 Deum

413 831 416 834 ’
482 808 648 863 certis
686 807 996 861 rationibus
1022 806 1282 862 ostendit.
1319 805 1495 873 palam
1526 805 1719 859 oculos
1747 819 1956 874 ponens
1988 805 2074 858 his

483 898 576 963 qui
611 897 895 966 sapientiae
948 895 1067 966 ejus
1103 893 1359 963 discipuli
1403 894 1601 948 vellent
1651 893 1788 955 ﬁeri,
1824 908 2072 962 qumnam

487 999 612 1037 vera
655 984 738 1038 lex
771 983 976 1055 Moysis
1016 984 1344 1045 contineret,
1393 999 1620 1049 quorum
1670 984 1976 1053 exemplum
2019 994 2074 1037 et

487 1071 731 1129 umbram
766 1075 1022 1129 colebant
1065 1073 1303 1142 antiqui:
1350 1082 1405 1126 et
1450 1090 1700 1144 qmenam
1746 1074 1810 1128 sit
1869 1074 2072 1127 veritas

487 1184 667 1223 rerum
704 1169 756 1222 in
803 1167 1047 1221 historiis
1077 1177 1487 1229 contentarum,
1513 1181 1631 1236 qua:
1661 1167 1712 1220 in
1747 1167 1917 1232 ﬁgura
1942 1181 2072 1220 con-

490 1261 766 1328 tingebant
784 1259 912 1321 illis,
929 1269 1151 1328 propter
1167 1273 1264 1312 nos
1279 1257 1500 1325 scripta,
1523 1259 1588 1310 ad
1607 1272 1743 1325 quos
1761 1257 1893 1312 ﬁnes
1911 1271 2076 1309 szecu-

489 1353 665 1405 lorum
693 1350 750 1420 9
772 1350 985 1404 deducti
1010 1361 1138 1403 sunt
1167 1348 1232 1401 ”.
1263 1347 1452 1402 Nullus
1475 1361 1605 1416 ergo
1628 1347 1693 1401 ad
1725 1361 1886 1416 quem
1917 1346 2073 1400 Chri-

487 1454 604 1497 stus
636 1442 952 1504 accesserit,
979 1440 1062 1492 νυι
1100 1442 1150 1492 in
1183 1438 1686 1508 Hierosolymorum
1719 1438 1870 1500 urbe,
1905 1438 1994 1490 vel
2021 1439 2072 1491 in

489 1533 894 1587 Samaritarum
925 1542 1108 1585 monte
1139 1529 1305 1584 Deum
1339 1531 1560 1590 adorat;
1599 1531 1694 1585 sed
1717 1546 1840 1583 cum
1871 1530 2077 1584 didice-

491 1627 561 1679 rit
596 1624 762 1677 Deum
815 1623 1065 1690 Spiritum
1106 1637 1248 1686 esse,
1281 1621 1640 1691 spiritualiter
1685 1621 1836 1675 illum
1889 1621 2075 1674 colens

489 1717 685 1786 spiritu
713 1725 765 1769 et
801 1715 1053 1776 veritate,
1086 1729 1191 1767 non
1229 1712 1462 1782 amplius
1507 1714 1608 1767 sub
1638 1712 1826 1782 liguris
1853 1709 2068 1766 Patrem

489 1808 868 1862 universorum
926 1804 1224 1873 mundique
1274 1803 1525 1872 opiﬁcem
1567 1803 1780 1856 adorat.
1861 1801 2067 1868 Quam-
2103 1779 2144 1834 Β

484 1903 673 1960 obrem
709 1908 833 1953 ante
862 1897 991 1952 illud
1027 1895 1377 1965 Evangelium
1428 1895 1570 1967 quod
1595 1910 1690 1965 per
1723 1893 1923 1950 Christi
1977 1896 2072 1950 ad-

489 2000 710 2044 ventum
741 2000 823 2043 est
859 1998 1064 2054 ortum,
1102 1985 1238 2040 nihil
1270 2001 1452 2040 rerum
1499 1987 1844 2055 antiquarum
1897 1986 2074 2039 Evan-

488 2081 686 2149 gelium
735 2088 872 2133 erat.
908 2079 1077 2132 Porro
1107 2076 1481 2144 Evangelinm,
1533 2078 1674 2146 quod
1729 2085 1811 2131 est
1864 2074 2070 2130 Novum

487 2176 928 2236 Testamentum,
955 2187 1076 2226 cum
1109 2185 1208 2225 nos
1233 2186 1261 2222 a
1289 2179 1559 2224 vetustate
1591 2170 1785 2225 littera:
1816 2170 2072 2225 abduxis-

490 2279 594 2331 sct,
621 2268 846 2336 spiritus
870 2265 1164 2320 novitatem
1199 2277 1473 2330 nunquam
1503 2271 1902 2328 senescentem,
1928 2274 1983 2318 et
2005 2263 2072 2317 ad

489 2361 699 2416 Novum
731 2360 1135 2413 Testamentum
1179 2353 1396 2423 proprie
1452 2356 1836 2422 pertinentem,
1865 2368 1983 2423 quze
2018 2353 2071 2406 in

489 2453 745 2506 munibus
772 2462 851 2504 est
881 2447 1204 2516 Scripturis,
1234 2447 1361 2502 luce
1403 2445 1728 2513 cognitionis
1758 2445 2070 2500 illustravit.

491 2545 728 2600 Necesse
763 2551 944 2595 autem
972 2549 1110 2606 erat,
1153 2539 1203 2592 id
1243 2539 1386 2608 quod
1412 2539 1678 2592 t-lllcicbat
1710 2548 1766 2591 nt
1800 2539 1852 2592 in
1885 2535 2076 2591 Testa-

494 2646 679 2690 mento
707 2633 887 2688 Veteri
917 2642 1202 2702 putaretur
1234 2629 1585 2700 Evangelium
1617 2645 1759 2694 esse,
1804 2631 2074 2701 prmcipue

487 2725 844 2796 Evangeliqu
882 2721 1164 2792 appellari.

560 2839 614 2910 9.
661 2839 917 2890 Attamen
968 2849 1075 2887 non
1126 2829 1484 2902 ignorandum
1547 2829 1700 2884 nobis
1747 2841 1828 2884 est
1872 2827 2088 2886 Christi.

491 2933 813 2990 adventum,
848 2938 1142 2998 antequam
1187 2940 1416 2994 corpore
1446 2927 1512 2978 ad
1545 2932 1722 2976 terras
1767 2922 2073 2976 descende-

491 3031 596 3088 ret,
626 3018 1021 3088 iutclligiliih-m
1073 3015 1242 3068 multo
1297 3022 1426 3067 ante
1464 3011 1662 3066 factum
1698 3010 1866 3066 fuisse
1896 3011 2077 3080 perle-

489 3111 773 3174 etiorihus,
809 3109 1138 3174 minimeque
1195 3103 1454 3172 parVulis,
1489 3103 1686 3170 quippe
1717 3101 1808 3169 qui
1837 3117 1864 3152 a
1898 3100 2074 3170 parda-
2101 3123 2142 3180 ρ

491 3216 749 3273 gogornm
785 3207 1210 3264 cnratormnque
1241 3210 1371 3250 cura
1401 3210 1464 3249 ac
1494 3197 1658 3249 tutela
1689 3193 1842 3247 liberi
1868 3201 2070 3257 essent,

490 3295 562 3348 ob
598 3291 790 3347 oculos
819 3291 1084 3345 habentes
1108 3285 1494 3355 plenitudinem
1521 3301 1638 3340 eam
1673 3285 1931 3356 temporis
1955 3300 2074 3353 quae

493 3397 675 3440 mente
701 3385 1059 3444 cernebatur:
1090 3395 1147 3438 nt
1174 3381 1422 3439 erantilli
1459 3379 1803 3450 patriarchte,
1836 3388 1891 3433 et
1921 3377 2074 3449 Μογ-

493 3495 580 3534 ses
616 3477 703 3532 ille
739 3487 922 3532 tantus
979 3492 1192 3541 servus,
1243 3490 1307 3530 ac
1365 3473 1557 3542 reliqui
1613 3472 1928 3542 prophetae,
1981 3469 2072 3540 qui

490 3575 690 3631 Christi
731 3575 960 3644 gloriam
995 3571 1344 3640 contemplati
1371 3578 1517 3624 sunt.
1551 3567 1826 3622 Cazterutn
1866 3574 1924 3619 ιιι
1949 3577 2074 3620 ante

489 3667 829 3736 corporalem
862 3676 917 3722 et
952 3664 1299 3721 manifestum
1354 3664 1645 3718 adventum
1699 3660 1765 3714 ad
1802 3658 2075 3729 perfectos

491 3762 812 3822 advenerat,
843 3760 922 3814 sic
951 3758 1116 3812 etiam
1145 3766 1263 3826 post
1287 3753 1620 3825 divulgatam
1644 3750 1816 3822 ipsius
1849 3765 2078 3818 prmscn-

493 3856 621 3907 tiam
649 3851 712 3905 ad
751 3866 846 3904 eos
876 3851 966 3918 qui
1009 3850 1305 3903 etiamnum
1344 3857 1471 3901 sunt
1507 3845 1750 3914 parvuli,
1789 3844 1918 3915 quia
1967 3843 2075 3895 sint

493 3942 592 3996 sub
624 3941 974 3994 curatoribus
1008 3947 1062 3992 et
1115 3936 1676 3998 administratorilms,
1722 3950 1786 3988 ac
1835 3933 2072 3987 nondum

490 4031 842 4107 pervenerint
880 4031 946 4086 ad
999 4030 1262 4098 temporis
1309 4027 1736 4107 plenitudinem,
1792 4042 2074 4081 sermones

492 4125 710 4194 quidam
776 4136 1142 4192 prtecursores
1197 4096 1822 4183 Christi'adveuerunt,
1873 4121 2074 4174 animis

496 4213 796 4282 puerilibus
823 4210 1244 4272 accommodati,
1279 4210 1372 4278 qui
1411 4209 1534 4278 jure
1566 4210 1838 4278 pmdagogi
1873 4223 2074 4262 vocen-

497 4319 602 4359 tur.
639 4308 701 4358 At
741 4320 870 4359 vero
906 4304 1020 4372 ipse
1050 4303 1240 4369 Filius,
1268 4303 1382 4371 ipse
1410 4301 1744 4373 gloriﬁcatus
1776 4301 1914 4355 Deus
1941 4301 2075 4356 Ver-

495 4399 620 4453 bum
653 4399 888 4450 nondum
929 4395 1181 4460 advenit;
1215 4394 1470 4448 nimirum
1520 4403 1848 4463 exspectans
1895 4403 1951 4447 ut
1982 4392 2074 4448 Dei

2174 523 2283 578 ἀπὸ
2315 521 2520 577 σκοποῦ
2551 521 2865 595 χρησαίμην
2899 519 2977 591 τῷ
3005 520 3410 592 παραδείγματι
3440 523 3535 577 τοῦ
3583 526 3769 596 μικρὰ

2175 616 2269 669 καὶ
2325 615 2406 668 ὃτι
2463 614 2698 668 δλον.....
2757 615 2926 666 Ὅταν
2961 611 3092 685 γάρ.
3125 653 3138 666 .
3164 653 3176 665 .
3205 651 3220 666 .
3256 652 3270 666 .
3302 614 3455 679 υἱοὺς
3489 616 3602 688 (38)
3653 617 3772 670 τῶν

2178 707 2482 780 ἀνθρώπων
2533 708 2599 778 τῇ
2659 704 2898 776 θειότητι
2951 704 3116 759 αὑτοῦ
3171 705 3436 775 περιελὼν
3476 706 3538 760 τὸ
3586 708 3645 761 ἐν
3692 707 3774 779 τῷ

2178 799 2328 869 νόμῳ
2361 799 2454 852 καὶ
2485 798 2793 872 προφήταις
2834 796 3096 867 κάλυμμα
3128 797 3240 867 (59)
3276 798 3494 853 πάντων
3520 797 3582 852 τὸ
3610 799 3772 852 Θεῖον

2176 891 2448 955 ἀπέδειξε,
2480 889 2732 961 φανερῶς
2781 890 3140 960 παραστήσας
3164 892 3278 953 τοῖς
3327 889 3633 961 βουληθεῖσι
3666 891 3773 960 τῆς

2176 983 2367 1053 σοφίας
2401 981 2564 1037 αὐτοῦ
2587 980 2841 1050 γενέσθαι
2878 980 3148 1052 μαθηταῖς
3170 981 3293 1036 τίνα
3312 979 3382 1034 τά
3404 980 3636 1053 ἀληθινὰ
3667 982 3770 1035 τοῦ

2176 1075 2454 1138 Μωῦσέως
2511 1073 2680 1144 νόμου
2703 1113 2719 1138 ,
2774 1066 2850 1126 ὦν
2903 1073 3264 1143 ὑποδείγματι
3313 1072 3410 1127 καὶ
3464 1075 3592 1144 σκιᾷ
3641 1074 3774 1127 ἐλά-

2179 1183 2372 1238 τρευον
2401 1167 2450 1218 οἱ
2504 1165 2694 1229 πάλαι,
2749 1165 2842 1219 καὶ
2896 1164 2978 1227 τίς
3028 1166 3061 1235 η
3110 1164 3337 1236 ἀλήθεια
3376 1163 3485 1218 τῶν
3543 1166 3603 1218 ἐν
3642 1169 3772 1229 ταῖς

2187 1257 2450 1327 ἱστορίαις
2515 1256 2878 1328 πραγμάτων,
2927 1255 3082 1308 ama
3147 1256 3390 1320 τυπικῶς
3451 1255 3770 1310 συνέϐαινεν

2177 1350 2408 1412 ἐκείνοις
2429 1365 2442 1378 ·
2481 1347 2695 1419 ἐγράφη
2726 1347 2782 1400 δέ
2829 1347 2896 1398 δι“
2927 1347 3074 1417 ἡμᾶς
3096 1386 3110 1409 ,
3161 1348 3238 1410 εἰς
3273 1345 3366 1409 οὓς
3396 1345 3464 1400 τὰ
3490 1345 3617 1416 τέλη
3655 1345 3769 1400 τῶν

2177 1439 2387 1494 αἰώνων
2447 1441 2772 1510 κατήντησε.
2835 1440 2952 1502 Πᾶς
2994 1433 3088 1492 οῦν
3143 1430 3188 1505 ᾧ
3243 1438 3477 1509 Χριστὸς
3514 1437 3766 1510 ἐπιδεδή-

2181 1550 2376 1604 μηκεν,
2410 1531 2534 1586 οῦτε
2568 1534 2625 1584 ἐν
2664 1530 3058 1604 Ἰεροσολύμοις
3087 1527 3211 1583 οῦτε
3246 1532 3304 1583 ἐν
3332 1529 3410 1600 τῷ
3432 1529 3538 1584 τῶν
3578 1531 3768 1601 Σαμα-

2181 1624 2374 1696 ρειτῶν
2425 1623 2541 1692 ops:
2587 1621 2697 1694 (40)
2739 1624 3036 1694 προσκυνεῖ
3064 1619 3143 1690 τῷ
3171 1621 3327 1692 Θεῷο
3373 1621 3508 1675 ἀλλὰ
3554 1621 3763 1692 μαθὼν,

2177 1714 2258 1767 ὅτι
2314 1713 2530 1783 πνεῦμα
2588 1714 2617 1765 ό
2661 1712 2813 1776 Θεὸς,
2875 1712 3259 1782 πνευματικῶς
3288 1710 3566 1782 λατρεύων
3615 1711 3766 1781 αὐτῷ

2173 1806 2440 1875 πνεύματι
2474 1807 2570 1858 καὶ
2597 1803 2844 1876 ἀληθείᾳ,
2876 1803 3061 1857 οὐκέτι
3093 1803 3150 1857 δέ
3176 1803 3441 1869 τυπικῶς,
3469 1806 3767 1874 προσκυνεί

2172 1898 2262 1950 τὸν
2293 1897 2401 1950 τῶν
2428 1896 2567 1950 ὅλων
2605 1896 2827 1968 Πατέρα
2860 1895 2956 1949 καὶ
3001 1894 3354 1966 δημιουργόν.
3406 1893 3617 1948 Οὐκοῦν
3657 1895 3765 1965 πρὸ

2175 1989 2268 2042 τοῦ
2301 1987 2654 2058 Εὑαγγελίου,
2685 1987 2714 2041 ὃ
2738 1987 2929 2056 γέγονε
2956 1987 3044 2041 διά
3066 1987 3165 2058 τὴν
3183 1985 3416 2057 Χριστοῦ
3447 1985 3758 2056 ἐπιδημίαν,

2173 2079 2326 2132 οὐδὲν
2356 2077 2464 2132 τῶν
2494 2077 2662 2132 πάλαι
2716 2075 3046 2146 Εὐαγγέλιον
3083 2071 3170 2146 ἦν.
3207 2075 3279 2128 Τὸ
3311 2075 3368 2128 δὲ
3413 2075 3760 2145 Εὐαγγέλιον,

2176 2173 2311 2246 ὅπερ
2347 2173 2465 2225 ἐστὶ
2496 2170 2740 2243 Διαθήκη
2776 2170 2972 2240 Καινὴ,
3001 2168 3314 2238 ἁποστῆσαν
3355 2170 3504 2238 ἡμᾶς
3541 2167 3761 2222 παλαιό-

2173 2280 2334 2334 τητος
2381 2262 2474 2316 τοῦ
2517 2263 2864 2335 γράμματος,
2899 2261 2996 2333 τὴν
3039 2259 3305 2332 μηδέποτε
3353 2259 3762 2332 παλαιουμένην

2174 2355 2472 2426 καινότητα
2490 2353 2584 2408 τοῦ
2614 2352 2945 2424 πνεύματος,
2970 2351 3174 2404 οἰκείαν
3198 2350 3296 2420 τῆς
3327 2351 3537 2420 Καινῆς
3563 2350 3761 2420 Διαθή-

2175 2464 2278 2518 κης
2312 2447 2683 2516 τυγχάνουσαν
2704 2487 2718 2511 ,
2760 2447 2817 2498 ἐν
2859 2444 3060 2507 πάσαις
3095 2442 3456 2512 ἀνακειμένην
3495 2441 3756 2512 Γραφαῖς,

2175 2538 2252 2608 τῷ
2277 2540 2417 2608 φωτὶ
2442 2538 2542 2606 τῆς
2571 2537 2824 2605 γνώσεως
2849 2535 3182 2606 ἀνέλαμψεν.
3221 2534 3417 2606 Ἐχρῆν
3445 2533 3502 2586 δὲ
3529 2533 3591 2586 τὸ
3607 2549 3762 2602 ποιη-

2175 2633 2327 2686 τικὸν
2367 2631 2459 2685 τοῦ
2509 2631 2602 2684 καὶ
2636 2633 2692 2683 ὲν
2729 2633 2794 2701 τῇ
2846 2629 3056 2699 Παλαιᾷ
3107 2626 3349 2698 Διαθήκῃ
3400 2624 3761 2698 νομιζομένου

2177 2724 2510 2793 Εὑαγγελίου
2550 2722 2846 2794 ἐξαιρέτως
2875 2720 3156 2775 καλεῖσθαι
3190 2719 3540 2788 Εὑαγγέλιον.

2248 2817 2301 2871 9.
2337 2815 2483 2886 Πλὴν
2513 2816 2612 2868 οὐκ
2643 2812 2936 2884 ἁγνοητέον
2960 2801 3198 2882 Χριστοῦ
3228 2810 3520 2882 ἐπιδημίαν
3545 2809 3640 2864 καὶ
3661 2810 3766 2882 πρὸ

2175 2913 2277 2984 τῆς
2308 2910 2452 2965 κατὰ
2487 2907 2643 2979 σῶμα
2669 2906 2964 2976 ἐπιδημίας
2989 2906 3086 2976 τὴν
3112 2905 3307 2976 νοητὴν
3345 2904 3626 2974 γεγονέναι
3653 2907 3766 2967 τοῖς

2176 3002 2532 3075 τελειοτέροις
2578 3000 2674 3054 καὶ
2711 2999 2772 3052 οῦ
2799 2998 3033 3067 νηπίοις,
3063 2997 3194 3070 οὐδὲ
3235 2997 3341 3048 ὑπὸ
3390 2996 3766 3064 παιδαγωγοὺς

2177 3099 2272 3152 καὶ
2317 3094 2648 3166 ἐπιτρόπους
2696 3092 3184 3161 ἐπιτυγχάνουσιν,
3211 3085 3292 3152 οἷς
3337 3089 3396 3142 τὸ
3445 3089 3633 3161 νοητὸν
3671 3087 3765 3142 τοῦ

2177 3189 2368 3260 χρόνου
2401 3188 2672 3257 πλήρωμα
2706 3183 2920 3254 ἐνέστη,
2951 3180 3315 3253 πατριάρχαις
3335 3219 3349 3243 ,
3404 3181 3499 3235 καὶ
3545 3181 3767 3236 Μωῦσεῐ

2177 3281 2252 3351 τῷ
2288 3279 2612 3352 θεράποντι,
2670 3277 2762 3330 καὶ
2824 3279 2938 3339 τοῖς
2979 3273 3330 3344 τεθεαμένοις
3372 3273 3610 3343 Χριστοῦ
3665 3273 3762 3344 τὴν

2176 3371 2333 3438 δόξαν
2371 3370 2696 3441 προφήταις.
2742 3367 2954 3436 Ὥσπερ
2983 3364 3040 3417 δὲ
3081 3364 3186 3434 πρὸ
3221 3362 3320 3432 τῆς
3351 3361 3624 3431 ἐμφανοῦς
3671 3362 3765 3415 καὶ

2177 3463 2320 3518 κατὰ
2344 3462 2505 3532 σῶμα
2537 3458 2830 3529 ἐπιδημίας
2867 3457 3180 3527 ἐπεδήμησε
3205 3458 3315 3518 τοῖς
3351 3454 3596 3516 τελείοις,
3620 3453 3763 3507 οὕτω

2177 3556 2270 3610 καὶ
2300 3553 2440 3626 μετὰ
2471 3553 2568 3625 τὴν
2605 3549 3022 3620 κεκηρυγμένην
3049 3546 3350 3616 παρουσίαν
3385 3547 3498 3608 τοῖς
3541 3543 3620 3596 ἔτι
3664 3561 3763 3614 νη-

2177 3645 2345 3709 πίοις,
2382 3644 2478 3698 ἆτε
2528 3643 2634 3696 ὑπὸ
2681 3640 3008 3711 ἐπιτρόπους
3053 3638 3378 3706 τυγχάνουσι
3429 3636 3524 3688 καὶ
3555 3633 3763 3688 οἰκονό-

2181 3755 2339 3809 μους,
2367 3737 2460 3789 καὶ
2488 3734 2712 3806 μηδέπω
2743 3733 2834 3786 ἐπὶ
2865 3731 2924 3783 τὸ
2948 3731 3218 3801 πλήρωμα
3251 3728 3347 3783 τοῦ
3373 3729 3568 3800 χρόνου
3599 3727 3767 3797 ἐφθα-

2177 3832 2350 3897 κόσιν,
2374 3831 2422 3882 οἱ
2456 3828 2555 3898 μὲν
2573 3827 2869 3900 πρόδρομοι
2890 3823 3126 3894 Χριστοῦ
3155 3821 3589 3892 ἐπιδεδημήκασι
3611 3821 3765 3874 παισὶ

2175 3922 2373 3993 ψυχαῖς
2407 3919 2740 3990 ἁρμόζοντες
2772 3917 2941 3985 λόγοι,
2979 3915 3216 3984 εὐλόγως
3240 3914 3304 3968 ἂν
3331 3911 3622 3983 κληθέντες
3639 3926 3764 3964 παι-

2175 4018 2412 4086 δαγωγοί
2429 4034 2442 4047 ·
2479 4015 2642 4077 αὐτὸς
2673 4014 2730 4067 δέ
2753 4014 2780 4064 ὁ
2815 4013 2943 4076 Υἱὸς
2964 4014 2992 4064 ό
3012 4008 3399 4080 δεδοξασμένος
3441 4006 3571 4068 Θεὸς
3593 4004 3764 4072 Λόγος

2177 4112 2407 4172 οὐδέπω,
2439 4108 2748 4178 περιμένων
2767 4103 2866 4174 τὴν
2893 4103 3119 4156 δέουσαν
3163 4099 3418 4170 γενέσθαι
3468 4113 3762 4170 προπαρα-

2179 4202 2378 4270 σκευὴν
2401 4202 2515 4264 τοῖς
2547 4198 2802 4270 μέλλουσι
2836 4199 3033 4268 χωρεῖν
3076 4191 3242 4248 αὑτοῦ
3277 4193 3375 4264 τὴν
3413 4190 3638 4264 θεότητα
3667 4191 3763 4245 ἀν-

2178 4294 2416 4367 Θρώποις
2438 4291 2592 4348 Θεοῦ.
2619 4289 2729 4344 Καὶ
2753 4288 2910 4340 τοῦτο
2931 4288 2988 4340 δέ
3021 4286 3216 4338 εἰδέναι
3234 4284 3420 4354 ἐχρῆν,
3445 4284 3548 4347 ὃτι,
3578 4283 3766 4356 ῶσπερ

2178 4388 2294 4441 ἐστὶ
2314 4387 2475 4457 νόμος
2509 4383 2666 4438 σκιάν
2717 4379 2987 4452 περιέχων
3031 4376 3141 4430 τῶν
3193 4375 3496 4447 μελλόντων
3543 4374 3764 4444 ἀγαθῶν

496 4489 750 4546 homines
780 4487 1119 4542 divinitatem
1150 4485 1296 4540 illius
1320 4486 1625 4554 percepturi
1660 4486 1941 4540 decentem
1974 4502 2070 4554 ap-

2179 4479 2284 4531 ὑπὸ
2311 4477 2403 4530 τοῦ
2442 4475 2586 4530 κατὰ
2606 4472 2864 4545 ἀλήθειαν
2898 4467 3403 4538 καταγγελλομένου
3455 4467 3622 4537 νόμου
3671 4465 3764 4535 δη-

496 4595 746 4652 paratum
768 4578 993 4635 faciant.
1013 4575 1131 4632 Jam
1151 4586 1204 4632 et
1226 4579 1326 4631 hoc
1349 4590 1565 4646 quoque
1591 4575 1830 4630 sciamus
1851 4591 2074 4632 necesse

493 4682 578 4728 est
610 4687 625 4723 :
659 4683 718 4724 ut
749 4672 830 4725 lex
861 4671 1110 4725 umbrato
1147 4670 1390 4724 continet
1420 4667 1730 4721 futurorum
1767 4667 2036 4723 bonorum
2057 4708 2072 4730 ,

496 4778 615 4830 qum
648 4761 993 4816 declarantur
1035 4763 1102 4816 ab
1133 4775 1195 4815 ea
1240 4759 1357 4830 lege
1409 4773 1529 4826 qua:
1579 4758 1934 4812 aununtiatur
1990 4773 2077 4811 se—

495 4853 735 4910 cundum
774 4853 1079 4916 veritatem,
1114 4853 1192 4907 sic
1213 4853 1376 4906 etiam
1411 4850 1782 4920 Evangelium,
1813 4851 1957 4921 quod
1994 4851 2076 4905 vel

498 4961 528 5000 a
587 4944 1002 5014 quibuscunque
1055 4941 1370 5008 vulgaribus
1423 4941 1650 5012 intelligi
1703 4942 2074 5004 existimatur,

496 5040 742 5090 umbram
769 5037 924 5089 docet
951 5033 1332 5104 mysteriorum
1357 5031 1580 5086 Christi.
1610 5033 1789 5102 Atque
1823 5032 2074 5102 equidem

498 5129 641 5195 quod
687 5125 926 5182 Joannes
977 5123 1215 5194 appellat
1249 5122 1600 5189 Evangelium
1655 5111 2074 5194 sempiternum,

495 5219 638 5287 quod
671 5219 891 5288 proprie
913 5216 1018 5274 dici
1046 5225 1226 5286 posset
1248 5215 1552 5285 spirituale,
1576 5223 1765 5285 aperte
1790 5214 1925 5269 viris
1949 5229 2074 5269 cor-

498 5311 637 5366 datis
691 5321 745 5362 et
787 5310 1218 5380 intelligentibus
1251 5310 1320 5365 ob
1367 5307 1554 5364 oculos
1587 5308 1740 5374 ponit
1775 5309 1959 5363 omnia
2005 5308 2073 5363 de

566 5408 612 5439 "
648 5406 815 5462 lCor.
853 5423 908 5472 ι,
947 5407 1032 5460 ll.

571 5502 682 5566 (59)
715 5501 822 5554 Καὶ
864 5503 974 5555 οὐκ
1010 5503 1086 5555 ἂν
1131 5501 1248 5556 ἀπὸ
1295 5499 1531 5554 σκοποῦ
1588 5499 1936 5568 χρησαίμην
1992 5497 2072 5562 τῷ

498 5588 600 5640 παλ
619 5573 922 5640 (ιδείγματι
962 5572 1069 5625 τοῦ
1114 5573 1296 5640 μικρὰ
1338 5572 1435 5623 καὶ
1481 5571 1571 5623 ὅτι
1627 5568 1868 5640 ἅλωνα...
1899 5568 2074 5640 Ὅταν

497 5638 696 5713 ﬁli»...
731 5638 919 5707 υἱούς,
943 5650 1050 5697 etc.
1075 5638 1198 5694 ll’a‘c
1213 5642 1392 5713 otnnia
1415 5640 1772 5713 dgsuntapud
1799 5638 2073 5713 llnetium,

499 5706 592 5768 sed
623 5706 982 5767 restituuntur
1017 5726 1080 5763 cx
1127 5710 1409 5764 codicibus
1451 5706 1745 5762 Bodleiano
1775 5717 1829 5763 et
1875 5706 2075 5778 Barbe-

406 5825 411 5830 .
503 5785 645 5851 riuo,
668 5785 717 5838 in
751 5784 947 5853 quibus
973 5780 1150 5836 adlmc
1183 5781 1369 5857 lacuna
1397 5778 1559 5832 inest.

2175 4571 2470 4642 λουμένων,
2520 4569 2664 4622 οὕτω
2714 4567 2809 4620 καὶ
2867 4562 3200 4633 Εὑαγγέλιον
3247 4562 3404 4615 σκιὰν
3451 4560 3763 4633 μυστηρίων

2177 4660 2413 4732 Χριστοῦ
2445 4659 2688 4713 διδάσκει
2719 4656 2781 4709 τὸ
2832 4653 3189 4725 νομιζόμενον
3231 4649 3337 4703 ὑπὸ
3391 4649 3612 4702 πάντων
3656 4646 3762 4698 τῶν

2179 4751 2615 4824 ἐντυγχανόντων
2648 4746 2907 4802 νοεῖσθαι.
2941 4747 3006 4798 Ὃ
3029 4744 3084 4796 δέ
3111 4759 3274 4814 φησιν
3316 4739 3569 4810 Ἰωάννης
3593 4738 3764 4805 Εὐαγ-

2179 4847 2359 4916 γέλιον
2393 4843 2633 4905 αἰώνιον,
2674 4840 2890 4902 οἰκείως
2921 4837 2987 4891 ἂν
3031 4833 3430 4905 λεχθησόμενον
3471 4848 3767 4903 πνευματιο

2178 4939 2293 5006 κὸν,
2320 4936 2505 5007 σαφῶς
2535 4934 2834 5005 παρίστησι
2863 4931 2976 4992 τοῖς
3005 4925 3186 4980 νοοῦσι
3219 4924 3289 4978 τά
3324 4924 3502 4979 πάντα
3537 4923 3765 4977 ἐνώπιον

2181 5031 2310 5102 περὶ
2342 5026 2505 5081 αὑτοῦ
2533 5025 2626 5079 τοῦ
2658 5021 2786 5076 Υἱοῦ
2814 5019 2906 5073 τοῦ
2943 5017 3101 5083 Θεοῦ,
3139 5017 3234 5070 καὶ
3274 5016 3346 5070 τά
3384 5015 3766 5088 παριστάμενα.
3796 5079 3803 5086 .

2185 5120 2457 5191 μυστήρια
2487 5116 2591 5169 ὑπὸ
2621 5114 2729 5167 τῶν
2761 5111 2936 5179 λόγων
2962 5107 3148 5170 αὑτοῦ,
3181 5107 3250 5162 τά
3275 5125 3333 5162 τε
3365 5108 3663 5179 πράγματα
3691 5098 3766 5156 ὧν

2181 5212 2483 5283 αἰνίγματα
2515 5207 2655 5280 ἦσαν
2691 5206 2744 5258 αἱ
2787 5202 3016 5275 πράξεις
3045 5200 3231 5256 αὐτοῦ.
3282 5199 3504 5261 Τούτοις
3534 5198 3592 5250 δὲ
3643 5195 3769 5283 axe

2179 5282 2368 5359 λουθόν
2388 5305 2534 5356 ἐστιν
2564 5295 2950 5367 ἐκλαμϐάνειν,
2995 5295 3078 5347 ὅτι
3116 5291 3176 5345 δν
3224 5290 3422 5360 τρόπον
3459 5290 3517 5342 ἐν
3547 5282 3771 5357 φανερῷ

2259 5491 2369 5564 (59)
2401 5489 2586 5564 Codex
2621 5485 2972 5564 Bodleianus,
3003 5481 3063 5564 τὸ
3092 5485 3150 5536 ἐν
3195 5480 3515 5564 προλοηταις.
3532 5475 3764 5564 καὶλτοῦ

2259 5497 2369 5564 (59)
2401 5497 2586 5545 Codex
2623 5497 2972 5548 lioatetanus,
3003 5497 3063 5536 το
3092 5497 3150 5536 εν
3195 5497 3498 5602 «pugnem;
3543 5497 3636 5529 και
3670 5497 3762 5530 του

2181 5566 2347 5636 νόμου
2373 5559 2656 5636 κάλυμμα.
2691 5557 2809 5636 plus
2832 5572 2932 5636 pro
2961 5554 3178 5607 πάντων
3207 5569 3236 5602 τ
3336 5551 3443 5600 εἰον
3473 5546 3762 5615 legendum

2183 5626 2398 5690 videtur
2420 5626 2636 5692 πάντως
2666 5626 2727 5680 τὸ
2759 5628 2933 5680 Θεῖον.

2255 5684 2384 5773 (io)
2407 5702 2591 5770 Ὄρει.
2618 5684 2755 5753 ἸΙωο
2787 5712 2892 5754 vox
2919 5691 3228 5750 restituitur
3253 5704 3320 5744 ex
3347 5685 3537 5744 codice
3563 5684 3766 5742 Barbc-

2184 5775 2326 5831 riuo.
