4040 6210
456 303 526 359 59
1918 281 2240 353 curemus
3668 308 3736 367 to

458 420 646 474 niissa.
675 416 886 487 Quibus
918 419 1019 490 ιι
1055 433 1187 475 sane
1212 416 1372 474 bonis
1393 417 1929 486 annuntiationibus,
1955 419 2038 474 vel

2148 417 2305 474 Δαυῖδ
2343 419 2471 489 περὶ
2503 417 2609 472 τῶν
2638 418 2953 474 ἀποστόλων
2976 459 2991 481 ,
3029 418 3170 489 τάχα
3212 417 3271 472 δὲ
3317 419 3414 473 καὶ
3447 417 3736 490 εὐαγγελι-

459 510 857 582 apostolorum.
888 511 973 566 vel
1014 510 1326 567 Servatoris
1374 509 1547 565 nostri
1593 510 1794 566 divinas
1822 525 2040 581 quoque

459 612 795 659 attestautur
834 602 1134 674 Scriptura:
1163 619 1178 656 :
1212 602 1380 657 David
1435 602 1582 657 enim
1630 603 1698 658 de
1735 603 2037 672 apostolis,

460 691 712 747 fortassis
734 695 896 748 etiam
925 692 992 747 de
1017 693 1370 762 evangelistis
1402 693 1476 748 ait
1507 693 1554 725 ⁸⁸
1587 709 1602 747 :
1646 693 1904 749 Dominus
1938 695 2041 775 da;

457 780 530 835 bit
564 782 774 836 verbum
820 783 1303 852 euangelizantibus
1333 783 1532 837 virtute
1569 782 1740 838 multa
1770 801 1789 840 :
1820 799 1915 838 rea:
1940 782 2043 837 vir-

460 877 630 925 tutum
663 872 882 939 dilecti;
910 871 1074 927 simul
1105 874 1272 927 etiam
1307 872 1514 928 docens
1559 886 1665 927 non
1696 872 2045 944 compoaitio-

458 974 585 1019 nem
621 962 939 1027 verborum,
968 975 1074 1015 non
1098 960 1457 1030 prolationem
1486 973 1701 1023 vocum,
1725 972 1831 1012 non
1857 956 2043 1013 elabo-

461 1059 641 1105 ratam
670 1050 940 1105 orationis
988 1049 1452 1114 pulchritudinem
1486 1050 1554 1104 ad
1604 1049 2039 1120 persuadendum

460 1142 785 1206 conducere,
803 1141 897 1196 sed
912 1141 1132 1196 virtutis
1149 1142 1346 1196 divina:
1362 1139 1874 1211 suppeditationem.
1896 1138 2039 1207 Qua-

458 1249 519 1288 re
543 1232 743 1287 Paulus
764 1233 927 1288 etiam
958 1232 1156 1288 alicubi
1187 1233 1231 1266 ⁸¹
1256 1233 1337 1289 sic
1363 1233 1543 1302 inquit
1568 1250 1584 1287 :
1612 1230 1737 1287 Non
1758 1247 2039 1303 agnoscam

457 1340 752 1378 sermonem
780 1325 1002 1379 istorum
1024 1325 1113 1396 qui
1138 1334 1260 1379 sunt
1288 1325 1487 1393 inﬂati,
1514 1325 1604 1379 sed
1633 1325 1901 1379 virtutem.
1931 1321 2044 1378 Nec

459 1418 597 1470 enim
636 1426 712 1470 est
756 1416 811 1470 in
847 1432 1085 1470 sermone
1110 1431 1325 1486 regnum
1372 1417 1488 1478 Dei.
1528 1417 1619 1471 sed
1650 1417 1705 1470 in
1730 1417 1943 1471 virtute.
1978 1416 2046 1471 Et

460 1507 597 1561 alias
616 1507 662 1539 "
705 1524 719 1558 :
754 1504 939 1562 Sermo
973 1523 1118 1562 meus
1149 1518 1194 1562 et
1220 1507 1534 1577 prwdicatio
1563 1523 1679 1562 mea
1710 1524 1815 1562 non
1842 1508 1898 1561 in
1920 1524 2043 1576 per-

462 1596 809 1651 suasibilibus
855 1597 1130 1665 snpientiw
1175 1598 1366 1664 verbis,
1394 1598 1486 1652 sed
1519 1598 1575 1651 in
1598 1597 2044 1652 demonstratione

2142 508 2284 563 στῶν
2309 506 2482 576 λέγων
2502 524 2516 538 ο
2549 511 2766 576 Κύριος
2799 507 2980 563 δώσει
3001 507 3171 579 ῥῆμα
3204 507 3331 575 τοῖς
3361 509 3732 581 way-mtto

2134 595 2343 666 μένοις
2360 595 2610 666 δυνάμει
2636 595 2841 666 πολλῆ
2856 614 2869 629 ο
2901 600 2934 651 ὀ
2952 598 3257 665 βασιλεὺς
3275 597 3397 654 τῶν
3416 598 3735 671 δυνάμεων

2141 685 2248 740 τοῦ
2269 687 2609 756 ἀγαπητοῦ·
2638 687 2755 759 ἅμα
2777 689 2873 743 καὶ
2910 688 3210 755 διδάσκων,
3252 691 3336 744 ὅτι
3382 689 3445 745 οὐ
3484 690 3735 756 σύνθεσις

2141 774 2326 844 λόγου,
2352 777 2448 830 καὶ
2480 776 2731 849 προφορὰ
2751 777 2965 848 φωνῶν,
2990 780 3086 837 καὶ
3106 780 3394 854 ἠσκημένη
3425 782 3738 849 καλλιλεξια

2142 867 2296 922 ἀνύει
2327 868 2465 940 πρὸς
2501 869 2563 922 τὸ
2595 868 2827 934 πείθειν,
2854 869 2992 924 ἀλλὰ
3024 872 3311 945 δυνάμεως
3349 873 3502 940 θείας
3546 877 3737 948 ἐπιχο-

2145 961 2331 1032 ρηγία.
2376 962 2577 1035 Διόπερ
2617 962 2712 1017 καὶ
2737 964 2766 1015 6
2800 963 3013 1030 Παῦλός
3040 982 3144 1019 που
3188 967 3323 1038 φησὶ
3348 983 3362 997 ⁸
3411 966 3735 1039 Γνώσομαι

2143 1052 2216 1105 οὺ
2248 1050 2355 1104 τὸν
2381 1052 2569 1120 λόγον
2588 1050 2696 1107 τὸν
2715 1052 3199 1124 πεφυσιωμένων,
3231 1055 3392 1111 ἀλλὰ
3414 1056 3533 1127 τὴν
3551 1057 3735 1115 δύνα-

2142 1159 2245 1209 μιν
2263 1159 2277 1173 ·
2305 1145 2376 1196 οὐ
2419 1144 2529 1212 γὰρ
2571 1143 2644 1197 ἐν
2686 1146 2848 1214 λόγῳ
2872 1145 2912 1214 ἠ
2937 1146 3231 1210 βασιλεία
3254 1147 3362 1203 τοῦ
3387 1149 3561 1217 Θεοῦ,
3589 1151 3731 1207 ἀλλ’
3806 1208 3813 1213 .

2142 1233 2214 1286 ἐν
2236 1232 2523 1313 δυνάμεις
2551 1233 2646 1288 καὶ
2671 1235 2731 1288 ὲν
2758 1233 2938 1298 ἄλλοις
2957 1252 2971 1266 ο
3002 1236 3112 1291 Kal
3147 1239 3181 1291 ό
3216 1239 3403 1309 λόγος
3440 1257 3592 1309 μου,
3630 1242 3731 1296 καὶ

2146 1322 2213 1378 τὸ
2244 1323 2520 1395 κήρυγμά
2537 1343 2658 1395 μου
2701 1328 2814 1381 οὐκ
2859 1326 2931 1381 ἐν
2978 1328 3202 1396 πειθοῖ(
3235 1331 3460 1400 σοφίας
3501 1332 3725 1404 λόγοις,

2144 1416 2283 1471 ἀλλ’
2297 1416 2367 1471 ἐν
2385 1416 2689 1483 ἀποδείξει
2705 1419 3046 1489 πνεύματος
3071 1421 3169 1475 καὶ
3190 1421 3515 1492 δυνάμεως.
3542 1425 3730 1500 Ταύτῃ

2144 1510 2211 1580 τῇ
2237 1507 2463 1580 δυνάμει
2517 1509 2920 1582 μαρτυροῦντες
2963 1512 2992 1564 6
3042 1512 3225 1583 Σίμων
3275 1514 3372 1568 καὶ
3405 1516 3435 1568 6
3470 1515 3729 1583 Κλεόπας

2149 1600 2344 1669 φασιν·
2376 1601 2525 1671 Οὐχὶ
2559 1603 2597 1671 ἡ
2640 1602 2855 1671 καρδία
2900 1600 3071 1673 ἡμῶν
3095 1604 3382 1675 καιομένη
3419 1603 3499 1678 ἦν
3540 1609 3612 1663 ἐν
3652 1607 3730 1681 τῇ

456 1686 680 1753 Spiritus
699 1694 749 1740 et
775 1688 1008 1740 virtutis.
1035 1684 1170 1741 Huic
1196 1687 1389 1745 virtuti
1415 1697 1745 1744 attestantes
1774 1688 1962 1744 Simon
1987 1699 2043 1744 et

2155 1692 2276 1760 ὀδῷ
2298 1694 2443 1766 (48),
2484 1694 2565 1761 ὡς
2605 1693 2908 1765 διήνοιγεν
2948 1695 3093 1767 ἡμῖν
3122 1698 3230 1764 τὰς
3258 1699 3537 1770 Γραφὰω
3576 1704 3640 1756 υἱ
3672 1701 3733 1757 δὲ

460 1781 692 1850 Cleopas
717 1783 906 1838 dicunt
937 1783 1026 1835 “:
1064 1782 1254 1839 Nattae
1297 1800 1390 1839 cor
1425 1793 1667 1840 nostrum
1711 1787 1902 1842 ardens
1929 1797 2042 1842 erat

2148 1764 2454 1851 ἀπόστολοι,
2485 1786 2608 1839 ἐπεὶ
2626 1785 2722 1840 καὶ
2756 1764 2999 1857 ποσότης
3024 1787 3144 1841 ἐστὶ
3169 1764 3451 1861 δυνὰξιεῶς
3472 1764 3734 1865 ἐπιχορη-

458 1873 517 1929 t'n
547 1876 651 1936 via.
679 1891 796 1929 cum
830 1875 1093 1931 reserabat
1120 1877 1270 1930 nobis
1303 1873 1608 1946 Scripturas
1627 1878 1653 1932 .9
1685 1876 1886 1935 Verum
1913 1893 2046 1949 apo-

462 1966 611 2032 stoli,
653 1967 781 2037 quia
840 1969 1117 2036 quantitas
1164 1968 1387 2022 virtutis
1415 1985 1446 2022 a
1477 1967 1588 2023 Deo
1616 1970 2044 2038 praedicantibus

461 2061 824 2128 suppeditata:
852 2069 936 2114 est
964 2068 1261 2129 praestans,
1315 2060 1541 2115 multam
1582 2059 1829 2116 habuere
1869 2061 2043 2116 virtu-

464 2159 573 2202 tem
595 2147 752 2216 juxta
776 2149 906 2204 illud
939 2150 1083 2220 quod
1113 2152 1256 2221 apud
1295 2152 1553 2208 Davidem
1585 2150 1791 2209 dicitur
1817 2150 1868 2185 “
1896 2170 1912 2208 :
1937 2152 2049 2208 Do-

463 2244 637 2293 minus
679 2242 826 2295 dabit
859 2244 1072 2297 verbum
1102 2243 1588 2314 evangelisantibus
1629 2246 1829 2300 virtute
1851 2247 2042 2302 multa.

463 2329 634 2385 Porro
667 2327 856 2394 Isaias,
902 2348 1025 2387 cum
1075 2333 1354 2389 diceret“
1391 2335 1621 2401 :Quam
1669 2337 1880 2406 pulchri
1923 2350 2047 2393 sunt

461 2427 617 2491 pedes
649 2423 1122 2493 evangelisnntium
1167 2426 1323 2494 bona,
1359 2427 1802 2497 praedicationem
1838 2427 2046 2485 intelli-

462 2529 597 2585 gens
627 2515 993 2584 apostolorum
1024 2526 1293 2571 maturam
1313 2558 1330 2585 ,
1349 2518 1478 2575 etin
1502 2526 1740 2591 tempore
1760 2524 1923 2589 aIQue
1951 2536 2048 2591 op-

464 2617 696 2678 portune
725 2608 943 2675 factum,
985 2609 1112 2664 dum
1143 2611 1287 2666 ineo
1324 2612 1429 2666 iter
1454 2610 1660 2667 faciunt
1683 2613 1774 2682 qui
1808 2612 2044 2668 dixit“:

463 2694 579 2768 Ego
626 2716 741 2755 sum
788 2702 894 2766 vin.
944 2701 1130 2759 laudat
1183 2704 1349 2774 pedes
1408 2704 1721 2762 incedentes
1769 2721 1866 2777 per
1901 2706 2045 2760 viam

463 2791 667 2849 Christi
695 2792 845 2862 Jesu,
872 2794 1349 2868 ingredientesque
1372 2813 1472 2869 per
1498 2799 1699 2854 ostium
1736 2801 1802 2853 ad
1848 2800 2043 2854 Deum.

465 2882 656 2955 Itaque
693 2888 834 2942 bona
867 2888 1250 2959 evangelizant
1292 2889 1396 2956 illi,
1441 2905 1677 2961 quorum
1720 2892 1886 2963 pedes
1923 2900 2051 2947 sunt

465 2976 674 3049 pulchri
703 2977 867 3051 [bona
919 2981 1193 3055 inquam],
1223 2981 1435 3038 scilicet
1455 2980 1665 3039 lesnm.

2144 1876 2416 1948 γουμένης
2435 1877 2541 1931 ὑπὸ
2577 1877 2715 1932 Θεοῦ
2744 1877 3079 1949 διαφέρουσα
3107 1883 3220 1964 soi;
3260 1879 3541 1951 λέγουσιν,
3582 1880 3729 1954 εἶχον

2145 1967 2287 2021 κατὰ
2313 1967 2374 2021 τὸ
2425 1967 2576 2040 παρὰ
2615 1967 2694 2040 τῷ
2730 1966 2894 2023 Δαυῖδ
2923 1966 3246 2040 λεγόμενον*
3296 1972 3505 2040 Κύριος
3546 1971 3728 2028 δώσει

2138 2059 2307 2130 ῥῆμα
2326 2059 2452 2126 τοῖς
2478 2059 3025 2131 εὐαγγελιζομένοις
3049 2059 3300 2131 δυνάμει
3319 2062 3522 2133 πολλῇ
3541 2102 3556 2127 ,
3604 2062 3733 2119 πολ·-

2144 2146 2241 2220 λὴν
2306 2145 2553 2221 δύναμιν.
2619 2150 2859 2215 Ἡσαΐας
2901 2151 2959 2205 δὲ
2989 2150 3240 2220 φάσκων·
3303 2153 3397 2221 Ὡς
3432 2153 3631 2222 ὡραῖοι
3677 2157 3736 2213 οι

2146 2241 2329 2309 πόδες
2350 2241 2468 2297 τῶν
2479 2240 3020 2313 εὐαγγελιζομένων
3052 2242 3260 2312 ἀγαθὰ,
3301 2243 3363 2298 τὸ
3393 2244 3596 2316 ὡραῖον
3637 2247 3732 2302 καὶ

2147 2333 2205 2385 ὲν
2247 2330 2424 2402 καιρῷ
2468 2331 2752 2403 γινόμενον
2799 2331 2908 2386 τῶν
2948 2333 3259 2388 ἀποστόλων
3302 2332 3596 2390 ὁδευόντων
3636 2336 3732 2392 τὸν

2147 2423 2400 2476 εἰπόντα’
2619 2424 2737 2492 εἰμι
2760 2425 2799 2492 ἠ
2834 2422 2995 2492 ὁδὸς,
3029 2424 3292 2497 κήρυγμα
3323 2426 3538 2496 νοήσας,
3566 2427 3730 2480 ὲπαι-

2148 2517 2229 2567 νεῖ
2256 2515 2422 2579 πόδας
2444 2515 2572 2579 τοὺς
2601 2513 2691 2569 διὰ
2709 2516 2809 2589 τῆς
2851 2516 3052 2588 νοητῆς
3100 2516 3222 2571 ὁδοῦ
3263 2516 3498 2590 Χριστοῦ
3549 2518 3726 2590 Ἰησοῦ

2149 2605 2482 2676 βαδίζοντας,
2514 2605 2604 2661 διά
2625 2624 2684 2661 τε
2705 2606 2806 2679 τῆς
2823 2607 2992 2682 θύρας
3008 2609 3277 2675 εἰσιόντας
3309 2609 3445 2683 πρὸς
3468 2609 3559 2665 τὸν
3574 2610 3727 2665 656v-

2149 2698 2328 2768 ἀγαθὰ
2349 2699 2405 2752 δὲ
2438 2698 2883 2769 εὐαγγελίζονται
2904 2696 3053 2756 οὗτοι
3079 2694 3156 2757 ὧν
3176 2702 3367 2776 ὡραῖοὶ
3395 2704 3531 2757 εἰσιν
3556 2705 3606 2758 oi
3631 2703 3734 2760 πό-

2149 2789 2257 2855 δες,
2301 2789 2393 2844 τὸν
2444 2789 2673 2862 Ἰησοῦν.

3058 2906 3091 2939 δ

535 3091 626 3146 ll.
648 3089 759 3149 Nec
782 3092 1010 3150 miretur
1035 3096 1306 3167 quispiam
1332 3095 1377 3151 si
1405 3097 1626 3153 nomine
1656 3096 1922 3154 honorum
1946 3114 2045 3153 nu-

2224 3089 2311 3144 il.
2348 3089 2457 3143 Καὶ
2478 3089 2552 3161 μὴ
2573 3088 2829 3162 θαυμάσῃ
2854 3106 2940 3154 τις
2964 3089 3011 3144 εἰ
3036 3089 3385 3163 πληθυντικῷ
3411 3090 3635 3163 ὀνόματι
3658 3090 3736 3161 τῷ

466 3200 618 3241 mero
647 3185 1008 3243 multitudinis
1028 3188 1384 3267 exposuimus
1416 3190 1732 3245 annuntiari
1761 3189 1950 3246 Jcsum
1980 3194 2050 3248 ab

358 3295 362 3300 '
467 3277 970 3348 cvang:-liznntibu3
1015 3296 1032 3335 :
1076 3281 1339 3351 expositis
1394 3281 1543 3337 enim
1606 3282 1767 3337 rebus
1822 3284 2046 3338 nomina

469 3370 816 3437 habentibus,
850 3371 1047 3442 quibus
1072 3372 1167 3427 Dei
1206 3372 1379 3428 Filius
1409 3383 1778 3444 nuncupatur,
1806 3375 2044 3432 sciemus

467 3461 740 3531 quomodo
774 3462 941 3517 multa
969 3462 1111 3518 bona
1146 3463 1217 3517 sit
1243 3461 1424 3530 Jesus,
1459 3480 1620 3534 quem
1649 3465 1985 3522 annuntiant
2012 3467 2048 3522 ii

468 3567 700 3621 utrorum
736 3554 968 3619 speciosi
995 3563 1121 3609 sunt
1157 3554 1343 3625 pedes.
1366 3555 1483 3610 Vita
1521 3557 1721 3612 bonum
1746 3567 1830 3613 est
1861 3572 2049 3624 unum,

464 3655 518 3700 at
543 3644 703 3702 Jesus
725 3655 811 3702 est
840 3646 976 3702 vita.
997 3646 1205 3703 Bonum
1233 3647 1463 3705 alterum
1493 3646 1582 3704 lux
1610 3658 1695 3705 est
1731 3649 1939 3718 mundi,
1958 3649 2049 3705 lux

472 3752 622 3802 vera,
652 3739 745 3793 lux
772 3738 1074 3793 hominum.
1101 3741 1172 3792 At
1211 3739 1326 3794 lucc
1352 3740 1534 3794 omnia
1561 3741 1769 3795 dicitur
1810 3756 1933 3797 esse
1961 3739 2054 3801 Fi-

478 3828 588 3883 lius
625 3828 744 3884 Dei.
773 3830 855 3884 Ad
892 3830 1027 3895 hare,
1057 3840 1419 3904 praeterquam
1444 3832 1587 3902 quod
1615 3835 1792 3890 vitaet
1825 3833 1917 3889 lux
1944 3842 2048 3901 est,

475 3918 621 3972 aliud
657 3920 822 3973 etiam
852 3929 938 3974 est
976 3920 1177 3975 bonum
1205 3961 1220 3985 ,
1260 3922 1412 3992 juxta
1455 3925 1922 3983 considerationes
1956 3942 2055 3983 no-

471 4020 640 4072 stras,
665 4008 868 4064 veritas
892 4009 1122 4067 scilicet.
1146 4009 1359 4069 Rursus
1375 4022 1462 4069 est
1481 4014 1629 4069 aliud
1662 4017 1888 4080 bonum,
1908 4018 2053 4087 quod

471 4107 560 4153 est
600 4108 855 4175 quartum
882 4100 1110 4168 bonum,
1141 4118 1336 4173 nempe
1363 4105 1471 4170 via,
1504 4120 1626 4175 quae
1642 4106 1716 4159 ad
1747 4106 1862 4161 haec
1908 4107 2050 4162 bona

474 4206 576 4247 nos
597 4191 885 4247 conducat.
920 4192 1045 4249 llaec
1074 4205 1256 4249 autem
1290 4197 1475 4251 omnia
1522 4196 1787 4252 Servator
1814 4199 2052 4266 scipsunt

472 4298 597 4340 esse
625 4285 805 4353 docet,
836 4286 1024 4342 dicens
1043 4289 1088 4320 ⁸⁷
1119 4306 1135 4343 :
1167 4287 1279 4357 Ego
1315 4305 1431 4343 sum
1458 4288 1563 4355 via,
1595 4290 1791 4343 veritas
1847 4299 1895 4344 et
1921 4294 2048 4348 vita.

2149 3184 2260 3238 τῶν
2290 3183 2510 3253 ἀγαθῶν
2524 3183 2614 3237 τὸν
2646 3183 2855 3254 Ἰησοῦν
2876 3183 3241 3258 ὲξειλήφαμεν
3262 3183 3732 3254 εὐαγγελίζεσθαι*

2152 3274 2474 3339 ὲκλαόόντες
2510 3273 2620 3347 γὰρ
2662 3273 2734 3327 τὰ
2767 3275 3071 3348 πράγματα
3116 3276 3240 3330 καθ’
3271 3269 3347 3330 ὧν
3383 3274 3451 3329 τὰ
3492 3274 3735 3344 ὀνόματα

2153 3366 2387 3422 κεῖταιᾶ
2412 3367 2441 3421 6
2459 3365 2588 3431 Υἱὸς
2616 3365 2710 3420 τοῦ
2740 3366 2876 3421 Θεοῦ
2902 3366 3246 3439 ὀνομάζεται,
3276 3367 3582 3439 συνήσομεν
3611 3363 3730 3428 πῶς

2155 3460 2325 3515 πολλὰ
2352 3458 2535 3530 ἀγαθά
2560 3460 2707 3514 ἐστιν
2749 3459 2977 3530 Ἰησοῦς.
3011 3460 3071 3513 ὃν
3101 3458 3539 3528 εὐαγγελίζονται
3580 3449 3729 3512 οὗτοι

2153 3545 2229 3606 ὧν
2265 3551 2458 3623 ὡραῖοι
2490 3553 2627 3605 εἰσιν
2665 3552 2716 3605 οἱ
2742 3550 2902 3615 πόδες
2923 3568 2937 3582 ·
2965 3550 3023 3605 ἒν
3053 3551 3152 3622 μὲν
3199 3549 3308 3622 γὰρ
3341 3548 3545 3618 ἀγαθὸν
3590 3546 3762 3619 ζωὴ,⁴

2167 3643 2376 3717 Ἰησοῦς
2407 3643 2466 3699 δὲ
2497 3643 2633 3715 ζωή.
2657 3643 2768 3697 Καὶ
2793 3642 2978 3714 ἕτερον
3009 3640 3213 3712 ἀγαθὸν
3240 3639 3356 3711 φῶς
3382 3639 3478 3694 τοῦ
3498 3638 3730 3710 κόσμου,

2155 3736 2272 3807 φῶς
2316 3737 2583 3807 τυγχάνον
2631 3732 2904 3805 ἀληθινὸν,
2947 3732 3044 3787 καὶ
3088 3731 3206 3802 φῶς
3244 3731 3355 3786 τῶν
3394 3728 3698 3803 ἀνθρώπων
3714 3747 3731 3760 ’

2155 3831 2299 3902 ἅπερ
2326 3828 2505 3883 πάντα
2533 3830 2564 3882 6
2596 3827 2726 3891 Υἱὸς
2757 3821 2896 3880 εἶναι
2919 3824 3139 3895 λέγεται
3162 3824 3258 3879 τοῦ
3279 3824 3435 3881 Θεοῦ.
3463 3825 3576 3879 Καὶ
3606 3823 3735 3879 ἄλλο

2155 3919 2358 3990 ἀγαθὸν
2389 3921 2510 3975 κατ’
2534 3918 2777 3973 ἐπίνοιαν
2811 3916 2967 3990 παρὰ
2991 3917 3088 3990 τὴν
3113 3917 3267 3991 ,ζωὴν
3292 3918 3385 3972 καὶ
3416 3918 3479 3973 τὸ
3515 3917 3663 3989 φῶς,
3698 3918 3732 3986 ὴ

2155 4011 2402 4084 ἀλήθεια.
2454 4012 2567 4065 Καὶ
2613 4009 2873 4082 τέταρτον
2928 4009 3080 4081 παρά
3102 4008 3280 4064 ταῦτα
3323 4012 3357 4083 η
3402 4011 3496 4063 ἐπὶ
3529 4007 3733 4079 ταύτην

2157 4104 2396 4176 φέρουσα
2426 4102 2564 4166 ὁδός.
2606 4088 2787 4172 ’Δπερ
2818 4101 2998 4156 πάντα
3019 4104 3048 4155 6
3080 4102 3273 4174 Σωτὴρ
3300 4101 3457 4173 ἡμῶν
3494 4102 3734 4157 διδάσκει

2157 4193 2348 4247 ἑαυτὸν
2376 4189 2517 4246 εἶναι
2539 4191 2714 4260 λέγων
2734 4207 2749 4222 ·
2787 4190 2930 4262 Ἐγώ
2947 4193 3063 4261 ειμι
3092 4194 3131 4261 ἠ
3155 4193 3325 4258 ὁδὸς,
3366 4193 3465 4247 καὶ
3500 4194 3541 4261 ἠ
3585 4193 3735 4260 ἀλή..

2157 4288 2309 4349 θεια,
2331 4284 2429 4339 καὶ
2460 4285 2499 4352 ἡ
2531 4281 2661 4351 ζωή.
2689 4282 2815 4347 Πῶς
2839 4283 2897 4336 δὲ
2928 4283 3029 4337 οὐκ
3058 4283 3262 4353 ἀγαθὸν
3309 4284 3372 4338 τὸ
3408 4286 3740 4354 ἁποτιναξάο

473 4376 757 4444 Quomodo
784 4388 964 4432 autem
988 4394 1094 4435 non
1125 4380 1326 4435 bonum
1350 4389 1433 4436 est
1456 4395 1744 4452 resurgere
1778 4381 2045 4437 hominem

2161 4393 2318 4449 μενον
2349 4376 2439 4429 τὸν
2468 4374 2596 4447 χοῦν
2627 4377 2722 4430 καὶ
2748 4377 2848 4450 τὴν
2872 4377 3175 4450 νεκρότητα
3202 4377 3504 4449 ἀναστῆναι
3544 4379 3737 4433 τούτου

471 4441 702 4524 excusso
720 4466 941 4538 pulvere
969 4478 1025 4524 et
1053 4470 1156 4541 12
1173 4470 1522 4535 mortalitate,
1543 4441 1754 4543 hocque
1771 4488 1799 4527 a
1826 4473 2045 4530 Domino

2157 4441 2501 4539 τυγχάνοντα
2530 4466 2639 4521 ἀπὸ
2667 4467 2762 4521 τοῦ
2797 4441 3027 4539 Κυρίου,
3064 4441 3201 4522 καθὸ
3234 4441 3532 4533 ἀνάστασίς
3567 4470 3737 4533 ἐστιν,

477 4560 695 4631 assequi
726 4560 1025 4617 secundum
1072 4562 1215 4630 quod
1262 4562 1379 4632 ipse
1416 4562 1579 4619 Iesus
1605 4574 1691 4618 est
1724 4567 2045 4622 resurrectio

2158 4559 2219 4623 ὃς
2234 4559 2330 4613 καί
2365 4575 2526 4629 φησιν
2546 4575 2559 4589 ·
2602 4558 2741 4628 Ἐγώ
2766 4561 2883 4629 ειμι
2900 4561 2940 4629 ἠ
2967 4558 3339 4625 ἁνάστασις;
3393 4559 3553 4614 Ἀλλὰ
3580 4561 3675 4614 καὶ
3702 4563 3737 4631 ἡ

475 4653 567 4724 qui
593 4655 760 4709 etiam
806 4655 988 4725 inquit
1018 4672 1035 4710 :
1068 4654 1181 4726 Ego
1212 4672 1329 4711 sum
1366 4657 1683 4712 resurrectio
1716 4657 1802 4711 ιιι
1829 4656 1967 4726 Quin
1998 4670 2045 4715 et

2160 4650 2320 4724 θύρα,
2353 4650 2420 4704 δι’
2444 4647 2513 4723 ἦς
2548 4667 2633 4714 τις
2665 4652 2746 4715 εἰς
2774 4650 2875 4721 τὴν
2900 4649 3076 4723 ἄκραν
3119 4648 3425 4722 εἰσέρχεται
3469 4651 3740 4723 μακαριὸ-

476 4745 674 4800 ostium
700 4745 889 4811 etiam,
938 4764 1031 4819 per
1067 4750 1212 4819 quod
1243 4748 1312 4803 ad
1341 4763 1614 4803 summam
1662 4750 2045 4807 beatitudinem

2158 4758 2317 4812 τητα,
2339 4740 2541 4810 ἀγαθόν
2559 4757 2573 4773 ⁸
2592 4743 2622 4795 6
2644 4741 2702 4795 δὲ
2723 4740 2957 4814 Χριστός
2982 4757 3171 4812 φησιν’
3205 4739 3345 4811 Ἐγώ
3361 4742 3480 4811 ειμι
3500 4742 3541 4809 ἡ
3564 4741 3740 4810 θύρα.

479 4834 602 4904 quis
650 4832 975 4904 ingieditur.
1024 4847 1110 4893 est
1144 4840 1370 4894 bonum.
1419 4840 1492 4893 At
1542 4838 1796 4895 Christus
1823 4840 2045 4910 inquit:

2161 4834 2226 4887 Ti
2261 4835 2319 4889 δὲ
2345 4835 2428 4888 δεῖ
2449 4834 2578 4908 περὶ
2609 4835 2800 4904 σοφίας
2826 4834 3027 4905 λέγειν,
3048 4833 3129 4903 ἣν
3152 4834 3395 4901 ἔκτισεν
3413 4838 3446 4890 ό
3470 4836 3615 4902 Θεὸς
3641 4837 3749 4905 ἀρ-

479 4921 596 4995 Ego
621 4940 737 4980 sum
768 4926 963 4981 ostium
986 4928 1054 4986 ".
1083 4929 1222 4997 Quid
1252 4936 1383 4987 vero
1404 4946 1541 5001 opus
1571 4942 1656 4987 est
1686 4932 1853 4988 verba
1880 4932 2045 4990 facere

2171 4926 2296 4997 χὴν
2329 4925 2476 4982 ὀδόν
2505 4926 2694 4982 αὐτοῦ
2717 4928 2807 4993 εις
2833 4926 2979 4996 ἔργα
2997 4926 3206 4994 αὑτοῦ,
3310 4927 3675 5000 προσέχαιρεν
3714 4928 3743 4980 ό

480 5015 547 5073 tle
576 5017 873 5088 sapientia,
902 5035 1061 5090 quant
1096 5021 1333 5075 condidit
1372 5021 1513 5077 Deus
1561 5024 1617 5078 in
1659 5026 1808 5080 initio
1851 5026 2045 5081 viarum

2164 5017 2355 5089 Πατὴρ
2372 5016 2562 5088 αὐτῆς,
2585 5016 3071 5089 ὲνευφραινόμενος
3083 5016 3163 5089 τῷ
3183 5016 3547 5089 πολυποικίλῳ
3569 5016 3742 5090 νοητῷ

478 5125 696 5165 suarum
724 5110 779 5165 in
807 5127 965 5180 opera
994 5127 1090 5166 sua
1105 5111 1292 5182 “,qua
1315 5114 1655 5184 adgaudebat
1671 5116 1834 5171 Pater
1863 5117 2045 5187 ipsius.

2164 5110 2349 5165 κάλλει
2376 5110 2569 5181 αὐτῆς,
2618 5110 2724 5165 ὑπὸ
2762 5108 2971 5183 νοητῶν
3006 5109 3303 5182 ὀφθαλμῶν
3334 5110 3511 5182 μόνων
3546 5109 3741 5183 βλεπο-

481 5201 786 5261 oblectatus
837 5205 891 5259 in
928 5203 1223 5259 multifaria
1259 5205 1429 5275 ipsius
1451 5205 1861 5277 pulchritudine
1892 5209 2045 5266 intel-

2165 5204 2331 5276 μένῳ,
2356 5204 2451 5258 καὶ
2473 5206 2553 5268 εἰς
2581 5203 2760 5275 ερωτα
2790 5206 2883 5257 τὸν
2908 5203 2969 5258 τὸ
2990 5202 3344 5270 θεῖον-κάλλος
3379 5201 3745 5260 κατανοοῦντα

484 5292 697 5361 ligilrili,
749 5311 869 5366 quae
900 5297 1034 5353 solis
1071 5295 1529 5353 intcllectualihus
1572 5298 1747 5354 oculis
1788 5301 2045 5366 cernitur.

2160 5296 2408 5368 οὐράνιον
2431 5294 2922 5368 προσκαλουμένῳς
2975 5294 3204 5365 Ἀγαθὸν
3230 5297 3341 5369 γὰρ
3371 5298 3407 5370 η
3455 5294 3615 5367 σοφία
3646 5291 3746 5347 τοῦ

554 5445 602 5521 ξ’
637 5444 780 5503 Psal.
809 5464 978 5521 navit,
1010 5450 1099 5515 12,
1132 5452 1219 5508 15.
1300 5450 1394 5506 ⁸⁸1
1427 5450 1556 5508 Cor.
1593 5467 1667 5515 tv.
1693 5453 1778 5521 l9.
1804 5453 1898 5511 ἳοο
1995 5458 2041 5489 ⁸¹

2148 5454 2247 5510 lor.
2280 5467 2343 5509 rt.
2374 5451 2432 5508 4.
2512 5449 2559 5483 ⁸³
2590 5450 2725 5506 Luc.
2762 5467 2914 5519 xxiv,
2956 5452 3046 5508 32.
3145 5451 3194 5486 "
3233 5451 3379 5509 Psal.
3422 5467 3615 5516 cum.
3657 5450 3744 5506 ιε.

484 5514 531 5548 ⁸³
559 5515 663 5572 lsa.
692 5532 788 5586 ιιι,
821 5519 898 5587 'l;
930 5514 1094 5575 Rom.
1120 5538 1177 5585 χ,
1207 5522 1295 5578 15.
1379 5521 1427 5555 ⁸⁸
1452 5522 1609 5579 Joan.
1651 5514 1845 5591 gms.
1924 5526 1969 5558 "
2010 5526 2045 5581 il

2233 5522 2284 5557 ⁸⁸
2308 5523 2466 5579 ιοιιη.
2509 5536 2584 5581 st.
2607 5521 2703 5576 25-
2771 5524 2815 5555 ”
2845 5514 3006 5578 Joan.
3034 5539 3091 5589 ι,
3118 5522 3174 5578 9.
3246 5522 3292 5556 ‘°
3320 5524 3482 5579 Prov.
3511 5514 3629 5589 vni,
3653 5521 3749 5579 2‘2.

557 5671 1094 5763 (ξφιιίειιομέξῃῇν
1197 5676 1650 5763 6693.129ch
1691 5678 1892 5751 Regius
1931 5696 2045 5735 καις

2148 5695 2195 5751 νη
2219 5674 2288 5751 ἦν
2330 5681 2388 5735 ὲν
2431 5681 2562 5752 ἡμῖν
2593 5685 2659 5754 τῇ
2686 5682 2814 5755 ὀδῷ.
2848 5684 3160 5759 Legendum
3192 5687 3429 5758 videtur,
3484 5688 3751 5759 καιομένη

486 5740 577 5814 ἦν’
592 5740 799 5818 ἔν’ήμῑν
823 5740 897 5811 ῶς
916 5740 1092 5800 ἐλάλει
1118 5740 1330 5817 ἡμῖν”ὲν
1434 5748 1560 5820 ὁδῷ.

3999 4846 4008 4891 l

3996 4916 4007 4959 ι

3996 4990 4008 5037 Il

3996 5058 4008 5105 I

3990 5268 4005 5317 Ι

3988 5338 4006 5409 i

3994 5416 4006 5459 l

3988 5480 4003 5525 I

3987 5552 4003 5607 ι

3988 5610 4003 5681 ι

3986 5692 4004 5747 ι

3987 5766 4002 5819 ι

3988 5824 4002 5893 ι
