4040 6210
457 267 528 324 ,45
1937 275 2027 332 0R

2130 275 2262 332 ΞΝιὸ
3645 277 3712 331 44

457 385 866 456 erangelizautis
894 403 1097 456 pacem,
1127 389 1258 443 sicut
1286 391 1653 462 evangelium
1691 392 1852 458 bona,
1895 409 2027 463 quo-

2135 394 2404 466 ὁμολογεί,
2436 394 2539 467 ἢοὶ
2570 394 2796 466 μηδενὸς
2830 393 2940 448 τῶν
2976 395 3070 448 ἐπὶ
3099 393 3203 467 γῆς
3237 393 3590 465 ὑψηλοτάτων
3622 395 3717 449 καὶ

459 479 601 532 niam
630 479 870 533 auditam
908 478 1131 534 salutem
1164 489 1311 536 tuam
1350 483 1568 551 faciam,
1613 485 1790 540 dicens
1825 501 1844 540 :
1881 482 2027 549 Sion.

2139 485 2414 555 μεγίστων
2444 485 2697 556 ἥττονες;
2737 484 2991 548 οὐστινας
3032 483 3310 554 ζητεῖσθαι
3344 484 3424 537 δεῖ
3457 483 3564 538 ὐπὸ
3605 485 3718 542 τῶν

459 569 701 640 regnabit
731 568 872 624 Deus
907 579 1050 625 tuus.
1100 570 1338 638 Quinam
1377 572 1524 629 enim
1566 583 1692 629 sunt
1737 583 1949 632 montes
1982 575 2027 630 in

2142 579 2340 634 ἱκανῶν
2364 579 2627 634 διακόνων
2655 580 2755 650 τῆς
2775 579 2967 650 καινῆς
2985 578 3278 650 Διαθήκης,
3317 579 3404 630 ἴνα
3433 579 3720 650 τηρήσωσι

459 659 662 729 quibus
694 660 806 728 ipse
837 659 928 728 qui
966 659 1208 729 loquitur
1239 661 1418 718 inesse
1443 677 1504 719 se
1539 664 1692 730 dicit,
1726 664 1829 721 nisi
1863 665 1917 720 bi
1945 668 2027 736 qui

2135 670 2236 742 τὴν
2267 670 2532 740 λέγουσαν
2555 669 2796 740 ὲντολὴνο
2851 669 2968 721 Ἐπ’
3012 667 3148 736 ὄρος
3191 669 3436 736 ὑψηλὸν
3465 667 3723 735 ἀνάϐηθι

459 749 604 804 nulla
636 763 694 804 re
727 747 1015 804 inferiores
1061 758 1191 804 sunt
1225 752 1293 808 iis
1321 753 1416 822 qui
1470 766 1633 824 super
1665 762 1864 810 terram
1910 766 2027 811 sunt

2137 765 2173 817 ὀ
2209 759 2729 834 εὐαγγελιζόμενος
2771 759 2945 822 Σιὼν,
2992 759 3244 828 ὕψωσον
3279 758 3354 828 τῇ
3399 761 3571 828 ἰσχύϊ
3602 759 3722 826 τὴν

460 839 684 894 maximi
721 849 774 893 et
799 839 1095 896 altissimi?
1122 857 1257 912 quos
1281 845 1535 914 qutesitos
1560 847 1804 916 oportuit
1850 847 1919 902 a‘b
1951 848 2027 903 his

2139 853 2348 924 φωνήν
2381 868 2503 908 ’σου
2543 857 2576 908 ό
2617 849 3133 922 εὐαγγελιζόμενος
3195 851 3603 922 Ἰερουσαλήμ.
3636 853 3726 906 Οὐ

460 935 550 1006 qui
582 933 714 990 Novi
747 933 1082 990 Tcstamenti
1120 937 1354 993 ministri
1399 948 1527 994 sunt
1580 940 1783 1006 idonei,
1827 941 2027 999 scilicel

2139 945 2448 1016 θαυμαστὸν
2492 943 2549 997 δὲ
2591 943 2640 996 εί
2682 945 2796 1004 τοῖς
2839 941 3120 1012 μέλλουσιν
3165 941 3613 1010 εὐαγγελίζεσθαι
3645 942 3723 996 τὰ

461 1037 520 1084 ut
560 1037 775 1084 servent
823 1037 1151 1099 prmeeptum
1200 1031 1384 1087 dicens
1423 1049 1438 1085 :
1483 1031 1658 1102 Super
1691 1042 1920 1088 montem
1957 1035 2038 1090 al-

461 1131 572 1174 tum
614 1123 839 1174 ascende
871 1121 964 1189 qui
1001 1121 1330 1190 evangelicae
1370 1123 1535 1190 Sion;
1565 1126 1742 1184 exulta
1770 1145 1889 1183 cum
1919 1129 2038 1198 far-

462 1214 686 1268 titudine
711 1227 890 1267 vocem
923 1225 1070 1266 tuam
1113 1229 1200 1282 qus
1249 1215 1537 1270 annuntias
1581 1217 1918 1275 Hierusalem
1963 1223 2031 1276 “.

462 1299 577 1356 Nec
606 1303 803 1358 mirere
827 1303 872 1358 si
893 1306 1344 1376 evangelizaturis
1366 1308 1528 1376 bona,
1543 1309 1685 1364 bona
1701 1326 1916 1382 quoque
1934 1314 2029 1369 Je-

455 1408 558 1447 sus
578 1395 930 1465 evangelizet,
945 1411 1066 1466 quae
1088 1413 1200 1454 non
1225 1398 1328 1454 alia
1350 1408 1479 1455 sunt
1495 1415 1526 1454 a
1543 1415 1602 1456 se
1619 1402 1755 1472 ipso,
1775 1405 2030 1473 quando-

456 1485 681 1554 quidem
705 1486 942 1556 seipsum
961 1487 1063 1544 illis
1087 1489 1420 1561 evangelizat
1443 1490 1612 1547 Filius
1630 1493 1724 1547 Dei
1741 1494 1832 1563 qui
1851 1494 2028 1565 ipsum

462 1589 562 1644 per
588 1575 722 1631 alios
744 1577 924 1632 dicere
937 1579 1634 1648 nequeunt.Verumtamen
1663 1583 1755 1652 qui
1781 1585 2031 1643 ascendit

462 1678 696 1732 montes,
729 1667 840 1723 illis
870 1669 1252 1739 evangelizans
1288 1673 1452 1737 bona,
1508 1672 1652 1726 haud
1701 1673 2034 1742 contemptui

2139 1037 2320 1106 ἀγαθὰ
2374 1035 2584 1108 Ἰησοῦς
2630 1033 3036 1103 εὐαγγελίζεται
3079 1033 3148 1087 τὰ
3178 1033 3379 1101 ἀγαθὰ,
3422 1033 3522 1086 οὐκ
3579 1032 3719 1088 ἄλλα

2136 1129 2471 1200 τυγχάνοντα
2493 1126 2707 1191 ἑαυτοῦ·
2733 1125 2924 1179 ἑαυτὸν
2962 1124 3071 1196 γὰρ
3099 1123 3507 1192 εὐαγγελίζεται
3536 1125 3564 1177 ὁ
3587 1125 3718 1188 Υἱός

2136 1221 2230 1274 τοῦ
2299 1219 2434 1274 Θεοῦ
2489 1222 2600 1283 τοῖς
2619 1219 2935 1290 δυναμένοις
2985 1218 3047 1270 οὐ
3087 1215 3156 1268 δι’
3194 1216 3368 1270 ἄλλων
3412 1215 3574 1270 αὐτὸν
3621 1235 3715 1288 μα·

2138 1314 2270 1368 θεῖν·
2304 1313 2444 1385 πλὴν
2486 1314 2514 1366 ὁ
2551 1311 2846 1366 ἐπιϐαίνων
2884 1309 2991 1364 τῶν
3032 1307 3175 1380 ὀρῶν
3226 1308 3322 1362 καὶ
3364 1307 3713 1378 εὐαγγελιζό-

2139 1421 2298 1478 μενος
2357 1405 2541 1468 αὐτοῖς
2596 1403 2665 1457 τὰ
2717 1401 2932 1472 ἀγαθὰ,
2988 1400 3346 1473 μαθητευθεὶς
3401 1400 3480 1471 τῷ
3524 1400 3714 1472 ἀγαθῷ

2136 1497 2332 1567 Πατρὶ,
2378 1493 2769 1550 ἀνατέλλοντι
2807 1495 2913 1548 τὸν
2943 1493 3118 1562 ἣλιον
3152 1491 3250 1545 ἐπί
3281 1491 3583 1560 πονηροὺς
3610 1490 3712 1546 καὶ

2137 1586 2417 1657 ἀγαθοὺς,
2448 1587 2546 1641 καί
2571 1587 2857 1655 ,βρέχοντι
2882 1586 2980 1639 ἐπὶ
3015 1585 3285 1651 δικαίους
3315 1584 3414 1638 καί
3441 1584 3710 1652 ἀδίκους,

2132 1681 2261 1744 τούς
2280 1680 2380 1752 τὴν
2405 1679 2581 1751 ψυχὴν
2610 1679 2858 1749 πτωχοὺς
2894 1679 2995 1750 οὐχ
3040 1678 3407 1750 ὑπερηφανεῖ·
3455 1676 3550 1730 καὶ
3588 1676 3716 1730 τού-

461 1762 625 1817 hahet
661 1776 926 1832 pauperes
963 1764 1177 1833 spiritu,
1217 1781 1248 1820 a
1285 1765 1429 1822 bono
1457 1765 1550 1821 illo
1582 1767 1809 1823 edoctus
1847 1767 2027 1832 Patre,

2133 1791 2246 1839 τοις
2302 1771 2398 1845 τὰρ
2434 1771 2862 1841 εὐαγγελίζεται,
2901 1771 2977 1835 ὡς
3014 1769 3177 1834 αὐτος
3222 1772 3490 1841 μαρτυρεῖ
3534 1769 3713 1824 λαϐὼν

457 1856 550 1924 qui
575 1853 738 1909 solem
767 1870 922 1909 suum
961 1859 1162 1912 exoriri
1193 1857 1321 1927 facit
1364 1874 1524 1927 super
1555 1859 1716 1914 bonos
1747 1869 1795 1914 et
1840 1860 2032 1926 malos,

457 1956 508 2000 et
537 1948 627 2018 qui
648 1947 783 2017 pluit
810 1963 968 2017 super
995 1950 1166 2018 iustos
1193 1961 1240 2004 et
1273 1951 1505 2019 injustas
1540 1951 1634 2004 “‘.
1667 1949 1914 2021 Namque
1947 1951 2034 2008 his

457 2053 675 2109 quoque
698 2040 1057 2110 evangelizat,
1099 2043 1246 2097 sicut
1291 2044 1527 2112 ipsemet
1581 2049 1834 2106 testatur,
1873 2057 1939 2097 ex
1969 2057 2036 2098 eo

454 2131 600 2202 quod
633 2141 851 2202 sumpto
879 2130 1032 2188 Isaia:
1061 2133 1200 2189 libro
1225 2132 1355 2203 legit
1385 2151 1400 2188 :
1430 2131 1668 2201 Spiritus
1704 2131 1919 2186 Domini
1939 2150 2030 2187 su-

453 2244 549 2296 per
583 2243 685 2292 me,
726 2236 1004 2298 prapterea
1033 2228 1173 2296 quod
1213 2227 1370 2281 unxit
1411 2243 1513 2291 me,
1549 2227 1619 2279 ad
1653 2226 2030 2296 euangelizan-

459 2325 586 2378 dum
612 2324 932 2394 pauperibus
965 2323 1110 2378 misit
1145 2338 1246 2388 me,
1278 2331 1334 2375 ut
1379 2320 1660 2388 prtedicem
1694 2320 1914 2387 captivis
1948 2335 2033 2373 re—

456 2417 778 2480 missionem,
802 2415 1020 2470 et'ctecis
1038 2413 1228 2467 visum.
1256 2409 1639 2480 Complt’catum
1662 2409 1802 2463 enim
1825 2409 2020 2464 librum

2133 1861 2226 1918 τὸν
2269 1865 2496 1919 Ἡσαΐαν
2533 1863 2627 1918 καὶ
2660 1861 2955 1932 ἀναγνούς·
2995 1861 3064 1916 Τὸ
3087 1861 3324 1930 πνεῦμα
3361 1861 3581 1930 Κυρίου
3614 1863 3712 1916 ἐπ’

2135 1952 2261 2022 ἐμὲ,
2289 1949 2361 2009 οὗ
2389 1952 2599 2007 ἕνεκεν
2628 1953 2836 2022 ἐχρισέ
2869 1969 2966 2022 με,
3009 1952 3511 2021 εὐαγγελίσασθαι
3554 1967 3707 2006 πτω-

2137 2044 2268 2114 χοῖς
2291 2043 2637 2098 ἁπέσταλκέ
2654 2061 2750 2112 με,
2781 2043 3033 2112 κηρῦξαι
3065 2043 3462 2114 αἰχμαλώτοις
3493 2042 3712 2112 ἄφεσιν

2139 2135 2238 2190 καί
2269 2133 2522 2204 τυφλοῖς
2554 2135 2918 2204 ἀνάϐλεψιν
2959 2134 3189 2200 πτύξας
3225 2135 3337 2204 γὰρ
3375 2134 3441 2188 τὸ
3467 2135 3715 2199 βιϐλίον

2137 2227 2236 2281 καὶ
2260 2225 2526 2294 ἀποδοὺς
2570 2225 2652 2292 τῷ
2676 2226 2966 2296 ὑπηρέτῃ,
3010 2227 3255 2282 ἐκάθισε
3274 2243 3287 2256 ·
3335 2227 3433 2280 καὶ
3467 2226 3714 2280 πάντων

2140 2319 2593 2380 ἐνατενιζόντων
2621 2319 2780 2385 αὐτῷ
2805 2335 2959 2389 φησι
2979 2337 2992 2350 ·
3029 2319 3298 2388 Σήμερον
3327 2318 3711 2386 πεπλήρωται

2130 2411 2169 2479 ἠ
2204 2410 2416 2480 ι’ραερὴ
2443 2412 2594 2480 αὕτη
2625 2413 2695 2467 ἐν
2718 2411 2834 2479 τοῖς
2871 2413 3021 2468 ὠσὶν
3055 2413 3232 2484 ὑμῶν.

458 2527 578 2564 cum
609 2511 923 2565 reddidisset
951 2507 1212 2571 ministro,
1241 2507 1454 2562 resedit.
1497 2503 1731 2576 Cumque
1761 2505 1993 2560 omnium
2023 2507 2080 2561 in
2114 2521 2231 2561 eum
2268 2505 2432 2576 deﬁxi
2472 2515 2641 2562 essent
2676 2508 2838 2577 oculi,
2874 2508 3012 2563 dixit
3039 2523 3059 2562 :
3091 2506 3263 2564 Hodie
3292 2507 3568 2579 Scriptura
3594 2509 3707 2563 lucc

454 2605 667 2673 impleta
697 2613 770 2659 est
801 2605 860 2658 in
894 2603 1114 2656 auribus
1145 2602 1330 2655 vestris
1357 2599 1423 2655 δ’.

527 2699 618 2754 12.
661 2699 984 2755 Necessario
1009 2696 1175 2752 etiam
1209 2696 1340 2752 illud
1369 2694 1644 2752 sciendum
1673 2705 1778 2761 est,
1809 2709 2027 2751 omnem

454 2792 647 2846 bonam
679 2790 949 2846 actionem
1003 2804 1132 2860 ergo
1177 2788 1362 2844 Iesum
1401 2788 1596 2841 iactam
1640 2786 1744 2842 hoc
1776 2785 2027 2857 Evange-

452 2883 586 2936 lium
622 2881 926 2950 continere,
971 2879 1243 2951 quomodo
1289 2877 1456 2934 etiam
1493 2876 1738 2932 continet
1784 2875 2029 2931 mulieris

453 2973 606 3029 illius
660 2971 979 3043 prtcclaram
1029 2973 1172 3027 illam
1208 2971 1478 3026 actionem
1514 2985 1634 3039 qua:
1679 2968 1822 3023 mala
1851 2981 2026 3038 opera

449 3080 577 3118 cum
630 3063 964 3128 admisisset,
1022 3063 1469 3133 resipuissetque,
1517 3060 1644 3117 boni
1690 3059 1876 3115 odoris
1923 3075 2028 3114 un-

455 3167 712 3227 guentum
748 3157 944 3227 potuit,
978 3158 1048 3211 ob
1085 3156 1350 3227 insignem
1376 3164 1431 3210 et
1453 3167 1519 3209 ex
1549 3155 1732 3208 animo
1765 3152 1966 3207 laetam
1999 3167 2028 3206 a

458 3247 617 3302 malis
650 3249 1030 3313 mutationem,
1063 3263 1227 3318 super
1253 3246 1441 3303 Jesum
1468 3245 1717 3310 fundere,
1743 3259 1852 3316 quo
1882 3244 2029 3302 t‘acto

453 3347 566 3394 tota
592 3339 808 3404 domus,
845 3339 951 3412 14
978 3349 1142 3409 atque
1168 3340 1304 3395 adeo
1335 3346 1605 3410 quotquot
1636 3338 1748 3394 illic
1776 3338 2024 3406 aderant,

449 3429 603 3486 illius
651 3432 918 3501 unguenti
974 3430 1330 3500 fragrantiam
1393 3444 1556 3485 sensu
1619 3437 2024 3498 perceperunt;

453 3521 710 3593 quocirca
758 3521 922 3577 etiam
981 3520 1245 3590 scriptum
1296 3527 1383 3575 est
1431 3533 1447 3574 :
1491 3517 1792 3589 Ubicunque
1826 3520 2027 3588 prtedi-

451 3623 632 3667 catum
667 3612 828 3681 fuerit
861 3616 958 3666 hoc
998 3608 1347 3681 Evangelium
1383 3610 1438 3664 in
1484 3612 1727 3666 omnibus
1765 3611 2025 3682 gentibus,

453 3707 659 3761 dicetur
705 3707 867 3760 etiam
898 3706 1051 3759 istius
1087 3705 1291 3774 factum
1325 3705 1394 3758 ad
1423 3706 1729 3759 memoriam
1766 3721 1916 3759 suam
1952 3704 2028 3760 ⁸⁸.

451 3798 624 3854 Porro
668 3799 1016 3868 perspicuum
1071 3807 1156 3853 est
1189 3798 1468 3853 Christum
1509 3798 1612 3854 sibi
1659 3807 1881 3868 accepta
1935 3812 2027 3853 re-

451 3889 618 3956 ferre,
645 3903 985 3957 quaecunque
1015 3888 1067 3940 in
1093 3887 1389 3957 discipulos
1414 3903 1542 3944 suos
1569 3889 1759 3945 collata
1797 3887 2021 3944 fuerint.

453 3980 610 4036 Unde
633 3979 954 4035 beneﬁcium
978 3979 1311 4048 accipientes
1339 3980 1632 4034 ostendere
1661 3979 1869 4046 Volens,
1897 3981 2027 4034 dan-

454 4071 600 4125 tibus
660 4071 981 4126 bencﬁeium
1037 4068 1175 4124 dixit
1222 4086 1240 4123 :
1309 4068 1462 4134 Quod
1510 4069 1590 4124 his
1631 4068 1852 4138 fecistis,
1891 4070 2024 4124 mihi

451 4162 649 4232 fecistis
679 4160 746 4217 ".
771 4160 1134 4228 Quamobrem
1161 4161 1364 4230 quaevis
1391 4160 1534 4214 actio
1557 4159 1696 4214 bona
1723 4174 1752 4213 a
1782 4158 1937 4214 nobis
1970 4159 2024 4214 in

450 4254 758 4324 proximum
805 4253 1029 4321 collata,
1063 4255 1130 4307 ad
1167 4249 1519 4322 Evangelium
1567 4249 1830 4316 refertur,
1876 4249 2023 4319 quod

449 4348 505 4402 in
534 4345 658 4402 cteli
690 4345 890 4402 tabulis
925 4344 1275 4410 inscribitur,
1325 4343 1748 4414 agnosciturque
1790 4357 1856 4396 ac
1886 4341 2026 4410 legi-

2211 2697 2299 2750 12.
2343 2696 2662 2767 Ἀναγκαῖον
2703 2698 2760 2752 δὲ
2807 2699 3025 2758 εἰδέναι.
3059 2699 3140 2752 ὅτι
3171 2699 3710 2773 ἐμπεριλαμϐάνεται

2135 2787 2214 2859 τῷ
2244 2788 2470 2862 τοιούτῳ
2507 2791 2820 2862 Εὐαγγελίῳ
2847 2791 2941 2844 καὶ
2974 2793 3123 2845 πᾶσα
3147 2793 3181 2863 ἡ
3206 2794 3286 2856 είς
3325 2793 3531 2865 Ἰησοῦν
3559 2811 3709 2863 γινο-

2139 2878 2275 2950 μένη
2311 2879 2508 2950 πρᾶξις
2544 2880 2742 2952 ἀγαθὴ,
2777 2879 2964 2952 ὥσπερ
2991 2882 3086 2935 καὶ
3110 2882 3210 2953 τῆς
3233 2883 3302 2935 τὰ
3329 2883 3542 2956 πονηρά
3574 2883 3708 2957 ἔργα

2136 2971 2498 3042 πεποιηκυίας
2538 2973 2633 3026 καὶ
2665 2973 3116 3043 μετανενοηκυίας
3157 2974 3383 3030 εὐωδίαν
3416 2976 3710 3047 δεδυνημέ-

2133 3079 2232 3135 νης
2265 3063 2374 3134 (55)
2406 3064 2493 3118 διὰ
2515 3065 2611 3136 τὴν
2637 3066 2745 3119 ἀπὸ
2764 3065 2872 3119 τῶν
2907 3065 3094 3120 κακῶν
3124 3069 3353 3138 γνησίαν
3378 3070 3707 3140 μετάστασιν

2132 3153 2396 3223 καταχέαι
2437 3153 2531 3207 τοῦ
2590 3151 2786 3224 Ἰησοῦ,
2834 3153 2929 3206 καὶ
2971 3155 3134 3208 πανὰ
3173 3155 3252 3226 τῷ
3290 3157 3422 3227 οἴκῳ
3469 3157 3572 3228 τὴν
3612 3157 3706 3212 τοῦ

2132 3242 2308 3315 μύρου
2336 3242 2504 3315 πνοὴν
2529 3244 2609 3306 είς
2637 3241 2886 3313 αἴσθησιν
2913 3243 3128 3296 πάντων
3151 3243 3258 3296 τῶν
3284 3246 3342 3296 ὲν
3363 3243 3512 3314 αὐτῷ
3533 3246 3707 3315 ἐμπε-

2129 3337 2422 3408 ποιηκυίας
2443 3354 2456 3367 ·
2493 3336 2576 3390 διὸ
2604 3337 2698 3391 καὶ
2720 3337 3026 3408 γέγραπται
3045 3353 3059 3366 ·
3115 3337 3297 3390 Ὅπου
3326 3335 3403 3390 ἂν
3429 3337 3705 3406 κηρυχθῇ

2129 3430 2194 3482 τὸ
2229 3429 2598 3499 Εὐαγγέλιον
2625 3428 2820 3491 τοῦτο,
2936 3427 3084 3482 πᾶσι
3115 3427 3238 3492 τοῖς
3265 3427 3488 3490 ἔθνεσι,
3512 3431 3702 3495 λαλη-

2129 3521 2375 3590 θήσεται
2417 3520 2516 3574 καί
2574 3522 2604 3574 ὃ
2643 3522 2930 3588 ἐποίησεν
2985 3520 3133 3586 αὕτη
3175 3521 3262 3584 είς
3301 3519 3701 3587 μνημόσυνον

2128 3609 2336 3679 αὐτῆς.
2379 3610 2553 3679 mea;
2576 3609 2652 3674 δὲ,
2678 3611 2759 3663 ὅτι
2783 3613 2862 3673 είς
2897 3607 3100 3680 Ἰησοῦν
3131 3610 3338 3676 γίνεται
3369 3607 3437 3661 τὰ
3463 3607 3542 3671 είς
3570 3607 3697 3669 τούς

2130 3701 2564 3774 μαθητευθὲντας
2629 3701 2775 3773 αὐτῷ
2825 3701 3235 3772 ἐπιτελούμενα.
3289 3701 3511 3764 Δεικνύς
3567 3699 3698 3767 γοῦν

2126 3796 2250 3860 τοὺς
2289 3791 2347 3849 εὖ
2383 3795 2720 3860 πεπονθότας
2760 3795 2894 3866 φησὶ
2929 3796 3040 3858 τοῖς
3079 3794 3422 3864 πεποιηκόσι·
3466 3793 3702 3854 Τούτοις

2127 3891 2160 3947 ὃ
2198 3890 2540 3959 ἐποιήσατο,
2580 3891 2709 3960 ἐμοὶ
2750 3887 3104 3955 ἐποιήσατεο
3151 3887 3290 3940 ὥστε
3327 3885 3474 3938 πᾶσα
3504 3882 3700 3955 πρᾶξις

2126 3981 2303 4054 ἀγαθὴ
2331 3982 2364 4052 ἠ
2399 3982 2481 4046 εἰς
2507 3979 2598 4034 τὸν
2631 3978 2856 4048 πλησίον
2883 3979 2972 4047 ὑφ’
3005 3975 3160 4048 ἡμῶν
3195 3972 3586 4042 ἐπιτελουμένη
3617 3973 3699 4033 εἰς

2123 4071 2186 4125 τὸ
2227 4066 2558 4139 Εὐαγγέλιον
2599 4065 2959 4139 ἀναφέρεται,
3008 4064 3070 4117 τὸ
3111 4064 3171 4115 ὲν
3224 4064 3343 4124 ταῖς
3394 4057 3557 4122 πλαξὶ
3603 4055 3696 4110 τοῦ

2124 4163 2354 4235 οὐρανοῦ
2399 4161 2762 4232 γραφόμενον,
2799 4159 2892 4210 καὶ
2937 4155 3042 4209 ὐπὸ
3077 4153 3294 4207 πάντων
3324 4150 3432 4204 τῶν
3467 4146 3698 4218 ἠξιωμέ-

2125 4272 2230 4311 νων
2256 4254 2357 4325 τῆς
2381 4252 2488 4306 τῶν
2516 4252 2652 4306 ὅλων
2693 4248 2944 4319 γνώσεως
2979 4244 3482 4314 ἀναγινωσκόμενον
3502 4258 3515 4271 ·
3560 4236 3698 4294 ἀλλὰ

2126 4347 2218 4402 καὶ
2246 4347 2310 4400 ὲκ
2347 4342 2442 4398 τοῦ
2481 4341 2721 4399 ἐναντίου
2765 4339 2928 4412 μέρος
2956 4339 3074 4391 ἐστὶ
3103 4336 3198 4390 τοῦ
3245 4332 3574 4403 Εὐαγγελίου
3615 4331 3695 4395 είς

451 4449 540 4494 tur
565 4440 632 4496 ab
669 4440 926 4495 omnibus
963 4440 1057 4509 qui
1099 4438 1485 4494 universorum
1517 4434 1829 4505 cognitione
1872 4432 2022 4505 digni

2130 4438 2458 4511 κατηγορίαν
2482 4434 2590 4489 τῶν
2614 4431 2934 4504 πραξάντων
2976 4429 3043 4484 τὰ
3081 4431 3160 4493 είς
3210 4426 3415 4498 Ἰησοῦν
3449 4427 3696 4496 ἁμαρτα-

453 4529 619 4586 habiti
666 4530 867 4587 fuerint
902 4545 918 4584 :
947 4546 1072 4587 cum
1117 4544 1185 4584 ex
1234 4527 1464 4583 adverso
1496 4527 1662 4581 etiam
1693 4539 1818 4593 pars
1844 4522 2024 4577 Evan-

448 4621 576 4691 gelii
611 4623 1014 4678 accusationem
1072 4623 1356 4678 contineat
1402 4631 1591 4674 eorum
1639 4615 1732 4685 qui
1777 4615 2024 4684 delique-

2119 4531 2339 4602 νόμενα.
2379 4529 2444 4582 Ἠ
2470 4525 2600 4596 γοῦν
2641 4523 2809 4578 Ἰούδα
2839 4520 3116 4594 προδοσία,
3153 4519 3246 4572 καὶ
3273 4521 3307 4589 η
3343 4516 3435 4570 τοῦ
3464 4513 3694 4576 ἀσεϐοῦς

2119 4619 2251 4676 λαοῦ
2278 4617 2627 4688 καταϐόησις,
2665 4614 2982 4684 φάσκοντος
3013 4607 3152 4679 Αἶρε
3175 4609 3292 4665 ἀπὸ
3315 4607 3425 4677 τῆς
3454 4607 3567 4676 γῆς
3590 4607 3695 4659 τὸν

447 4722 577 4766 runt
628 4713 682 4767 in
737 4712 944 4769 lesum.
1005 4711 1197 4783 Itaque
1235 4709 1390 4767 Judae
1440 4706 1680 4778 proditio
1729 4706 2023 4777 populique

2130 4706 2410 4771 τοιοῦτον,
2456 4706 2555 4758 καὶ
2605 4704 2894 4770 σταύρου,
2933 4701 3196 4767 σταύρου
3243 4697 3452 4762 αὐτὸν,
3504 4695 3598 4749 καὶ
3644 4693 3694 4748 οἱ
3748 4736 3750 4739 .

447 4801 599 4872 impii
637 4801 955 4856 vociferatio
999 4802 1231 4858 dicentis
1277 4817 1293 4856 :
1337 4797 1481 4853 Tolle
1519 4797 1657 4851 hunc
1696 4811 1729 4848 a
1767 4805 1927 4857 terra,
1969 4801 2020 4847 et

2130 4801 2426 4872 ἑμπαιγμοὶ
2467 4797 2577 4852 τῶν
2621 4795 2782 4850 αὐτὸν
2835 4795 2898 4865 τῇ
2941 4789 3152 4863 ἀκάνθῃ
3197 4787 3690 4858 στεφανωσάντων,

445 4871 714 4962 cruciﬁge,
746 4892 990 4961 cruciﬁge
1013 4909 1130 4946 eum
1157 4893 1226 4956 '°,
1247 4900 1302 4945 et
1316 4889 1600 4945 irrisiones
1615 4899 1830 4952 eorum,
1851 4899 1881 4938 a
1899 4882 2019 4954 qui-

2130 4871 2218 4945 ιιαὶ
2274 4890 2343 4944 τὰ
2394 4887 2604 4952 τούτοις
2665 4871 3023 4956 παραπλήσια
3067 4879 3530 4950 ὲγκατατέτακται
3583 4877 3693 4939 τοῖς

443 4985 547 5040 bus
582 4995 666 5040 cst
692 4984 863 5056 spinis
884 4994 1198 5045 coronatus,
1229 4991 1284 5035 et
1314 4982 1399 5034 his
1423 4979 1622 5034 similia
1647 4994 1745 5050 per
1766 4976 2014 5034 ordinem

2130 4981 2492 5051 Εὐαγγελίοις.
2540 4975 2852 5032 ’Δκόλουθον
2879 4974 2936 5026 δὲ
2959 4973 3168 5035 τούτοις
3197 4970 3316 5024 ἐστὶ
3357 4967 3690 5056 magna

445 5078 498 5131 in
529 5052 838 5148 Evangeliis
869 5076 1038 5145 posita
1068 5081 1218 5128 sunt.
1249 5072 1457 5140 Quibus
1483 5084 1824 5139 consequens
1848 5076 1930 5122 est
1957 5075 2015 5121 ut

2130 5074 2231 5137 πᾶς
2267 5074 2296 5126 ὁ
2327 5071 2434 5125 τῶν
2467 5067 2722 5142 μαθητῶν
2765 5065 2874 5136 (54)
2904 5062 2999 5116 τοῦ
3037 5061 3209 5133 Ἰησοῦ
3236 5059 3520 5132 προδότης,
3551 5052 3688 5108 εἶναι

442 5171 850 5226 consideremus
874 5168 1017 5240 quod
1049 5167 1298 5238 quisquis
1325 5163 1453 5221 Iesu
1488 5163 1783 5233 discipulos
1823 5161 2013 5232 prodi-

2130 5165 2426 5234 λελόγισται
2465 5161 2560 5216 τοῦ
2600 5159 2772 5230 Ἰησοῦ
2813 5156 3100 5228 προδότης.
3136 5151 3278 5224 Πρὸς
3307 5151 3436 5220 γοῦν
3478 5150 3568 5202 τὸν
3607 5148 3688 5200 ἔτι

515 5310 559 5346 ⁶⁶
600 5309 699 5363 lsa.
727 5309 889 5373 “,2.
965 5309 1050 5340 ⁶⁶⁴
1077 5307 1271 5363 Matth.
1301 5322 1355 5373 v,
1382 5303 1483 5376 με.
1554 5304 1604 5337 ³⁷
1651 5302 1785 5358 Luc.
1827 5315 1900 5366 tv,
1958 5298 2026 5357 18

467 5380 487 5412 ⁸
516 5378 674 5433 Joun.
715 5393 829 5434 xu.
859 5377 913 5434 6.
948 5379 1039 5434 i5.

2135 5300 2188 5369 9,
2237 5297 2329 5353 21.
2417 5294 2463 5328 ⁸⁸
2498 5292 2850 5354 Μειιιιωχνι,
2889 5289 2973 5344 i5.
3051 5287 3095 5320 ⁶⁹
3127 5285 3319 5342 Matth.
3362 5299 3491 5347 xxv,
3524 5280 3612 5336 40.

440 5381 487 5412 ⁷⁸
516 5381 674 5433 Joun.
715 5393 829 5443 xu,
859 5381 913 5442 6,
948 5381 1039 5434 l5.

516 5491 628 5565 (55)
683 5493 1298 5565 ρἘμπεριλαμϐάν-εται.
1318 5534 1332 5548 .
1352 5533 1365 5547 .
1384 5534 1399 5550 .
1451 5491 1704 5565 εὑῳδίαν
1725 5562 1736 5565 Α
1757 5486 2008 5556 δεδυνη-

439 5562 649 5634 neme.
712 5562 785 5618 Ita
817 5563 974 5618 codd.
1036 5563 1358 5634 Bodleianus
1414 5575 1468 5619 et
1494 5562 1841 5634 Allarberinus
1879 5573 2010 5634 sup-

439 5628 864 5717 plent—lacunam
916 5646 1038 5703 quo:
1093 5633 1147 5688 in
1194 5637 1434 5693 editione
1491 5630 1756 5690 lluetiana
1791 5628 2008 5699 conspi-

439 5717 602 5761 catur.

2193 5478 2306 5550 (54)
2336 5478 2412 5550 _'0
2439 5473 2558 5550 τῶν
2571 5471 2872 5550 μαθητῶν,
2905 5478 3014 5550 c_tc.
3044 5469 3204 5550 Deest
3243 5467 3685 5550 apudnlluetinm

2115 5536 2225 5607 τῶν
2249 5536 2528 5621 μαθητῶν,
2557 5536 2651 5621 sed
2674 5536 2946 5621 eistat_ad
2978 5536 3505 5621 ntzrrgiueltt‘t'cpdicis
3522 5611 3532 5621 Ι
3552 5536 3689 5621 Bnr.

2117 5609 2315 5682 beritii,
2349 5609 2803 5687 quemadmodum
2851 5609 3190 5687 Fcrmriiet
3231 5609 3467 5667 Pcriouii
3520 5611 3689 5667 inter-

2120 5681 2446 5764 pretatio'ct
2477 5687 2592 5760 ipsa
2631 5683 2898 5743 sententia
2927 5681 3221 5752 postulant.
