4040 6210
387 345 465 405 υ
1492 339 1854 396 COMMENT.
1893 338 1961 395 IN
2003 339 2194 398 JOAN.
2230 339 2473 397 TOMUS
2511 341 2550 397 1.
3599 341 3667 396 5'0

387 464 449 517 δὲ.
480 463 529 516 οἱ
559 459 666 532 πρὸ
695 461 793 531 τῆς
819 458 1136 529 σωματικῆς
1164 456 1402 530 Χριστοῦ
1437 458 1729 530 ἐπιδημίας
1754 461 1984 531 Χριστὸν

2089 462 2352 531 zaut,qui
2381 472 2464 517 est
2494 460 2737 517 omnium
2779 461 2943 530 bona,
2991 470 3050 517 ut
3087 469 3244 517 antea
3292 459 3665 525 ostendimus;

394 550 836 619 εὐαγγελίζονται
864 549 993 601 όντα
1021 547 1090 601 τά
1121 546 1321 615 ἀγαθὰ,
1348 547 1424 611 ὡς
1446 547 1828 619 ἀπεδείξαμεν,
1857 550 1989 605 πάν-

393 642 501 696 των
529 639 650 703 πώς
681 642 820 693 εἰσιν
851 640 903 691 οἱ
932 638 1081 706 λόγοι
1108 637 1201 691 τοῦ
1222 637 1555 706 Εὑαγγελίου
1594 639 1776 710 μέρος.
1809 641 1987 714 Ὅπερ

388 732 727 801 Εἴδαγγέλιον
764 731 1061 800 λεγόμενον
1098 728 1375 783 λαλεῖσθαι
1429 732 1491 784 ἐν
1537 730 1642 800 ὅλῳ
1675 728 1755 800 τῷ
1795 730 1986 804 κόσμῳ

389 827 554 895 ἡμεῖς
615 823 1033 894 ἐκλαμϐάνομεν
1094 822 1532 891 ἀπαγγέλλεσθαι
1604 823 1663 877 ἐν
1738 824 1845 895 ὅλῳ
1908 826 1986 898 τῷ

389 918 617 988 κόσμῳ,
669 918 734 971 οὐ
794 916 956 987 μόνον
1019 915 1097 987 τῷ
1158 916 1422 988 περιγείῳ
1473 916 1657 986 τόπῳ,
1710 917 1850 971 ἀλλά
1889 920 1987 973 καὶ

393 1009 558 1061 παντὶ
608 1007 687 1077 τῷ
736 1009 1043 1078 συστήματι
1075 1006 1152 1078 τῷ
1189 1007 1248 1073 ἐξ
1287 1004 1514 1076 οὐρανοῦ
1548 1006 1644 1060 καὶ
1679 1006 1805 1077 γῆς,
1848 1008 1882 1078 ἦ
1926 1007 1985 1075 ἐξ

390 1099 637 1171 οὐρανῶν
684 1100 781 1152 καὶ
826 1100 949 1168 γῆς.
1007 1099 1118 1152 Καὶ
1148 1098 1201 1150 τί
1241 1098 1321 1151 δεῖ
1351 1098 1444 1150 ἐπὶ
1497 1097 1683 1151 πλεῖον
1723 1097 1985 1168 μηκύνειν

390 1191 487 1243 τὸν
511 1190 761 1262 περὶτοῦ
794 1190 848 1244 τί
877 1191 939 1243 τὸ
968 1189 1300 1258 Εύαγγέλιόν
1336 1191 1452 1242 ἐστι
1475 1188 1665 1258 λόγον;
1688 1190 1986 1262 Αύτάρκως

391 1281 452 1335 δὲ
482 1282 691 1335 τούτων
719 1282 1046 1353 εἰρημένων,
1084 1281 1177 1334 καὶ⁸
1214 1281 1279 1333 ἐκ
1316 1281 1523 1335 τούτων
1554 1280 1664 1335 τῶν
1719 1281 1793 1352 μὴ
1830 1283 1985 1335 ἀνεν-

393 1375 611 1444 τρεχῶν
675 1374 987 1444 δυναμένων
1074 1374 1142 1428 τὰ
1226 1374 1583 1446 παραπλήσια
1655 1377 1986 1443 συναγαγεῖν

392 1466 506 1519 ἀπὸ
542 1465 652 1519 τῶν
692 1465 949 1536 Γραφῶν,
996 1466 1089 1520 καὶ
1136 1465 1373 1536 βλέπειν,
1414 1466 1500 1530 τίς
1540 1468 1573 1537 ἡ
1606 1465 1731 1532 δόξα
1773 1465 1881 1518 τῶν
1927 1466 1987 1519 ἐν

404 1556 585 1628 Ἰησοῦ
614 1557 836 1629 Χριστῷ
883 1558 1105 1627 ἀγαθῶν
1139 1558 1243 1611 ὑπὸ
1300 1554 1395 1611 τοῦ
1465 1557 1820 1627 Εὑαγγελίου,
1866 1557 1985 1612 δια-

391 1649 724 1719 κονουμένου
771 1650 879 1703 ὑπὸ
930 1649 1233 1721 ἀνθρώπων
1295 1649 1391 1704 καὶ
1449 1649 1717 1718 ἀγγέλων,
1773 1649 1885 1718 ἐγὼ
1939 1649 1983 1702 δ’

389 1735 565 1810 οἶμαι,
599 1741 685 1793 ὅτι
738 1743 835 1795 καὶ
896 1740 1100 1813 ἀρχῶν,
1140 1742 1236 1795 καὶ
1294 1740 1573 1805 ἐξουσιῶν,
1604 1741 1697 1795 καὶ
1756 1741 1981 1811 θρόνων,

2092 553 2497 623 quodammodo
2523 568 2807 610 sermones
2843 569 2972 625 pars
3002 563 3133 610 sunt
3175 553 3486 624 Evangelii.
3515 552 3667 619 Quod

2095 643 2442 713 Evangelium
2470 657 2593 698 cum
2635 644 3027 717 divulgandum
3056 660 3177 701 esse
3210 645 3422 701 dicatur
3461 642 3515 697 in
3556 650 3670 697 toto

2094 736 2321 803 mundo,
2353 750 2451 790 nos
2486 750 2582 805 per
2612 745 2785 791 totum
2814 738 3073 792 muttdutn
3105 753 3214 793 non
3248 746 3459 791 tantum
3506 733 3669 790 intel-

2094 828 2311 899 Iigimus
2338 837 2654 883 terrestrem
2689 829 2833 884 hunc
2872 829 3073 897 locum,
3107 829 3201 883 sed
3241 828 3404 883 etiam
3448 839 3666 881 omnem

2092 921 2307 991 globum
2346 936 2415 974 ex
2463 920 2606 976 cmlo
2655 931 2710 977 et
2754 930 2922 985 terra,
2970 920 3055 975 vel
3094 935 3161 975 ex
3206 919 3360 975 cmlis
3407 928 3460 974 et
3500 930 3664 973 terra.

2093 1010 2199 1066 Sed
2257 1011 2388 1081 quid
2469 1027 2607 1083 opus
2679 1022 2762 1068 est
2826 1013 3030 1068 diutius
3086 1011 3403 1082 protrahere
3465 1025 3670 1065 sermo-

2093 1116 2214 1157 nem
2276 1102 2340 1157 de
2382 1116 2449 1158 eo
2498 1103 2627 1172 quid
2682 1104 2754 1159 sit
2802 1103 3153 1174 Evangelium
3187 1103 3211 1156 ?
3240 1103 3373 1158 Cum
3416 1102 3530 1157 haec
3573 1116 3671 1155 an-

2094 1202 2200 1247 tem
2248 1192 2361 1261 jam
2412 1193 2548 1247 satis
2597 1193 2740 1249 dicta
2786 1194 2921 1255 sint,
2970 1202 3134 1263 atque
3186 1193 3310 1247 inde
3357 1190 3554 1246 similia
3601 1205 3669 1243 ex

2094 1285 2398 1355 Scripturis
2453 1286 2719 1356 colligere
2782 1284 2994 1355 possint
3047 1283 3143 1353 qui
3201 1282 3424 1337 minime
3487 1278 3667 1335 stolidi

2092 1383 2219 1428 sunt
2265 1384 2321 1429 et
2367 1376 2554 1441 rudes,
2612 1383 2669 1429 et
2730 1374 2931 1429 intueri
2992 1388 3151 1442 quam
3218 1371 3449 1440 gloriam
3501 1370 3672 1424 hono-

2094 1480 2213 1519 rum
2277 1467 2379 1536 1'7
2443 1467 2495 1521 in
2551 1465 2775 1521 Christo
2818 1463 2945 1519 .Icsu
2999 1464 3253 1519 exhibeat
3297 1460 3670 1531 Evangeliutn,

2095 1566 2206 1611 tum
2230 1557 2298 1611 ab
2333 1556 2667 1621 hominibus,
2708 1565 2817 1610 tum
2863 1554 2931 1609 ab
2970 1552 3177 1624 angelis
3205 1551 3669 1615 administratum,

2092 1658 2165 1715 et,
2186 1657 2246 1704 ut
2280 1663 2381 1721 ego
2411 1650 2669 1714 arbitror,
2694 1649 2856 1704 etiam
2885 1663 2915 1702 a
2940 1646 3331 1719 principatibus
3350 1654 3403 1701 et
3429 1653 3669 1715 potesta-

2094 1740 2259 1805 tibus,
2293 1756 2323 1795 a
2365 1738 2577 1796 thronis
2609 1748 2665 1795 et
2698 1739 3164 1796 dominationibus
3189 1777 3204 1805 ,
3254 1752 3319 1794 ac
3363 1737 3558 1791 deinde
3601 1738 3671 1790 ait

388 1831 488 1885 καὶ
518 1834 883 1905 κυριοτήτων,
919 1835 1014 1887 καὶ
1043 1833 1243 1895 παντὸς
1274 1833 1535 1903 ὀνόματος
1563 1831 1984 1903 ὀνομαζομένου,

2090 1831 2239 1888 omni
2280 1832 2534 1899 nomine,
2564 1832 2707 1902 quod
2758 1832 3096 1897 nominatur,
3134 1846 3238 1886 non
3283 1828 3455 1885 solum
3486 1829 3537 1883 in
3571 1828 3672 1883 hoc

388 1926 453 1978 οὐ
487 1924 650 1995 μόνον
687 1927 747 1978 ἐν
791 1926 967 1997 τούτῳ
1010 1924 1087 1993 τῷ
1135 1924 1312 1988 αἰῶνι,
1349 1923 1487 1977 ἀλλὰ
1517 1925 1611 1979 καὶ
1634 1926 1692 1977 ἐν
1742 1923 1821 1995 τῷ
1862 1924 1984 1995 μέλ-

2088 1924 2312 1989 saeculo,
2345 1939 2533 1980 verum
2565 1926 2733 1980 etiam
2770 1925 2820 1978 in
2863 1924 3080 1989 futuro,
3110 1932 3223 1978 tum
3258 1922 3426 1978 etiam
3460 1920 3529 1974 ab
3557 1920 3673 1990 ipso

389 2014 557 2081 λοντι,
581 2016 716 2087 εῖγε
747 2017 841 2069 καὶ
869 2017 963 2069 ὑπ’
1003 2016 1166 2069 αὐτοῦ
1213 2015 1307 2069 τοῦ
1369 2016 1632 2088 Χριστοῦ·
1668 2017 1833 2070 αὐτοῦ
1882 2033 1984 2069 που

2087 2016 2309 2073 Christo
2332 2059 2348 2083 ,
2395 2018 2499 2073 hoc
2532 2018 2583 2072 in
2614 2017 2734 2072 loco
2783 2018 3033 2073 ﬁniemus
3078 2032 3199 2087 qua:
3232 2016 3503 2070 narranda
3550 2027 3671 2068 esse

394 2109 829 2179 καταπαύσομεν
850 2108 922 2161 τὰ
950 2109 1056 2180 πρὸ
1089 2109 1189 2180 τῆς
1233 2107 1692 2177 συναναγνώσεως
1732 2108 1841 2161 τῶν
1895 2124 1984 2175 γε·

2088 2108 2327 2164 tliximus
2367 2118 2498 2165 ante
2534 2110 3046 2180 interpretationem
3090 2123 3280 2163 eorum
3317 2122 3439 2176 qua:
3482 2105 3671 2175 praue-

392 2201 753 2272 γραμμένων.
801 2200 939 2272 Ἤδη
976 2199 1032 2253 δὲ
1057 2198 1175 2270 Θεῷ
1203 2199 1484 2270 αἰτώμεθα
1514 2201 1848 2273 συνεργῆσαι
1897 2201 1984 2255 διὰ

2087 2209 2288 2271 guntur
2342 2200 2429 2256 his
2483 2202 2722 2269 scriptis.
2763 2200 2881 2256 Jant
2918 2214 3050 2256 vero
3100 2200 3268 2254 Deum
3318 2212 3560 2261 oremus,
3612 2207 3671 2251 ut

395 2293 633 2362 Χριστοῦ
655 2296 789 2364 ἡμῖν
816 2294 875 2346 ἐν
898 2293 1040 2364 ἁγίῳ
1070 2291 1349 2362 Πνεύματι
1384 2292 1522 2363 πρὸς
1555 2290 1852 2358 ἀνάπτυξιν
1887 2293 1982 2347 τοῦ

2091 2290 2249 2346 nobis
2283 2291 2355 2347 sit
2382 2293 2699 2361 adjumento
2729 2308 2827 2361 per
2849 2291 3127 2348 Christum
3160 2291 3213 2345 in
3247 2298 3442 2346 sancto
3462 2287 3668 2357 Spiritu

394 2386 453 2438 ἐν
510 2388 628 2450 ταῖς
689 2385 899 2453 λέξεσιν
980 2383 1651 2457 ἐναποτεθησπαυρισμένου
1720 2384 1982 2456 μυστικοῦ

392 2494 489 2531 ὩὪ
499 2517 517 2531 .

2089 2384 2157 2441 ad
2181 2384 2562 2455 explicandum
2591 2386 2880 2457 mysticum
2911 2400 3132 2442 sensum
3156 2385 3210 2441 in
3233 2384 3429 2448 verbis,
3449 2381 3672 2452 perinde

2091 2492 2156 2534 ac
2183 2479 2498 2534 thesaurum
2533 2477 2894 2535 reconditum.

1758 2573 1989 2644 Explicit
2021 2574 2288 2645 prtefntio.

469 2660 559 2718 16.
603 2662 706 2716 Ἔν
732 2662 893 2731 ἀρχῇ
926 2659 1005 2734 ἦν
1050 2666 1082 2719 ό
1121 2666 1334 2735 Λόγος.
1374 2665 1448 2718 Οὐ
1507 2665 1668 2737 μόνον
1722 2666 1983 2737 ’Έλληνες

389 2753 570 2807 πολλά
621 2771 754 2823 φασι
820 2756 1198 2827 σημαινόμενα
1257 2754 1395 2811 εἶναι
1457 2760 1564 2812 ἀπὸ
1626 2758 1736 2829 τῆς
1787 2759 1983 2829 ἀρχῆς

388 2847 808 2919 προσηγορίας,
855 2849 991 2903 ἀλλά
1035 2850 1142 2923 γὰρ
1187 2851 1241 2903 εἴ
1300 2868 1385 2915 τις
1437 2854 1672 2924 τηρήσαι
1734 2854 1982 2922 συνάγων

392 2935 665 2990 πάντοθεν
708 2936 865 2990 τοῦτο
904 2938 964 2991 τὸ
1000 2939 1169 3007 ὄνομα
1194 2979 1209 3004 ,
1267 2944 1361 2994 κει)⁸
1410 2941 1653 3011 ἀκριϐῶς
1716 2942 1984 3010 ἐξετάζων

394 3028 647 3099 βούλοιτο
672 3032 955 3084 κατανοεῖν
987 3032 1044 3084 ἐν
1079 3032 1293 3101 ἐκάστῳ
1322 3033 1472 3103 τόπῳ
1497 3034 1603 3087 τῶν
1628 3034 1861 3106 Γραφῶν
1893 3037 1984 3091 ἐπὶ

389 3120 542 3184 τίνος
574 3121 859 3184 τέτακται,
894 3123 1114 3195 εὑρήσει
1145 3125 1237 3178 καὶ
1266 3124 1407 3179 κατὰ
1439 3126 1532 3179 τὸν
1558 3128 1700 3180 θεῖον
1731 3127 1887 3197 λόγον
1923 3127 1984 3183 τὸ

391 3210 717 3282 σωλύσημον
752 3211 852 3282 τῆς
884 3214 1069 3284 φωνῆς
1088 3231 1101 3245 ·
1147 3217 1180 3285 ἡ
1231 3217 1327 3286 μὲν
1358 3217 1466 3287 γάρ
1496 3235 1580 3282 τις
1612 3218 1687 3283 ώς
1748 3218 1984 3290 μεταϐά-

390 3318 560 3366 σεως,
595 3300 736 3374 αῦτη
768 3303 825 3356 δέ
859 3305 1006 3358 ἐστιν
1040 3308 1073 3377 ή
1120 3306 1195 3369 ὡς
1232 3307 1352 3360 ὁδοῦ
1408 3312 1502 3363 καὶ
1559 3313 1803 3383 μήκους,
1849 3315 1983 3386 ὅπερ

388 3391 653 3463 δηλοῦται
686 3396 750 3446 ἐκ
774 3393 868 3447 τοῦ
888 3411 902 3425 ο
943 3396 1115 3465 Ἀρχὴ
1144 3396 1288 3452 ὀδοῦ
1314 3400 1542 3470 ἀγαθῆς
1570 3404 1636 3457 τό
1673 3404 1866 3458 ποιεῖν
1914 3407 1986 3460 τὰ

390 3483 619 3539 δίκαια.
634 3487 747 3557 Τῆς
779 3487 888 3559 γὰρ
914 3488 1124 3559 ἀγαθῆς
1152 3489 1272 3543 ὁδοῦ
1304 3494 1567 3565 μεγίστης
1588 3498 1981 3571 τυγχανούσης,

392 3576 543 3629 κατὰ
570 3577 671 3648 μὲν
701 3579 772 3631 τὰ
797 3581 987 3653 πρῶτα
1010 3582 1226 3649 νοητέον
1249 3577 1385 3638 εἷναι
1420 3586 1531 3657 (67)
1567 3588 1628 3640 τὸ
1661 3590 1982 3659 πρακτικὸν,

393 3668 536 3740 ὅπερ
572 3671 1013 3742 παρίσταταιδιά
1036 3672 1153 3737 τοῦ,
1186 3676 1379 3730 ποιεῖν
1440 3677 1511 3731 τὰ
1566 3678 1798 3735 δίκαιαι
1844 3680 1985 3735 κατὰ

392 3760 456 3813 δὲ
490 3762 557 3814 τὰ
604 3762 731 3833 ἑξῆς
762 3764 823 3816 τὸ
853 3764 1217 3837 θεωρητικόν,
1254 3770 1334 3832 είς
1392 3770 1420 3823 ὂ
1463 3772 1789 3843 καταλήγειν
1834 3770 1985 3845 οἶμαι

393 3851 497 3905 καὶ
522 3851 584 3906 τὸ
616 3852 771 3915 τέλος
804 3854 974 3925 αὐτῆς
1007 3858 1067 3908 ἐν
1097 3858 1163 3927 τῇ
1196 3856 1465 3933 λεγομένῃ
1519 3860 1981 3931 ἀποκαταστάσει,

390 3942 487 3995 διὰ
520 3944 584 3995 τὸ
614 3944 818 4015 μηδένα
848 3946 1275 4001 καταλείπεσθαι
1300 3950 1422 4003 τότε
1464 3951 1678 4023 ἐχθρὸν,
1712 3951 1841 4020 εἴγε
1862 3955 1986 4027 ἀλη-

395 4034 493 4097 θὲς
526 4035 625 4087 τόο
668 4034 912 4104 Δεῖγὰρ
955 4040 1147 4092 αὑτὸν
1200 4040 1563 4105 βασιλεύειν
1612 4042 1724 4109 ἕως
1780 4042 1856 4097 ἂν
1908 4046 1985 4116 θῇ

391 4126 544 4192 τοὺς
566 4125 818 4195 ἐχθροὺς
844 4128 1031 4184 αὐτοῦ
1063 4128 1182 4185 ὐπὸ
1200 4131 1339 4198 τοὺς
1364 4132 1554 4199 πόδας
1580 4135 1985 4205 αὐτοῦ,ἕσχα-

391 4236 503 4285 τος
527 4220 597 4271 δὲ
611 4219 823 4288 ἐχθρός
851 4221 1220 4289 καταργεῖται
1250 4226 1282 4277 ό
1314 4223 1729 4292 θάνατος.Τότε
1749 4229 1981 4303 γὰρ(68)

396 4310 503 4378 μία
530 4309 733 4378 πρᾶξις
760 4309 912 4363 ἔσται
939 4308 1048 4361 τῶν
1079 4309 1214 4380 πρὸς
1236 4309 1369 4363 Θεὸν
1391 4310 1478 4364 διὰ
1504 4311 1595 4365 τὸν
1642 4314 1777 4385 πρὸς
1820 4316 1983 4368 αὐτὸν

392 4400 571 4467 Λόγον
607 4399 948 4468 φθασάντων,
984 4401 1017 4471 ή
1066 4400 1159 4454 τοῦ
1224 4405 1507 4455 κατανοεῖν
1553 4403 1644 4456 τὸν
1675 4404 1806 4459 Θεόν
1824 4422 1838 4436 ·
1896 4406 1983 4460 ἵνα

390 4486 663 4553 γένωνται
693 4486 855 4552 οὓτω,
891 4491 949 4542 ἐν
991 4492 1057 4560 τῇ
1114 4489 1314 4558 γνώσει
1347 4491 1442 4545 τοῦ
1502 4494 1714 4566 Πατρός
1765 4513 1983 4567 μορφω-

2161 2666 2249 2721 16.
2302 2664 2369 2719 In
2399 2660 2658 2730 principio
2688 2668 2801 2713 erat
2860 2658 3192 2717 Verbum".
3256 2663 3407 2722 Hanc
3457 2682 3668 2737 vocem,

2088 2757 2361 2828 principii,
2398 2755 2564 2810 multa
2616 2753 2957 2824 signiﬁcare,
3008 2769 3121 2808 non
3168 2764 3379 2811 tantum
3442 2761 3671 2829 gentiles

2088 2852 2353 2915 fatentur,
2382 2850 2475 2904 sed
2509 2848 2676 2902 etiam
2708 2845 2752 2900 si
2784 2845 2911 2916 quis
2939 2845 3236 2904 observare
3263 2858 3428 2920 atque
3471 2851 3671 2907 intelli-

2088 2957 2218 3014 gere
2232 2940 2484 3005 voluerit,
2512 2938 2748 3008 undique
2766 2937 3031 3007 colligens
3064 2940 3165 2995 hoc
3193 2956 3415 3007 nomen,
3439 2952 3490 2997 et
3516 2959 3670 2999 accuo

2089 3044 2205 3090 rate
2230 3033 2547 3103 exquirens,
2575 3045 2681 3101 qua
2722 3030 2790 3084 de
2816 3045 2874 3086 re
2905 3032 2967 3085 in
2990 3032 3223 3101 singulis
3259 3032 3668 3104 Scripturarntn

2088 3128 2225 3182 locis
2247 3126 2478 3196 positum
2509 3122 2604 3187 sit,
2647 3121 2886 3176 inveniet
2932 3123 3284 3193 multiplicem
3326 3127 3476 3181 vocis
3512 3126 3672 3193 hujus

2088 3219 2539 3291 signiﬁcationem
2584 3216 2641 3270 in
2695 3214 2894 3270 divinis
2950 3217 3302 3273 sermonibus
3370 3232 3512 3274 esse.
3573 3218 3671 3276 Est

2088 3323 2325 3379 namque
2371 3310 2693 3379 principium
2727 3307 2874 3362 aliud
2906 3308 3176 3364 transitus
3211 3311 3356 3381 quod
3409 3314 3475 3366 ad
3525 3314 3665 3367 viam

2087 3404 2325 3473 pertinet
2362 3409 2416 3456 et
2443 3400 2840 3471 longitudinem
2871 3439 2886 3463 .
2916 3409 2974 3456 ut
2999 3401 3117 3456 hate
3145 3403 3306 3457 verba
3338 3404 3619 3459 declarant
3652 3424 3665 3460 :

2095 3492 2206 3549 Via:
2232 3496 2381 3550 bona
2410 3497 2730 3564 principium
2763 3506 2838 3551 est
2865 3497 3040 3565 facere
3057 3496 3209 3566 jnsta
3253 3497 3320 3552 “.
3355 3496 3488 3553 Cum
3519 3500 3664 3554 enim

2085 3587 2225 3641 bona
2266 3587 2352 3641 via
2388 3588 2462 3642 sit
2506 3588 2856 3658 longissima,
2905 3588 2972 3642 ad
3007 3603 3127 3642 eam
3171 3588 3224 3642 in
3265 3588 3455 3658 primis
3495 3591 3667 3659 perti-

2085 3690 2216 3730 nere
2245 3689 2363 3729 cam
2391 3676 2745 3748 philosophiae
2768 3685 2978 3744 partem
3012 3678 3350 3730 censendum
3393 3684 3511 3742 est,
3546 3691 3667 3744 qua:

2086 3767 2139 3821 in
2172 3780 2350 3819 rerum
2397 3766 2613 3820 actione
2646 3773 2931 3831 versatur;
2955 3766 3100 3834 quod
3131 3764 3445 3819 ostenditur
3466 3781 3528 3821 ex
3560 3766 3667 3821 illts

2085 3857 2287 3921 verbis,
2315 3854 2690 3924 [προτείνειε.
2725 3871 2848 3912 cum
2881 3859 3024 3925 quod
3073 3856 3341 3925 reliquum
3394 3866 3479 3912 est
3542 3859 3661 3920 viae.

2086 3949 2138 4002 id
2169 3959 2341 4003 totum
2378 3948 2447 4002 ad
2478 3963 2599 4003 eam
2629 3949 2735 4003 vim
2765 3958 2973 4019 spectet
3002 3964 3123 4019 qua:
3155 3949 3257 4003 sita
3285 3958 3368 4005 est
3394 3949 3448 4004 in
3485 3966 3665 4005 rerum

2085 4042 2587 4113 contemplatione,
2628 4042 2681 4097 in
2736 4057 2899 4111 quam
2942 4042 3104 4097 etiam
3138 4041 3309 4111 ipsius
3334 4043 3496 4098 tinem
3524 4044 3666 4097 desi-

2086 4143 2267 4188 turum
2321 4135 2539 4205 Opinor,
2607 4134 2767 4190 simul
2824 4144 2987 4204 atque
3047 4135 3330 4189 advenerit
3387 4136 3665 4191 restitutio

2083 4242 2245 4298 quam
2287 4236 2487 4283 vocant
2517 4246 2531 4285 :
2574 4243 2643 4284 eo
2670 4228 2812 4299 quod
2842 4236 2951 4282 tum
2983 4228 3240 4295 temporis
3276 4244 3342 4283 ne
3379 4244 3518 4282 unus
3545 4230 3665 4298 qui-

2083 4321 2203 4375 dem
2236 4320 2623 4391 relinquendus
2671 4322 2741 4375 sit
2789 4320 3059 4385 inimicus,
3113 4320 3158 4375 si
3199 4319 3413 4388 quidem
3474 4334 3661 4375 verum

2082 4421 2169 4467 est
2227 4411 2358 4466 illud
2433 4429 2448 4465 :
2521 4411 2739 4481 Oportet
2808 4413 2945 4466 enim
3009 4427 3126 4465 eum
3190 4427 3438 4480 regnare,
3501 4410 3664 4463 donec

2081 4503 2313 4572 posuerit
2342 4517 2522 4557 omnes
2558 4502 2803 4558 inimicos
2835 4503 2931 4555 sub
2964 4502 3117 4571 pedes
3150 4518 3297 4565 suos,
3349 4509 3397 4554 et
3437 4502 3663 4554 novissi-

392 4578 583 4643 θέντες
604 4580 804 4645 πάντες
835 4582 1075 4654 ἀκριϐῶς
1094 4582 1243 4650 Υἱὸς,
1272 4584 1348 4648 ώς
1405 4584 1500 4637 νῦν
1557 4586 1715 4657 μόνος
1774 4588 1803 4639 ό
1852 4587 1979 4652 Υίὸς

2087 4611 2197 4648 mus
2227 4595 2390 4649 hostis
2422 4594 2697 4650 abolentur
2712 4611 2851 4648 mors
2878 4594 2945 4649 ⁸³.
2984 4590 3118 4646 Tum
3138 4596 3281 4647 enim
3300 4593 3660 4663 cognoscendi

391 4669 605 4738 ἔγνωκε
625 4672 720 4726 τὸν
752 4673 991 4745 Πατέρα.
1022 4676 1084 4728 El
1133 4675 1242 4747 γὰρ
1282 4677 1555 4747 ἐπιμελῶς
1606 4697 1691 4743 τις
1736 4679 1978 4745 ἐξετάζοι

2087 4682 2256 4737 Deum
2301 4699 2408 4737 una
2436 4684 2542 4738 erit
2570 4685 2717 4739 actio
2749 4698 2941 4738 eorum
2975 4682 3065 4750 qui
3102 4684 3167 4735 ad
3199 4682 3362 4737 Deum
3399 4699 3662 4753 pervene-

395 4760 527 4812 πότε
556 4761 878 4829 γνώσονται,
911 4761 992 4829 οἷς
1013 4766 1387 4821 ἀποκαλύπτει
1409 4770 1437 4821 ό
1462 4770 1717 4838 ἐγνωκὼς
1759 4773 1850 4825 τὸν
1868 4774 1983 4827 Πα-

390 4850 551 4923 τέρα,
584 4854 681 4906 καὶ
718 4854 904 4924 βλέπει
941 4858 1001 4909 τὸ
1035 4857 1130 4911 νῦν
1173 4858 1239 4911 δι’
1267 4860 1535 4932 ἐσόπτρου
1590 4864 1684 4917 καὶ
1733 4866 1791 4917 ἐν
1839 4865 1980 4919 αἰνί-

390 4957 567 5011 γματι
601 4944 691 4998 τὸν
719 4945 985 5015 βλέποντα
1015 4948 1251 5019 βλέπειν,
1292 4952 1503 5007 ούδέπω
1552 4956 1829 5023 ἐγνωκότα
1875 4974 1979 5011 κα-

391 5030 505 5096 θὼς
530 5033 613 5086 δεῖ
633 5035 857 5104 γνῶναι,
884 5038 983 5091 οὐκ
1004 5039 1069 5093 ἂν
1095 5041 1331 5113 ἁμάρτοι
1357 5042 1529 5112 λέγων
1570 5044 1774 5116 μηδένα
1808 5049 1978 5117 ἐγνω-

390 5124 576 5190 κέναι,
610 5127 714 5181 κᾶν
751 5130 1069 5194 ἀπόστολος,
1103 5132 1205 5187 κᾶν
1232 5134 1515 5205 προφήτης
1544 5153 1625 5199 τις
1657 5131 1712 5208 ᾖ,
1746 5137 1838 5191 τὸν
1860 5140 1975 5192 Πα-

387 5217 450 5268 τέ
456 5217 669 5289 ρκ(69),
687 5219 801 5272 ἀλλ’
815 5222 945 5303 ὅταν
960 5222 1222 5290 γένωνται
1246 5225 1325 5289 ἓν,
1343 5227 1419 5290 ὠς
1454 5227 1584 5290 Υἱὸς
1602 5230 1696 5281 καὶ
1711 5229 1897 5302 Πατὴρ
1917 5231 1976 5283 ἓν

467 5307 511 5340 ⁸⁸
542 5307 707 5364 Joan.
735 5306 871 5374 ι,1.Δ
927 5314 974 5345 ⁸²
1006 5314 1167 5371 Prov.
1194 5332 1308 5376 xVI.
1350 5318 1403 5373 5.
1481 5318 1570 5374 ⁸³1
1599 5319 1728 5376 Cor.
1757 5338 1849 5387 xv,
1885 5323 2074 5391 25,26.

465 5420 583 5491 (67)
614 5417 806 5480 Εἶναι.
841 5424 1030 5480 Exstat
1052 5425 1104 5479 in
1123 5428 1398 5483 codicibus
1423 5430 1721 5487 Barhcrino
1746 5441 1799 5486 ct
1831 5432 1973 5488 Bod-

386 5492 597 5556 leiano,
626 5495 781 5545 deest
812 5508 939 5549 vero
972 5497 1022 5549 in
1060 5497 1298 5551 editione
1331 5499 1532 5556 Ilttetii.

464 5563 583 5641 (68)
622 5562 1021 5641 Τόζεέχθρρν,
1041 5565 1178 5641 sire
1197 5567 1418 5641 (11111063;
1450 5571 1518 5641 τό
1539 5586 1553 5599 ·
1585 5570 1687 5625 Δεῖ
1708 5572 1818 5641 γὰρ
1869 5574 1973 5626 αὐ-

383 5633 497 5709 τότί
521 5632 886 5709 βαᾳιλεύειν
925 5634 1033 5709 ἕως
1071 5632 1149 5709 ᾤ’
1174 5635 1259 5709 θῇ
1301 5632 1443 5705 ῗοῦς
1486 5632 1738 5709 ἐχθροὺς
1777 5632 1973 5697 ἀὐτοῦ

386 5702 504 5781 ὑετέό
539 5701 894 5783 τοϊίοςηπόὸας
920 5703 1130 5783 uiget",
1164 5701 1749 5783 ἔσχατοςόέίὲλξθρὸς
1771 5729 1976 5781 ammp-

388 5774 580 5839 τεῖται
604 5774 636 5828 ό
664 5774 939 5830 θάνατος.
976 5775 1110 5831 Τότε
1133 5774 1273 5846 γάρ.
1296 5779 1387 5836 Sic
1443 5774 1655 5839 codices
1714 5774 1972 5841 Barberi-

2082 4772 2215 4839 rint,
2253 4773 2394 4830 duce
2425 4789 2492 4829 eo
2523 4773 2703 4829 Verbo
2748 4776 2892 4844 quod
2937 4783 3019 4827 est
3058 4775 3200 4843 apud
3229 4774 3397 4829 Deum
3436 4793 3450 4829 :
3486 4785 3544 4830 ut
3581 4776 3662 4830 sic

2081 4865 2191 4920 sint
2224 4865 2275 4920 in
2323 4865 2632 4933 cognitione
2673 4864 2854 4920 Patris
2906 4864 3129 4921 formati
3174 4880 3365 4922 omnes
3409 4877 3662 4922 accurate

2082 4943 2351 5024 Filius,tit
2379 4972 2522 5012 nunc
2567 4956 2717 5012 solus
2758 4956 2929 5014 Filius
2965 4960 3116 5013 novit
3149 4958 3386 5012 Patrem.
3438 4957 3573 5010 Nam
3612 4958 3657 5011 si

2082 5049 2370 5119 diligenter
2393 5049 2515 5119 quis
2545 5050 2841 5117 examinet,
2872 5052 3088 5122 quando
3118 5051 3335 5105 Patrem
3364 5060 3659 5116 agnoscent

2079 5141 2133 5196 Iti
2159 5142 2357 5211 quibus
2393 5143 2599 5198 revelat
2641 5144 2737 5214 qui
2783 5144 3001 5199 Patrem
3032 5143 3219 5206 novit,
3253 5150 3307 5196 et
3345 5142 3656 5197 consideret

2077 5232 2351 5288 videntem
2383 5250 2527 5291 nunc
2552 5250 2654 5307 per
2679 5236 2957 5307 speculum
2980 5234 3108 5289 etin
3129 5233 3440 5303 :enigmate,
3473 5234 3656 5288 videre

2078 5448 2180 5516 nus
2200 5444 2257 5516 et
2285 5433 2614 5490 Bodleianus
2639 5434 2929 5489 restituunt
2956 5449 3077 5505 qua:
3104 5435 3304 5489 desunt
3331 5433 3384 5488 in
3414 5433 3654 5489 editione

2077 5504 2279 5646 "123$
2311 5572 2439 5646 Κᾶν
2483 5573 2793 5646 προφήτης
2828 5592 2941 5646 τις
2993 5569 3056 5646 ᾖ,
3095 5574 3202 5629 τὸν
3238 5572 3502 5646 Πατέρα.
3517 5572 3655 5646 #Sic

2079 5642 2422 5698 ῐοὸιειιοὺιεῑ
2452 5645 2626 5697 codex
2656 5644 2979 5699 Bodleianus
2999 5642 3023 5711 ξ’
3044 5657 3098 5700 et
3130 5648 3201 5699 ita
3236 5644 3486 5713 legerunt
3517 5642 3640 5696 Fer-

2083 5714 2259 5767 rarius
2279 5722 2334 5766 et
2366 5713 2678 5780 Perionius;
2714 5716 2851 5768 male
2886 5710 3064 5769 autem
3108 5716 3158 5767 iu
3191 5710 3346 5766 codd.
3398 5710 3565 5779 Regio
3595 5719 3649 5762 et

2083 5782 2375 5840 Barberino
2401 5784 2614 5854 legitur,
2652 5783 2753 5841 κᾶν
2786 5788 3087 5857 προφήτης,
3121 5784 3153 5853 ἢ
3182 5783 3274 5838 τὸν
3313 5780 3549 5849 Πατέρα.
3652 5856 3655 5861 ἡ
