4040 6210
423 321 484 378 51
1911 327 2232 384 ORIGENIS
3609 326 3676 382 52

423 439 662 494 nondum
717 451 1164 510 cngnoscentem,
1213 443 1669 513 quemadmodum
1719 459 1854 517 opus
1909 457 1992 502 est

2102 448 2250 498 εἰσιν.
2273 443 2334 497 El
2359 445 2453 498 καὶ
2481 441 2716 509 δόξειτις
2732 442 2878 513 ἡμᾶς
2908 439 3381 512 παρεκϐεϐηκέναι
3403 439 3460 494 ἓν
3478 457 3677 512 σημαι-

423 544 612 598 nosse,
653 530 794 585 baud
822 533 1125 598 aberrabit,
1163 534 1210 590 si
1245 533 1448 590 dixerit
1471 535 1740 592 neminem
1783 537 2000 592 novisse

423 617 668 688 Patrem,
712 622 926 676 etiamsi
961 624 1260 693 apostolus,
1319 625 1532 681 etiamsi
1581 627 1844 696 propheta
1873 628 1997 696 quis

422 711 606 776 fuerit,
635 715 733 768 sed
759 723 868 767 tum
902 712 1142 786 [Patrem
1178 717 1245 768 ab
1276 717 1358 772 his
1387 720 1824 785 cognoscendum
1850 716 1996 790 esse]

421 819 545 856 (Ulli
577 819 744 858 unum
775 819 956 871 enim,
987 807 1124 861 sicut
1175 807 1342 862 Filius
1371 818 1428 863 et
1457 810 1620 866 Pater
1654 825 1822 864 unum
1849 821 1995 865 sunt.

423 893 576 959 Quod
601 894 646 948 si
673 897 798 964 quis
825 907 977 966 putet
1005 913 1103 952 nos
1141 913 1168 950 a
1218 913 1275 954 re
1317 898 1595 968 digressos
1631 898 1795 954 fuisse
1819 938 1836 964 ,
1865 899 1992 968 quia

424 986 539 1038 lucc
575 985 937 1042 disseruimus
965 1027 980 1053 ,
1023 1003 1186 1041 unam
1237 988 1484 1058 principii
1537 988 1994 1060 signiﬁcationem

421 1077 807 1147 explanantes,
863 1079 1000 1133 sciat
1045 1080 1132 1134 hic
1159 1079 1298 1135 banc
1329 1081 1721 1152 digressionem
1762 1083 1829 1136 ad
1881 1097 1994 1138 rem

421 1171 490 1223 de
540 1184 648 1238 qua
683 1170 863 1239 agitur
913 1180 970 1225 et
1030 1171 1218 1225 utilem
1267 1179 1323 1227 et
1378 1173 1752 1228 necessariam
1798 1172 1992 1230 fuisse.

2099 536 2322 604 νόμενον
2342 534 2440 604 τῆς
2462 532 2637 604 ἀρχῆς
2659 531 3050 602 σαφηνίζοντας
3073 533 3164 585 καὶ
3183 531 3354 584 ταῠτα
3367 531 3676 603 εἰρηκότας,

2097 624 2353 690 δεικτέον,
2375 626 2458 679 ὅτι
2508 626 2604 678 καὶ
2637 623 2976 696 παρέκὸασις
3009 624 3146 694 πρὸς
3207 623 3268 676 τὸ
3321 623 3678 694 προκείμενον

2097 717 2368 786 ἀναγκαία
2397 719 2491 770 καὶ
2516 717 2785 788 χρήσιμος
2813 712 2881 786 ἦν
2907 732 2921 747 ο
2969 717 3017 768 εί
3062 715 3170 788 γὰρ
3201 715 3344 787 ἀρχὴ
3396 716 3470 778 ὡς
3505 731 3676 784 μετα-

2097 809 2308 874 ϐάσεως
2337 810 2454 864 ὲστι
2477 811 2570 863 καὶ
2585 807 2705 862 ὁδοῦ
2733 809 2827 861 καὶ
2857 809 3086 879 μήκους,
3109 809 3249 880 ἀρχὴ
3273 808 3329 860 δὲ
3373 807 3492 860 ὀδοῦ
3538 810 3676 876 ἁγα-

2097 900 2198 972 θῆς
2243 901 2302 953 τὸ
2337 904 2507 954 ποιεῖν
2538 899 2607 954 τὰ
2633 901 2835 964 δίκαια,
2864 899 3011 953 ἐστιν
3057 899 3252 952 εἰδέναι
3296 901 3328 968 ὴ
3378 900 3526 952 πᾶσα
3559 899 3675 962 ὁδὸς

2097 993 2276 1064 ἀγαθὴ
2307 992 2422 1057 πῶς
2443 993 2618 1064 ἀρχὴν
2653 993 2750 1064 μὲν
2775 991 2888 1063 ἔχει
2911 992 2971 1044 τὸ
3002 993 3172 1045 ποιεῖν
3208 990 3276 1043 τὰ
3297 989 3500 1056 δίκαια,
3538 991 3678 1060 μετὰ

2096 1085 2153 1139 δὲ
2180 1086 2277 1158 τὴν
2304 1085 2479 1157 ἀρχὴν
2499 1084 2597 1156 τὴν
2624 1084 2875 1156 Θεωρίαν,
2909 1083 3004 1137 καὶ
3028 1084 3148 1136 τίνα
3173 1083 3371 1154 τρόπον
3407 1083 3505 1152 τὴν
3541 1081 3676 1136 θεω-

2101 1175 2243 1246 ρίαν.

424 1261 534 1329 18
571 1259 706 1316 Nam
737 1262 784 1317 si
815 1261 1187 1332 principium,
1228 1270 1289 1317 ut
1337 1265 1610 1320 transitus
1657 1275 1764 1331 est,
1797 1277 1854 1321 et
1900 1266 2001 1320 via:
2031 1275 2086 1321 et
2119 1267 2506 1339 longitudinis;
2557 1266 2991 1338 principiumque
3041 1266 3139 1320 tia:
3175 1265 3330 1320 bona;
3365 1274 3450 1318 est
3493 1264 3674 1319 facere

417 1357 583 1424 iusta,
641 1355 924 1412 sciendum
981 1367 1064 1412 est
1100 1357 1374 1428 quomodo
1406 1360 1584 1416 omnis
1637 1360 1726 1416 via
1770 1361 1912 1417 bona
1946 1361 2274 1433 principium
2331 1363 2529 1420 habeat
2564 1361 2747 1418 facere
2789 1360 2960 1430 justa,
3006 1370 3126 1430 post
3171 1359 3498 1429 principium
3544 1373 3674 1414 vero

422 1448 963 1518 contemplationem,
995 1460 1049 1506 et
1085 1452 1354 1520 quomodo
1385 1452 1924 1523 contemplationem.

493 1545 579 1598 17.
610 1544 842 1599 Rursum
874 1554 957 1599 est
998 1545 1166 1599 etiam
1209 1545 1537 1615 principium
1569 1546 1712 1602 aliud
1754 1563 1984 1618 genera-

422 1637 607 1701 ιῖοιιῑε,
653 1637 797 1707 quod
838 1637 1010 1692 videri
1055 1647 1232 1707 potest
1261 1638 1316 1693 in
1347 1639 1450 1692 line
1477 1639 1624 1694 dicto
1653 1656 1668 1695 :
1696 1639 1764 1693 In
1795 1641 1993 1709 princi-

419 1729 507 1796 pio
545 1729 668 1798 fecit
705 1728 844 1784 Deus
875 1729 1059 1784 (telum
1096 1739 1144 1783 et
1175 1741 1368 1784 terram
1403 1729 1470 1784 ⁸⁵.
1517 1730 1624 1786 Sed
1665 1733 1903 1802 apertius
1935 1732 1989 1787 in

417 1819 521 1875 Job
551 1820 915 1891 signiﬁcatum
947 1821 1046 1877 hoc
1067 1821 1334 1876 enuntiari
1374 1823 1630 1886 arbitror,
1651 1824 1738 1878 liis
1767 1824 1948 1878 verbis
1975 1842 1988 1878 :

422 1910 540 1966 Hoc
566 1919 644 1966 est
668 1912 983 1982 principium
1015 1913 1248 1983 ﬁgmenti
1279 1914 1489 1970 Domini
1523 1914 1745 1984 factum,
1774 1926 1828 1969 ut
1864 1914 1989 1969 illu-

2085 1549 2098 1576 ⁸
2175 1558 2426 1612 17.⁹Επι
2444 1555 2500 1608 δὲ
2517 1551 2660 1625 ἀρχὴ
2679 1552 2773 1605 καὶ
2792 1551 2825 1620 ἡ
2849 1549 2923 1613 ὼς
2939 1543 3274 1620 γενέσεως,
3296 1546 3428 1616 (69‘)
3443 1545 3589 1609 δόξαι
3610 1545 3676 1598 ἂν

2107 1650 2200 1704 ἐπὶ
2230 1647 2356 1702 τοῦ·
2397 1648 2498 1702 Ἐν
2533 1643 2692 1714 ἀρχῇ
2731 1642 3020 1708 ἐποίησεν
3045 1642 3076 1694 ὁ
3103 1639 3248 1705 Θεὸς
3283 1638 3390 1691 τὸν
3421 1637 3678 1705 οὐρανὸν

2106 1739 2206 1792 καί
2231 1739 2344 1805 τὴν
2377 1736 2514 1806 γῆν.
2539 1731 2706 1804 Οἶμαι
2731 1732 2788 1786 δὲ
2828 1729 3155 1800 σαφέστερον
3179 1729 3235 1780 ὲν
3261 1726 3339 1797 τῷ
3377 1726 3496 1780 ’1ὼὸ
3521 1724 3678 1778 τοῦτο

2099 1817 2563 1890 καταγγέλλεσοαι
2591 1816 2654 1870 τὺ
2674 1815 3070 1888 σημαινόμενον
3097 1811 3235 1868 κατὰ
3250 1811 3328 1866 τόο
3360 1807 3678 1864 Τουτέστιν

2100 1909 2257 1980 ἁρχὴ
2309 1909 2666 1978 πλάσματος
2712 1904 3115 1976 πεποιημένον
3147 1900 3676 1973 ἑγκαταπαίζεσθαι

421 2007 581 2056 datur
626 1974 692 2058 alr
750 1974 956 2072 trapetis
1009 1974 1120 2059 suis
1154 2005 1221 2058 ⁸⁸.
1280 2006 1468 2061 Posset
1517 1974 1664 2060 enim
1718 1974 1990 2074 quispiam

2244 1974 2365 2056 τῶν
2387 1974 2656 2071 ἀγγέλων
2688 1997 2896 2052 αὐτοῦ.
2927 1974 3216 2050 Ὕπολάδοι
3236 1993 3345 2068 γὰρ
3365 1994 3428 2048 άν
3453 2011 3537 2057 τις
3569 1991 3676 2045 τῶν

420 2094 738 2148 existimare
771 2096 967 2150 castum
1014 2108 1069 2151 et
1108 2104 1310 2150 terram
1340 2097 1608 2167 principio
1639 2097 1787 2151 facta
1823 2097 1999 2152 fuisse

421 2196 552 2241 ante
588 2185 772 2241 omnia
808 2202 927 2256 qua:
981 2187 1192 2243 suntin
1237 2191 1421 2245 mundi
1466 2189 1836 2259 generatione.
1889 2190 1999 2245 Sed

422 2277 616 2334 melius
642 2287 726 2333 est
766 2286 824 2334 ut
875 2282 1162 2335 sententia:
1214 2280 1315 2336 Job
1355 2281 1536 2337 habita
1589 2282 1817 2343 ratione,
1875 2297 1998 2335 cum

421 2369 591 2424 multa
619 2371 730 2426 sint
759 2386 880 2440 qua:
908 2371 963 2427 in
1005 2374 1330 2443 corporibus
1385 2373 1528 2427 facta
1571 2372 1720 2427 luere
1741 2413 1757 2436 ,
1788 2372 1997 2442 primus

420 2478 610 2518 corum
674 2478 796 2533 qure
840 2475 968 2519 sunt
1017 2467 1070 2518 in
1107 2478 1364 2533 corpore,
1405 2464 1584 2520 lactus
1645 2465 1717 2519 sit
1771 2465 1862 2518 ille
1903 2465 1992 2532 qui

421 2557 726 2625 appellatur
767 2557 939 2612 draco
976 2556 1046 2622 “,
1078 2558 1389 2612 nominatus
1418 2557 1587 2612 etiam
1643 2557 1843 2611 alicubi
1882 2571 1997 2610 nta-

421 2658 587 2708 unum
610 2654 751 2711 cete,
781 2648 927 2717 quod
959 2647 1089 2704 vicit
1126 2647 1409 2703 Dominus.
1456 2646 1861 2714 Sciendumque
1912 2654 1998 2700 est

422 2737 737 2793 necessario
763 2753 886 2793 cum
918 2738 1093 2794 sancti
1122 2738 1289 2793 vitam
1321 2738 1502 2793 omnis
1530 2737 1773 2793 materia:
1798 2752 1995 2806 corpo-

424 2831 611 2900 risque
648 2840 927 2900 expertem
973 2831 1027 2886 in
1075 2833 1412 2890 beatitudine
1446 2830 1832 2895 traducerent,
1865 2843 1995 2884 num

424 2925 474 2980 is
517 2924 612 2995 qui
658 2925 824 2980 draco
873 2927 1196 2996 appellatur,
1231 2937 1586 2998 posteaquam
1615 2941 1645 2981 a
1694 2926 1806 2982 vita
1855 2939 1992 2994 pura

422 3016 651 3082 excidit,
681 3017 878 3088 dignus
931 3020 1032 3074 fuit
1080 3020 1170 3089 qui
1227 3027 1353 3074 ante
1379 3019 1562 3074 omnia
1595 3019 1647 3072 in
1681 3017 1913 3072 materia
1943 3027 1999 3072 et

423 3122 652 3178 corpore
686 3108 946 3179 ligaretur
981 3129 995 3164 :
1025 3120 1080 3163 ut
1111 3124 1333 3181 propter
1373 3110 1474 3165 hoc
1517 3109 1850 3179 respondens
1890 3107 1999 3163 Do-

423 3199 606 3254 minus
683 3213 782 3268 per
838 3201 1105 3254 turbinem
1155 3210 1210 3256 et
1265 3206 1439 3257 nubes
1497 3201 1641 3256 dicat
1686 3218 1700 3255 :
1761 3199 1876 3254 Hoc
1920 3205 1999 3254 est

421 3289 742 3360 principium
766 3291 999 3361 ﬁgmenti
1036 3292 1268 3359 Domini,
1307 3293 1508 3362 factum
1559 3302 1614 3346 ut
1644 3293 1908 3346 illudatur
1932 3292 1997 3346 ab
2026 3307 2068 3365 ο

423 3382 626 3451 angelis
667 3383 777 3436 suis
805 3383 890 3448 νς
942 3384 1057 3438 lleri
1089 3385 1234 3438 enim
1285 3392 1464 3453 potest
1508 3392 1566 3438 ut
1591 3383 1756 3438 draco
1797 3399 1900 3437 non
1929 3383 2002 3437 sit

425 3473 654 3528 omnino
683 3473 1010 3544 principium
1040 3475 1281 3545 ﬁgmenti
1322 3475 1555 3541 Domini,
1583 3473 1676 3529 sed
1715 3484 1774 3529 ut
1798 3475 2000 3530 multo-

424 3581 550 3620 rum
577 3582 698 3636 quae
729 3566 873 3622 facta
896 3567 1006 3624 sint
1038 3569 1091 3624 iu
1133 3582 1384 3636 corpore,
1425 3578 1486 3623 ut
1525 3567 1880 3623 illuderentur
1934 3567 2002 3621 ab

426 3659 661 3729 angelis,
692 3660 763 3714 sit
791 3659 880 3715 hic
902 3659 1068 3716 draco
1087 3661 1430 3730 principium,
1459 3675 1581 3716 cum
1611 3658 1818 3730 possint
1836 3658 2000 3727 aliqui

423 3753 667 3806 existere
695 3751 750 3806 in
778 3766 1006 3822 corpore
1033 3769 1048 3819 ;
1080 3753 1221 3808 haud
1255 3753 1327 3807 ita
1358 3761 1559 3806 tamen.
1583 3751 1794 3806 Etenim
1819 3750 1999 3805 anima

425 3840 557 3896 solis
588 3841 642 3894 in
671 3855 901 3909 corpore
933 3850 1039 3906 est,
1067 3852 1228 3912 atque
1259 3842 1422 3896 etiam
1453 3841 1706 3897 universa
1726 3849 1999 3906 creatura,

427 3934 494 3986 de
518 3947 622 4002 qua
663 3933 954 4000 Apostolus
985 3933 1117 3987 dicit
1153 3951 1167 3987 :
1207 3933 1338 3989 Tota
1383 3945 1628 3988 creatura
1663 3936 1917 4003 suspirat,
1952 3941 2001 3988 et

426 4023 665 4076 condolet
695 4039 856 4092 usque
879 4024 933 4076 in
965 4039 1200 4091 prazsens
1231 4023 1276 4056 ⁸⁸
1295 4064 1312 4088 ,
1337 4036 1392 4079 et
1431 4025 1680 4080 fortassis
1711 4026 1775 4080 de
1805 4025 1894 4080 illa
1919 4035 2004 4081 est

428 4115 532 4170 hoc
575 4130 590 4168 :
633 4113 868 4168 Vanitati
916 4126 1162 4170 creatura
1221 4116 1456 4185 subjecta
1503 4125 1578 4170 est
1637 4133 1742 4170 non
1799 4116 1999 4181 ualens,

427 4207 517 4259 sed
533 4217 744 4274 propter
763 4222 882 4260 eum
909 4209 998 4277 qui
1023 4206 1244 4276 subjecit
1266 4223 1377 4261 eam
1403 4207 1456 4260 in
1482 4223 1568 4276 spe
1584 4208 1652 4272 ⁸³,
1687 4217 1743 4260 ιιι
1775 4206 1829 4260 ἰιι
1858 4207 2003 4260 vani-

429 4308 543 4354 tate
590 4298 700 4352 sint
735 4313 990 4369 corpora,
1042 4309 1096 4356 et
1132 4302 1304 4370 ipsum
1355 4297 1538 4357 facere
1585 4299 1909 4370 corporalia,
1945 4300 1997 4356 id

426 4387 571 4457 quod
599 4390 964 4445 necessarium
985 4399 1068 4445 est
1090 4389 1346 4445 existenti
1378 4389 1430 4444 in
1457 4405 1705 4460 corpore.
1753 4432 1769 4448 .
1797 4429 1813 4444 .
1844 4427 1860 4444 .
1890 4427 1907 4445 .
1939 4426 1956 4445 .
1981 4428 1999 4445 .

427 4481 518 4549 qui
552 4479 720 4536 estin
770 4494 1024 4550 corpore,
1056 4495 1162 4536 non
1193 4479 1384 4536 lubens
1413 4481 1545 4535 facit
1573 4497 1694 4552 qua:
1725 4493 1854 4536 sunt
1879 4497 2002 4536 coro

425 4571 602 4641 poris.
647 4567 799 4626 lianc
829 4569 900 4626 ob
928 4585 1150 4627 causam
1181 4571 1411 4626 vanitati
1457 4582 1708 4628 creatura
1755 4571 1998 4644 subjecta

2095 2095 2154 2147 ὲν
2180 2093 2391 2162 γενέσει
2424 2095 2488 2163 τῇ
2520 2091 2614 2144 τοῦ
2646 2090 2851 2160 κόσμου
2886 2089 3260 2159 τυγχανόντων
3296 2088 3355 2140 ὲν
3387 2086 3530 2156 ἀρχῇ
3579 2100 3676 2137 πε-

2101 2183 2359 2255 ποιῆσθαι
2386 2182 2479 2236 τὸν
2497 2180 2724 2253 οὐρανὸν
2761 2180 2856 2234 καὶ
2881 2179 2980 2251 τὴν
3026 2178 3151 2249 γῆν.
3197 2177 3413 2232 Βέλτιον
3456 2176 3554 2240 δὲ,
3601 2174 3678 2238 ὡς

2100 2274 2238 2346 πρὸς
2265 2273 2326 2326 τὸ
2361 2273 2472 2344 (70)
2501 2271 2750 2342 δεύτερον
2785 2269 2970 2341 ῥητὸν,
3006 2267 3216 2323 πολλῶν
3258 2268 3427 2323 ὅντων
3467 2266 3576 2320 τῶν
3618 2266 3678 2317 ὲν

2103 2357 2313 2430 σώματι
2359 2358 2762 2430 γεγενημένων,
2796 2357 3010 2430 πρῶτον
3053 2357 3161 2411 τῶν
3215 2359 3272 2410 ὲν
3326 2355 3534 2428 σώματι
3585 2354 3676 2408 τὸν

2100 2451 2433 2522 καλούμενον
2464 2446 2603 2504 είναι
2621 2449 2910 2520 δράκοντα,
2937 2446 3334 2520 ὀνομαζόμενον
3358 2448 3412 2501 δέ
3446 2465 3547 2499 που
3579 2446 3677 2500 καὶ

2103 2545 2244 2615 μέγα
2267 2545 2451 2616 κῆτος,
2478 2544 2615 2615 ὅπερ
2647 2543 2978 2615 ἐχειρώσατο
3014 2543 3042 2594 6
3071 2541 3292 2611 Κύριος.
3341 2541 3450 2594 Καὶ
3509 2541 3678 2608 ἀναγ-

2099 2639 2254 2690 καῖον
2281 2636 2394 2706 (Ἡ)
2423 2635 2717 2707 ἐπιστῆσαι
2750 2637 2797 2690 εἰ
2825 2635 2985 2690 άῡλον
3028 2635 3204 2705 πάντη
3249 2634 3343 2688 καὶ
3383 2633 3676 2704 ἀσώματον

2102 2727 2248 2800 ζωὴν
2283 2727 2499 2794 ζώντων
2528 2729 2584 2782 ὲν
2627 2728 2990 2800 μακαριότητι
3024 2726 3132 2782 τῶν
3161 2726 3364 2796 ἁγίων,
3408 2729 3437 2780 6
3481 2723 3679 2780 καλού-

2106 2838 2264 2892 μενος
2328 2820 2543 2892 δράκων
2604 2820 2754 2887 ἄξιος
2833 2820 3128 2892 γεγένηται
3152 2859 3168 2882 ,
3230 2819 3526 2874 ἀποπεσὼν
3579 2817 3678 2889 τῆς

2102 2913 2349 2985 καθαρᾶς
2386 2911 2554 2983 ζωῆς,
2580 2912 2685 2984 πρὸ
2714 2911 2930 2966 πάντων
2958 2911 3234 2983 ἐνδεθῆναι
3293 2910 3394 2984 ὕλῃ
3449 2911 3542 2966 καὶ
3577 2909 3681 2964 σώ-

2105 3022 2255 3077 ματι,
2285 3005 2372 3058 ἵνα
2403 3004 2491 3059 διὰ
2515 3003 2670 3058 τοῦτο
2700 3004 3052 3075 χρηματίζων
3080 3005 3108 3056 6
3140 3003 3343 3076 Κύριος
3381 3002 3469 3057 διὰ
3501 3002 3682 3055 λαίλα-

2103 3112 2206 3158 πος
2231 3092 2326 3148 καὶ
2356 3092 2533 3163 νεφῶν
2557 3092 2692 3164 λέγῃ
2715 3109 2730 3123 ο
2773 3091 3090 3147 Τουτέστιν
3131 3092 3287 3162 ἀρχὴ
3323 3092 3680 3162 πλάσματος

2105 3188 2326 3255 Κυρίου
2366 3185 2770 3254 πεποιημένον
2805 3184 3331 3253 ἐγκαταπαίζεσθαι
3385 3184 3504 3240 ὑπὸ
3563 3182 3682 3238 τῶν

2105 3276 2376 3347 ἀγγέλων
2405 3276 2613 3331 αὐτοῦ.
2649 3275 2881 3328 Δυνατὸν
2909 3273 3156 3344 μέντοιγε
3182 3275 3273 3330 τὸν
3303 3275 3573 3345 δράκοντα
3605 3275 3680 3345 μὴ

2105 3369 2440 3435 ἁπαξαπλῶς
2469 3365 2609 3424 εἶναι
2643 3367 2816 3441 ἀρχὴν
2872 3366 3190 3437 πλάσματος
3243 3367 3471 3438 Κυρίου,
3519 3366 3676 3430 ἀλλὰ,

2102 3464 2312 3518 πολλῶν
2361 3463 2422 3516 ὲν
2477 3461 2689 3532 σώματι
2744 3459 3242 3528 ὲγκαταπαίζεσθαι
3296 3459 3680 3528 πεποιημένων

2101 3556 2206 3610 ὑπὸ
2231 3555 2339 3609 τῶν
2363 3553 2632 3624 ἀγγέλων,
2662 3553 2850 3608 τοῦτον
2879 3553 3052 3623 ἀρχὴν
3077 3551 3185 3606 τῶν
3213 3551 3468 3605 τοιούτων
3512 3545 3676 3616 εἶναι,

2101 3648 2416 3720 δυναμένων
2439 3649 2600 3702 τινῶν
2644 3648 2909 3718 ὑπάρχειν
2940 3647 2998 3698 ὲν
3043 3643 3284 3715 σώματι·
3325 3643 3425 3714 οὐχ
3468 3641 3678 3706 οὕτως*

2103 3743 2197 3798 καὶ
2231 3741 2394 3814 γάρὴ
2427 3741 2574 3812 ψυχὴ
2591 3740 2684 3794 τοῦ
2710 3739 2860 3812 ἡλίου
2885 3738 2994 3806 (72)
3032 3740 3089 3792 ὲν
3123 3736 3372 3809 σώματι,
3405 3738 3501 3792 καὶ
3531 3737 3683 3790 πᾶσα

2101 3836 2135 3905 ἡ
2160 3832 2356 3898 κτίσις,
2382 3833 2509 3906 περὶ
2535 3830 2602 3905 ἦς
2635 3834 2664 3885 6
2707 3829 3027 3893 ’Λπόστολός
3055 3845 3216 3900 φησι·
3249 3825 3424 3882 Πᾶσα
3475 3829 3512 3896 ἠ
3560 3828 3683 3882 κτι-

2101 3939 2202 3990 σις
2227 3921 2496 3985 στενάζει
2529 3921 2628 3976 καί
2670 3921 2993 3976 συνωδίνει
3027 3919 3168 3990 ἄχρι
3222 3919 3328 3973 τοῦ
3385 3917 3539 3972 νῦν·
3587 3918 3683 3972 καὶ

2102 4019 2243 4088 τάχα
2275 4016 2401 4087 περὶ
2433 4015 2643 4085 ἐκείνης
2677 4014 2792 4067 ἐστὶ
2822 4013 2884 4067 τό
2907 4030 2922 4045 ο
2968 4013 3049 4082 Τῇ
3075 4011 3421 4082 ματαιότητι
3460 4013 3499 4080 ἡ
3553 4012 3679 4064 κτί-

2103 4122 2202 4172 σις
2226 4103 2489 4174 ὑπετάγη
2517 4105 2629 4173 οὐχ
2660 4103 2909 4166 ἑκοῦσα,
2943 4101 3105 4156 ἀλλὰ
3150 4102 3248 4156 διὰ
3293 4101 3400 4155 τὸν
3457 4098 3679 4154 ὑποτά-

2103 4199 2293 4264 ξαντα
2325 4196 2399 4266 τῇ
2434 4197 2657 4262 ἐλπίδι,
2689 4199 2775 4252 ἵνα
2801 4199 2858 4253 ἐν
2896 4197 3217 4268 ματαιότητι
3267 4195 3336 4248 τὰ
3365 4193 3592 4265 σώματα
3622 4189 3679 4269 ᾖ,

2104 4291 2200 4346 καὶ
2223 4283 2283 4345 τὸ
2307 4293 2477 4344 ποιεῖν
2502 4291 2570 4345 τὰ
2599 4291 2887 4362 σωματικά
2908 4308 2920 4321 ·
2951 4291 3089 4361 ὅπερ
3112 4289 3404 4358 ἀναγκαῖον
3604 4287 3683 4360 τῷ

2103 4384 2163 4437 ὲν
2197 4382 2408 4455 σώματι
2523 4382 2631 4455 (75)
2660 4383 2894 4456 ὑπάρχει
2925 4385 2952 4437 6
2978 4383 3036 4435 ἐν
3064 4380 3272 4454 σώματι
3297 4381 3406 4453 (74)
3428 4381 3528 4452 οὐχ
3543 4381 3683 4434 ἑκὼν

2104 4481 2247 4532 ποιεῖ
2264 4477 2332 4532 τὰ
2380 4475 2473 4530 τοῦ
2515 4473 2787 4546 σώματος.
2837 4475 2936 4529 Διὰ
2971 4474 3130 4527 τοῦτο
3164 4477 3231 4545 τῇ
3281 4473 3601 4545 ματαιότητι
3646 4473 3681 4543 ἠ

2107 4572 2284 4635 κτίσις
2311 4569 2556 4639 ὑπετάγη
2598 4569 2696 4639 οὐχ
2735 4566 2968 4631 ἑκοῦσα,
3005 4565 3098 4620 καὶ
3142 4567 3170 4618 6
3203 4567 3300 4636 οὐχ
3334 4565 3473 4618 ἑκὼν
3515 4564 3685 4618 ποιῶν

424 4673 509 4716 est
534 4677 640 4718 non
673 4661 896 4731 volens;
927 4672 983 4719 et
1014 4663 1107 4733 qui
1159 4676 1267 4719 non
1297 4663 1408 4718 vult
1436 4677 1556 4734 qua:
1579 4673 1708 4720 sunt
1743 4663 1848 4734 19
1875 4680 1998 4720 cor-

2102 4663 2170 4718 τὰ
2195 4663 2463 4735 σώματος,
2483 4660 2512 4714 ὃ
2543 4661 2704 4723 ποιεῖ,
2730 4660 2870 4712 ποιεί
2901 4656 2989 4710 διὰ
3012 4656 3106 4728 τὴν
3150 4656 3360 4721 ἐλπίδα,
3409 4657 3485 4721 ὼς
3511 4659 3560 4710 εί
3595 4655 3686 4709 λέ-

535 4777 583 4809 ⁸⁸
625 4779 762 4834 Gen.
818 4795 858 4844 ι,
908 4780 960 4835 1.
1034 4780 1081 4813 ⁸⁵
1122 4780 1224 4837 Job
1271 4797 1357 4849 χι,
1409 4781 1492 4835 M.
1569 4782 1616 4814 ⁸⁸
1657 4781 1759 4839 Job
1812 4799 1895 4851 ιιι,
1935 4783 1988 4839 8.

2102 4785 2108 4814 '
2152 4781 2254 4838 Job
2322 4798 2412 4846 λι,
2459 4779 2548 4836 14.

505 4867 936 4944 (ρςὶζλῐζοι-ιοεεε
956 4868 1249 4944 legendum
1280 4875 1340 4944 ἦ.
1373 4875 1529 4931 Enn.

499 4937 886 5018 (_7b)’Bé._1ttorj
907 4940 1000 5018 δὲ,
1019 4937 1118 5018 ὣς
1132 4943 1281 5018 πρὸς
1305 4937 1394 5009 τό,
1429 4957 1549 5018 ‘etc.
1601 4946 1716 5001 Alia
1746 4948 2000 5018 proponit

428 5009 692 5087 Origenes
722 5009 910 5087 homil.
940 5027 956 5065 ι
984 5013 1037 5065 in
1077 5009 1316 5087 Genesim
1349 5029 1366 5066 :
1413 5015 1542 5070 Cum
1591 5009 1998 5087 enim'ea'qua:

428 5078 668 5156 [act'urus
704 5090 815 5133 erat
847 5078 1013 5156 Deus,
1049 5099 1114 5156 ea:
1139 5082 1328 5156 spiritu
1355 5097 1648 5139 constarent
1671 5096 1720 5138 et
1759 5078 1997 5156 corpore,

428 5151 534 5221 ista
569 5151 634 5221 de
663 5166 825 5204 causa
854 5152 908 5204 in
930 5153 1194 5221 principio
1223 5162 1272 5208 et
1311 5165 1430 5206 ante
1461 5156 1636 5208 omnia
1688 5151 1872 5208 caelum
1918 5159 2001 5209 di-

428 5219 568 5271 ritur
589 5219 825 5292 factum,
845 5221 900 5274 id
922 5232 1018 5288 est,
1043 5219 1209 5278 omnis
1239 5223 1496 5292 spiritalis
1549 5225 1862 5292 substantia,
1911 5245 2002 5282 su-

428 5303 519 5366 per
551 5291 888 5366 quant‘velut
919 5292 976 5366 in
999 5293 1186 5366 tn‘rono
1223 5291 1452 5366 quodam
1489 5303 1536 5347 ct
1565 5295 1686 5348 sede
1728 5293 1868 5349 Deus
1928 5314 2002 5350 re-

429 5357 666 5438 quiescit.
693 5357 802 5414 Nec
831 5362 964 5416 satis
991 5357 1278 5438 aliquando
1301 5372 1514 5432 tempus
1546 5379 1654 5432 quo
1681 5367 1847 5438 creati
1865 5377 2002 5438 sunt

429 5427 606 5507 angeli
641 5443 970 5507 cognoscere
1002 5427 1687 5507 seiprolitcturipromm.
1737 5433 1875 5507 libri
1925 5436 2000 5492 De

430 5496 723 5577 principiis.
765 5496 854 5552 Est
895 5502 1048 5554 etiam
1081 5496 1487 5577 illud,_inquil',
1525 5505 1588 5577 Ain
1641 5504 1998 5577 ecclesiastica

431 5567 1333 5642 pra’dicationeesseangelos'Dei
1365 5567 1644 5642 quosdam,
1692 5585 1739 5628 et
1785 5576 1998 5631 virtutes

431 5636 614 5700 bonas,
638 5654 756 5706 qua:
777 5638 826 5692 ei
850 5636 1140 5694 ministrent
1187 5660 1254 5696 aa
1304 5636 1529 5698 salutem
1561 5636 1832 5698 hominum
1873 5663 1998 5700 con-

431 5707 832 5782 summandam;
857 5712 944 5763 sed
972 5711 1180 5782 quando
1213 5712 1311 5782 istt’,
1333 5715 1496 5766 creati
1514 5714 1638 5773 sint.
1662 5723 1711 5767 et
1737 5718 1994 5782 quomodo

433 5778 558 5845 sint,
597 5794 699 5835 non
729 5779 860 5837 satis
891 5778 1167 5850 mamfesto
1191 5781 1556 5853 distinguitur.
1588 5778 1850 5841 "verius.

2661 4779 2707 4812 ⁸⁸
2765 4776 2927 4833 Rom.
2989 4791 3106 4840 vm,
3165 4776 3259 4830 22.
3334 4777 3381 4808 ⁸⁸
3424 4775 3556 4833 ibid.
3591 4776 3683 4832 20.

2170 4875 2281 4948 (Ἠ)
2304 4876 2412 4932 Kal
2432 4872 3060 4953 άναγιςαῖοιςηειρλΝοιε
3071 4871 3229 4923 udum
3245 4870 3553 4953 hicangeljs
3571 4886 3690 4953 cor-

2097 4940 2198 5016 pus
2215 4940 2273 5001 et
2286 4958 2448 5001 mater
2464 4940 2570 4998 iani
2586 4943 2879 5016 detralriab
2892 4943 3319 5016 Origene,_qnam
3337 4941 3402 4996 iis
3422 4940 3473 4995 in
3491 4940 3684 5016 Matth.

2102 5011 2214 5070 xin
2235 5014 2661 5084 circumposuit;
2693 5014 2786 5067 sed
2801 5013 2923 5084 haec
2941 5011 3212 5084 proponit,
3232 5027 3336 5066 non
3356 5011 3682 5084 asseritalo.

2175 5086 2286 5156 (7.4.)
2321 5085 2433 5140 Καὶ
2449 5080 2563 5155 ’γὰρ
2582 5084 2622 5156 κὴ
2658 5080 2970 5156 ψυχὴ-τοῦ
3001 5081 3200 5156 ἣλιοι),
3232 5093 3340 5136 etc.
3402 5083 3687 5156 Sideribus

2107 5151 2277 5210 vitam
2303 5173 2413 5212 non
2447 5151 2554 5208 uiuo
2581 5155 2702 5207 loco
2762 5152 3004 5208 tribuere
3033 5151 3036 5152 ⁷
3061 5151 3368 5220 Origenetn,
3434 5152 3686 5220 idemque

2105 5225 2234 5280 olim
2264 5228 2448 5281 multis
2477 5225 2643 5278 fuisse
2659 5236 2982 5291 persuasum
3017 5239 3048 5278 e
3082 5221 3378 5291 Pamphylo
3400 5236 3559 5290 supra
3589 5223 3686 5274 do-

2107 5294 2320 5364 cuimus
2346 5297 2412 5349 ad
2447 5290 2668 5364 Origen.
2702 5290 3007 5364 gemment.
3052 5293 3120 5364 in
3155 5290 3463 5364 Matt/ratum
3525 5306 3680 5346 xvm.

2108 5363 2356 5420 Verterat
2379 5361 2663 5418 Ferrarius
2695 5361 2849 5424 Elite.
2891 5365 2982 5418 sed
3014 5361 3159 5417 nullo
3182 5376 3367 5416 sensu.
3393 5363 3467 5416 Io.

2177 5434 2302 5504 (73),
2329 5433 2408 5503 Τῇ
2431 5431 2651 5504 ἐλπίδι,
2688 5433 2789 5486 ἵνα
2809 5423 2880 5486 ἐν
2895 5433 3244 5504 ματαιότητι
3259 5431 3334 5504 τὰ
3355 5431 3598 5504 σώματα
3619 5423 3680 5501 ᾗ,

2103 5503 2201 5559 καὶ
2245 5503 2312 5556 τὸ
2341 5501 2534 5558 ποιεῖν
2564 5503 2636 5557 τὰ
2676 5501 3015 5573 σωματικά·
3049 5502 3195 5573 ὅπερ
3235 5501 3679 5573 ἀναγκαῖον-...η

2101 5573 2180 5640 τῷ
2213 5573 2284 5627 ἐν
2307 5573 2550 5642 σώματι.
2587 5574 2712 5628 Ηαξο
2737 5572 2934 5630 desunt
2973 5575 3112 5643 apud
3149 5572 3425 5639 lluetium,
3461 5574 3557 5629 sed
3596 5587 3682 5628 re-

2099 5641 2401 5701 stituuntur
2423 5660 2453 5697 e
2482 5644 2638 5699 codd.
2674 5644 2970 5699 Barbcriuo
2993 5641 3046 5698 et
3068 5641 3382 5697 Bodleiano.

2169 5713 2284 5787 (7/9)
2325 5712 2598 5787 Ὑπιίρχει
2637 5717 2668 5768 d
2704 5714 2776 5767 ἐν
2809 5714 3053 5787 σώματι.
3105 5714 3410 5785 Legendum
3443 5711 3676 5778 videtur,

2100 5782 2412 5860 QDKQOXM‘I
2442 5782 2510 5842 ἐν
2535 5782 2767 5858 σώματι.
