4082 6224
439 321 510 380 65
1879 325 2204 384 ORIGENIS
3631 338 3698 395 56

443 452 524 497 est
559 459 572 496 :
611 441 790 512 quoad
825 455 924 498 nos
957 455 1089 496 vero
1140 435 1377 496 Verbum
1414 453 1542 498 caro
1562 445 1768 504 factum
1804 454 1924 511 est,
1959 456 2010 501 ut

2119 449 2265 520 ἡμᾶς
2302 448 2361 504 δὲ
2403 453 2434 506 6
2487 451 2660 521 Λόγος
2708 451 2846 522 σὰρξ
2898 451 3139 521 ἐγένετο,
3201 453 3290 510 ἵνα
3332 455 3588 528 σκηνώσῃ
3639 460 3700 513 ὲν

443 534 716 589 habitaret
743 538 796 588 in
829 535 1008 598 nobis,
1031 533 1121 602 qui
1156 532 1259 588 hoc
1284 532 1446 588 modo
1478 542 1690 589 tantum
1719 537 1872 593 initio
1893 552 2017 594 eum

441 640 638 695 capere
690 625 1026 682 valebamus.
1088 626 1168 681 Ac
1219 625 1472 682 fortassis
1505 627 1576 682 ob
1619 627 1762 682 hanc
1796 643 2018 684 causam

441 731 552 771 non
592 716 754 772 modo
796 717 1197 789 primogenitus
1247 726 1334 773 est
1377 716 1557 773 omnis
1601 728 1890 784 creaturae.
1921 721 2017 778 sed

440 809 604 862 etiam
632 809 1027 879 interpretatur
1053 811 1209 868 homo
1235 810 1409 865 Adam
1435 826 1454 875 ;
1478 811 1622 881 quod
1644 820 1822 866 autem
1845 812 2014 868 Adam

439 909 523 954 est
574 901 712 958 dicit
771 903 971 958 Paulus
1039 903 1122 957 bis
1187 902 1411 958 verbis:
1467 900 1698 958 Ultimus
1747 903 1920 960 Adam
1964 907 2019 961 in

440 993 681 1061 spiritum
703 993 1044 1063 viviﬁcantem
1075 995 1146 1050 ⁸⁸.

505 1083 594 1139 Si.
637 1084 902 1140 Praeterea
926 1086 1128 1141 dicitur
1145 1087 1309 1143 etiam
1332 1089 1658 1160 principium
1688 1091 1755 1148 de
1777 1092 2014 1162 actione,

443 1175 494 1228 in
523 1190 628 1246 qua
668 1175 885 1232 actione
921 1176 1062 1233 inest
1093 1177 1218 1236 finis
1245 1179 1470 1248 quidam
1515 1191 1633 1250 post
1664 1182 2014 1253 principium.

438 1266 756 1322 Etobserva
798 1282 866 1322 an
919 1269 1185 1339 sapientia
1235 1271 1563 1342 principium
1615 1275 1887 1330 actionum
1923 1276 2017 1332 Dei

437 1359 707 1415 exsistens
735 1359 840 1417 hoc
863 1361 1023 1416 modo
1047 1361 1278 1433 intelligi
1302 1362 1473 1432 possit
1504 1378 1630 1420 esse
1667 1365 2015 1437 principium.

504 1450 597 1506 22.
637 1450 756 1507 Jam
786 1467 908 1507 cum
947 1462 1026 1508 tot
1069 1452 1223 1510 nobis
1273 1453 1330 1508 in
1376 1455 1665 1525 praesentia
1697 1468 2019 1515 succurrant

436 1544 686 1614 principii
737 1545 1038 1616 significata
1070 1586 1089 1613 ,
1144 1545 1443 1616 quaerimus
1500 1549 1568 1603 de
1617 1562 1727 1618 quo
1789 1550 2017 1623 intelligi

436 1643 682 1704 oporteat
712 1635 844 1690 illud
886 1653 900 1690 :
939 1636 1284 1707 fnprincipio
1313 1648 1426 1692 erat
1465 1637 1689 1693 Verbum
1715 1639 1781 1694 ".
1801 1640 2019 1714 Perspi-

436 1743 708 1798 cuumque
757 1738 846 1786 est
888 1729 992 1786 huc
1038 1731 1365 1801 principium
1417 1731 1557 1788 sumi
1600 1748 1707 1789 non
1738 1748 1902 1804 posse
1951 1738 2018 1792 de

2121 550 2271 620 ἡμῖν,
2301 549 2446 602 οὕτω
2487 550 2646 620 μόνον
2702 551 2917 622 πρῶτον
2959 553 3121 607 αὑτὸν
3159 553 3415 624 χωρῆσαι
3461 555 3697 629 δυναμι-

2119 655 2250 702 νοις.
2274 639 2386 692 Kal
2419 641 2559 711 τάχα
2582 641 2673 696 διὰ
2697 641 2856 695 τοῦτο
2893 644 2956 696 ού
2989 643 3146 715 μόνον
3185 646 3529 716 πρωτότοκός
3580 651 3698 704 ἐστι
3761 641 3766 646 ’

2119 729 2300 803 πάσης
2330 732 2580 797 κτίσεως,
2610 733 2747 789 ἀλλὰ
2773 736 3057 806 καὶἋδὰμ
3084 737 3448 808 ἑρμηνεύεται
3478 738 3703 809 ἅνθρω-

2117 825 2391 884 πος.”οτι
2417 824 2474 877 δὲ
2510 825 2682 896 Ἀδάμ
2703 828 2838 891 ἐστι,
2870 829 3034 899 φησὶν
3069 831 3098 882 6
3127 829 3369 892 Παῦλος⁹
3429 830 3481 883 Ὀ
3514 831 3697 902 ἐσχα-

2119 931 2223 982 τος
2261 915 2436 985 Ἀδὰμ
2464 925 2555 983 εις
2583 917 2820 988 πνεῦμα
2852 918 3195 979 ζωοποιοῦν.

2187 1091 2277 1146 2|.
2309 1091 2466 1145 Ἔστι
2503 1091 2560 1144 δὲ
2582 1093 2724 1165 ἀρχὴ
2746 1093 2842 1146 καὶ
2871 1094 2947 1157 ὡς
2972 1095 3006 1164 ἡ
3037 1093 3310 1166 πράξεως,
3345 1087 3458 1168 ὲνῇ
3499 1094 3697 1166 πράξει

2118 1178 2234 1233 ἔστι
2271 1198 2324 1234 τι
2353 1180 2506 1245 τέλος
2541 1185 2679 1253 μετὰ
2701 1183 2798 1254 τὴν
2827 1185 3022 1255 ἀρχήν.
3064 1185 3174 1237 Kal
3227 1183 3520 1255 ἐπίστησον
3567 1188 3616 1238 εί
3661 1186 3696 1255 ἡ

2121 1270 2301 1341 σοφία,
2332 1271 2475 1343 ἀρχὴ
2501 1271 2610 1326 τῶν
2637 1272 2888 1344 πράξεων
2915 1268 3049 1328 οὖσα
3079 1272 3170 1326 τοῦ
3217 1272 3352 1327 Θεοῦ
3373 1313 3394 1338 ,
3423 1273 3566 1328 οὕτω
3609 1273 3699 1328 δύο

2118 1381 2275 1419 ναται
2297 1364 2539 1422 νοεῖσθαι
2574 1365 2738 1438 ἀρχή.

2186 1454 2277 1508 22.
2340 1454 2622 1509 Τοσούτων
2675 1461 3087 1530 σημαινομένων
3134 1457 3234 1512 ἐπὶ
3274 1457 3372 1512 τοῦ
3431 1457 3698 1531 παρόντος

2119 1544 2250 1615 ἡμῖν
2284 1544 2665 1601 ὑποπεσόντων
2704 1549 2834 1620 περὶ
2873 1549 3072 1621 ἀρχῆς,
3106 1547 3374 1622 ζητοῦμεν
3414 1550 3508 1602 ἐπὶ
3554 1549 3698 1613 τίνος

2117 1636 2198 1690 δεῖ
2229 1636 2526 1708 λαμϐάνειν
2552 1639 2645 1692 τόδ
2688 1639 2784 1693 Ἐν
2813 1638 2972 1710 ἀρχῇ
3015 1637 3091 1711 ἧν
3113 1642 3146 1694 ό
3178 1642 3394 1709 Λόγος.
3427 1642 3535 1694 Καὶ
3599 1657 3698 1694 σα-

2119 1729 2237 1798 φὲς,
2269 1730 2350 1783 ὅτι
2381 1729 2482 1784 οὐκ
2507 1730 2600 1783 ἐπὶ
2631 1730 2725 1785 τοῦ
2755 1731 2832 1796 ὡς
2866 1731 3212 1803 μετασάσεως
3237 1771 3252 1797 ,
3277 1732 3312 1803 ἢ
3340 1732 3416 1797 ὡς
3454 1731 3575 1786 ὁδοῦ
3605 1733 3701 1786 καὶ

437 1820 708 1892 principio
733 1823 994 1879 transitus
1019 1863 1034 1888 ,
1077 1833 1172 1879 aut
1202 1825 1302 1880 viae
1335 1833 1392 1880 et
1423 1822 1816 1896 longitudinis;
1845 1827 2010 1899 liquet

2121 1821 2350 1892 μήκους.
2371 1822 2484 1877 Οὐκ
2506 1822 2700 1894 ἄδηλον
2722 1822 2802 1890 δὲ,
2823 1825 2905 1877 ὅτι
2921 1824 3041 1878 οὐδὲ
3068 1826 3162 1878 ἐπὶ
3187 1823 3280 1878 τοῦ
3309 1824 3386 1888 ὼς
3406 1823 3696 1893 γενέσεως.

434 1925 617 1969 autem
651 1916 797 1984 quod
828 1931 1005 1987 neque
1053 1917 1120 1972 de
1174 1918 1446 1987 principio
1487 1919 1881 1990 generationis.
1915 1919 2016 1976 Ve-

437 2014 746 2060 rumtamen
795 2005 910 2060 fieri
962 2016 1142 2076 potest
1193 2017 1252 2061 ut
1307 2007 1439 2062 illud
1493 2009 1727 2079 accipias
1759 2017 2014 2080 tanquam

435 2096 764 2167 principium
787 2138 802 2162 ,
857 2111 886 2149 a
917 2112 1048 2166 quo.
1080 2099 1224 2166 quod
1257 2107 1341 2154 est
1397 2098 1606 2155 faciens
1630 2138 1646 2165 ,
1674 2100 2017 2170 quandoqui-

433 2190 555 2242 dern
590 2188 860 2244 mandarit
889 2188 1050 2255 Dens,
1075 2201 1120 2244 et
1146 2199 1322 2244 creata
1348 2201 1476 2245 sunt
1511 2192 1576 2244 ⁸⁷.
1607 2191 1837 2248 Creator
1869 2193 2014 2248 enim

431 2280 616 2349 aliquo
641 2280 803 2335 modo
844 2289 929 2335 est
974 2280 1248 2346 Christus,
1313 2281 1399 2336 cui
1453 2281 1594 2336 dixit
1651 2281 1814 2337 Pater
1845 2281 2013 2337 :Fiat

431 2372 526 2424 tua:
554 2371 622 2437 ⁸⁸,
668 2380 744 2438 et,
811 2369 936 2425 Fiat
981 2373 1374 2435 ﬁrmamentum
1412 2373 1482 2430 ”.
1529 2372 1868 2443 Creatorqne
1929 2383 2016 2430 est

431 2462 706 2529 Christus,
737 2473 997 2531 tanquam
1030 2465 1384 2534 principium,
1417 2465 1470 2520 in
1496 2476 1761 2537 quantum
1795 2467 2014 2536 sapien-

433 2554 504 2607 tia
535 2562 654 2618 est;
709 2552 915 2607 idcirco
963 2552 1145 2609 dictus
1171 2554 1534 2625 principium,
1562 2561 1692 2629 quia
1743 2559 2012 2628 sapientia

431 2645 541 2709 sit,
611 2643 824 2700 dicente
879 2659 977 2714 per
1034 2644 1384 2704 Salomouem
1456 2647 1731 2719 Sapientia
1795 2668 1811 2707 :
1872 2651 2012 2707 Deus

430 2735 624 2790 creauit
681 2751 765 2790 nte
821 2737 1141 2806 principium
1193 2739 1401 2793 ciarum
1447 2756 1692 2806 suarum,
1734 2744 1806 2797 ad
1851 2760 2012 2813 opera

428 2827 546 2897 ejus
586 2829 628 2895 ⁸,
657 2835 716 2882 ιιι
739 2828 810 2884 sit
839 2828 890 2883 in
908 2829 1180 2900 principio
1196 2830 1453 2897 Verbum,
1478 2833 1580 2888 hoc
1603 2842 1688 2890 est
1713 2834 1764 2888 in
1797 2837 2014 2905 sapien-

435 2919 553 2972 tia:
588 2919 888 2974 secundum
955 2921 1176 2992 quidem
1243 2925 1623 2980 collectionem
1675 2929 2012 2998 contempla-

433 3012 596 3067 tionis
623 3021 679 3068 et
710 3012 1194 3079 intelligentiarnm
1229 3018 1298 3074 de
1325 3019 1486 3074 rebus
1515 3021 1808 3088 universis,
1825 3024 2008 3080 consio

2118 1913 2266 1984 Πλὴν
2305 1915 2530 1969 δυνατὸν
2579 1915 2655 1980 ὼς
2689 1916 2748 1970 τὸ
2777 1917 2866 1986 ὑφ’
2891 1910 2974 1981 οῦ,
3011 1919 3150 1989 ὅπερ
3177 1918 3293 1970 ἐστὶ
3334 1916 3608 1983 ποιοῦν,εί
3629 1936 3696 1988 γε

2115 2004 2454 2061 ἐνετείλατο
2486 2009 2519 2060 ό
2564 2006 2730 2073 Θεὸς,
2780 2008 2880 2062 καί
2921 2008 3293 2077 ἐκτίσθησαν
3315 2025 3329 2038 ο
3366 2009 3698 2081 δημιουργὸς

2115 2095 2226 2168 γάρ
2253 2113 2368 2160 πως
2404 2097 2433 2150 6
2465 2097 2700 2168 Χριστός
2738 2100 2907 2163 ἐστιν,
2933 2092 2977 2168 ᾧ
3015 2098 3162 2169 λέγει
3189 2101 3219 2153 6
3247 2100 3467 2172 Πατήρ·
3505 2102 3695 2168 Γενη-

2117 2187 2274 2255 θήτω
2298 2187 2446 2258 φῶς,
2483 2192 2598 2255 καὶ,
2637 2190 2955 2259 Γενηθήτω
2980 2191 3302 2262 στερέωμα.
3350 2190 3694 2263 Δημιουργὸς

2115 2279 2173 2333 δὲ
2214 2279 2244 2331 6
2284 2279 2520 2351 Χριστὸς
2568 2280 2645 2345 ὡς
2701 2281 2845 2354 ἀρχὴ
2877 2281 3014 2353 (79),
3064 2281 3200 2334 καθὸ
3243 2281 3404 2350 σοφία
3440 2282 3579 2344 ἐστὶ,
3617 2280 3697 2352 τῷ

2118 2370 2278 2440 σοφία
2309 2367 2449 2425 εἶναι
2481 2370 2813 2442 καλούμενος
2839 2372 3011 2444 ἀρχή·
3044 2372 3080 2444 ἡ
3106 2371 3215 2444 γὰρ
3242 2371 3404 2442 σοφία
3429 2371 3581 2443 παρὰ
3615 2369 3694 2443 τῷ

2116 2462 2420 2535 Σολομῶν-τί
2446 2480 2640 2534 φησιν’
2679 2464 2733 2518 ’0
2763 2464 2909 2532 Θεὸς
2936 2464 3139 2520 ἐκτισέ
3175 2482 3254 2535 με
3295 2465 3494 2534 ἀρχὴν
3534 2462 3694 2518 ὁδῶν

2114 2557 2301 2614 αὐτοῦ
2329 2561 2417 2624 εις
2447 2558 2590 2627 ἔργα
2619 2559 2827 2624 αὐτοῦ,
2861 2559 2950 2614 ἵνα
2982 2559 3040 2613 ὲν
3065 2561 3206 2632 ἀρχῇ
3319 2559 3348 2611 6
3390 2559 3586 2627 Λόγος,
3634 2560 3695 2612 ἐξ)

2112 2652 2182 2721 τῇ
2213 2649 2402 2721 σοφίᾳ·
2437 2651 2576 2705 κατὰ
2604 2652 2702 2723 μὲν
2727 2652 2824 2722 τὴν
2857 2649 3113 2706 σύστασιν
3137 2651 3238 2721 τῆς
3266 2652 3393 2722 περὶ
3423 2649 3532 2703 τῶν
3557 2649 3694 2703 ὅλων

2115 2739 2346 2810 Θεωρίας
2374 2743 2468 2795 κα)⁵
2499 2741 2806 2813 νοημάτων,
2835 2741 2936 2812 τῆς
2962 2741 3153 2811 σοφίας
3177 2741 3494 2812 νοουμένης,
3551 2740 3694 2796 κατὰ

2112 2833 2170 2887 δὲ
2208 2832 2306 2906 τὴν
2351 2834 2487 2906 πρὸς
2515 2834 2582 2887 τὰ
2610 2834 2804 2901 λογικὰ
2851 2833 3134 2889 κοινωνίαν
3186 2834 3294 2887 τῶν
3350 2833 3695 2906 τεθεωρημέ-

2113 2941 2221 2978 νων
2244 2924 2380 2996 (80),
2405 2924 2498 2979 τοῦ
2535 2925 2710 2995 Λόγου
2756 2923 3190 2996 λαμϐανομένου.
3242 2923 3352 2978 Kal
3379 2924 3450 2994 ιού
3481 2923 3693 2994 θαυμα-

2115 3018 2237 3073 στὸν
2265 3019 2334 3084 εί,
2360 3018 2436 3083 ὡς
2463 3020 2893 3090 προειρήκαμεν.
2928 3015 3096 3070 πολλά
3115 3015 3190 3070 ὢν
3221 3015 3400 3086 ἀγαθὰ
3421 3019 3449 3070 δ
3478 3017 3689 3087 Σωτῆρι

432 3112 620 3162 derata
675 3108 980 3179 sapientia;
1041 3113 1336 3166 secundum
1368 3129 1499 3170 vero
1535 3129 1716 3169 rerum
1764 3128 2009 3172 conteru-

2114 3111 2532 3182 ὲνεπινοούμενα
2572 3109 2686 3181 ἔχει
2731 3111 2790 3163 ὲν
2839 3108 2989 3180 αύτῷ
3027 3107 3242 3181 πρῶτα,
3296 3110 3391 3163 καὶ
3442 3108 3690 3179 δεύτερα,

431 3198 699 3268 pialarnm
729 3202 1192 3269 communionem,
1247 3205 1318 3259 ad
1360 3219 1424 3261 ea
1465 3221 1590 3276 qua:
1617 3218 1746 3263 sunt
1781 3210 2010 3267 rationis

2116 3205 2210 3260 καὶ
2232 3204 2411 3276 τρίτα.
2453 3206 2517 3259 Ὃ
2542 3203 2673 3274 γοῦν
2716 3202 2969 3273 Ἰωάννης
3011 3203 3281 3274 ἐπήνεγκε
3311 3201 3535 3272 φάσκων
3566 3202 3692 3272 περ).

431 3292 672 3363 capacia,
711 3277 1064 3350 considerato
1081 3293 1279 3352 Verbo.
1312 3295 1420 3352 Nec
1461 3297 1658 3353 mirum
1685 3301 1753 3366 si,
1779 3311 1839 3356 ut
1867 3315 2012 3371 pra:-

428 3383 693 3451 diximus,
719 3384 888 3440 multa
914 3384 1054 3441 bona
1075 3387 1348 3444 exsistens
1379 3388 1640 3446 Servatur
1665 3392 1717 3448 in
1751 3408 1810 3448 se
1836 3395 2010 3450 conti-

431 3487 580 3543 neat,
614 3491 737 3548 quae
764 3493 871 3532 uno
895 3488 947 3534 et
979 3478 1175 3548 altero,
1210 3479 1339 3536 item
1368 3492 1425 3538 et
1453 3484 1615 3538 tertio
1653 3487 2008 3542 consideren-

433 3582 520 3625 tur
543 3577 720 3626 modo.
772 3572 911 3629 Cum
938 3573 1083 3627 enim
1113 3573 1402 3643 protulerit
1446 3575 1686 3633 Joannes
1723 3580 1791 3633 de
1831 3578 2009 3637 Verbo

431 3664 662 3735 loquens
695 3683 709 3721 :
747 3665 903 3733 Quod
942 3665 1148 3738 factum
1192 3677 1288 3734 est,
1319 3669 1371 3724 in
1405 3669 1520 3738 ipso
1562 3675 1666 3726 vita
1697 3683 1810 3729 erat
1848 3677 1889 3742 ',
1921 3690 2010 3732 os-

431 3755 609 3809 tendit
646 3755 844 3811 iactam
896 3757 1066 3816 fuisse
1109 3758 1275 3814 vitam
1318 3758 1371 3813 in
1407 3758 1604 3817 Verbo.
1651 3763 1834 3836 Neque
1875 3782 2008 3825 vero

431 3846 669 3899 Verbum
703 3849 805 3903 hoc
833 3847 977 3903 aliud
1008 3858 1092 3906 est
1127 3866 1154 3904 a
1185 3851 1432 3916 Christo.
1461 3854 1605 3911 Deus
1634 3859 1924 3924 exsistens,
1953 3868 2008 3915 et

435 3935 668 3991 Verbum
694 3940 834 4009 apud
861 3939 1096 4006 Patrem,
1130 3957 1228 4011 per
1257 3944 1402 4012 quod
1447 3944 1587 3998 facta
1617 3959 1742 4002 sunt
1773 3951 1951 4004 omnia
1986 3969 2002 4017 ;

430 4043 607 4100 neque
643 4029 753 4084 vita
787 4030 892 4084 alia
938 4041 1022 4086 est
1069 4046 1102 4084 a
1147 4033 1237 4086 Dei
1270 4032 1434 4098 Filio,
1483 4037 1576 4104 qui
1632 4039 1855 4108 inquit:
1896 4042 2005 4114 Ego

425 4137 543 4176 sunt
599 4122 719 4188 eia,
795 4121 992 4178 veritas
1056 4133 1104 4176 et
1170 4121 1272 4176 vita
1336 4124 1377 4176 δ.
1450 4125 1604 4182 Unde
1670 4145 1775 4183 non
1845 4147 2006 4190 secus

427 4225 596 4285 atque
643 4215 772 4288 _rita
849 4213 992 4270 facta
1060 4215 1166 4271 fuit
1230 4216 1280 4269 in
1345 4215 1556 4284 Verbo,
1628 4220 1710 4276 sic
1767 4221 2004 4281 Verbum

424 4315 548 4362 erat
599 4306 653 4361 in
705 4307 998 4377 principio.
1037 4309 1274 4368 Proinde
1325 4312 1536 4381 inspice
1586 4327 1653 4367 an
1694 4314 1850 4384 juxta
1901 4319 2005 4376 hoc

422 4400 527 4470 21
554 4399 919 4470 signiﬁcatum
949 4402 1221 4471 possimus
1267 4403 1571 4475 intelligere
1614 4407 1718 4463 hoc
1745 4409 1948 4465 dictum
1984 4428 1998 4467 :

2113 3295 2208 3352 τοῦ
2269 3297 2478 3366 Λόγου·
2533 3297 2594 3349 Ὃ
2640 3293 2906 3365 γέγονεν,
2938 3293 3009 3348 ἐν
3053 3293 3214 3359 αὐτῷ
3276 3290 3386 3360 ζωὴ
3441 3289 3537 3363 ἦν.
3596 3291 3694 3345 Γὲο

2111 3408 2268 3461 γονεν
2337 3386 2429 3444 οῦν
2499 3390 2535 3458 ἡ
2607 3387 2720 3460 ζωὴ
2782 3391 2840 3442 ὲν
2903 3385 2983 3457 τῷ
3057 3386 3232 3456 Λόγῳ.
3299 3385 3408 3438 Kal
3468 3381 3592 3436 οὔτε
3661 3384 3690 3435 6

2111 3483 2284 3552 Λόγος
2329 3481 2516 3553 ἕτερός
2567 3482 2684 3533 ἐστι
2729 3477 2825 3532 τοῦ
2868 3476 3144 3548 Χριστοῦ,
3190 3479 3218 3530 ό
3291 3474 3422 3539 Θεὸς
3483 3473 3685 3540 Λόγος,

2109 3579 2139 3632 6
2182 3574 2319 3647 πρὸς
2373 3574 2464 3628 τὸν
2514 3574 2730 3645 Πατέρα
2767 3612 2784 3639 ,
2846 3571 2914 3625 δι’
2965 3565 3026 3625 οὗ
3079 3568 3150 3622 τὰ
3199 3568 3374 3620 πάντα
3433 3565 3683 3634 ἐγένετο*

2108 3667 2233 3723 οὗτε
2267 3671 2302 3738 ἡ
2335 3668 2446 3739 ζωὴ
2481 3667 2593 3738 (8|)
2618 3666 2784 3738 ἑτέρα
2820 3663 2915 3718 τοῦ
2941 3661 3070 3716 Υίοῦ
3093 3661 3186 3716 τοῦ
3212 3660 3368 3724 Θεοῦ,
3391 3659 3449 3723 ὃς
3480 3675 3646 3729 φησιν
3669 3673 3684 3688 ο

2122 3760 2270 3830 Ἐγώ
2296 3760 2413 3830 ειμι
2440 3761 2478 3828 ἡ
2509 3758 2783 3825 ὁδὸς-,καὶ
2813 3759 2850 3825 ἢ
2873 3755 3144 3822 ἀλήθεια,
3161 3753 3258 3808 καὶ
3286 3751 3690 3823 ήζωή·”οσπερ

2107 3848 2200 3906 οὖν
2233 3851 2268 3922 ἡ
2307 3849 2419 3921 ζωὴ
2448 3849 2669 3918 γέγονεν
2699 3848 2757 3901 ἐν
2783 3847 2860 3918 τῷ
2893 3847 3070 3917 Λόγῳ,
3089 3845 3261 3910 οὕτως
3279 3846 3308 3898 6
3336 3844 3507 3913 Λόγος
3534 3838 3603 3914 ἦν
3633 3843 3691 3894 ὲν

2108 3947 2272 4016 ἀρχῇ.
2311 3941 2635 4013 Ἐπίστησον
2667 3940 2724 3994 δὲ
2765 3942 2813 3993 εί
2863 3935 2974 3992 οἷόν
3011 3939 3071 3991 τέ
3107 3939 3222 3990 ἐστι
3250 3936 3362 4006 (82)
3410 3937 3504 3990 καὶ
3545 3933 3689 3988 κατὰ

2107 4037 2168 4089 τὸ
2227 4033 2624 4107 σημαινόμενον
2673 4030 2830 4086 τοῦτο
2887 4028 3204 4101 ἐκδέχεσθαι
3263 4031 3414 4102 ἡμᾶς
3475 4027 3537 4080 τὸ
3594 4027 3690 4080 Ἑν

2106 4127 2266 4197 ἀρχῇ
2309 4123 2388 4197 ἦν
2433 4129 2465 4180 ό
2511 4126 2728 4194 Λόγος,
2761 4124 2847 4176 ἴνα
2882 4123 3024 4177 κατὰ
3057 4123 3156 4196 τὴν
3191 4122 3384 4192 σοφίαν
3427 4121 3522 4174 καὶ
3563 4120 3689 4184 τοὺς

2105 4221 2308 4283 τύπους
2340 4219 2434 4272 τοῦ
2469 4219 2814 4289 συστήματος
2846 4215 2956 4270 τῶν
2989 4217 3046 4268 ὲν
3093 4215 3242 4287 αύτῷ
3288 4215 3576 4285 νοημάτων
3619 4214 3689 4267 τὰ

2105 4309 2288 4364 πάντα
2318 4307 2556 4379 γίνηται.
2593 4305 2765 4380 Οἶμαι
2797 4309 2926 4381 γὰρ,
2976 4307 3166 4379 ὥσπερ
3200 4305 3339 4360 κατὰ
3372 4309 3497 4368 τοὺς
3525 4306 3683 4375 ἀρχι-

2105 4402 2450 4466 τεκτονικοὺς
2476 4402 2680 4467 τύπους
2702 4403 3064 4474 οἰκοδομεῖται
3098 4401 3132 4473 ἡ
3165 4401 3506 4456 τεκταίνεται
3539 4402 3689 4456 οἰκία

427 4491 490 4547 In
528 4492 786 4563 principio
810 4502 922 4547 erat
964 4491 1192 4548 Verbum
1217 4492 1240 4524 ⁸
1268 4492 1396 4565 [ιιου
1427 4503 1510 4551 est
1541 4497 1732 4567 Λόγος,
1757 4515 1877 4571 qua:
1911 4517 2003 4558 ra-

2112 4495 2203 4550 καὶ
2235 4494 2385 4558 ναῦς,
2417 4494 2588 4568 ἀρχὴν
2633 4496 2730 4568 τῆς
2785 4496 2958 4560 οἰκίας
2991 4497 3086 4550 καὶ
3117 4496 3214 4567 τῆς
3264 4494 3400 4560 νεὼς
3453 4495 3687 4566 ὲχόντων

424 4584 499 4639 tio
524 4585 690 4640 etiam
718 4585 922 4642 dicitur
949 4584 972 4658 ]
1005 4602 1020 4638 :
1059 4595 1116 4640 ut
1149 4587 1445 4642 secundum
1470 4588 1791 4660 sapientiam
1827 4604 1881 4649 et
1915 4608 2002 4650 se-

2112 4589 2234 4652 τοὺς
2287 4589 2345 4640 ὲν
2397 4587 2476 4659 τῷ
2526 4588 2744 4660 τεχνίτῃ
2800 4587 3004 4652 τύπους
3047 4589 3143 4642 καὶ
3183 4587 3391 4657 λόγους·
3430 4585 3572 4638 οὕτω
3615 4586 3684 4640 τὰ

421 4679 660 4732 cundum
709 4678 908 4748 figuras
947 4679 1283 4736 collectionis
1333 4679 1846 4752 intelligentiarum,
1878 4702 2001 4757 qua:

2112 4683 2396 4754 σύμπαντα
2432 4681 2714 4750 γεγονέναι
2771 4681 2915 4735 κατὰ
2966 4682 3093 4747 τοὺς
3146 4683 3204 4734 ὲν
3251 4684 3319 4754 τῇ
3351 4681 3513 4754 σοφία
3545 4698 3682 4755 προ-

375 4757 382 4844 ξ
423 4779 551 4822 sunt
580 4769 632 4822 in
659 4769 796 4838 ipsa,
827 4773 957 4826 fiant
988 4773 1194 4829 omnia.
1217 4772 1424 4843 Opinor
1453 4774 1622 4840 enim,
1641 4776 1780 4832 sicut
1809 4779 2002 4836 domus

2112 4772 2474 4844 ερανωθέντας
2501 4771 2608 4824 ὑπὸ
2642 4770 2777 4824 Θεοῦ
2805 4773 2915 4825 τῶν
2938 4772 3211 4843 ἐσομένων
3238 4770 3453 4838 λόγους.
3478 4770 3686 4829 Πάντα

423 4868 480 4912 et
517 4859 675 4914 navis
726 4858 1026 4915 fabricatur
1070 4865 1150 4919 rel
1189 4864 1492 4920 aediﬁcatur
1520 4864 1676 4934 iuxta
1702 4867 1908 4938 figuras
1944 4880 1999 4927 et

2112 4866 2210 4936 Γὰρ
2231 4866 2303 4920 ὲν
2343 4867 2530 4934 σοφίᾳ
2575 4864 2845 4932 ἐποίησε.
2899 4865 3008 4919 Καὶ
3056 4864 3306 4928 λεκτέον,
3340 4865 3423 4918 ότι
3450 4864 3642 4928 κτίσας
3665 4905 3682 4928 ,

430 4951 638 5007 formas
686 4953 962 5008 mentibus
1007 4968 1195 5010 eorum
1244 4956 1339 5027 qui
1387 4966 1675 5014 structurae
1703 4962 1996 5030 praesident

2112 4961 2165 5014 iv‘
2195 4957 2369 5022 οὕτως
2402 4956 2542 5009 εἴπω
2573 4956 2719 5028 (85),
2753 4956 2994 5028 ἔμψυχον
3036 4956 3226 5027 σοφίαν
3269 4957 3300 5009 6
3344 4957 3498 5020 Θεὸς,
3543 4956 3682 5026 αὐτῇ

2721 5109 2768 5143 ⁸⁸
2807 5113 2940 5169 ibid.
2994 5113 3049 5166 6.
3167 5113 3181 5142 ¹
3227 5110 3390 5168 Prov.
3435 5125 3552 5174 rm,
3584 5110 3672 5166 22.

531 5114 577 5145 ³⁸
630 5113 648 5166 1
692 5109 1031 5187 Cor.xv._l£_i.
1107 5110 1154 5142 "
1187 5109 1348 5187 «Ιοιιηἐ
1378 5128 1416 5176 ι,
1444 5115 1531 5187 t._
1569 5114 1781 5170 "Psal.
1829 5131 2004 5175 cum

2112 5121 2138 5174 ἱ.
2211 5120 2257 5153 ⁸⁸
2299 5117 2434 5174 Gen.
2468 5135 2509 5187 t,
2553 5118 2608 5173 5.

426 5181 446 5210 ⁸
487 5182 770 5256 Joan.t,3.
798 5188 854 5244 ι.
911 5181 932 5214 ³
979 5180 1137 5238 Joan.
1175 5197 1286 5246 xw,
1317 5180 1371 5236 6.
1452 5183 1473 5214 δ
1504 5180 1662 5239 Joan.
1696 5200 1733 5252 ι,
1766 5187 1817 5241 1.

495 5272 606 5346 (7Q)
632 5272 996 5346 Λτυιιουργὸς
1016 5273 1085 5328 δὲ
1132 5277 1165 5346 ti
1219 5275 1476 5346 Χριστὸς
1526 5276 1607 5342 ὡς
1645 5276 1823 5346 ἀρχή,
1887 5288 1995 5334 etc.

423 5337 524 5396 Hic
555 5337 1104 5416 Qrigenent'e'asiigat
1135 5337 1389 5416 Pcta'rius
1419 5337 1510 5416 lib.
1554 5337 1696 5401 ι’οἐ
1722 5337 1998 5416 Ῡίῖηίιιιιε,

423 5410 712 5492 natanti?!1
740 5410 793 5473 ι,
815 5414 982 5492 et‘lib.
1015 5410 1242 5492 Ithcap.
1275 5415 1328 5492 5,
1362 5431 1416 5468 ιι.
1456 5415 1509 5472 6.
1534 5416 1796 5492 linertps.

496 5479 608 5556 (βυ)
639 5479 760 5535 Τῶν
795 5479 1260 5556 τερεωρημένών.
1305 5485 1378 5556 Ita
1405 5498 1550 5542 recte
1591 5479 1790 5543 babént
1837 5489 1996 5556 codd.

421 5551 751 5620 Bodleianus
780 5560 834 5605 et
868 5551 1218 5620 Barlrerinns,
1277 5555 1418 5614 male
1461 5569 1644 5613 autem
1687 5551 1856 5614 eodeni
1896 5560 2000 5614 lie-

421 5623 568 5701 gins,
602 5619 714 5701 τῷν
739 5619 1328 5701 τερεωρημᾲτωνζΜᾳξ
1375 5626 1470 5681 τοῦ
1515 5629 1688 5697 Λόγου
1723 5628 1998 5701 λαμϐανο-

423 5691 836 5772 μέψυηΑιιιιιΙίι
879 5691 1220 5750 adulteram
1270 5694 1431 5766 λόγου
1479 5691 1837 5766 notationem,
1892 5715 1997 5772 qua

423 5762 559 5817 ratio
586 5762 946 5833 signiﬁcetur.

2174 5276 2286 5350 (88)
2320 5277 2472 5331 οὔτε
2494 5275 2529 5350 ᾖ
2563 5274 2833 5350 (mrtem.
2866 5273 2957 5350 Sic
2992 5287 3138 5331 recte
3193 5275 3478 5350 legitur__iu
3508 5275 3669 5350 codd.

2099 5344 2391 5404 Bodleiano
2407 5357 2463 5402 et
2493 5344 2786 5404 Barberiuo
2805 5364 2819 5408 ;
2839 5346 2979 5401 male
3008 5358 3188 5400 autem
3221 5344 3273 5400 in
3298 5344 3674 5414 codicellegio

2097 5416 2416 5494 σοςξιοῦξε,
2449 5425 2507 5494 et
2531 5419 2697 5494 ιιι-0⁸η
2720 5416 2832 5487 ζωή
2863 5416 3058 5494 legitur
3081 5416 3121 5494 ᾖ
3155 5414 3292 5494 ζωή.
3394 5485 3444 5494 m

2167 5488 2280 5557 (82)
2314 5491 2385 5543 Et
2416 5482 2546 5557 οἷόιξ
2580 5485 2645 5540 τέ
2671 5482 2938 5543 ἐστι’καῖ
2956 5482 3219 5557 κατὰτό,
3254 5482 3357 5541 etc.
3393 5485 3484 5540 Sic
3527 5495 3676 5541 recte

2097 5556 2301 5613 habent
2335 5559 2494 5612 codd.
2527 5556 2851 5625 Bodleianns
2894 5567 2949 5610 et
3000 5556 3360 5619 Barberinns;
3414 5565 3674 5625 corrupte

2096 5638 2277 5682 autem
2301 5627 2470 5682 codex
2498 5626 2720 5696 Regius,
2744 5622 2854 5680 οἷόν
2873 5625 2934 5679 τὲ
2957 5629 3072 5680 ἐστι
3103 5627 3195 5696 καί
3224 5625 3366 5680 κατὰ
3394 5623 3479 5688 τό,
3513 5622 3622 5680 etc.

2170 5698 2283 5767 (85)
2313 5694 2680 5764 Κτίσας,“ἳν⁹
2726 5698 2913 5762 οὕτως
2945 5698 3112 5752 ειπω.
3179 5694 3254 5767 ita
3283 5706 3460 5767 recte
3509 5697 3672 5752 codd.

2108 5765 2435 5826 Ba't-bcritrus
2461 5781 2516 5826 et
2549 5769 2786 5839 ltegius,
2817 5770 3152 5842 tualc_autern
3183 5765 3529 5836 Bodleianus,
3551 5767 3675 5837 κτήο
