4040 6210
472 296 544 354 59
1966 298 2287 356 ORIGENIS
3649 293 3721 350 οδ

476 426 598 485 geni
624 413 828 485 capere
862 425 1160 487 nequeunt.
1206 416 1466 490 Espioret
1514 432 1647 491 ergo
1681 427 1913 489 oportet,
1950 419 2045 490 qui

2157 436 2233 473 τιν
2252 457 2274 482 ,
2318 417 2393 481 ὡς
2448 413 2644 487 μηκέτι
2696 414 2861 470 αὐτοῦ
2898 413 3122 486 χρῄζειν
3153 407 3341 483 ἰατροῦ
3368 406 3497 472 τούς
3534 406 3719 471 κακῶς

477 505 759 576 collegerit
816 506 937 562 Filii
976 508 1456 578 nomenclaturas,
1500 525 1749 580 quamam
1813 511 2052 581 ipsarum

2157 509 2379 581 ἔχοντας
2428 505 2841 579 θεραπεύοντος,
2902 505 3040 576 μηδὲ
3071 501 3355 572 ποιμένος,
3414 500 3552 572 μηδὲ
3586 502 3723 554 ἀπο·

475 595 581 664 ipsi
611 598 972 665 accesserint,
995 613 1116 668 quae
1156 599 1290 657 tales
1313 615 1377 657 ac
1407 611 1571 657 tanta:
1593 617 1699 657 non
1726 601 1982 665 fuissent,
2009 603 2055 657 si

2157 598 2494 672 λυτρὼσεως,
2551 596 2688 653 ἀλλὰ
2742 596 2933 666 σοφίας
2952 635 2967 658 .
3018 594 3115 650 καὶ
3145 594 3326 663 λόγου,
3367 594 3463 648 καὶ
3516 593 3725 647 δικαιο-

477 687 533 741 in
577 686 841 743 beatitate
870 690 1047 745 sancti
1099 691 1434 762 iucepissent
1484 701 1543 748 et
1591 700 2054 764 perseverassent.

2158 689 2346 761 σύνης,
2375 689 2409 760 ἢ
2447 688 2503 743 ei
2535 705 2590 742 τι
2618 687 2746 744 ἄλλο
2774 687 2882 760 (90)
2909 689 3024 752 τοῖς
3056 686 3145 741 διὰ
3188 683 3500 755 τελειότητα
3534 686 3733 756 χωρεῖν

474 774 613 831 Nam
652 778 882 835 fortasse
911 779 1025 835 sola
1055 781 1446 851 sapientia,vel
1480 783 1647 838 etiam
1681 780 1940 846 Verbum,
1964 779 2055 835 vel

2158 780 2323 836 αύτοῦ
2363 780 2434 835 τὰ
2477 778 2739 835 κάλλιστα
2777 777 3115 850 δυναμένοις.
3161 775 3410 831 Τοσαῦτα
3464 776 3595 848 περὶ
3635 776 3731 830 τοῦ

476 867 611 935 vita,
637 879 799 939 atque
824 873 1047 927 omnino
1074 874 1274 929 veritas
1299 882 1646 944 permaneret
1667 916 1684 940 ,
1710 875 1853 931 haud
1883 883 2056 929 tamen
2172 873 2276 927 Ἐν
2301 869 2485 941 ἀρχῇ.

479 962 661 1016 omnia
711 961 816 1016 alia
861 964 1077 1019 nomina
1130 979 1253 1034 qua:
1295 966 1471 1022 nostri
1517 981 1683 1023 causa
1726 966 2045 1036 assumpsit.
2099 964 2299 1019 Verum
2361 963 2643 1020 enimvero
2695 961 2841 1018 beati
2891 960 2994 1026 illi,
3053 961 3145 1033 qui
3193 970 3414 1033 egentes
3446 959 3585 1017 Filio
3634 960 3735 1017 Dei

481 1050 747 1120 ejusmodi
797 1053 971 1121 fuere,
1019 1065 1078 1109 nt
1109 1056 1163 1109 in
1195 1065 1474 1127 posterum
1513 1074 1619 1114 non
1652 1059 1902 1128 eguerint
1946 1057 2159 1114 medico
2187 1055 2280 1125 qui
2334 1054 2476 1110 male
2522 1053 2744 1111 affectos
2789 1060 3029 1117 curaret,
3066 1066 3241 1124 neque
3282 1064 3521 1123 pastore,
3558 1066 3737 1122 neque

480 1147 873 1217 redemptione,
897 1149 992 1202 sed
1021 1149 1308 1219 sapientia,
1345 1157 1402 1206 et
1435 1152 1624 1218 verbo,
1667 1166 1734 1208 ae
1750 1151 1981 1224 iustitia,
2036 1151 2123 1205 vel
2162 1149 2209 1204 si
2236 1148 2366 1218 quid
2397 1148 2541 1205 aliud
2578 1160 2664 1205 est
2697 1149 2763 1205 iis
2802 1148 2894 1219 qui
2937 1148 3008 1205 ob
3052 1145 3441 1218 perfectionem
3484 1148 3739 1220 pulcher-

479 1236 618 1292 rima
642 1252 869 1307 quicque
913 1238 1082 1309 ipsius
1112 1240 1394 1311 percipere
1421 1242 1623 1298 velent.
1650 1241 1758 1298 Sed
1788 1243 1905 1299 lucc
1931 1241 2209 1298 sufficiant
2252 1241 2320 1296 de
2360 1255 2427 1296 eo
2449 1241 2593 1310 quod
2627 1241 2888 1310 scriptum
2918 1248 3003 1296 est
3037 1257 3052 1295 :
3093 1238 3159 1293 lu
3179 1240 3457 1308 principio.

548 1328 644 1384 23.
694 1328 985 1384 Videamus
1041 1343 1189 1384 nunc
1234 1330 1552 1399 diligentius
1585 1332 1842 1402 quisnam
1871 1330 1944 1387 sit
1972 1330 2059 1387 bic

479 1420 675 1490 Λόγος,
705 1418 783 1492 [id
807 1428 892 1476 est
934 1421 1181 1487 verbum,
1212 1436 1309 1478 seu
1344 1423 1508 1490 ratio,
1537 1437 1657 1492 qua:
1687 1423 1740 1479 in
1765 1424 1881 1494 ipso
1911 1424 2060 1494 prin-

2229 1331 2323 1386 23.
2353 1328 2581 1401 ’ῐδωμεν
2611 1329 2669 1383 δὲ
2700 1328 3121 1401 ἐπιμελέστερον
3151 1327 3238 1392 τις
3283 1330 3314 1382 ὁ
3356 1329 3415 1381 ὲν
3446 1328 3581 1400 αὐτῇ
3632 1324 3739 1384 A6-

2156 1438 2273 1492 γος.
2304 1420 2615 1492 Θαυμάζειν
2641 1437 2731 1492 μοι
2756 1418 3016 1485 πολλάκις
3035 1418 3328 1492 ἐπέρχεται
3345 1418 3454 1491 (91)
3469 1418 3737 1475 σκοποῦν-

481 1512 626 1580 cipio
668 1526 790 1566 esse
815 1511 1035 1565 dicitur.
1058 1508 1238 1578 Atque
1273 1505 1551 1578 equidem]
1603 1515 1878 1582 reputanti
1922 1512 2053 1568 mibi

2157 1529 2209 1565 τι
2242 1513 2312 1566 τὰ
2342 1512 2448 1567 ὑπό
2476 1529 2640 1567 τινων
2663 1510 2941 1566 πιστεύειν
2969 1514 3050 1575 εἰς
3073 1511 3167 1567 τὸν
3204 1511 3443 1584 Χριστὸν
3476 1510 3740 1584 βουλομέ-

481 1617 726 1673 qumnam
761 1602 1074 1671 frequenter
1105 1604 1360 1657 dicuntur
1400 1603 1466 1658 de
1518 1603 1738 1660 Christo
1770 1605 1840 1661 ab
1869 1605 1937 1660 iis
1963 1604 2055 1674 qui

482 1694 538 1749 in
572 1693 746 1762 ipsum
776 1694 1000 1749 credere
1028 1692 1246 1759 volunt,
1280 1694 1465 1749 mirari
1504 1694 1651 1751 subit
1676 1710 1901 1752 curnam
1940 1706 2060 1751 tan-

483 1785 605 1841 dem
630 1784 879 1855 imposita
901 1783 1119 1839 nomina
1149 1784 1428 1839 Servatori
1463 1794 1670 1850 nostro,
1695 1801 1817 1856 qua:
1842 1787 1928 1841 vix
1958 1802 2059 1841 nu-

488 1874 684 1929 merari
717 1883 963 1943 possunt,
983 1873 1302 1944 plerumque
1328 1873 1382 1928 bi
1406 1872 1622 1930 silentio
1656 1883 2057 1944 pertranseant,

484 1974 648 2035 atque
701 1965 913 2019 etiamsi
947 1979 1138 2019 eorum
1189 1967 1393 2021 mentio
1422 1965 1566 2022 facta
1612 1965 1807 2031 fuerit,
1837 1966 1926 2022 illa
1960 1969 2060 2022 im-

484 2062 694 2112 mutant
744 2068 850 2109 non
890 2056 1138 2124 proprie,
1180 2057 1275 2112 sed
1313 2057 1544 2127 tropice,
1593 2055 1776 2113 Jesnm
1831 2058 1919 2114 his
1957 2072 2060 2113 no-

486 2145 723 2200 minibus
789 2145 1045 2214 appellari
1097 2146 1344 2201 dicentes
1402 2161 1421 2199 :
1459 2148 1512 2203 in
1554 2145 1668 2203 sola
1724 2156 1907 2203 autem
1964 2164 2062 2220 ap-

486 2235 774 2304 pellatione
824 2234 987 2292 Verbi
1022 2237 1369 2306 insistentes,
1411 2238 1574 2295 veluti
1612 2238 1786 2295 solum
1825 2237 2058 2296 Verbum

484 2334 736 2381 astruant
782 2341 904 2382 esse
933 2326 1211 2383 Christum
1251 2328 1382 2393 Dei;
1420 2342 1526 2384 non
1561 2328 1785 2398 perinde
1810 2338 1976 2399 atque
2001 2330 2056 2386 in

486 2418 701 2474 (ueteris
760 2417 1057 2481 vocabulis,
1087 2419 1285 2489 quibus
1323 2419 1439 2488 ipse
1492 2430 1867 2491 nuncupatur,
1906 2423 2060 2481 inda-

485 2519 674 2578 gantes
702 2510 808 2565 vim
833 2510 1124 2580 significati
1151 2526 1214 2565 ex
1236 2512 1340 2567 hac
1372 2527 1503 2568 voce
1525 2511 1706 2583 λόγος.
1723 2513 1843 2570 1am
1866 2515 1919 2570 in
1952 2530 2060 2586 quo

485 2616 573 2655 me
632 2601 820 2655 mirari
881 2603 1057 2657 dicam
1122 2601 1413 2658 multorum
1472 2604 1785 2672 ruditatem,
1819 2608 2058 2677 apertius

484 2691 626 2747 enim
654 2692 867 2762 loquar,
903 2693 1009 2749 tale
1054 2705 1157 2751 cst.
1195 2694 1374 2764 Inqnit
1416 2696 1619 2752 alicubi
1693 2696 1864 2753 Filius
1893 2698 1987 2754 Dei
2037 2717 2052 2754 :

486 2781 601 2855 Ego
620 2802 733 2839 sum
751 2787 843 2841 tua:
858 2787 1038 2841 mundi
1058 2786 1100 2820 “
1118 2806 1134 2857 ;
1149 2795 1205 2843 et
1218 2787 1374 2843 alibi:
1396 2786 1506 2857 Ego
1524 2805 1639 2843 sum
1658 2792 1968 2847 resurrectio
1988 2792 2028 2825 "

2156 1618 2263 1656 νων
2289 1601 2560 1674 λεγόμενα
2600 1602 2729 1675 περὶ
2761 1600 2960 1666 αὐτοῦ,
2987 1601 3042 1655 τι
3078 1600 3300 1673 δήποτε,
3339 1600 3741 1675 δυσεξαριθμή-

2155 1707 2265 1746 των
2293 1693 2571 1765 ὀνομάτων
2602 1693 2955 1765 τασσομένων
2994 1693 3088 1747 ἐπὶ
3130 1692 3226 1747 τοῦ
3255 1693 3506 1766 Σωτῆρος
3532 1693 3697 1766 ἡμῶν
3719 1735 3736 1759 ,

2155 1782 2225 1838 τά
2283 1784 2383 1854 μὲν
2422 1783 2651 1839 πλεῖστα
2695 1784 3161 1857 παρασιωπῶσιν,
3198 1784 3337 1840 ἀλλὰ
3369 1785 3465 1841 καὶ
3506 1784 3563 1838 ετ
3602 1802 3740 1839 ποτε

2160 1874 2351 1945 μνήμη
2381 1874 2561 1929 αὐτῶν
2600 1874 2841 1944 γένοιτο,
2871 1874 3376 1948 μεταλαμϐάνουσιν
3397 1876 3460 1929 ού
3488 1876 3698 1948 κυρίως
3721 1916 3740 1940 ,

2156 1963 2295 2019 ἀλλὰ
2329 1964 2606 2035 τροπικῶς
2645 1964 2819 2019 ταῦτα
2860 1965 3023 2020 αὐτὸν
3080 1963 3477 2036 ὀνομάζεσθαι·
3539 1965 3631 2018 ἐπὶ
3680 1964 3739 2018 δὲ

2163 2051 2331 2123 μόνης
2360 2053 2462 2124 τῆς
2494 2053 2686 2123 Λόγος
2712 2054 3081 2126 προσηγορίας
3122 2053 3420 2125 ἱστάμενοι,
3440 2055 3604 2108 οἱονεὶ
3631 2055 3741 2108 Λό-

2156 2158 2252 2211 γον
2277 2142 2435 2214 μόνον
2458 2143 2623 2213 φασὶν
2658 2138 2796 2198 εἶναι
2825 2143 2916 2198 τὸν
2940 2144 3171 2216 Χριστὺν
3192 2143 3287 2198 τοῦ
3309 2143 3466 2207 Θεοῦ,
3492 2144 3588 2198 καὶ
3613 2144 3742 2215 οὐχὶ

2155 2234 2465 2300 ἀκολούθως
2492 2238 2605 2301 τοῖς
2632 2234 2840 2301 λοιποῖς
2869 2235 2978 2291 τῶν
3012 2235 3430 2308 ὀνομαζομένων
3473 2235 3741 2308 ἐρευνῶσι

2155 2324 2250 2381 τοῦ
2285 2327 2684 2398 σημαινομένου
2710 2326 2808 2399 τὴν
2826 2326 3053 2399 δύναμιν
3084 2328 3151 2381 ὲκ
3181 2327 3281 2398 τῆς
3302 2328 3492 2397 Λόγος
3525 2325 3736 2397 φωνῆς’

2155 2419 2185 2473 ὃ
2211 2419 2270 2474 δέ
2296 2435 2440 2491 φημι
2468 2417 2770 2490 θαυμάζειν
2803 2419 2903 2493 τὴν
2933 2418 3261 2491 ἀϐελτηριαν
3312 2418 3423 2492 (92)
3458 2420 3568 2474 τῶν
3599 2420 3740 2475 πολ-

2155 2510 2265 2565 λῶν
2293 2510 2665 2583 (σαφέστερον
2693 2511 2803 2584 γὰρ
2829 2510 2985 2585 ἐρῶ),
3018 2510 3257 2565 τοιοῦτον
3288 2513 3426 2569 ἐστι.
3458 2512 3597 2584 Φησι
3628 2529 3743 2566 που

2154 2606 2185 2660 ὁ
2224 2604 2354 2669 Υἱὸς
2379 2601 2473 2657 τοῦ
2506 2602 2675 2657 Θεοῠσ
2725 2602 2868 2673 Ἐγώ
2895 2605 3012 2674 ειμι
3054 2604 3121 2659 τὸ
3159 2602 3285 2675 φῶς
3323 2604 3432 2659 τοῦ
3476 2605 3737 2674 κόσμου·

2156 2696 2250 2750 καὶ
2287 2696 2345 2750 ὲν
2376 2693 2560 2759 ἄλλοις
2578 2711 2592 2725 ο
2641 2691 2793 2764 Ἔγώ
2813 2696 2931 2764 εἰμι
2954 2696 2994 2763 ἡ
3020 2694 3388 2762 ἀνάστασις’
3422 2696 3518 2750 καὶ
3548 2695 3736 2750 πάλιν

2170 2784 2309 2856 Ἐγώ
2350 2787 2467 2856 ειμι
2491 2786 2529 2854 ἠ
2559 2784 2720 2851 ὁδὸς,
2753 2785 2851 2839 καὶ
2879 2786 2919 2853 ἠ
2947 2785 3216 2854 ἀλήθεια,
3242 2786 3340 2841 καὶ
3387 2788 3428 2856 ἡ
3475 2786 3606 2855 ζωή’
3637 2789 3741 2857 γέ-

485 2888 542 2933 et
577 2893 791 2934 rursum
829 2898 844 2934 :
880 2878 995 2948 qu
1032 2896 1148 2935 sum
1197 2883 1302 2946 uia,
1339 2881 1533 2935 veritas
1587 2889 1637 2936 et
1684 2883 1791 2939 vita
1817 2883 2057 2949 ⁸³ηςτί-

2160 2893 2409 2951 γραπταν
2433 2876 2492 2930 δὲ
2525 2876 2619 2931 καὶ
2650 2876 2729 2930 τό*
2770 2874 2910 2946 Ἐγώ
2932 2878 3049 2947 ειμι
3091 2878 3131 2947 ἡ
3162 2880 3331 2948 θύρα’
3389 2878 3609 2951 εἴρηται
3641 2879 3748 2934 καὶ

485 2975 636 3038 ptum
678 2980 763 3024 est
797 2978 854 3025 et
889 2970 1050 3027 illud:
1077 2970 1188 3042 Ego
1228 2988 1345 3027 sunt
1385 2972 1578 3027 ostium
1609 2972 1685 3043 ⁸³;
1736 2974 1939 3030 dictum
1974 2984 2059 3032 est

485 3059 649 3114 etiam
668 3076 682 3112 :
700 3058 812 3130 Ego
843 3078 959 3116 sum
983 3075 1164 3132 pastor
1197 3064 1362 3120 bonus
1385 3065 1431 3098 “
1458 3081 1475 3133 ;
1500 3074 1556 3120 et
1581 3065 1648 3119 ad
1674 3064 2055 3122 Samaritidem

487 3150 594 3221 23
622 3151 892 3207 dicentem
921 3170 937 3207 :
971 3152 1180 3209 Scimus
1210 3158 1349 3227 quod
1398 3156 1623 3212 Messias
1668 3158 1824 3219 venit,
1847 3158 1936 3227 qui
1977 3158 2062 3211 di-

488 3247 629 3296 citur
652 3241 890 3297 Christus
917 3260 936 3299 :
965 3260 1082 3299 cum
1118 3258 1292 3301 autem
1316 3248 1511 3303 uenerit
1539 3248 1652 3312 ille,
1678 3248 1940 3303 nuutiabit
1962 3264 2059 3303 uo-

488 3335 566 3389 bis
589 3337 766 3390 omnia
789 3335 866 3403 ¹⁸ς
887 3338 1206 3404 respondet:
1229 3336 1340 3407 Ego
1363 3354 1475 3392 sum
1499 3339 1589 3409 qui
1614 3338 1800 3408 loquor
1820 3338 2059 3393 tecum“.

488 3426 570 3481 Ad
602 3426 718 3481 haec
749 3441 872 3482 cum
901 3426 1119 3482 lavisset
1145 3429 1307 3496 pedes
1339 3429 1747 3497 discipulorum,
1776 3429 2060 3485 Dominum

488 3530 549 3570 se
574 3526 628 3572 et
651 3515 966 3589 Magistrum
998 3516 1083 3573 bis
1132 3518 1312 3575 verbis
1342 3518 1543 3575 fatetur
1569 3536 1583 3574 :
1616 3518 1722 3576 Vos
1748 3521 1921 3575 dicitis
1952 3519 2064 3574 Do-

488 3607 688 3661 minum
737 3623 818 3662 nte
845 3618 896 3663 et
934 3610 1243 3679 magistrum
1263 3649 1280 3675 ,
1315 3619 1364 3664 et
1394 3611 1520 3665 bene
1566 3611 1745 3666 dicitis
1774 3623 1793 3663 :
1832 3626 1950 3665 sum
1980 3619 2058 3664 et-

486 3702 624 3755 enim
654 3701 719 3758 ⁸⁷.
748 3700 888 3768 Quin
936 3711 1143 3772 aperte.
1174 3711 1232 3757 et
1260 3701 1408 3757 clare
1429 3716 1490 3757 se
1525 3702 1701 3773 ipsum
1730 3701 1928 3758 Filium
1964 3699 2059 3754 Dei

486 3806 611 3847 esse
648 3792 990 3858 pronuntiat.
1017 3792 1246 3848 dicens:
1286 3790 1451 3858 Quem
1486 3788 1650 3846 Pater
1692 3789 2058 3860 sancti/ienuit,

486 3891 536 3934 et
562 3882 705 3934 misit
737 3881 789 3935 in
810 3882 1085 3942 mundum,
1113 3898 1199 3936 ros
1221 3883 1395 3938 dicitis
1419 3898 1499 3935 me
1520 3881 1901 3951 blasphemare,
1933 3900 2065 3954 quo-

489 3969 630 4023 niam
668 3968 803 4032 dixi,
839 3967 1012 4022 Filius
1048 3967 1142 4022 Dei
1181 3985 1298 4022 sum
1332 3986 1426 4041 ego
1460 3969 1504 4002 "
1528 3968 1636 4026 ?Et
1671 3971 1801 4026 illud
1831 3989 1845 4025 :
1873 3971 2059 4039 Pater,

487 4056 621 4110 venit
645 4058 774 4110 hora
804 4072 825 4121 ,°
853 4055 1091 4126 glori/ira
1122 4055 1319 4111 Filium
1365 4069 1533 4122 tuum,
1568 4068 1622 4113 ut
1664 4071 1711 4115 et
1742 4059 1914 4116 Filius
1939 4071 2062 4118 tuus

485 4145 742 4216 glori/ica
773 4155 821 4200 te
840 4145 903 4199 ¹⁹.
930 4146 1234 4204 Invenimus
1255 4147 1418 4202 etiam
1435 4162 1495 4202 se
1512 4148 1687 4217 ipsum
1706 4154 2059 4219 pronuntian-

2156 2969 2238 3024 τόο
2281 2967 2431 3040 Ἐγώ
2451 2970 2567 3039 ειμι
2600 2970 2634 3023 ό
2663 2967 2889 3038 ποιμὴν
2918 2970 2953 3023 ό
2976 2971 3184 3036 καλός*
3220 2970 3318 3024 καὶ
3343 2970 3481 3042 πρὸς
3508 2970 3606 3042 τὴν
3627 2973 3739 3026 Σα-

2160 3061 2405 3130 μαρεῖτιν
2429 3059 2766 3128 φάσκουσαν,
2792 3056 3067 3127 Οἴδαμεν,
3094 3057 3184 3113 ὅτι
3200 3060 3475 3126 Μεσσίας
3501 3060 3742 3129 ἔρχεται

2159 3150 2192 3202 ὀ
2205 3148 2530 3219 λεγῴιενος
2551 3148 2818 3217 Χριστός·
2836 3146 2984 3202 ὅταν
2992 3148 3139 3218 ἔλθῃ
3150 3149 3398 3216 ἐκεῖνος,
3412 3151 3743 3222 ἀναγγελεῖ

2158 3237 2305 3308 ἡμῖν
2338 3237 2556 3302 πάντα,
2590 3238 2963 3308 ἀποκρίνεται·
3004 3239 3153 3309 Ἐγώ
3176 3242 3293 3310 εἰμι
3327 3243 3361 3294 ό
3385 3240 3593 3295 λαλῶν
3613 3257 3738 3297 σοι.

2157 3327 2305 3400 Πρὸς
2336 3324 2545 3391 τούτοις
2591 3327 2680 3381 ὅτε
2731 3326 2880 3398 ἐνιψε
2912 3327 3037 3392 τοὺς
3088 3328 3257 3392 πόδας
3298 3329 3409 3382 τῶν
3443 3329 3734 3401 μαθητῶν,

2159 3419 2365 3491 Κύριος
2396 3417 2491 3471 καὶ
2512 3417 2830 3483 διδάσκαλος
2857 3418 3037 3473 αὐτῶν
3064 3415 3205 3475 εἶναι
3237 3418 3327 3474 διὰ
3363 3418 3568 3473 τούτων
3598 3422 3733 3491 ὁμο-

2158 3510 2307 3580 λογεῖ
2322 3526 2337 3541 ο
2382 3509 2579 3581 Ὑμεῖς
2605 3510 2854 3580 φωνεῖτέ
2873 3527 2952 3581 με
2977 3513 3010 3565 ό
3030 3509 3395 3578 διδάσκαλος
3417 3509 3515 3565 καὶ
3549 3513 3583 3565 ό
3610 3511 3735 3567 Κύ-

2149 3618 2315 3671 ριος’
2350 3600 2450 3655 καὶ
2480 3600 2677 3668 καλῶς
2705 3600 2943 3673 λέγετε,
2966 3601 3084 3671 εἰμὶ
3119 3600 3251 3672 γάρ.
3291 3601 3452 3657 Ἀλλὰ
3479 3602 3574 3657 καὶ
3600 3602 3737 3658 Υἱδν

2159 3685 2298 3745 εἶναι
2332 3689 2467 3744 Θεοῦ
2502 3690 2689 3760 σαφῶς
2739 3691 2932 3745 ἑαυτὸν
2963 3691 3346 3760 καταγγέλλει,
3373 3691 3548 3763 λέγων
3572 3711 3587 3725 ·
3629 3695 3739 3749 Ὃν

2160 3783 2193 3835 ό
2218 3779 2420 3848 Πατὴρ
2456 3780 2695 3850 ria-lacte,
2726 3782 2826 3835 καὶ
2855 3779 3217 3836 ἀπέστειλεν
3237 3784 3330 3848 εἰς
3350 3780 3456 3836 τὸν
3482 3782 3731 3856 κόσμον,

2158 3870 2330 3941 ὑμεῖς
2364 3868 2591 3939 λέγετε,
2621 3870 2711 3924 ὅτι
2728 3911 2743 3936 ,
2778 3869 3195 3941 Βλασφημεῖς·
3228 3870 3318 3925 ὅτι
3354 3868 3527 3926 εἶπον
3544 3887 3559 3901 ⁸
3606 3873 3738 3937 Υἱὸς

2159 3962 2264 4017 τοῦ
2293 3963 2438 4018 Θεοῦ
2456 3965 2572 4032 ειμι
2590 3978 2608 4026 ;
2625 3960 2737 4016 καί·
2763 3962 2955 4032 Πάτερ
2972 4002 2988 4028 ,
3018 3962 3318 4030 ἐλήλυθεν
3337 3964 3373 4033 ἡ
3395 3962 3535 4033 ὥρα·
3556 3963 3742 4030 δόξα-

2157 4054 2274 4108 σόν
2301 4067 2417 4108 σου
2446 4053 2550 4107 τὸν
2575 4053 2729 4118 Υὶὸν,
2747 4055 2846 4107 ἵνα
2867 4056 2901 4109 ὁ
2939 4054 3071 4120 Υἱὸς
3090 4053 3323 4123 δοξάσῃ
3351 4070 3445 4109 σε.
3477 4054 3736 4127 Εὑρίσκο-

2163 4161 2262 4215 μεν
2294 4145 2352 4197 δὲ
2380 4145 2814 4215 καταγγέλλοντα
2837 4145 3029 4200 ἑαυτὸν
3057 4147 3151 4200 καὶ
3183 4147 3427 4217 βασιλέα·
3454 4147 3532 4211 ὡς
3568 4145 3732 4213 ἐπὰν,

488 4215 595 4291 tem
616 4251 821 4305 regem,
851 4237 1016 4292 veluti
1050 4236 1223 4292 Pilato
1254 4237 1453 4293 dicenti
1484 4256 1499 4290 :
1533 4215 1648 4293 Rex
1673 4215 1727 4295 es
1755 4251 1812 4295 tu
1839 4243 2057 4298 Iudico-

2160 4232 2589 4303 ἀποκρινόμενος
2613 4232 2692 4304 τῷ
2724 4233 2940 4306 Πιλάτῳ
2972 4233 3110 4307 πρὸς
3146 4215 3208 4287 τὸ
3228 4274 3244 4299 ,
3273 4235 3358 4288 Σὺ
3388 4232 3447 4290 εἷ
3483 4239 3517 4290 ὀ
3546 4236 3731 4301 ,ϐασι-

488 4339 604 4377 rum
632 4324 677 4356 ’θ
707 4323 732 4381 2
783 4326 1110 4393 respondens
1155 4326 1292 4381 dixit
1318 4345 1337 4384 :
1382 4328 1613 4398 Regnum
1645 4344 1819 4384 meum
1847 4347 1952 4385 non
1978 4341 2055 4385 est

484 4428 550 4467 ea:
576 4414 674 4468 hoc
702 4415 898 4470 munia
916 4430 935 4470 :
952 4415 999 4470 si
1021 4433 1086 4470 ea:
1113 4418 1208 4471 Itoc
1236 4417 1430 4471 mundo
1459 4428 1586 4474 esset
1620 4435 1832 4489 regnum
1860 4436 2053 4487 meum,

484 4505 719 4560 ministri
765 4509 863 4562 mei
904 4510 1157 4563 certaturi
1182 4507 1424 4578 fuerant,
1461 4525 1524 4564 ue
1550 4509 1784 4563 traderer
1814 4509 2054 4577 ludo-is;

485 4612 623 4651 nunc
638 4609 812 4653 autem
837 4614 1048 4670 regnum
1076 4615 1248 4654 meum
1267 4614 1369 4654 non
1390 4610 1464 4654 est
1487 4600 1612 4654 hinc
1635 4601 1703 4655 ¹¹.
1721 4598 1973 4671 Legimus
1998 4612 2054 4658 et

484 4687 613 4743 illud
643 4704 658 4742 :
686 4687 799 4760 Ego
822 4706 940 4745 sum
973 4691 1089 4745 vitis
1120 4707 1262 4757 uera,
1285 4702 1333 4747 et
1365 4689 1528 4746 Pater
1545 4708 1691 4748 meus
1718 4694 1949 4762 agricola
1969 4694 2053 4761 ",°

481 4787 539 4833 et
570 4793 783 4835 rursum
814 4798 829 4835 :
859 4779 970 4852 Ego
1002 4800 1117 4837 sum
1166 4784 1307 4849 vitis,
1352 4800 1440 4839 vos
1467 4784 1729 4853 palmites.
1767 4786 1814 4818 “
1844 4785 2054 4842 Connu-

482 4879 760 4924 merentur
791 4871 875 4926 bis
897 4870 1013 4927 [nec
1054 4888 1269 4943 quoque
1297 4891 1311 4928 :
1341 4873 1452 4941 Ego
1477 4891 1595 4930 sum
1637 4878 1789 4946 panis
1823 4878 1940 4932 vita:
1967 4877 2052 4944 “;

480 4968 537 5014 et
577 4960 772 5015 iterum
819 4977 834 5015 :
882 4957 996 5031 Ego
1041 4978 1159 5016 sum
1183 4964 1337 5033 panis
1370 4965 1562 5031 vivens,
1593 4966 1683 5037 qui
1710 4969 1773 5020 de
1808 4968 1933 5023 caelo
1959 4971 2052 5023 de—

480 5052 680 5122 scendi,
701 5061 749 5108 et
776 5054 931 5109 vitam
953 5054 1145 5108 mundo
1161 5054 1365 5122 pra’beo
1383 5057 1451 5109 ³⁸.
1470 5056 1536 5111 Et
1553 5057 1667 5112 haec
1693 5059 1910 5126 quidem
1931 5074 2052 5128 qua:

497 5190 508 5199 '
588 5192 633 5224 ιο
677 5191 835 5249 Joan.
885 5208 1000 5251 nn.
1034 5191 1121 5246 Η.
1215 5192 1257 5225 ⁸⁸
1292 5192 1446 5249 Juau.
1485 5209 1570 5257 XI,
1614 5193 1707 5251 25.

475 5261 520 5294 ⁸⁸
556 5260 686 5314 ibid.
722 5263 813 5319 26.
930 5265 972 5297 "
1010 5262 1166 5317 .luan.
1208 5278 1327 5325 xm,
1358 5263 1443 5319 15.
1551 5263 1778 5318 ⁸⁸10³11.
1833 5281 1885 5319 κο
1941 5266 2031 5321 ὅδε

1810 5197 1853 5226 ³⁸
1874 5193 2030 5251 Joan.
2053 5210 2163 5257 xiv.
2196 5192 2250 5248 6.

2158 4325 2305 4391 λεὺς
2361 4323 2481 4379 τῶν
2523 4324 2863 4392 Ἰουδαίων;
2908 4327 3072 4399 λέγῃο
3119 4327 3190 4381 Ἠ
3222 4328 3511 4393 ,Βασιλεία
3540 4329 3579 4397 ἡ
3614 4326 3729 4398 ἐμὴ

2158 4417 2272 4471 οὐκ
2296 4414 2466 4471 ἐστιν
2486 4415 2557 4471 ἐκ
2588 4416 2694 4472 τοῦ
2726 4414 2962 4488 κόσμου
2995 4419 3208 4475 τούτου
3233 4434 3250 4450 ο
3288 4422 3343 4474 ει
3376 4420 3445 4473 ἐκ
3478 4419 3586 4474 τοῦ
3632 4418 3734 4472 κό-

2161 4521 2318 4577 σμου
2346 4508 2559 4562 τούτου
2579 4502 2658 4579 ἦν
2679 4508 2718 4577 ή
2740 4508 3031 4573 ,βασιλεία
3061 4510 3100 4578 ἠ
3129 4509 3264 4581 ἐμὴ,
3287 4513 3342 4565 οἱ
3363 4509 3652 4579 ὑπηρέται
3676 4511 3732 4564 οι

2158 4596 2289 4668 ἐμοὶ
2313 4596 2663 4669 ἠγωνίζοντο
2713 4597 2810 4665 ἃν,
2844 4600 2945 4653 ἵνα
2974 4599 3061 4670 μὴ
3094 4598 3407 4670 παραδοθῶ
3433 4600 3557 4668 τοῖς
3592 4602 3733 4657 ἰου-

2159 4688 2369 4756 δαιοις’
2398 4690 2516 4745 νῦν
2548 4688 2617 4744 δὲ
2641 4691 2680 4761 ἠ
2731 4691 3019 4757 ,ϐασιλεία
3049 4693 3088 4761 ἠ
3125 4690 3237 4762 ἐμὴ
3275 4692 3390 4746 οὐκ
3420 4690 3594 4747 ἔστιν
3628 4692 3730 4746 ἐν·

2158 4780 2389 4837 τεῦθον.
2436 4781 2772 4855 Ἀνέγνωμεν
2823 4784 2917 4837 καὶ
2942 4784 3022 4837 τό·
3066 4782 3212 4854 Ἐγώ
3258 4786 3374 4853 ειμι
3398 4784 3436 4853 -ὴ
3463 4783 3733 4854 ἄμπελος

2159 4875 2199 4943 ἡ
2234 4873 2510 4943 ἀληθινὴ,
2545 4874 2646 4929 καὶ
2688 4878 2723 4929 ὀ
2772 4872 2973 4943 Πατήρ
3019 4892 3139 4944 μου
3176 4877 3211 4929 ὀ
3260 4876 3513 4945 γεωργός
3555 4874 3685 4929 ἐστι
3711 4891 3728 4907 ο

2156 4964 2253 5019 καὶ
2284 4954 2464 5021 πάλιν⁸
2495 4964 2642 5037 Ἐγώ
2666 4969 2785 5037 ειμι
2804 4964 3094 5038 ἄμπελος,
3127 4964 3299 5036 ὑμεῖς
3332 4965 3405 5020 τὰ
3431 4963 3725 5035 κλήματα.

2156 5056 2600 5131 Συναριθμείσθω
2632 5058 2843 5122 τούτοις
2881 5056 2975 5112 καὶ
3012 5055 3106 5110 τόο
3161 5054 3303 5128 Ἐγώ
3343 5058 3462 5126 εἰμι
3490 5058 3524 5111 ό
3548 5054 3743 5123 ἄρτος*

2360 5192 2405 5225 ³³
2434 5190 2664 5258 Justus,
2703 5192 2758 5248 9.
2866 5192 2911 5224 “
2951 5192 3085 5249 ibid.
3120 5192 3179 5248 ll

2748 5264 2794 5298 ³⁰
2819 5260 2979 5320 Joan.
3032 5278 3190 5331 mn,
3220 5262 3311 5319 53.

3298 5191 3343 5224 “
3372 5189 3609 5256 Joanav,
3633 5188 3722 5245 9.5.

2141 5266 2182 5298 η
2216 5261 2376 5319 Joan.
2417 5278 2551 5329 xm,
2596 5262 2651 5319 1.
2748 5264 2794 5298 ³⁰
2819 5260 2979 5320 Joan.
3032 5278 3190 5329 mn,
3220 5262 3311 5319 53.
3420 5262 3463 5293 ²¹
3494 5260 3724 5316 ibid.3ti.

472 5332 517 5363 ¹²
553 5329 713 5387 Joan.
750 5333 901 5400 ΠΛ.
974 5334 1020 5366 ”
1040 5336 1170 5391 ibid.
1203 5334 1259 5390 5.
1333 5335 1377 5366 ’⁵
1405 5332 1561 5389 Joati.
1588 5349 1661 5400 τι,
1691 5334 1781 5390 35.
1857 5335 1903 5367 ³⁸
1935 5336 2057 5391 ibid.

2161 5333 2308 5399 ,tt.

552 5476 1256 5550 (A90)~'A.t.t_o.Deestmapud
1291 5478 1568 5548 linetium,
1612 5490 1791 5538 exstat
1819 5496 1948 5538 vero
1991 5481 2045 5538 in

476 5546 960 5602 codd.'Bodleiano
992 5556 1050 5601 et
1085 5546 1400 5605 Ba‘rberino.

571 5616 661 5673 9”
688 5615 1019 5691 Ἵᾷωμεηρὲ
1055 5616 1518 5691 ἐπιμελέστερον
1565 5622 1657 5688 τίς
1704 5624 1738 5676 ό
1776 5621 1849 5676 ἐν
1898 5619 2053 5691 αὺτῇ

481 5684 694 5760 Δάτος.
731 5684 1056 5760 Θαλιομὰζσιν
1075 5684 1177 5759 μοι
1214 5684 1514 5757 πολλάκις
1557 5684 1885 5765 ἐπέρχεται.
1935 5684 2063 5750 “aii:

2159 5482 2353 5535 desunt
2380 5480 2435 5536 in
2464 5480 2702 5535 editione
2729 5479 2933 5548 ilnetii,
2958 5480 3322 5539 restituuntur
3347 5492 3481 5535 vero
3500 5494 3532 5536 e
3565 5476 3723 5537 codd.

2160 5552 2450 5608 Bodleiano
2471 5563 2522 5605 et
2555 5550 2868 5606 Barbecinn.

2227 5621 2338 5694 (9;)
2359 5620 2762 5694 _’A6’e.ienplar.
2794 5620 2952 5677 Deest
2972 5619 3109 5694 apud
3126 5619 3395 5694 Il_m~tinm,
3431 5621 3524 5676 sed
3550 5626 3728 5676 exstat

2165 5692 2217 5749 in
2238 5690 2437 5751 codice
2462 5690 2775 5760 Bodleiano,
2803 5701 2858 5749 et
2889 5694 2966 5751 ita
2996 5691 3129 5763 legit
3151 5690 3459 5759 Ferrarius.
3726 5718 3742 5741 .-
