4040 6210
491 349 567 406 ιδ
1956 342 2061 400 ORI

2162 339 2280 395 NIS
3689 334 3762 390 64

496 461 613 517 haec
639 461 871 518 diversis
917 474 1040 516 eum
1075 458 1383 516 nominibus
1412 459 1684 532 appellant
1715 477 1733 517 :
1771 458 1936 516 Jacob
1957 460 2061 530 qui-

2179 452 2318 526 πρὸς
2345 451 2690 523 Κορινθίους,
2726 451 2843 515 ὃτι,
2885 447 3140 519 Χριστὸς
3188 447 3443 517 δι’ναμίς
3486 447 3621 504 ἐστι
3663 450 3766 506 real

497 555 617 606 dem
677 549 731 605 in
787 565 851 606 ea
896 549 1280 606 benedictione
1323 565 1427 621 qua
1468 551 1524 606 iu
1567 552 1767 607 liberos
1803 566 1932 606 usus
1972 559 2075 617 εει,

491 640 685 696 ludam
716 643 996 696 nominat:
1030 639 1199 706 Juda,
1237 643 1432 711 inquit,
1477 643 1770 698 laudabunt
1814 653 1863 698 te
1885 645 2078 712 fratres

495 732 572 784 tui
603 747 622 786 :
651 747 836 784 manus
860 740 967 784 tua:
1016 746 1174 800 super
1207 730 1424 785 dorsum
1484 731 1813 785 inimicorum
1843 740 2074 786 tuorum.

495 820 715 875 Catulus
740 820 902 875 leonis
928 819 964 874 J
970 821 1074 876 uda
1106 839 1130 877 .°
1155 837 1220 876 es:
1244 824 1502 892 germine,
1526 822 1607 891 ﬁli
1636 824 1730 888 mi,
1756 824 2036 878 ascendisti
2057 837 2076 875 :

494 913 792 968 recumbens
817 913 1060 967 dormisti
1096 925 1150 968 ut
1176 916 1280 982 leo,
1315 925 1365 970 et
1404 925 1458 969 ut
1482 915 1647 970 leonis
1685 917 1914 972 catulus.
1945 917 2076 983 Quis

497 1006 749 1060 excitabit
776 1005 926 1059 illum
945 1005 991 1037 ⁸⁷
1007 1006 1036 1058 2
1058 1005 1322 1061 Caeterum
1340 1007 1623 1076 praesentis
1640 1023 1744 1064 non
1763 1017 1848 1065 est
1870 1020 2078 1080 tempo-

494 1099 572 1154 ris
609 1099 841 1170 singulis
873 1099 1176 1165 immorari,
1205 1101 1544 1156 ostendendo
1571 1103 1843 1171 quomodo
1869 1118 1990 1173 quae
2011 1103 2076 1158 de

487 1187 624 1244 Juda
673 1188 780 1244 dici
838 1189 1122 1255 videntur,-
1185 1189 1410 1246 Christo
1471 1191 1852 1260 conveniant;
1912 1202 2076 1262 atque

489 1280 656 1336 etiam
693 1281 931 1349 objectio
955 1271 1076 1352 quae
1095 1281 1220 1349 jure
1249 1281 1438 1337 inl‘erri
1461 1285 1898 1353 posset,scilicet
1917 1301 1932 1340 :
1951 1283 2075 1339 Non

488 1369 695 1437 deﬁciet
721 1371 960 1440 princeps
989 1374 1052 1426 de
1091 1371 1256 1438 Iuda,
1285 1382 1332 1427 et
1363 1373 1475 1428 dux
1521 1375 1586 1429 de
1623 1375 1912 1445 femoribus
1934 1377 2071 1447 ejus,

488 1461 655 1516 donec
683 1464 872 1518 uenerit
909 1465 994 1518 cui
1029 1466 1313 1533 repositum
1363 1477 1438 1521 est
1459 1466 1529 1532 ³⁸,
1553 1467 1688 1524 alias
1735 1471 2072 1526 commodius

489 1552 747 1608 solvetur.
766 1553 930 1610 Isaias
949 1556 1114 1611 etiam
1147 1559 1296 1613 novit
1322 1559 1493 1628 ipsum
1511 1560 1787 1616 Christum
1815 1563 2070 1632 appellari

486 1645 655 1701 Jacob
685 1656 740 1701 et
764 1647 949 1714 Israel,
981 1649 1382 1704 dicens:lacob
1410 1652 1636 1708 dilectus
1664 1670 1808 1708 meus
1841 1655 2074 1708 auxilia-

488 1739 584 1791 bor
601 1739 648 1792 ei
665 1755 684 1792 :
703 1737 873 1795 Israel
903 1740 1094 1795 electus
1128 1759 1293 1809 meus,
1317 1744 1540 1813 suscepit
1571 1744 1719 1798 illum
1737 1746 1916 1799 anima
1933 1763 2068 1802 mea.

485 1827 758 1884 Judicium
796 1830 904 1900 25
933 1833 1175 1902 gentibus
1206 1835 1468 1890 nuntiabit
1487 1852 1506 1890 :
1529 1852 1632 1890 non
1659 1839 1954 1906 contendet,
1983 1855 2072 1894 ne-

485 1936 585 1989 que
614 1920 882 1984 clamabit,
914 1940 1078 1994 neque
1124 1926 1306 1981 audiet
1337 1926 1532 1996 aliquis
1573 1928 1627 1983 in
1665 1928 1856 1998 plateis
1897 1947 2071 1986 vocent

483 2009 622 2077 ejus.
677 2009 954 2066 Calamam
993 2016 1278 2068 contritum
1315 2033 1421 2070 non
1467 2017 1785 2088 confringet,
1825 2031 1872 2076 et
1903 2020 2070 2075 linunt

484 2100 751 2172 fumigans
785 2120 890 2159 non
921 2105 1235 2176 exstinguet,
1269 2108 1433 2162 donec
1456 2111 1735 2180 projecerit
1759 2129 1826 2166 ex
1859 2124 2073 2169 conten-

482 2193 622 2249 tione
631 2197 922 2265 judicium,
948 2207 998 2252 et
1031 2199 1087 2252 in
1119 2200 1326 2255 nomine
1347 2199 1461 2270 ejus
1487 2213 1663 2273 gentes
1689 2204 1972 2276 sperabunt
2001 2207 2068 2264 ³⁸.

482 2286 637 2354 Quod
660 2288 802 2343 enim
823 2289 938 2344 haec
960 2290 1026 2344 de
1052 2288 1270 2347 Christo
1291 2293 1570 2362 propheta:
1603 2297 1870 2364 nuntient,
1889 2297 2066 2368 palam

482 2377 768 2437 Matthaeus
816 2381 1056 2435 ostendit
1095 2381 1148 2436 in
1194 2382 1525 2456 lgivangelio,
1569 2398 1639 2440 ex
1678 2394 1835 2455 parte
1881 2389 2067 2445 mutila

481 2473 656 2528 citans
688 2474 982 2538 etdicens:
1017 2474 1086 2528 Ut
1124 2475 1433 2547 impleretur
1475 2482 1616 2550 quod
1645 2481 1844 2538 dictant
1865 2494 1944 2539 est
1975 2503 2068 2556 per

478 2561 784 2632 prophetam
802 2581 821 2620 :
852 2564 975 2620 Non
993 2569 1291 2633 contendet,
1315 2581 1362 2624 et
1385 2587 1486 2627 non
1505 2573 1751 2630 clamabit
1769 2575 1834 2642 “,
1865 2585 1920 2632 et
1946 2593 2066 2648 quae

481 2665 786 2722 sequuntur
810 2697 826 2713 .
893 2657 1132 2714 Vocatur
1169 2662 1333 2716 etiam
1373 2663 1537 2720 David
1564 2663 1838 2736 Christus,
1897 2671 2062 2726 veluti

477 2746 696 2814 quando
727 2745 977 2804 Ezechiel
1011 2753 1346 2821 prophetans
1377 2755 1446 2810 ad
1496 2767 1748 2826 pastores
1781 2761 2063 2833 subiungit

477 2848 548 2888 ex
578 2850 806 2904 persona
839 2838 934 2894 Dei
961 2858 976 2895 :
1023 2838 1276 2898 Excitabo
1309 2843 1478 2901 David
1507 2864 1712 2904 servum
1746 2867 1938 2919 meum,
1969 2855 2061 2924 qui

477 2938 615 2996 reget
645 2945 734 2984 eos
763 2929 830 2989 “.
858 2929 1142 2989 Nou‘enim
1167 2936 1333 2993 David
1359 2940 1664 3008 patriarcha
1693 2957 1949 3016 exsurget
1977 2961 2064 3002 re-

474 3026 665 3074 cturus
686 3033 930 3091 sanctos,
963 3025 1058 3080 sed
1095 3026 1366 3084 Christus.
1399 3031 1479 3085 Ad
1506 3033 1620 3089 haec
1649 3033 1854 3106 virgam
1884 3047 1936 3091 et
1962 3035 2060 3092 ﬂo-

2183 542 2330 597 Θεοῦ
2358 543 2565 612 σοφία.
2602 542 2747 613 Πρὸς
2771 541 2982 604 τούτοις
3007 541 3090 595 ὅτι
3117 543 3209 596 καὶ.
3235 540 3504 613 ἁγιασμός
3525 543 3645 595 ἐστι
3667 541 3765 597 καὶ

2177 633 2554 704 ἀπολύτρωσις
2573 651 2590 665 ο
2626 635 2731 698 Ὃς
2753 631 3006 703 ἐγενήθη
3038 631 3169 705 γὰρ,
3205 634 3359 704 φησὶ,
3393 634 3582 702 σοφία
3613 629 3793 704 ἡμῖν’

2177 723 2297 780 ἀπὸ
2358 723 2507 778 Θεοῦ
2533 762 2548 787 ,
2591 721 2946 790 δικαιοσύνη
3004 740 3068 777 τε
3121 723 3222 776 real
3279 723 3602 794 ἁγιασμὸς,
3661 723 3765 778 καὶ

2177 814 2616 883 ἀπολύτρωσις.
2661 813 2821 866 Ἀλλὰ
2868 813 2961 866 καὶ
3004 813 3266 886 ἀρχιερέα
3304 814 3476 885 μέγαν
3515 814 3764 869 διδάσκει

2177 907 2328 977 ἡμᾶς
2377 905 2540 958 αὑτὸν
2605 904 2896 977 τυγχάνειν
2948 903 3087 975 πρὸς
3147 905 3434 976 Ἐϐραίους
3494 905 3758 976 γράφων·

2180 997 2466 1065 νΕχοντες
2498 991 2612 1051 οὖν
2636 994 2916 1066 ἀρχιερέα
2941 996 3154 1067 μέγαν,
3180 996 3580 1064 διεληλυθότα
3615 996 3759 1070 τοὺς

2176 1085 2494 1153 οὐρανοὺς,
2524 1085 2773 1153 Ἰησοῦν
2800 1084 2908 1139 τὸν
2949 1085 3088 1139 Υὶὸν
3109 1084 3215 1139 τοῦ
3246 1085 3418 1149 Θεοῦ,
3450 1084 3763 1154 κρατῶμεν

2175 1181 2287 1252 τῆς
2328 1181 2670 1252 ὁμολογίας.
2709 1182 2774 1234 Οἱ
2808 1180 2865 1234 δὲ
2916 1182 3193 1252 προφῆται
3241 1180 3395 1252 παρὰ
3444 1169 3618 1234 ταῦτα
3665 1179 3764 1232 καὶ

2175 1273 2383 1347 ἑτέροις
2419 1273 2677 1344 ὀνόμασιν
2723 1271 2885 1326 αὑτὸν
2935 1272 3221 1328 καλοῦσιν⁸
3253 1275 3281 1325 6
3317 1271 3414 1343 μὲν
3463 1269 3658 1325 Ἰακὼϐ
3699 1274 3758 1326 ὲν

2173 1368 2241 1438 τῇ
2269 1364 2406 1436 πρὸς
2429 1365 2554 1428 τοὺς
2576 1365 2727 1429 υἱοὺς
2760 1364 2980 1435 εὐλογίᾳ
3029 1362 3250 1417 Ἰούδαν*
3291 1363 3352 1417 τὸ
3380 1362 3507 1435 γάρ’
3537 1363 3759 1432 Ἰούδα,

2174 1459 2251 1514 σὲ
2281 1457 2641 1514 αὶνέσαισαν
2672 1460 2726 1512 οί
2755 1456 3008 1526 ἀδελφοί
3030 1471 3169 1519 σου,
3203 1457 3264 1509 αἱ
3293 1455 3490 1524 χεῖρές
3512 1473 3628 1510 σου
3654 1455 3758 1510 ἐπὶ

2174 1549 2364 1604 νώτου
2396 1547 2516 1603 τῶν
2545 1547 2774 1619 ἐχθρῶν
2797 1564 2934 1603 σου.
2968 1548 3243 1616 Σκύμνος
3261 1546 3510 1614 λέοντος
3536 1547 3758 1604 Ἰούδα·

2173 1643 2243 1697 ἐκ
2293 1643 2596 1709 βλαστοῦ,
2631 1642 2722 1698 υἱέ
2743 1660 2900 1713 μου,
2933 1642 3185 1708 ἀνέϐης·
3236 1640 3562 1696 ἀναπεσὼν
3598 1641 3757 1695 ἐκοι-

2168 1734 2368 1806 μήθης
2391 1737 2472 1802 ὡς
2498 1734 2676 1800 λέων,
2707 1735 2803 1788 real
2827 1735 2906 1800 ὠς
2921 1733 3210 1803 σκύμνος.
3236 1733 3330 1799 Τίς
3345 1732 3534 1803 ἐγερεῖ
3545 1735 3759 1799 αὐτόν;

2173 1830 2247 1884 Οὐ
2283 1829 2426 1882 κατὰ
2454 1829 2546 1883 τὸν
2581 1827 2911 1898 ἐνεστηκότα
2942 1826 3000 1879 δὲ
3039 1825 3228 1898 καιρὸν
3269 1826 3385 1881 ἐστι
3426 1828 3563 1899 πρὸς
3608 1827 3758 1894 λέξιν

2175 1921 2549 1993 παραστῆσαι,
2601 1919 2721 1983 πῶς
2748 1921 2824 1974 τὰ
2847 1920 2924 1992 τῷ
2968 1922 3137 1994 Ἰούδᾳ
3165 1921 3430 1992 λεγόμενα
3461 1921 3591 1991 περὶ
3623 1918 3759 1992 Χρι-

2175 2011 2300 2064 στοῦ
2342 2012 2511 2064 ἐστιν.
2530 2010 2691 2064 Ἀλλὰ
2714 2012 2807 2064 καὶ
2827 2011 3180 2085 ἀνθυποφορά
3194 2012 3433 2081 εὐλόγως
3455 2010 3756 2081 ἐπενεχθῆ-

2171 2119 2260 2156 ναι
2287 2101 2560 2174 δυναμένη
2579 2142 2594 2168 ,
2622 2104 2743 2156 Οὐκ
2776 2103 3048 2172 ἐκλείψει
3074 2100 3374 2173 ἄρχιυνὲξ
3415 2101 3626 2168 Ἰούδα,
3651 2101 3752 2155 real

2169 2192 2502 2262 ἡγούμενος
2524 2193 2593 2246 ἐκ
2641 2191 2759 2247 τῶν
2803 2193 3013 2264 μηρῶν
3059 2191 3268 2258 αὑτοῦ,
3315 2193 3427 2260 ἕως
3473 2191 3553 2246 ἂν
3602 2191 3753 2260 ἔλθῃ

2167 2274 2216 2348 ᾧ
2247 2283 2553 2338 ἀπόκειται
2576 2284 2708 2356 (95),
2736 2285 2794 2338 ὲν
2831 2285 3011 2349 ἄλλοις
3025 2284 3408 2358 εὐκαιρότερον
3433 2283 3748 2354 λυθήσεται.

2169 2370 2291 2430 Οἵδε
2328 2374 2386 2428 δὲ
2422 2375 2512 2430 τὸν
2546 2375 2780 2448 Χριστὸν
2836 2375 3029 2430 Ἰακὼὸ
3079 2379 3176 2431 καὶ
3219 2375 3432 2448 Ἰσραὴλ
3482 2372 3749 2444 ὀνομαζό-

2170 2483 2328 2537 μενον
2369 2467 2616 2534 Ἡσαΐας,
2641 2467 2814 2538 λέγων
2829 2485 2842 2500 ·
2887 2467 3096 2524 Ἰακὼϐ
3117 2471 3150 2523 ὁ
3172 2467 3314 2536 παῖς
3333 2485 3474 2538 μου,
3497 2464 3748 2530 ἀντιλη-

2165 2561 2354 2629 ψομαι
2404 2560 2613 2615 αὐτοῦ’
2670 2559 2919 2629 Ἰσραὴλ
2965 2563 2999 2615 ό
3036 2561 3326 2627 ἐκλεκτός
3364 2576 3506 2629 μου,
3560 2573 3748 2627 προσ-

2162 2649 2410 2714 εδέξατο
2436 2649 2624 2705 αὐτὸν
2649 2652 2686 2719 ἡ
2712 2651 2883 2723 ψυχή
2923 2669 3066 2722 μου.
3095 2651 3312 2720 Κρίσιν
3347 2649 3471 2717 τοῖς
3499 2650 3750 2704 ἔθνεσιν

2161 2741 2520 2811 ἀπαγγελεῖ·
2555 2746 2668 2798 ο’“κ
2688 2743 2897 2812 ἐρίσει,
2925 2743 3068 2798 οὐδὲ
3112 2740 3339 2812 πράξει,
3379 2740 3523 2794 οὐδὲ
3563 2741 3746 2795 ἀκού-

2162 2846 2258 2884 σει
2286 2848 2375 2899 τις
2402 2831 2474 2886 ἐν
2491 2835 2622 2898 τοῖς
2647 2833 2960 2899 πλατείαις
3000 2832 3116 2901 τὴν
3139 2832 3350 2902 φωνὴν
3386 2831 3592 2886 αὐτοῦ.
3621 2830 3744 2885 Κά-

2159 2929 2358 2996 λαμον
2401 2927 2911 2998 συντετριμμένον
2947 2930 3020 2982 οὺ
3074 2926 3368 2992 κατεάξει,
3411 2928 3510 2981 real
3565 2929 3744 2982 λίνον

2160 3019 2501 3086 τυφόμενον
2545 3019 2618 3073 οὐ
2658 3017 2888 3082 σϐέσει,
2919 3018 3032 3086 ἓως
3063 3017 3140 3072 ἂν
3165 3017 3391 3088 ἐκϐάλῃ
3425 3020 3494 3073 ἐκ
3533 3020 3741 3086 νίκους

476 3125 590 3166 rem
628 3114 870 3184 appellat
895 3117 1172 3174 Christum
1214 3120 1380 3178 Isaias
1407 3123 1491 3179 his
1520 3125 1746 3184 verbis:
1805 3127 2058 3200 Egredie-

2162 3111 2275 3180 τὴν
2298 3113 2521 3182 κρίσιν,
2561 3112 2659 3167 real
2695 3111 2776 3179 τῷ
2806 3113 3051 3182 ὀνόματι
3085 3112 3283 3200 αὐτοῦ*
3318 3113 3463 3182 ἔθνη
3501 3113 3739 3168 ἐλπιοῦ-

473 3211 563 3256 tttr
587 3206 730 3276 uirga
756 3207 822 3262 de
845 3210 1022 3265 radice
1043 3211 1214 3276 Jesse,
1237 3223 1282 3267 et
1305 3215 1408 3284 ﬂos
1435 3215 1498 3268 de
1527 3217 1706 3272 radice
1725 3220 1840 3289 ejus
1869 3238 2054 3277 ascen-

473 3295 582 3358 det,
609 3307 657 3350 et
680 3299 963 3368 requiescet
993 3317 1150 3370 super
1171 3319 1287 3358 eum
1314 3304 1549 3374 Spiritus
1579 3307 1813 3376 Domini,
1835 3313 2052 3382 spiritus

468 3385 746 3455 sapientia:
779 3399 826 3442 et
857 3389 1178 3457 intellectus,
1211 3395 1427 3464 spiritus
1464 3398 1677 3453 consilii
1703 3411 1749 3454 et
1773 3401 2050 3470 fortitudi-

469 3477 574 3540 nis,
631 3479 854 3549 spiritus
899 3485 1214 3552 cognitionis
1266 3499 1315 3542 et
1343 3489 1577 3557 pietatis,
1611 3501 1659 3546 et
1685 3494 1899 3563 replebit
1925 3511 2050 3550 eum

469 3568 689 3636 spiritus
714 3571 922 3627 timoris
954 3573 1054 3630 Dei
1084 3577 1150 3632 δ’.
1185 3577 1305 3632 Jant
1337 3579 1474 3651 lapis
1507 3582 1672 3638 etiam
1698 3583 1898 3640 dicitur
1939 3586 2049 3644 Do-

468 3654 652 3712 minus
677 3670 897 3727 noster;
931 3661 1003 3718 ita
1053 3663 1106 3719 in
1153 3665 1381 3722 Psalmis
1425 3686 1439 3723 :
1487 3668 1735 3742 Lapidem
1781 3689 1932 3743 quem
1965 3690 2047 3728 re-

464 3746 813 3812 probauerunt
856 3752 1202 3822 aediﬁcantes,
1251 3757 1338 3811 hic
1381 3757 1556 3827 [actus
1585 3770 1660 3816 est
1685 3763 1736 3816 in
1762 3773 1916 3833 caput
1945 3783 2044 3820 an-

465 3839 613 3902 guli:
641 3859 671 3894 a
707 3842 932 3898 Domino
956 3847 1130 3913 {actus
1152 3861 1226 3903 est
1247 3851 1356 3916 hic,
1378 3861 1429 3906 et
1458 3863 1534 3907 est
1559 3855 1818 3911 mirabilis
1844 3859 1897 3912 in
1929 3875 2048 3913 ocu-

464 3927 533 3982 lis
568 3934 762 3987 nostris
790 3935 856 3992 “.
895 3936 1143 3994 Declarat
1169 3951 1346 3997 autem
1374 3943 1746 4013 Evangelium,
1777 3959 1830 4004 et
1867 3949 2045 4008 Lucus

465 4018 520 4072 iu
554 4019 843 4078 Actis'uon
885 4026 1050 4082 alium
1085 4043 1209 4085 esse
1237 4031 1497 4102 lapidem,
1529 4051 1693 4104 quam
1725 4039 2040 4110 Christum;

463 4109 813 4181 Evangelium
863 4117 1083 4185 quidem
1127 4119 1208 4174 sic
1247 4136 1262 4173 :
1305 4121 1595 4189 Nunquam
1646 4127 1848 4197 legistis
1879 4148 1900 4187 :
1930 4109 2041 4186 La?-

459 4202 633 4272 pidem
679 4221 831 4273 quem
887 4209 1292 4278 reprobarerunt
1329 4214 1658 4283 wdiﬁcarttes
1685 4257 1701 4282 ,
1737 4219 1822 4273 hic
1863 4220 2040 4290 factus

459 4305 531 4350 est
565 4297 620 4350 in
652 4307 806 4368 caput
834 4299 1055 4370 anguli?
1084 4301 1288 4369 Omnis,
1323 4307 1413 4377 qui
1443 4307 1690 4364 ceciderit
1720 4327 1878 4380 super
1901 4314 2040 4384 lapi-

459 4389 577 4442 deus
619 4392 792 4456 hunc,
828 4401 1161 4459 conteretur;
1204 4413 1361 4466 super
1398 4414 1550 4464 quem
1598 4417 1716 4456 vero
1757 4404 2032 4474 ceciderit,

2157 3217 2282 3256 σινο
2313 3203 2394 3256 ὃτι
2427 3203 2536 3276 γὰρ
2567 3205 2596 3258 ὁ
2629 3203 2863 3276 Χριστός
2907 3205 3026 3257 ἐστι
3070 3204 3198 3276 περὶ
3230 3198 3292 3258 οὗ
3328 3204 3498 3257 ταῦτα
3528 3221 3738 3276 προφη-

2153 3290 2390 3355 τεύεται,
2420 3292 2610 3362 σαφῶς
2641 3295 2669 3346 6
2699 3291 2980 3357 Ματθαῖος
3010 3292 3160 3364 δηλοῖ
3193 3293 3252 3346 ἐν
3292 3293 3372 3365 τῷ
3426 3295 3737 3365 Εὐαγγελίῳ

2155 3384 2416 3455 μνησθεὶς
2461 3384 2569 3437 ἀπὸ
2613 3383 2814 3456 μέρους
2856 3385 2956 3457 τῆς
2994 3385 3319 3456 περικοπῆς,
3372 3383 3573 3438 εἰπών·
3605 3386 3740 3442 Ἵνα

2150 3474 2437 3543 πληρωθῇ
2474 3474 2537 3528 τὸ
2574 3474 2922 3544 εἰρημένον·
2952 3478 3074 3530 Οὐκ
3097 3475 3304 3544 ἐρίσει,
3332 3476 3475 3530 οὐδὲ
3504 3474 3733 3544 πράξει,

2150 3565 2245 3618 καὶ
2275 3563 2346 3619 τὰ
2392 3563 2539 3635 ἑξῆς.
2593 3566 2851 3620 Καλείται
2883 3567 2940 3621 δὲ
2979 3567 3073 3622 καὶ
3120 3566 3282 3620 Δαυῒδ
3310 3569 3339 3621 6
3371 3568 3606 3640 Χριστὸς
3652 3570 3732 3633 ὡς

2149 3655 2288 3709 ἐπὰν
2338 3655 2597 3728 Ἰεζεκιὴλ
2615 3659 2999 3731 προφητεύσας
3024 3659 3157 3732 πρὸς
3181 3659 3308 3724 τοὺς
3333 3660 3594 3731 ποιμένας
3615 3661 3735 3714 ἐπι-

2147 3746 2290 3819 φέρῃ
2345 3749 2409 3801 ὲκ
2463 3747 2756 3820 προσώπου
2797 3749 2964 3804 Θεοῦ’
3014 3750 3368 3818 Ἀναστήσω
3407 3752 3589 3807 Δαυῒδ
3627 3753 3724 3807 τὸν

2146 3837 2330 3892 παῖδά
2379 3857 2518 3909 μου,
2575 3839 2645 3908 ὂς
2687 3843 2971 3912 ποιμανεῖ
3009 3843 3250 3910 αὐτούς·
3303 3844 3363 3897 οὐ
3389 3843 3496 3916 γὰρ
3522 3845 3730 3902 Δαυῒδὸ

2145 3932 2493 4004 πατριάρχης
2555 3933 2918 4006 ἀναστήσεται
2974 3935 3282 4006 ποιμαίνειν
3343 3935 3553 4007 μέλλων
3604 3938 3729 4003 τοὺς

2143 4027 2352 4095 ἁγίους,
2383 4027 2518 4082 ἀλλὰ
2555 4029 2812 4101 Χριστός.
2853 4031 2973 4083 Ἔτι
2999 4030 3059 4083 δὲ
3089 4032 3118 4084 6
3158 4031 3389 4095 Ἡσαΐας
3422 4030 3618 4102 ῥάϐδον
3639 4033 3732 4088 καὶ

2141 4119 2300 4183 ἄνθος
2330 4119 2586 4192 ὀνομάζει
2624 4121 2716 4174 τὸν
2760 4122 2996 4193 Χριστὸν
3044 4125 3103 4177 ὲν
3154 4123 3267 4194 τῷ’
3321 4123 3726 4189 Ἐξελεύσεται

2131 4208 2356 4276 ῥάϐδος
2379 4209 2449 4264 ὲκ
2493 4208 2604 4278 τῆς
2635 4211 2806 4280 ῥίζης
2841 4213 3076 4278 Ἰεσσαὶ,
3123 4215 3222 4269 καὶ
3251 4214 3435 4281 ἄνθος
3489 4214 3558 4269 ἐκ
3616 4215 3724 4283 τῆς

2131 4296 2299 4366 ῥίζης
2336 4298 2720 4367 ἀναϐήσεται,
2766 4303 2864 4356 real
2895 4303 3386 4358 ἐπαναπαύσεται
3415 4305 3510 4357 ἐπ’
3537 4304 3724 4358 αὑτὸν

2139 4387 2376 4459 πνεῦμα
2401 4389 2508 4445 τοῦ
2535 4391 2704 4458 Θεοῦ,
2739 4393 2977 4466 πνεῦμα
3004 4396 3227 4465 σοφίας
3257 4396 3356 4450 real
3391 4395 3723 4463 συνέσεως,

457 4488 691 4533 conteret
720 4497 836 4534 eum
880 4481 954 4535 ιδ,
978 4480 1036 4536 In
1067 4484 1217 4540 Actis
1254 4500 1381 4541 vero
1412 4487 1586 4546 Lucas
1621 4492 1938 4548 scribitzllic
1961 4467 2037 4552 est

2162 4481 2378 4550 τνεῦμα
2402 4483 2646 4553 ,βουλῆς
2663 4486 2760 4540 real
2793 4487 3026 4557 ἰσχύος,
3054 4487 3290 4557 πνεῦμα
3319 4487 3594 4557 γνώσεως
3627 4487 3723 4540 real

455 4571 590 4640 lapis
629 4571 716 4627 ille
745 4573 835 4644 qui
877 4574 1096 4642 rejectus
1126 4587 1207 4631 est
1252 4596 1283 4632 a
1311 4580 1455 4635 vobis
1490 4583 1872 4652 a'di/icantibus
1893 4627 1908 4652 ,
1945 4592 2037 4659 qui

2162 4575 2470 4642 εὐσεϐείας,
2514 4577 2612 4631 real
2659 4577 2959 4648 ἐμπλήσει
3011 4579 3200 4632 αὐτὸν
3249 4579 3486 4649 πνεῦμα
3534 4579 3723 4648 φόϐου

453 4663 626 4734 factus
661 4676 735 4719 est
773 4677 930 4735 caput
961 4669 1140 4738 anguli
1168 4671 1237 4728 ⁸⁵.
1273 4672 1406 4727 Cum
1438 4674 1604 4746 igitur
1634 4674 1869 4733 Verbum
1902 4680 2032 4738 illud

2162 4667 2310 4723 ὶεοῦ.
2340 4669 2451 4722 Καὶ
2480 4669 2627 4734 λίθος
2658 4670 2716 4724 δὲ
2753 4671 2812 4725 ὲν
2848 4672 2961 4735 τοῖς
2993 4669 3246 4740 Ψαλμοῖς
3270 4671 3298 4722 6
3329 4670 3532 4741 Κύριος
3561 4668 3721 4742 ἡμῶν

451 4755 596 4823 quod
643 4757 848 4812 eratin
902 4759 1207 4832 principio,
1264 4762 1542 4833 Verbum,
1597 4767 1852 4837 inquam,
1889 4770 2032 4828 Dens

2165 4754 2275 4812 ἷναι
2317 4759 2534 4830 λέγεται
2569 4760 2775 4826 οὕτως·
2813 4763 2998 4817 Λίθον
3043 4762 3117 4816 ὃν
3159 4761 3616 4832 ἀπεδοκίμασαν
3667 4764 3722 4816 al

449 4847 590 4916 apud
633 4847 837 4914 Deum,
868 4866 1032 4906 unum
1072 4857 1142 4910 sit
1187 4871 1251 4911 ex
1291 4859 1602 4915 nominibus
1635 4861 1910 4919 Servatori
1943 4868 2030 4920 ato

2162 4849 2604 4920 νίκοδομοῦντες,
2639 4849 2819 4920 οὗτος
2851 4855 3106 4925 ἐγενήθη
3157 4857 3245 4921 εἷς
3295 4854 3572 4924 κεφαλὴν
3604 4874 3717 4925 τω·

452 4937 688 5000 tributis.
723 4955 822 4995 nec
876 4951 1057 4997 tamen
1089 4946 1157 4999 ab
1203 4948 1322 5016 ipso
1358 4950 1582 5016 dictum,
1614 4955 1708 5006 sed
1755 4969 1784 5007 a
1817 4954 2028 5014 Joanne

2162 4941 2288 5008 ·ίας.
2321 4944 2488 5011 Παρὰ
2523 4946 2746 5014 Κυρίου
2776 4945 3012 5015 ἐγένετο
3063 4947 3240 5015 αὐτὴ,
3273 4947 3372 5004 real
3417 4949 3550 5003 ἔστι
3577 4951 3719 5002 θαυ-

447 5029 733 5099 scriptum,
781 5045 962 5101 opera:
993 5033 1228 5102 pretium
1272 5038 1434 5092 luerit
1466 5041 1671 5095 instare
1704 5043 1768 5096 iis
1800 5046 1912 5113 qni,
1947 5057 2028 5102 tot

2162 5033 2330 5104 κισ-τὴ
2376 5036 2448 5089 ἐν
2493 5037 2824 5108 ὀφθαλμοῖς
2855 5040 3041 5108 ἡμῶν.
3077 5039 3238 5110 Δηλοί
3267 5039 3325 5093 δὲ
3363 5039 3426 5092 τὺ
3467 5039 3717 5108 Εὐαγγέ-

448 5135 476 5171 a
515 5121 670 5176 nobis
724 5136 1040 5181 enumerata
1092 5128 1310 5182 nomina
1361 5134 1840 5200 praetermittentes
1870 5178 1884 5202 ,
1922 5139 2025 5195 hoc

2165 5145 2264 5192 ιον,
2305 5129 2402 5182 καὶ
2445 5129 2504 5184 ἐν
2537 5132 2658 5194 ταῖς
2703 5130 2976 5203 Πράξεσιν
3015 5133 3044 5186 ὁ
3075 5133 3310 5196 Λουκᾶς,
3345 5133 3446 5186 οὐκ
3486 5132 3645 5188 ἄλλον
3678 5133 3712 5204 ἢ

443 5209 558 5264 Iulo
595 5211 754 5268 Verbi
791 5218 1054 5275 vocabulo
1085 5235 1182 5276 ceu
1220 5222 1494 5290 praecipuo
1521 5233 1782 5282 utuntur:
1831 5245 2022 5287 rursus

2162 5215 2220 5270 ὸν
2245 5218 2479 5288 Χριστὸν
2516 5215 2653 5272 εἶναι
2681 5219 2778 5274 τὸν
2805 5220 2950 5276 λίθον
2971 5237 2987 5254 ·
3018 5222 3080 5276 τὸ
3122 5222 3223 5292 μὲν
3261 5221 3592 5290 Εὑαγγέλιον
3623 5221 3718 5276 οὖ-

441 5317 630 5356 eornm
661 5307 1184 5380 interpretationem,
1220 5313 1264 5369 si
1292 5331 1395 5385 qua
1427 5317 1548 5387 quis
1578 5319 1896 5387 protulerit,
1931 5338 2015 5378 re-

2162 5334 2262 5382 ως·
2303 5318 2600 5373 οὐδέποτε
2632 5319 2961 5391 ἀνέγνωτε·
3020 5325 3202 5392 Λίθος
3242 5323 3316 5378 ὃν
3354 5323 3714 5392 ἀπεδοκίμαο

440 5391 719 5460 quireutes
743 5436 758 5462 ,
795 5410 852 5453 et
889 5401 992 5460 hoc
1041 5422 1205 5462 unum
1242 5406 1399 5463 Verbi
1439 5407 1759 5465 vocabulum
1813 5416 2016 5471 admit-

2162 5435 2244 5474 ἀν
2268 5422 2322 5474 ol
2349 5421 2826 5492 οἰκοδομοῦντες,
2851 5421 3031 5494 οὗτος
3051 5425 3303 5497 ἐγενήθη
3329 5429 3415 5494 εἰς
3436 5423 3713 5496 κεφαλὴν

433 5623 478 5660 ιι
526 5557 1037 5660 ἓξὲξηιξξῖξὲνὲς
1093 5571 1177 5660 9;.
1218 5575 1295 5660 ,³⁸
1325 5575 1566 5660 ibid-3°:
1622 5576 1722 5660 -³⁹
1752 5577 1868 5660 ha;
1909 5581 2038 5660 εἶαρ·
2075 5585 2574 5660 κιίνχοτειέοιοί,
2618 5585 2688 5660 _‘_'
2717 5587 2906 5660 Matth-
2969 5588 3102 5658 Cap-
3131 5603 3248 5660 ex".
3289 5603 3434 5660 ωε·
3495 5585 3580 5650 l7.
3619 5583 3704 5660 l9-

524 5629 718 5686 Ezeclt.
754 5629 933 5698 χχχιι,
965 5638 1056 5694 23.
1133 5643 1178 5674 ι’
1218 5643 1317 5699 lsa.
1363 5629 1449 5712 xi,
1476 5629 1588 5713 lsi,
1621 5647 1676 5704 5.
1752 5629 2460 5720 λ’Ῐέιι-Ιῗίκῖνῖιξῒὲέ.
2487 5629 2585 5688 ’,ιδ
3283 5629 3476 5712 δ’δ’ῖὲι.

505 5769 616 5843 (95)
651 5772 800 5840 Ἕως
829 5773 905 5830 ἂν
933 5776 1080 5847 ἔλθῃ
1105 5771 1152 5846 ᾧ
1177 5778 1504 5837 ἀπόκειται.
1541 5782 1666 5842 Haec
1715 5784 1908 5844 desunt
1941 5789 1993 5844 in
2025 5807 2061 5846 ct

2162 5807 2258 5847 one
2293 5787 2494 5858 iluctii,
2521 5791 2613 5849 sed
2641 5794 2999 5850 restituuntur
3031 5810 3060 5850 ο
3105 5792 3290 5848 codice
3316 5791 3629 5850 Bodleiano.
