4040 6210
1219 159 1261 168 νη.

341 293 414 349 63
1450 281 1816 341 COMMENT.
1858 281 1924 339 IN
1956 281 2153 339 ιοΑΝ.
2190 282 2433 342 TOMUS
2460 283 2502 340 1.
3555 287 3624 344 65

343 407 599 478 rus-iac;
631 403 759 470 Πᾶς
792 405 830 458 d
855 402 1066 458 πεσὼν
1087 401 1187 456 ἐπὶ
1216 399 1324 455 τὸν
1346 399 1522 455 λίθον
1552 399 1769 454 τοῦτον
1791 414 1942 453 συν-

2046 406 2259 454 lentes:
2294 407 2551 469 tanquam
2595 398 2808 469 liqueat
2852 399 2980 470 quid
3016 399 3088 456 sit
3123 399 3294 456 Filius
3327 401 3454 467 Dei,
3487 400 3624 455 Ver-

349 497 764 564 0.laa(hia'etat
790 511 806 527 ·
852 495 948 564 ἐφ’
975 494 1052 548 ὃν
1079 493 1131 548 δ’
1158 491 1237 546 ἂν
1273 491 1458 560 πέσῃ,
1503 489 1789 561 λικμήσει
1841 492 1944 544 αὐ-

348 591 475 644 τόν.
505 587 592 640 Ἐν
625 586 685 639 δὲ
715 588 838 649 ταῖς
870 584 1144 654 Πράξεσιν
1166 586 1195 638 ὀ
1229 585 1444 647 Λουκᾶς
1482 583 1715 654 γράφει·
1755 578 1944 648 Οὗτός

349 678 518 730 ἐστιν
539 679 575 731 ό
595 677 770 744 λίθος
803 678 836 730 ό
862 675 1288 742 ἐξουδενωθεὶς
1320 678 1423 744 ὑφ’
1452 675 1620 745 ὑμῶν
1646 675 1762 728 τῶν
1782 677 1942 730 οἱκο-

347 767 567 835 δόμωγ,
609 769 643 820 ό
665 767 997 836 γενόμενος
1038 767 1126 832 είς
1158 765 1435 835 κεφαλὴν
1465 751 1703 836 τωὶθίας.
1737 765 1833 818 Ἐν
1885 763 1943 818 δὲ

347 858 459 912 τῶν
505 858 601 910 ἐπὶ
656 857 751 910 τοῦ
799 856 1054 929 Σωτῆρος
1097 857 1448 927 τεταγμένων
1490 857 1790 928 ὀνομάτων,
1825 856 1943 911 ἀλλ’

351 949 454 1017 οὑχ
491 949 585 1000 ὑπ’
618 947 788 1001 αὑτοῦ
821 947 1137 1018 λεγόμενον,
1168 948 1273 1001 ὑπὸ
1299 947 1357 1001 δὲ
1386 948 1480 1001 τοῦ
1526 949 1774 1002 Ἰωάννου
1813 948 1946 1004 ἀνα-

352 1039 761 1110 γεγραμμένον,
798 1037 916 1090 ἐστι
953 1037 1050 1090 καὶ
1080 1037 1109 1089 ὀ
1151 1037 1208 1089 ἐν
1262 1037 1403 1108 ἀρχῇ
1451 1037 1806 1108 Λόγος’πρὸς
1852 1038 1944 1090 τὸν

350 1127 484 1180 Θεὸν
497 1127 634 1191 θεὸς
660 1126 854 1194 Λόγος.
893 1125 1007 1180 Καὶ
1031 1125 1178 1181 ἐστιν
1210 1125 1358 1192 ἀξιον
1375 1126 1671 1197 ἐπιστῆσαι
1686 1128 1798 1190 τοῖς
1831 1126 1940 1199 (96)

349 1219 422 1272 τὰ
477 1218 721 1272 τοσαῦτα
759 1217 869 1270 τῶν
918 1217 1337 1289 ὀνομαζομένων
1391 1219 1941 1291 παραπεμπομένοις,

353 1309 455 1364 καὶ
487 1309 664 1382 τούτῳ
688 1311 760 1372 ὡς
787 1309 1056 1381 ἐξαιρέτῳ
1087 1310 1411 1381 χρωμένοις,
1438 1311 1533 1363 καὶ
1561 1311 1722 1366 πάλιν
1746 1313 1947 1365 ἐπικεί-

354 1419 524 1470 μενον
547 1403 648 1473 μὲν
670 1401 777 1472 (97)
803 1400 1055 1473 διήγησιν
1081 1401 1352 1473 ζητοῦσιν,
1377 1400 1532 1465 εἴτις
1562 1401 1748 1464 αὑτοῖς
1771 1418 1944 1474 προσ-

349 1495 475 1562 ἀγοι
505 1493 668 1557 αὑτά,
710 1493 804 1546 ἐπὶ
850 1493 907 1546 δὲ
950 1492 1125 1564 τούτῳ
1158 1493 1289 1563 (98),
1327 1493 1402 1557 ὡς
1445 1494 1613 1563 σαφὲς
1647 1495 1944 1566 προσιεμέ-

350 1603 464 1650 νοις
493 1584 559 1638 τδ
577 1585 632 1637 τί
662 1585 798 1638 ποτέ
829 1586 980 1637 ἐστιν
1010 1587 1039 1638 ὀ
1069 1585 1194 1648 Υἱὸς
1215 1585 1311 1639 τοῦ
1343 1585 1481 1639 Θεοῦ
1516 1586 1690 1654 Λόγος
1743 1587 1944 1658 ὀνομα-

352 1677 602 1747 ζόμενος,
649 1677 747 1730 καὶ
799 1675 1031 1747 μάλιστα
1080 1677 1202 1730 ἐπεὶ
1248 1678 1487 1749 συνεχῶς
1543 1677 1781 1750 χρῶνται
1827 1679 1938 1750 τῷ,

2046 487 2175 543 bum
2203 499 2561 559 nuncupatus,
2592 489 2754 558 idque
2782 500 2895 546 tum
2923 493 3157 548 maxime
3183 494 3328 563 quod
3359 492 3619 548 continue

2046 588 2270 634 utantur
2297 580 2400 635 boc
2434 580 2609 635 dicto:
2648 578 2928 636 Eructavit
2967 599 3061 637 cor
3088 599 3260 637 meum
3289 583 3502 637 verbum
3531 581 3628 638 bo-

2047 686 2172 725 num
2201 668 2266 735 “,
2299 670 2683 726 existimantes
2731 672 2925 726 Filium
2978 673 3072 728 Dei
3123 685 3404 743 paternam
3445 674 3627 743 prola-

2048 759 2250 816 tionem
2269 775 2392 817 esse
2423 771 2677 831 tanquam
2711 763 2764 817 in
2793 762 3018 834 syllabis
3045 766 3310 834 positam;
3343 774 3395 820 et
3423 767 3626 821 idcirco

2044 853 2360 923 hypostasin
2389 892 2406 918 ,
2451 853 2561 924 26
2595 861 2648 908 et
2679 853 3090 910 subsistentiam
3124 855 3200 910 illi
3231 895 3248 922 ,
3295 856 3340 912 si
3374 867 3628 912 accurate

2047 944 2190 1012 ipsos
2207 944 2624 1014 interrogemus,
2647 960 2753 1000 non
2783 945 3108 1011 tribuentes,
3134 963 3308 1016 neque
3333 948 3625 1003 essentiam

2045 1033 2163 1103 ejus
2184 1034 2565 1106 explanantcs,
2597 1038 2833 1091 nondum
2865 1035 3098 1092 dicimus
3126 1038 3286 1093 talem
3313 1039 3394 1093 vel
3427 1039 3586 1094 talem
3607 1079 3626 1107 ,

2045 1127 2140 1180 sed
2175 1129 2670 1200 quomodocunque
2695 1129 3018 1184 essentiam.
3051 1128 3289 1185 Verbum
3324 1132 3469 1186 enim
3497 1148 3625 1201 pro-

2045 1219 2351 1274 nuntiatum
2385 1220 2690 1289 intelligere
2719 1221 2802 1276 vel
2829 1223 3074 1290 vulgaris
3105 1223 3284 1290 quivis
3319 1231 3528 1290 potest;
3568 1230 3624 1275 at

2045 1311 2358 1365 renuntient
2403 1311 2560 1366 nobis
2592 1321 2644 1366 et
2691 1312 2974 1381 proferant
3023 1312 3263 1367 Verbum
3298 1313 3400 1366 tale
3439 1328 3536 1380 per
3568 1327 3629 1368 se

2047 1401 2252 1467 vivere,
2280 1403 2423 1470 quod
2458 1401 2539 1456 vel
2570 1417 2676 1457 non
2717 1404 2787 1457 sit
2814 1415 3126 1473 separatum
3157 1421 3184 1457 a
3225 1404 3408 1470 Patre,
3439 1412 3493 1458 et
3526 1407 3628 1460 hac

2045 1491 2209 1544 etiam
2261 1492 2473 1546 ratione
2526 1507 2704 1560 neque
2745 1495 3049 1558 subsistat,
3103 1509 3278 1562 neque
3309 1496 3385 1548 sit
3416 1494 3625 1562 Filius;

2045 1581 2129 1636 vel
2155 1584 2299 1650 quod
2327 1583 2395 1636 sit
2423 1597 2758 1652 separatum,
2787 1593 2842 1638 et
2871 1584 3229 1639 substantiam
3264 1587 3460 1640 habeat
3487 1587 3628 1642 Deus

2047 1671 2310 1727 Verbum.
2359 1672 2547 1742 Itaque
2584 1673 2870 1728 dicendum
2920 1683 3003 1730 est
3053 1690 3159 1729 non
3215 1691 3370 1731 secus
3403 1691 3432 1730 a
3473 1677 3628 1733 nobis

365 1737 762 1836 Ἒξηρεὺξατο
859 1767 1072 1837 καρδία
1088 1786 1206 1838 μου
1229 1737 1415 1840 λόγοὲ
1435 1737 1684 1840 ἀγείόὸν,
1701 1737 1938 1843 οἰόμενοι

2046 1763 2159 1818 ﬁeri
2195 1764 2415 1829 debere,
2451 1737 2574 1820 cum
2611 1765 2872 1820 vocabulo
2903 1763 3068 1821 Verbi
3120 1767 3213 1822 ille
3261 1776 3622 1838 nuncupatur,

237 1934 240 1935 ν
352 1861 641 1934 προφορὰν
677 1863 956 1934 πατρικὴν
1003 1862 1162 1916 οἱονεὶ⁵
1209 1864 1266 1916 ἐν
1322 1863 1612 1929 συλλαϐαῖς
1679 1866 1939 1937 κειμένην

352 1951 490 2009 εἶναι
519 1955 620 2008 τὸν
651 1954 785 2008 Υἱὸν
817 1954 908 2006 τοῦ
953 1951 1112 2020 Θεοῦ,
1149 1953 1242 2007 καὶ
1285 1954 1427 2008 κατὰ
1451 1954 1609 2008 τοῦτο
1644 1955 1940 2010 ὑπόστασιν

355 2046 522 2118 αὐτῷ,
557 2047 610 2098 si
639 2045 892 2116 ἀκριϐῶς
926 2045 1106 2100 αὐτῶν
1133 2045 1557 2118 πυνθανοίμεοα,
1585 2047 1645 2100 οὑ
1685 2047 1938 2113 διδόασιν,

358 2139 476 2191 οὐδὲ
537 2137 733 2191 οὑσίαν
791 2136 957 2190 αὑτοῦ
1016 2136 1433 2207 σαφηνίζουσιν,
1491 2138 1701 2192 οὐδέπω
1762 2139 1942 2210 φαμὲν

357 2227 576 2291 τοιόνδε,
602 2228 636 2296 ἢ
663 2226 896 2289 τοιάνδε,
927 2225 1041 2279 ἀλλ’
1077 2225 1223 2289 ὅπως
1244 2225 1374 2278 ποτέ
1401 2225 1610 2280 οὑσίαν.
1632 2226 1806 2296 Λόγον
1832 2229 1940 2300 γὰρ

356 2317 836 2388 ἀπαγγελλόμενον
885 2317 1000 2371 υἱὸν
1034 2312 1172 2369 εἶναι
1213 2317 1402 2387 νοῆσαι
1448 2316 1542 2370 καὶ
1592 2317 1672 2389 τῷ
1719 2318 1940 2390 τυχόντι

357 2409 506 2462 ἐστὶν
530 2409 814 2479 ἀμήχανον
834 2424 848 2438 ·
890 2406 985 2461 καὶ
1016 2407 1186 2476 Λόγον
1204 2405 1444 2461 τοιοῦτον
1478 2405 1657 2471 ζῶντα
1691 2409 1786 2461 καὶ
1824 2410 1942 2481 ἤτοι

353 2497 418 2550 οὑ
467 2497 876 2568 κεχωρισμένον
918 2495 1014 2550 τοῦ
1074 2497 1307 2568 Πατρός,
1353 2498 1450 2550 καὶ
1489 2498 1630 2554 κατὰ
1679 2499 1837 2554 τοῦτο
1865 2499 1944 2571 τῷ

359 2589 442 2660 μὴ
467 2589 765 2657 ὑφεστάναι
791 2589 914 2642 οὑδέ
946 2588 1072 2643 Υίὸν
1109 2591 1466 2660 τυγχάνοντα,
1502 2591 1535 2662 ἢ
1574 2591 1668 2645 καὶ
1710 2609 1944 2664 κεχωρι-

360 2679 564 2748 σμένον
593 2679 688 2731 καὶ
712 2678 1070 2750 οόσιωμένον,
1102 2680 1594 2749 ἀπαγγελλέτωσαν
1631 2683 1762 2754 ἡμῖν
1811 2683 1945 2738 Θεὸν

357 2769 556 2837 Λόγον.
605 2769 844 2822 Λεκτέον
876 2765 992 2834 οὖν,
1029 2770 1130 2834 ὅτι,
1161 2769 1352 2844 ὥσπερ
1403 2773 1528 2827 καθ’
1565 2773 1795 2828 ⁴ἕκαστον
1835 2775 1945 2831 τῶν

359 2858 781 2930 προειρημένων
807 2859 1082 2931 ὀνομάτων
1111 2862 1219 2916 ἀπὸ
1249 2864 1347 2935 τῆς
1381 2864 1676 2937 ὀνομασίας
1701 2868 1944 2923 ἀναπτυ-

359 2949 518 3002 κτέον
538 2948 640 3020 τὴν
663 2950 869 3005 ἔννοιαν
893 2952 986 3004 τοῦ
1011 2953 1434 3027 ὀνομαζομένου,
1463 2957 1558 3012 καὶ
1573 2959 1947 3031 ἐφαρμοστέον

2042 1863 2206 1922 atque
2237 1853 2464 1910 facimus
2497 1855 2816 1926 singillatim
2863 1855 2918 1910 in
2958 1856 3273 1912 nominibus
3308 1859 3579 1928 praedictis
3607 1898 3624 1924 ,

2041 1959 2164 1998 cum
2197 1959 2261 2000 ex
2293 1947 2634 2017 preprietate
2683 1947 2922 2002 nominis
2954 1947 3291 2018 explicamus
3325 1949 3626 2020 intelligen-

2044 2044 2173 2095 tiam
2203 2041 2279 2093 rei
2309 2041 2616 2102 noniinatae,
2643 2052 2878 2107 cumque
2916 2049 3096 2094 certas
3127 2041 3362 2096 rationes
3404 2043 3627 2110 adapta-

2043 2143 2163 2183 mus
2201 2127 2268 2181 ad
2303 2127 2681 2196 explicandum
2715 2126 2988 2195 quomodo
3042 2126 3216 2182 Filius
3267 2127 3362 2182 Dei
3404 2129 3505 2184 hoc
3541 2130 3626 2184 vel

2045 2219 2139 2275 illo
2176 2218 2394 2274 nomine
2419 2226 2784 2286 ntmcupetur.
2815 2216 2946 2282 Qua:
2972 2217 3118 2271 enim
3150 2230 3234 2272 est
3266 2220 3380 2274 haec
3411 2221 3621 2288 privata

2045 2311 2272 2365 istorum
2307 2309 2528 2373 electio,
2559 2322 2664 2361 non
2695 2306 2952 2362 insistere
2975 2308 3027 2363 in
3056 2309 3284 2378 singulis
3313 2312 3622 2381 quibusque

2044 2399 2340 2471 spectando
2389 2398 2495 2452 vim
2529 2396 2777 2452 vocabuli
2805 2436 2821 2462 ,
2877 2398 2971 2454 sed
2999 2438 3016 2463 ,
3047 2408 3105 2454 ut
3133 2401 3205 2454 ita
3238 2402 3451 2470 dicam,
3499 2418 3622 2458 cum

2044 2492 2361 2560 quesierint
2395 2490 2669 2562 quomodo
2700 2491 2922 2556 ostium,
2963 2495 3234 2561 quomodo
3266 2496 3454 2561 vitem,
3491 2511 3627 2566 qua-

2047 2597 2172 2636 nam
2209 2582 2371 2637 etiam
2400 2583 2466 2635 de
2495 2599 2658 2638 causa
2695 2584 2996 2656 intelligere
3025 2588 3322 2642 debeamus
3351 2604 3478 2643 eum
3507 2603 3626 2648 esse

2045 2671 2209 2736 viam,
2244 2671 2386 2726 idem
2419 2674 2592 2730 solum
2625 2693 2732 2730 non
2769 2677 2948 2733 facere
2974 2717 2990 2744 ,
3019 2693 3142 2733 cum
3173 2678 3329 2732 audis
3367 2693 3490 2734 eum
3520 2681 3624 2735 dici

2047 2761 2101 2817 in
2133 2762 2436 2833 Scripturls
2467 2763 2748 2822 Verbum?
2784 2767 2852 2824 Ut
2879 2783 3011 2840 ergo
3037 2768 3348 2840 diligentius
3374 2785 3440 2828 ac
3470 2789 3625 2828 rere-

2047 2856 2258 2912 rentius
2311 2871 2672 2929 assequamur
2718 2874 2782 2914 ea
2831 2875 2954 2930 qua:
2993 2860 3193 2916 dicturi
3230 2877 3418 2919 smnus
3469 2865 3522 2919 in
3557 2879 3623 2920 ea

2048 2962 2154 3016 qua
2177 2947 2244 3003 de
2275 2948 2474 3019 agitur,
2504 2951 2897 3021 disputatione,
2919 2951 3133 3009 scilicet
3163 2956 3432 3024 quomodo
3458 2955 3626 3012 Filius

362 3039 504 3112 μετὰ
536 3039 887 3108 ἀποδείξεως,
915 3043 1032 3108 πῶς
1051 3045 1078 3097 ό
1103 3044 1230 3109 Υἱὸς
1261 3045 1357 3098 τοῦ
1393 3045 1527 3101 Θεοῦ
1556 3048 1714 3103 τοῦτο
1736 3049 1797 3102 τὸ
1825 3051 1944 3105 ὅνο-

2054 3037 2148 3094 Dei
2189 3039 2401 3095 dicatur
2423 3054 2548 3098 esse
2576 3041 2808 3098 Verbum
2837 3058 2868 3098 a
2903 3046 3212 3103 nominibus
3245 3047 3437 3117 ipsius,
3466 3050 3624 3106 nobis

364 3151 444 3203 μα
497 3129 638 3188 εἶναι
690 3133 928 3204 λέγεται,
973 3135 1145 3202 οὕτως
1173 3138 1265 3191 καὶ
1302 3139 1393 3192 ἐπὶ
1428 3139 1522 3193 τοῦ
1566 3139 1739 3210 Λόγον
1781 3143 1944 3197 αὑτὸν

2052 3143 2080 3183 a
2117 3130 2385 3201 principio
2412 3134 2736 3203 propositis,
2775 3135 3100 3206 incipiamus
3131 3153 3353 3196 necesse
3383 3151 3488 3196 est.
3518 3141 3629 3197 Nec

360 3225 725 3298 ὀνομάζεσθαι
763 3228 1036 3298 ποιητέον.
1075 3230 1176 3294 Τίς
1203 3229 1312 3304 γὰρ
1354 3233 1388 3304 ἡ
1432 3233 1817 3306 ἀποκλήρωσις
1857 3237 1944 3306 ἐφ’

2052 3220 2369 3292 ignoramus
2399 3223 2517 3280 fore
2563 3223 2776 3294 aliquos
2809 3227 3008 3296 quibus
3039 3226 3305 3296 ejusmodi
3357 3230 3622 3301 digressio

363 3318 482 3382 ἐνὸς
513 3319 613 3389 μὲν
645 3321 876 3373 ἑκάστου
907 3320 980 3390 μὴ
1014 3320 1262 3374 ἵστασθαι
1295 3323 1388 3376 ἐπὶ
1418 3323 1518 3394 τῆς
1555 3323 1774 3390 λέξεως,
1808 3325 1944 3380 ἀλλὰ

2053 3311 2225 3380 major
2255 3327 2418 3382 quam
2451 3329 2548 3384 pro
2583 3317 2662 3370 rei
2697 3317 3024 3373 necessitate
3063 3332 3188 3374 esse
3217 3320 3503 3376 videatur:
3541 3333 3626 3378 at-

365 3406 500 3480 φέρε
523 3409 703 3462 εἰπεῖν
737 3408 940 3478 ζητεῖν,
976 3409 1092 3472 πῶς
1125 3410 1287 3465 αὑτὸν
1311 3411 1593 3468 ἐκδεκτέον
1620 3415 1808 3487 Θύραν,
1845 3419 1942 3472 καὶ

2053 3412 2232 3460 tamen
2265 3405 2506 3460 animum
2555 3406 2836 3463 adhibenti
2887 3410 2966 3464 rei
3000 3410 3066 3465 de
3114 3425 3218 3481 qua
3269 3414 3468 3481 agitur,
3519 3429 3626 3470 non

365 3501 487 3556 τίνα
515 3501 721 3572 τρόπον
744 3499 1006 3572 ἄμπελον,
1037 3502 1158 3554 τίνα
1188 3519 1248 3555 τε
1275 3503 1453 3559 αἰτίαν
1480 3503 1588 3576 (99)
1611 3505 1751 3572 ὁδὸν,
1777 3507 1871 3562 ἐπὶ
1891 3510 1944 3564 δὲ

2049 3511 2242 3568 parum
2273 3497 2405 3554 utile
2445 3497 2611 3555 fuerit
2647 3501 2936 3572 explorare
2966 3518 3164 3571 sensa,
3194 3504 3261 3558 de
3287 3505 3486 3576 quibus
3527 3523 3628 3560 no-

371 3592 531 3662 μόνον
557 3592 652 3647 τοῦ
668 3593 840 3662 Λόγον
861 3593 1022 3646 αὑτὸν
1047 3595 1459 3667 ἀναγεγράφθαι
1486 3597 1546 3650 τὺ
1571 3598 1944 3671 παραπλήσιον

2049 3589 2191 3643 mina
2233 3598 2539 3658 ponuntur,
2591 3605 2822 3662 quorum
2865 3595 3032 3649 etiam
3073 3595 3444 3650 consideratio
3480 3597 3626 3649 utilis

367 3683 428 3736 οὑ
462 3685 754 3754 ποιητέονς
793 3685 912 3739 Ἵνα
953 3685 1132 3742 τοίνυν
1188 3685 1387 3756 μᾶλλον
1431 3687 1944 3763 δυσωπητικώτερον

2046 3680 2154 3734 erit
2179 3681 2248 3736 ad
2286 3695 2373 3735 res
2415 3697 2535 3752 quas
2571 3684 2995 3752 subsequuntur.
3030 3687 3266 3744 Proinde
3309 3701 3429 3742 cum
3463 3687 3626 3741 semel

373 3774 802 3846 παρα-δεξώμεθα
830 3775 898 3829 τὰ
923 3775 1297 3848 λεχθησόμενα
1329 3780 1410 3843 είς
1451 3778 1520 3833 τὰ
1547 3781 1674 3851 περὶ
1697 3780 1792 3834 τοῦ
1835 3781 1944 3846 πῶς

2049 3775 2102 3828 in
2133 3773 2458 3843 theologiam
2491 3775 2558 3827 de
2591 3771 2883 3827 Servatore
2917 3775 3292 3842 inciderimus,
3340 3776 3626 3832 invenien-

372 3864 545 3932 Λόγος
586 3865 736 3919 ἐστὶν
778 3867 806 3919 ὀ
853 3865 980 3930 Υἱὸς
1009 3867 1103 3920 τοῦ
1134 3868 1292 3932 Θεοῦ,
1323 3869 1555 3940 ἀρκτέον
1591 3871 1700 3924 άπὸ
1739 3871 1848 3925 τῶν
1890 3872 1944 3939 ἐξ

2055 3875 2137 3920 tes
2162 3904 2179 3932 ,
2208 3863 2485 3933 diligentia
2523 3863 2786 3930 adhibita,
2832 3880 2953 3934 qua:
2985 3867 3049 3920 de
3089 3867 3178 3922 illo
3209 3867 3459 3924 feruntur
3486 3905 3504 3930 ,
3538 3881 3627 3922 ne.

371 3953 545 4024 ἀρχῆς
587 3956 720 4025 ἡμῖν
755 3955 1126 4028 προτεθέντων
1165 3960 1444 4030 ὀνομάτων
1487 3960 1673 4015 αὑτοῦ.
1716 3963 1825 4016 Καὶ
1867 3963 1944 4017 ὅτι

2053 3956 2298 4012 eessario
2329 3971 2433 4010 non
2465 3965 2674 4011 tantum
2708 3973 2832 4012 eum
2861 3975 2922 4014 ea
2949 3975 3106 4031 parte
3135 3961 3630 4022 considerabimus,

374 4044 476 4116 μὲν
500 4045 643 4111 δόξει
667 4048 777 4100 τισὶ
811 4047 1016 4120 σφόδρα
1053 4049 1456 4121 παρεκσατικὸν
1487 4047 1626 4106 εἶναι
1673 4053 1734 4107 τὸ
1771 4052 1944 4108 τοιοῦ-

2055 4063 2158 4120 qua
2198 4047 2372 4118 Λόγος
2417 4047 2498 4118 [id
2540 4057 2624 4104 est
2671 4046 2907 4105 Verbum
2961 4059 3016 4106 et
3055 4051 3216 4124 ratio]
3255 4052 3488 4116 dicitur;
3535 4048 3630 4106 sed

367 4149 482 4199 τον,
507 4135 606 4188 οὑκ
631 4136 960 4210 ἀγνοοῦμενο
1010 4139 1150 4211 πλὴν
1195 4142 1552 4214 ἐπιστήσαντι
1597 4144 1692 4198 καὶ
1719 4145 1854 4218 πρὸς
1887 4145 1944 4200 τὸ

2054 4142 2216 4199 etiam
2246 4141 2482 4211 plenius,
2516 4147 2572 4195 et
2602 4140 2823 4198 uberius
2854 4160 2950 4214 pro
3000 4145 3142 4200 virili
3179 4154 3388 4211 nostra,
3420 4144 3630 4214 reliqua

369 4227 730 4297 προκείμενον
766 4230 1038 4301 χρήσιμον
1088 4230 1240 4285 ἔσται
1287 4232 1350 4285 τὸ
1385 4233 1675 4303 βασανίσαι
1715 4236 1813 4300 τὰς
1861 4239 1944 4291 έν-

2052 4233 2314 4292 vocabula
2352 4232 2550 4304 quibus
2582 4232 2904 4304 appellatur,
2933 4219 3312 4291 tractabimus.

369 4318 538 4384 νοίας,
569 4323 692 4377 καθ’
731 4318 807 4379 ὧν
848 4324 920 4378 τά
965 4325 1205 4398 ὀνόματα
1251 4330 1447 4392 κεῖται,
1501 4331 1596 4384 καὶ
1631 4332 1858 4403 προόδου
1894 4333 2002 4386 τῶν
2052 4331 2466 4403 ἐπιφερομένων
2503 4329 2735 4402 ὑπάρξει
2777 4331 2811 4404 ὴ
2855 4323 3184 4405 κατανόησις
3216 4331 3326 4388 τῶν
3376 4331 3636 4405 πραγμά-

368 4430 497 4468 των.
530 4414 712 4482 Ἀπαξ
751 4415 808 4470 δέ
857 4419 938 4482 είς
979 4417 1077 4490 τὴν
1129 4418 1377 4490 περὶτοῦ
1427 4421 1679 4492 Σωτῆρος
1719 4421 1995 4490 θεολογίαν
2062 4420 2396 4492 ἐμπεσόντες
2425 4457 2440 4482 ,
2489 4418 2805 4487 ἀναγκαίως
2851 4422 2952 4492 ὅση
3005 4422 3234 4492 δύναμις
3276 4421 3354 4491 (1)
3399 4421 3467 4474 τὰ
3507 4419 3636 4492 περὶ

372 4507 538 4562 αὑτοῦ
577 4508 720 4580 μετὰ
768 4510 998 4584 ἐρεύνης
1033 4513 1381 4584 εὑρίσκοντες
1405 4555 1421 4580 ,
1470 4513 1839 4585 πληρέστερον
1881 4515 2045 4570 αὑτὸν
2089 4513 2150 4566 οὑ
2207 4512 2365 4583 μόνον
2410 4505 2445 4586 ᾖ
2490 4511 2661 4580 Λόγος
2704 4513 2823 4566 ἐστὶ
2877 4515 3174 4584 νοήσομεν,
3231 4510 3367 4564 ἀλλὰ
3423 4511 3518 4565 καὶ
3564 4511 3636 4566 τὰ

370 4599 557 4655 λοιπά.

443 4695 536 4750 24.
570 4695 795 4764 Ἔλεγεν
819 4690 911 4749 οῦν
940 4696 1131 4752 ἑαυτὸν
1159 4692 1299 4753 εἶναι
1324 4697 1440 4768 φῶς
1484 4696 1578 4751 τοῦ
1609 4698 1835 4770 κόσμου,
1875 4719 1944 4755 κα

2148 4701 2240 4756 24.
2290 4701 2424 4757 Cum
2473 4713 2607 4770 ergo
2653 4696 2855 4753 dixerit
2899 4696 3136 4764 seipsum
3188 4696 3364 4752 lucem
3421 4698 3632 4762 mundi,

442 4812 490 4846 “
523 4813 666 4868 Psal.
699 4828 844 4878 xuv,
875 4814 924 4870 l.

349 4949 352 4952 ‘
449 4933 572 5004 (96)*
587 4935 697 4988 Kal
741 4933 916 4989 ἔστιν
946 4933 1120 4998 ἄξιον
1153 4931 1478 5000 ἐπιστῆσαι
1509 4930 1954 5004 τοῖς-,Πεισηνο-

381 5001 726 5066 lentinianos,
751 5004 1052 5058 Marcosios
1069 5015 1122 5056 et
1149 5004 1496 5058 Colarhasios
1519 5003 1792 5071 suggillet.
1823 5001 1954 5058 Vide

381 5074 664 5143 Irenazum,
683 5074 788 5143 lib.
818 5090 856 5139 ι,
885 5089 1004 5143 cap.
1031 5074 1118 5139 10;
1149 5072 1528 5143 Epirliauium,
1551 5073 1948 5143 hzeres.xxxiv,

381 5160 502 5210 qua:
538 5141 1054 5205 estMarcosiorum,
1084 5141 1205 5212 cap.
1232 5141 1288 5205 ι,
1313 5153 1367 5196 et
1393 5141 1654 5196 Hilarium
1683 5142 1776 5197 lib.
1800 5157 1832 5196 κ
1872 5141 1947 5195 De

382 5213 575 5268 Trinit.
640 5213 810 5280 Quam
873 5213 1159 5282 impiorum
1229 5212 1606 5267 hazreticorum
1669 5212 1946 5282 nefariam

379 5284 683 5353 doctrinam
713 5292 832 5353 post
847 5280 1114 5353 _0rigenis
1152 5291 1393 5351 tempora
1427 5281 1724 5353 renovavit
1753 5280 1951 5335 Paulus

380 5349 798 5408 Samosatenus.
846 5349 1197 5417 Phifastrius,
1235 5349 1430 5406 haeres.
1461 5365 1610 5406 μιν.
1663 5349 1763 5405 llic
1817 5365 1948 5406 vero

380 5422 636 5490 Origenis
675 5423 825 5477 locus
869 5423 938 5476 iis
987 5421 1360 5490 adjungemlus
1407 5431 1492 5475 est
1539 5435 1675 5490 quos
1733 5419 1950 5488 collegit

382 5491 701 5562 Pamphilus
719 5493 773 5546 iu
809 5490 1081 5562 Apologia,
1107 5490 1708 5562 utieorumconl'utaret
1743 5490 1948 5562 calum-

381 5555 536 5617 niani
561 5561 653 5632 qui
682 5555 941 5632 perverso
963 5555 1090 5617 huic
1124 5561 1398 5632 Valentini
1461 5555 1701 5632 dogmati
1751 5559 1947 5628 Orige-

381 5646 510 5685 nem
535 5629 757 5687 laesisse
790 5629 1187 5698 iactabant.Ad
1217 5631 1331 5684 hac
1388 5629 1566 5684 autem
1617 5630 1732 5695 ejus
1776 5631 1943 5683 verba

381 5716 513 5756 cum
545 5717 652 5758 non
697 5701 831 5758 satis
877 5704 1193 5759 attendisset
1241 5701 1720 5770 prtestautissimus
1770 5700 1945 5754 :etatis

2063 4942 2266 5004 postne
2286 4932 2592 5004 theologus,
2615 4932 2802 4988 eadem
2830 4933 2884 4988 in
2919 4932 3010 4989 illo
3037 4933 3389 5004 reprehendit
3422 4950 3543 5004 quae
3579 4936 3630 4990 in

2061 5001 2454 5074 Valentinianis
2478 5001 2594 5071 ipse
2614 5007 2892 5074 carpebat,
2924 5001 3276 5071 quasi'snam
3296 5043 3312 5072 ,
3347 5001 3453 5057 non
3508 5005 3631 5058 illo-

2059 5086 2178 5143 rum
2206 5073 2533 5143 sententiam
2565 5073 2906 5143 protulisset.
2936 5074 3197 5129 "UE'I'IUS.

2129 5140 2238 5213 (97)
2277 5140 2686 5213 Ἐπικείμενον
2724 5147 2856 5208 μέν,
2883 5154 2988 5198 etc.
3047 5141 3356 5213 Legeudnm
3396 5141 3633 5199 fortasse

2057 5212 2148 5286 vel
2175 5211 2260 5265 ἐπ’
2287 5211 2518 5286 ἐκείνοις
2547 5215 2664 5286 μέν,
2702 5215 2856 5286 quod
2899 5222 3201 5282 opponetur
3248 5211 3373 5266 huic
3425 5213 3520 5266 ἐπὶ
3575 5214 3632 5270 δέ

2056 5281 2232 5354 τούτῳ
2259 5284 2402 5354 quod
2436 5281 2680 5354 proiime
2709 5281 2971 5352 sequitur.

2126 5349 2240 5423 (98)
2279 5349 2508 5423 ‘Enlfdé
2539 5355 2747 5418 τούτῳ.
2781 5349 3242 5423 Sigrcctcltabet
3273 5350 3444 5423 codex
3493 5353 3638 5408 Bod-

2052 5419 2264 5476 leiauus
2288 5438 2303 5484 ;
2329 5421 2469 5476 male
2498 5423 2549 5476 in
2577 5423 2815 5476 editione
2849 5419 3026 5475 Huetii
3057 5421 3148 5473 ἐπὶ
3175 5420 3233 5474 δέ
3262 5421 3487 5478 τούτων.

2145 5489 2241 5564 99)
2257 5491 2395 5544 Τίνα
2407 5507 2472 5564 τε
2483 5491 2897 5564 αἰτίανηίίοιιοξ
2912 5489 3257 5564 Bodleiauus,
3274 5491 3445 5564 τίνι
3461 5491 3630 5564 αἰτίᾳ.

2148 5562 2198 5630 1)
2215 5557 2668 5632 *οσηρύκαμιᾳ
2689 5561 2836 5632 Apud
2859 5559 3106 5632 lluetium
3131 5561 3365 5632 legilnrf}
3383 5557 3630 5632 δύναμις,

2050 5631 2103 5703 in
2132 5628 2346 5703 ‘coilice
2367 5628 2669 5703 _Bodl_e_iano
2697 5628 2839 5696 ,⁷ὼς
2879 5632 2913 5703 ἡ
2962 5628 3212 5702 δύναμις,
3268 5628 3365 5686 sed
3413 5628 3632 5690 omnino

2050 5700 2334 5772 legendum
2363 5699 2464 5771 ὅση
2494 5698 2742 5774 δύναμις,
2771 5713 2829 5758 ιιι
2853 5698 2912 5759 in
2943 5698 3128 5759 nostro
3157 5710 3329 5756 texui.
