4082 6224
429 275 495 330 67
1889 271 2211 330 ORIGENIS
3613 281 3684 336 63

426 397 586 451 etiam
616 395 884 466 proxima,
910 404 965 449 et
991 392 1189 449 similia
1224 392 1351 448 huic
1375 393 1514 458 voci,
1540 407 1660 462 qua:
1682 391 1974 462 quibusdan

2103 393 2172 446 τὰ
2203 392 2583 465 παρακείμενα
2629 393 2800 462 ταύτῃ
2839 387 2914 465 τῇ
2941 393 3205 466 ὀνομασίᾳ
3245 385 3692 462 συνεξεταστεον.²

426 487 662 543 fortasse
691 503 792 542 non
845 496 1053 542 tantum
1086 486 1330 555 proxima
1373 493 1428 540 et
1459 485 1680 548 similia.
1710 486 1803 539 sed
1837 485 1998 539 etiam

427 583 617 635 eadem
649 579 973 634 videbuntur
1002 591 1125 632 esse
1149 618 1163 642 ,
1205 577 1661 632 examinabituus.
1698 575 1886 646 Itaque
1912 577 1999 631 lux

428 685 510 728 est
535 673 834 736 hominum,
867 673 956 726 lus
981 680 1064 726 est
1086 685 1236 734 vera,
1266 671 1356 724 lux
1379 679 1460 725 est
1481 669 1710 738 denique
1735 671 1998 740 gentium.

428 766 580 832 Quod
610 766 680 820 sit
709 765 797 818 lux
830 764 1133 825 hominum,
1171 761 1445 833 Evangelii
1471 803 1484 825 ,
1515 762 1670 831 cujus
1699 762 2002 818 instituitur

427 873 567 911 nunc
617 872 646 909 a
695 857 848 909 nobis
894 855 1312 926 interpretatio,
1348 855 1563 908 initium
1611 864 1880 920 testatur,
1919 855 2001 908 di-

425 963 594 1001 cens:
637 947 789 1012 Quod
828 947 1026 1014 factum
1059 959 1156 1010 est,
1205 950 1260 998 in
1314 946 1424 1014 ipso
1465 947 1568 1000 vita
1608 956 1721 1000 erat
1761 961 1780 1000 :
1811 956 1858 1000 et
1890 952 1998 1001 vita

422 1051 531 1091 erat
560 1039 652 1091 tua:
683 1039 972 1100 hominum,
1010 1048 1058 1090 et
1102 1038 1194 1090 lux
1237 1039 1290 1090 in
1331 1038 1554 1091 tenebris
1593 1037 1748 1102 lucet,
1779 1049 1826 1092 et
1852 1021 1994 1091 tene-

423 1131 530 1182 brtv
563 1146 675 1183 eam
708 1146 810 1182 non
844 1130 1296 1195 apprehenderint!
1325 1129 1393 1183 ".
1430 1131 1584 1196 Quod
1623 1131 1786 1184 etiam
1809 1130 1880 1184 sil
1904 1130 1993 1185 lux

421 1237 569 1284 vera,
612 1220 848 1285 ejusdem
881 1218 1159 1288 Evangelii
1189 1221 1294 1290 27
1329 1222 1495 1274 verba
1527 1221 1842 1285 declarant,
1875 1236 1996 1290 qua:

419 1327 541 1365 mox
597 1313 990 1365 subnectnntur
1022 1329 1036 1366 :
1071 1307 1206 1364 Erat
1260 1312 1354 1364 lita:
1401 1327 1519 1364 rem
1567 1326 1683 1380 qtta'
1729 1310 1992 1364 illuminat

417 1421 618 1457 omnem
645 1403 905 1457 hominem
935 1403 1219 1456 venientem
1248 1403 1303 1456 in
1331 1403 1584 1456 mundum
1611 1403 1676 1459 ⁸³.
1714 1403 1826 1458 Lux
1862 1418 1992 1458 vero

415 1497 651 1563 gentium
691 1497 756 1552 ab
802 1496 932 1549 Isaia
968 1495 1289 1564 appellatur,
1313 1494 1832 1564 sicutprzediximus,
1860 1495 1990 1550 illud

417 1587 560 1639 illius
591 1587 955 1639 testimooium
988 1583 1360 1651 proferentes:
1401 1584 1538 1637 Ecce
1569 1585 1720 1652 posui
1751 1594 1799 1638 te
1828 1585 1884 1639 in
1914 1585 1991 1638 ιιι-

417 1691 524 1728 cem
555 1675 806 1744 gentium,
833 1684 886 1726 ut
917 1673 990 1726 sis
1019 1671 1164 1725 salus
1195 1689 1309 1725 mea
1343 1673 1406 1725 αὑ
1441 1671 1688 1726 extremis
1728 1683 1886 1727 terrte
1919 1672 1984 1728 ⁸³.

2103 483 2330 550 δόξαντα
2355 483 2420 538 ἄν
2447 501 2590 539 τισιν
2624 486 2744 556 οὐχὶ
2780 487 3160 558 παρακείμενα
3207 487 3388 556 μόνον,
3421 485 3559 539 ἀλλά
3589 485 3683 538 καὶ

2103 577 2171 630 τὰ
2203 575 2341 630 αὐτά
2361 578 2668 648 τυγχάνειν.
2689 579 2846 631 Ἐστι
2879 577 2937 631 δὲ
2972 577 3032 632 τὸ
3066 577 3181 646 φῶς
3211 577 3272 631 τδ
3287 577 3557 648 ἀληθινὸν,
3587 577 3682 629 καὶ

2104 669 2220 738 φῶς
2241 667 2440 721 ἐθνῶν·
2477 669 2593 738 φῶς
2623 669 2722 740 μὲν
2759 667 3061 740 ἀνθρώπων
3081 670 3142 722 ἐν
3165 671 3231 740 τῇ
3259 667 3353 722 τοῦ
3388 667 3682 740 προκειμέ-

2102 776 2193 813 νου
2240 759 2573 835 Εὐαγγελίου
2624 761 2804 832 ἀρχῇ·
2851 763 2912 812 '0
2947 760 3158 830 γέγονε
3203 759 3333 831 γάρ,
3379 760 3564 830 φησιν,
3606 758 3682 812 ἐν

2100 849 2260 916 αὐτῷ
2293 849 2405 918 ζωὴ
2432 846 2542 919 ἦν·
2583 851 2680 904 καί
2713 852 2750 918 ἠ
2799 847 2910 918 ζωὴ
2939 847 3008 921 ἦν
3041 853 3104 905 τὸ
3135 849 3260 920 φῶς
3288 849 3408 904 τῶν
3451 849 3674 916 ἀπορέε-

2101 957 2248 1004 πων,
2269 941 2374 993 καὶ
2402 941 2466 994 τὸ
2496 939 2623 1008 φῶς
2653 941 2724 994 ἐν
2751 937 2826 1008 τῇ
2851 942 3064 1008 σκοτίᾳ
3088 941 3307 1010 φαίνει,
3337 941 3432 994 καὶ
3464 941 3503 1007 ἡ
3534 955 3680 994 σκο-

2098 1033 2194 1086 τία
2213 1031 2358 1086 αὐτὸ
2389 1033 2459 1085 οὺ
2485 1031 2775 1086 κατέλαϐε
2800 1049 2813 1062 ·
2844 1031 2959 1102 φῶς
2981 1032 3038 1085 δὲ
3064 1031 3314 1102 ἀληθινὸν
3341 1034 3399 1085 ὲν
3423 1033 3534 1095 τοῖς
3553 1031 3678 1102 ἑξῆς

2096 1125 2195 1195 τῆς
2220 1124 2391 1192 αὐτῆς
2414 1123 2630 1194 γραφῆς
2661 1123 3066 1194 ἐπιγέγραπται
3084 1117 3300 1177 “Erro
3313 1122 3675 1192 φῶςτὸάλη-

2098 1217 2286 1282 θινόν,
2319 1215 2350 1270 ὃ
2382 1215 2611 1285 φωτίζει
2645 1215 2844 1269 πάντα
2872 1216 3187 1284 ἄνθρωπον
3224 1217 3553 1286 ἐρχόμενον
3587 1219 3676 1282 εις

2095 1308 2202 1362 τὸν
2230 1310 2493 1378 κόσμον·
2523 1307 2639 1376 φῶς
2659 1307 2716 1360 δὲ
2738 1307 2906 1361 ἐθνῶν
2931 1309 2989 1361 ἐν
3019 1307 3096 1378 τῷ
3133 1307 3352 1378 Ἡσαΐᾳ,
3391 1307 3674 1379 ὡς’προεί-

2096 1416 2290 1470 πομεν,
2322 1397 2745 1470 παρατιθέμενοι
2773 1397 2834 1452 τό
2851 1415 2865 1428 ·
2905 1397 3050 1452 Ἰδοὺ
3082 1396 3315 1452 τέθεικά
3341 1411 3415 1451 σε
3437 1400 3526 1462 εἰς
3547 1395 3673 1466 φῶς

2093 1491 2303 1556 ἐθνῶν,
2321 1491 2429 1544 τοῦ
2455 1487 2610 1546 εἶναι
2630 1507 2703 1546 σε
2727 1493 2814 1558 εις
2835 1489 3258 1559 σωτηρίανέως
3280 1489 3543 1558 ἐσχάτου
3563 1485 3674 1558 τῆς

2094 1579 2225 1650 τῆς.
2256 1581 2376 1644 Φῶς
2400 1580 2456 1632 δέ
2490 1581 2695 1651 κόσμου
2728 1579 2985 1650 αἰσθητὸν
3010 1582 3038 1632 ὁ
3059 1578 3208 1650 ἥλιός
3234 1581 3371 1644 ἐστι,
3413 1578 3508 1632 καὶ
3535 1579 3675 1650 μετά

2092 1671 2280 1724 τοῦτον
2321 1672 2422 1724 οὐκ
2464 1671 2780 1742 ἀπᾳδόντως
2813 1671 2846 1740 ἡ
2883 1668 3079 1740 σελήνη
3109 1669 3184 1740 (2)
3216 1671 3312 1723 καὶ
3356 1670 3405 1722 ol
3445 1668 3672 1740 ἀστέρες

415 1766 678 1818 Cmterum
708 1764 795 1818 lux
827 1763 1005 1816 mundi
1031 1763 1130 1816 sub
1159 1779 1375 1818 sensum
1403 1764 1606 1818 cadens
1631 1763 1710 1818 sol
1740 1773 1842 1819 est.
1862 1764 1974 1819 P051

2091 1762 2169 1832 τῷ
2209 1761 2357 1832 αὑτῷ
2405 1741 2631 1832 ὀνόματι
2667 1759 3313 1834 προσαγορευθήσονται·
3366 1759 3502 1814 ἀλλά
3555 1761 3672 1829 φῶς

413 1857 556 1910 hunc
604 1872 706 1910 non
749 1857 1074 1911 inconcinne
1121 1857 1285 1911 etiam
1319 1855 1445 1908 luna
1480 1870 1543 1910 ac
1591 1857 1825 1925 denique
1862 1856 1988 1910 reli-

412 1965 532 2017 qure
558 1948 726 2002 stellm
757 1949 947 2002 eodem
979 1949 1198 2002 nomine
1225 1948 1703 2016 nuncnpabuntur.
1743 1947 1854 2002 Lux
1889 1947 1988 2003 sub

411 2053 625 2092 sensum
656 2037 875 2100 cadens,
907 2053 1028 2092 cum
1053 2039 1165 2091 hate
1193 2037 1322 2100 sint,
1354 2051 1419 2091 eo
1450 2037 1594 2105 quod
1619 2037 1897 2092 terrestria
1927 2036 1984 2091 ξι-

409 2131 696 2193 luminant,
722 2131 862 2183 dicta
895 2129 1034 2197 apud
1059 2127 1261 2182 Mosem
1287 2137 1484 2197 quarto
1509 2128 1598 2181 die
1623 2127 1766 2182 facta
1794 2127 1985 2192 fuisse,

410 2222 552 2276 haud
580 2232 755 2274 tamen
787 2220 872 2273 lux
905 2229 1030 2274 sunt
1063 2205 1213 2274 vera.
1251 2219 1322 2272 At
1344 2234 1476 2274 vero
1508 2217 1768 2274 Servator
1799 2231 1987 2276 noster

410 2311 727 2366 illucescens
759 2311 842 2366 his
888 2311 979 2380 qui
1015 2310 1242 2364 rationis
1269 2318 1395 2364 sunt
1435 2325 1682 2380 capaces,
1713 2321 1981 2380 praestan-

412 2403 636 2458 tissimis
695 2404 997 2456 animarum
1045 2387 1233 2457 eorum
1283 2401 1576 2472 partibus,
1631 2411 1688 2456 ut
1742 2401 1980 2470 ipsorqu

407 2511 560 2550 mens
587 2496 801 2565 propria
833 2494 1182 2562 aspectabilia
1215 2503 1426 2559 cernat,
1453 2492 1810 2563 intelligibilis
1832 2509 1983 2547 mun-

406 2587 458 2640 di
487 2586 578 2639 lux
621 2595 737 2640 est:
790 2586 1046 2640 nimirum
1083 2587 1389 2639 animarum
1441 2585 1668 2639 rationis
1698 2583 1976 2654 capacium

406 2677 461 2732 in
514 2678 616 2733 hoc
664 2677 864 2731 mundo
918 2676 1158 2732 sensibili
1191 2677 1610 2742 exsistemiutn;
1646 2685 1700 2730 et
1749 2675 1794 2731 si
1848 2675 1976 2746 quid

403 2779 600 2836 prmter
629 2768 742 2822 lucc
770 2765 1030 2821 mundum
1059 2766 1323 2836 complet:
1361 2782 1426 2820 ex
1455 2781 1562 2836 quo
1592 2767 1851 2821 Servator
1876 2782 1976 2820 no-

404 2869 517 2912 ster
547 2874 666 2913 esse
697 2873 793 2912 nos
831 2859 1005 2913 docet.
1039 2858 1294 2913 Fortasse
1326 2859 1440 2928 ipse
1481 2857 1626 2913 illius
1659 2859 1974 2930 prmcellens

402 2949 954 3019 pra‘stantissimaque
982 2964 1107 3019 pars
1137 2950 1433 3018 exsiStens,
1463 2960 1523 3003 ut
1549 2950 1620 3004 ita
1647 2951 1844 3018 dicam,
1873 2949 1971 3015 sol,

401 3042 491 3110 qui
521 3041 684 3096 faciat
726 3045 865 3098 diem
902 3042 1115 3096 Domini
1161 3057 1412 3112 magnum
1435 3083 1451 3106 ,
1479 3041 1633 3111 cujus
1663 3027 1768 3095 diei
1811 3055 1972 3096 causa

398 3133 467 3187 ad
495 3148 590 3188 eos
620 3134 748 3188 dicit
778 3134 869 3204 qui
903 3134 1038 3189 lueis
1065 3149 1176 3189 sua:
1209 3133 1506 3204 participi-8
1546 3143 1740 3188 erant:
1770 3133 1972 3202 Opera-

404 3226 529 3280 tniui
572 3226 696 3278 dum
726 3226 835 3280 dies
881 3234 992 3290 est;
1031 3227 1198 3279 veniet
1231 3243 1357 3292 nox,
1409 3227 1617 3296 quando
1672 3226 1847 3279 nullus
1881 3242 1972 3294 po-

398 3331 509 3373 stea
541 3327 705 3386 potest
740 3319 982 3385 operari;
1005 3320 1241 3387 qnandiu
1275 3336 1390 3373 sunt
1421 3319 1474 3373 in
1499 3319 1718 3386 mundo,
1739 3319 1832 3372 lux
1857 3333 1970 3372 sunt

396 3410 583 3462 mundi
613 3408 680 3461 '°.
717 3407 983 3474 Quoniam
1022 3424 1154 3464 vero
1209 3410 1488 3480 discipulis
1541 3410 1706 3464 etiam
1755 3409 1889 3464 dicit
1954 3425 1968 3462 :

407 3499 509 3556 Vos
544 3503 666 3556 estis
703 3501 796 3556 tua:
837 3503 1056 3557 mundi:
1087 3514 1171 3557 et:
1214 3501 1408 3556 aneat
1458 3502 1556 3556 lus
1589 3512 1755 3556 vestra
1789 3519 1967 3555 coram

394 3592 691 3648 hominibus
717 3594 756 3666 ‘_’
784 3611 799 3648 :
825 3609 930 3648 non
959 3609 1117 3649 secus
1141 3605 1302 3662 atque
1321 3593 1501 3648 lunam
1532 3601 1586 3648 et
1620 3605 1764 3648 astra
1789 3595 1970 3650 lucere

400 3671 780 3742 existimamus
817 3682 1071 3757 sp’onsam
1110 3685 1429 3752 Ecclesiam,
1460 3695 1514 3740 et
1543 3685 1836 3756 discipulos
1875 3686 1966 3756 qui

396 3780 674 3847 propriam
708 3779 884 3833 lucem
921 3780 1119 3834 habent
1145 3791 1200 3833 et
1227 3777 1294 3833 ab
1330 3777 1422 3834 illo
1456 3792 1585 3834 vero
1611 3779 1725 3834 sole
1755 3788 1968 3832 mutua-

397 3883 529 3934 tam,
566 3880 624 3923 ut
664 3869 880 3924 luceant
912 3871 1018 3924 illis
1051 3872 1142 3936 qui
1178 3871 1315 3924 lueis
1358 3872 1560 3927 fontem
1597 3873 1647 3925 in
1677 3886 1734 3925 se
1765 3885 1969 3940 pra-pa-

395 3973 520 4013 rare
549 3974 654 4013 non
694 3970 938 4029 possunt.
975 3959 1134 4014 Verbi
1170 3963 1368 4030 gratia,
1405 3962 1631 4016 Paulum
1668 3963 1885 4031 quidem
1913 3971 1968 4015 et

392 4049 615 4104 Petrum
651 4049 887 4105 dicimus
917 4051 1094 4104 lucem
1145 4053 1326 4106 mundi
1357 4069 1371 4116 ;
1405 4053 1652 4120 vulgares
1684 4065 1834 4114 vero,
1883 4051 1966 4106 vel

391 4141 632 4212 ipsorum
663 4141 980 4209 discipulos,
1010 4141 1098 4211 qui
1139 4141 1512 4195 illuminentur
1549 4141 1788 4210 quidem,
1825 4141 1965 4194 haud

391 4244 573 4288 tamen
625 4233 928 4288 illuminare
976 4234 1113 4290 alios
1162 4234 1410 4304 possint,
1463 4233 1760 4287 mundum:
1810 4232 1966 4302 cujus

389 4325 572 4379 tnundi
605 4324 694 4378 lux
731 4324 882 4380 fuere
911 4326 1162 4394 apostoli.
1203 4329 1268 4378 At
1306 4340 1429 4379 vero
1460 4323 1717 4380 Set-valor
1751 4323 1840 4377 lux
1877 4339 1965 4376 ex-

2094 1855 2192 1926 μέν
2214 1853 2472 1926 αισθητδν
2495 1853 2854 1924 τυγχάνοντες
2891 1855 2941 1907 οἱ
2981 1854 3260 1923 γεγονέναι
3299 1853 3450 1925 παρὰ
3481 1855 3674 1908 Μωσεῖ

2089 1945 2372 2016 λεγόμενοι
2403 1947 2470 2016 τῇ
2503 1945 2740 2017 τετάρτῃ
2771 1945 2979 2016 ἡμέρᾳ,
3010 1946 3145 1999 καθὸ
3165 1945 3456 2016 φωτίζουσι
3487 1945 3557 2001 τὰ
3579 1946 3671 1998 ἐπὶ

2086 2033 2212 2104 γῆς,
2229 2033 2331 2086 οῦκ
2356 2035 2460 2086 είσι
2479 2031 2592 2104 φῶς
2608 2033 2878 2105 ἀληθινόν·
2903 2036 2930 2086 ὁ
2957 2034 3013 2087 δὲ
3035 2035 3245 2106 Σωτὴρ,
3271 2037 3564 2108 ἐλλάμπων
3589 2037 3666 2107 (5)

2085 2129 2197 2190 τοῖς
2254 2125 2489 2194 λογικοῖς
2545 2125 2640 2178 καὶ
2682 2127 3033 2196 ἡγεμονικοῖς
3063 2165 3077 2189 ,
3128 2127 3217 2180 ἵνα
3260 2128 3440 2182 αὐτῶν
3476 2132 3506 2184 ὁ
3544 2134 3670 2198 νοῦς

2083 2218 2151 2271 τὰ
2181 2218 2287 2272 ἴδια
2312 2217 2482 2289 ὁρατὰ
2521 2217 2714 2289 βλέπῃ,
2749 2216 2844 2270 τοῦ
2871 2217 3061 2289 νοητοῦ
3111 2220 3317 2290 κόσμου
3359 2223 3477 2276 ἐστὶ
3522 2227 3666 2294 φῶς·

2083 2311 2226 2380 λέγω
2264 2311 2320 2364 δὲ
2369 2312 2478 2364 τῶν
2508 2309 2740 2379 λογικῶν
2770 2311 2958 2381 ψυχῶν
2994 2311 3105 2365 τῶν
3147 2313 3207 2367 ἐν
3257 2312 3335 2384 τῷ
3368 2316 3669 2390 αἰσθητικῷ

2083 2402 2291 2471 κόσμῳ,
2325 2401 2420 2455 καὶ
2447 2401 2501 2454 εἷ
2529 2419 2582 2454 τι
2615 2401 2761 2474 παρά
2793 2402 2966 2456 ταῦτα
2993 2403 3302 2479 συμπληροί
3327 2407 3416 2460 τὸν
3437 2409 3662 2480 κόσμον,

2081 2493 2175 2561 ἀφ’
2223 2487 2284 2547 οὗ
2323 2495 2352 2546 ὁ
2390 2493 2582 2565 Σωτὴρ
2636 2489 2773 2548 εἶναι
2812 2497 2960 2566 ἡμᾶς
2997 2496 3268 2552 διδάσκει·
3305 2499 3446 2570 τάχα
3499 2501 3667 2574 μέρος

2081 2584 2244 2638 αὐτοῦ
2301 2585 2362 2638 τὸ
2403 2585 2742 2657 κυριώτατον
2783 2589 2876 2641 καὶ
2904 2589 3160 2662 διαφέρον
3199 2593 3503 2662 τυγχάνων,
3545 2596 3661 2660 καὶ,

2077 2677 2154 2742 ὡς
2181 2677 2329 2730 ἔστιν
2361 2678 2556 2743 εἰπεῖν,
2590 2678 2742 2750 ἥλιος
2794 2680 3010 2752 ἡμέρας
3043 2681 3288 2753 μεγάλης
3331 2685 3536 2756 Κυρίου
3584 2685 3660 2756 (ll)

2080 2772 2342 2842 ποιητής·
2384 2771 2451 2824 δι’
2477 2771 2543 2843 ἦν
2571 2771 2782 2845 ἡμέραν
2824 2773 2957 2845 φησι
2983 2776 3096 2838 τοῖς
3143 2774 3237 2828 τοῦ
3272 2777 3448 2846 φωτὸς
3489 2778 3658 2832 αὐτοῦ

2079 2863 2600 2936 μεταλαμϐάνουσιν·
2639 2863 2983 2934 Ἐρτὰζεσθε
3012 2849 3216 2937 ἕως’(5)
3235 2867 3425 2936 ἡμέρα
3449 2869 3623 2924 ἐστίν
3645 2889 3658 2903 ·

2074 2956 2308 3026 ἔρχεται
2329 2956 2464 3021 νὺξ,
2478 2956 2577 3010 ὅτε
2595 2958 2796 3011 οὐκέτι
2817 2957 3016 3025 οὐδεὶς
3033 2959 3279 3014 δύναται
3291 2961 3656 3032 ἐργάζεσθαί·

2077 3049 2224 3102 ὅταν
2253 3049 2324 3102 ἐν
2349 3048 2428 3114 τῷ
2449 3049 2654 3118 κόσμῳ
2675 3045 2742 3114 ὦ,
2767 3050 2894 3118 φῶς
2921 3054 3038 3122 ειμι
3068 3052 3174 3106 τοῦ
3207 3054 3460 3124 κόσμου.
3505 3057 3657 3110 Ἐπεὶ

2077 3140 2133 3192 δὲ
2165 3139 2260 3192 καὶ
2283 3140 2396 3202 τοῖς
2429 3138 2694 3211 μαθηταῖς
2717 3158 2879 3212 φησιν
2898 3159 2912 3174 ·
2956 3143 3142 3212 Ὑμεῖς
3165 3145 3305 3198 ἐστε
3327 3147 3390 3200 τὸ
3406 3147 3533 3216 φῶς
3551 3151 3658 3204 τοῦ

2077 3231 2332 3299 κόσμου·
2367 3230 2488 3284 καί·
2525 3233 2828 3300 Λαμψάτω
2866 3232 2933 3286 τὸ
2959 3233 3086 3303 φῶς
3120 3236 3287 3304 ὑμῶν
3315 3238 3658 3308 ἔμπροσθεν

2074 3320 2195 3373 τῶν
2234 3319 2592 3388 ἀνθρώπων·
2625 3321 2685 3374 τὸ
2717 3321 2764 3374 δ’
2790 3323 3054 3392 ἀνάλογον
3086 3326 3282 3402 σελήνῃ
3307 3330 3400 3381 καί
3421 3329 3653 3402 ’ἄστροις

2076 3412 2534 3483 ὑπολαμϐάνομεν
2564 3407 2704 3467 εἶναι
2749 3416 2878 3486 περὶ
2920 3416 3018 3487 τὴν
3049 3417 3266 3490 νύμφην
3308 3421 3648 3492 Ἐκκλησίαν,

2073 3504 2166 3557 καὶ
2194 3504 2320 3566 τοὺς
2365 3503 2611 3574 μαθητὰς
2661 3503 2884 3575 ἔχοντας
2925 3507 3122 3560 οἰκεῖον
3163 3508 3296 3577 φῶς,
3335 3509 3367 3580 ἢ
3413 3510 3518 3562 ἀπὸ
3550 3511 3646 3564 τοῦ

2072 3593 2326 3665 ἀληθινοῦ
2357 3594 2506 3665 ἡλίου
2542 3595 2855 3667 ἐπίκτητον,
2886 3597 2971 3650 ἵνα
2998 3599 3274 3666 φωτίσωσι
3325 3600 3399 3672 μὴ
3433 3601 3652 3672 δεδυνη-

2076 3685 2270 3756 μένους
2305 3686 2488 3758 πηγὴν
2516 3689 2574 3739 ἐν
2618 3689 2802 3751 αὐτοῖς
2843 3692 3249 3745 κατασκευάσαι
3285 3693 3481 3762 φωτός.
3523 3688 3648 3748 υἷον

2071 3774 2282 3827 Παῦλον
2319 3777 2418 3847 μὲν
2461 3776 2556 3829 καὶ
2607 3775 2814 3848 Πέτρον
2851 3778 2965 3847 φῶς
3009 3781 3242 3853 ἐροῦμεν
3278 3783 3371 3836 τοῦ
3409 3783 3645 3856 κόσμου·

2069 3867 2194 3931 τοὺς
2222 3867 2278 3920 δέ
2316 3868 2578 3938 τυχόντας
2623 3868 2732 3922 τῶν
2769 3873 2898 3940 παρ’
2944 3873 3128 3936 αὐτοῖς
3169 3874 3645 3948 μαθητευομένων,

2071 3959 2472 4030 φωτιζομένους
2505 3962 2624 4032 μὲν,
2659 3961 2720 4015 οὐ
2756 3962 2862 4034 μὴν
2890 3962 3143 4031 φωτίζειν
3173 3967 3390 4038 ἐτέρους
3412 3967 3644 4038 δυναμέ-

2068 4068 2211 4115 νους,
2242 4052 2330 4104 τὸν
2359 4053 2583 4123 κόσμον,
2613 4048 2674 4108 οὗ
2703 4054 2906 4126 κόσμου
2933 4056 3048 4125 φῶς
3068 4060 3116 4111 οί
3152 4059 3440 4114 ἀπόστολοι
3483 4055 3641 4132 ἦσαν.

2079 4141 2137 4195 '0
2163 4143 2218 4195 δὲ
2238 4144 2428 4214 Σωτὴρ
2449 4144 2564 4213 φῶς
2581 4144 2654 4199 ὢν
2685 4144 2778 4199 τοῦ
2809 4148 3014 4219 κόσμου
3047 4151 3271 4218 φωτίζει
3301 4153 3360 4204 οὐ
3391 4151 3635 4223 σώματα,

2068 4232 2201 4286 ἀλλὰ
2225 4235 2502 4305 ἀσωμάτῳ
2539 4236 2764 4308 δυνάμει
2797 4240 2889 4292 τὸν
2941 4239 3229 4311 ἀσώματον
3264 4243 3408 4307 νοῦν,
3454 4245 3539 4298 ἵνα
3568 4245 3642 4308 ὡς

2067 4325 2172 4380 ὑπὸ
2203 4326 2356 4396 ἡλίου
2410 4326 2639 4392 ἕκαστος
2673 4330 2829 4400 ἡμῶν
2875 4331 3246 4405 φωτιζόμενος
3273 4336 3366 4390 καὶ
3401 4337 3468 4390 τὰ
3510 4337 3642 4390 ἄλλα

385 4417 586 4470 sistens
613 4415 822 4479 tnundi,
853 4431 958 4470 non
993 4433 1241 4486 corpora,
1277 4417 1370 4470 sed
1403 4415 1774 4484 incon-porcam
1803 4431 1956 4470 men-

2080 4417 2259 4488 ῑυνηθῇ
2295 4417 2510 4487 βλέπειν
2561 4422 2746 4491 νοητά.
2791 4425 3002 4497 Ὥσπερ
3043 4427 3099 4480 δὲ
3135 4427 3286 4498 ἡλίου
3318 4431 3640 4498 φωτίζοντος

385 4517 495 4563 tem
537 4510 854 4578 incorporea
897 4510 1136 4577 potentia
1187 4508 1486 4573 illuminat,
1525 4517 1584 4563 ut
1633 4518 1887 4578 tanquam
1926 4522 1954 4560 a

383 4603 498 4657 sole
547 4601 883 4656 illutniuatus
917 4601 1292 4671 unusquisque
1331 4609 1573 4656 nostrum
1621 4599 1801 4654 videre
1852 4599 1953 4653 alia

383 4694 545 4747 etiam
586 4693 939 4764 intelligibilia
975 4691 1242 4765 possll.Ut
1265 4701 1443 4746 autem
1469 4689 1582 4745 sole
1612 4689 1956 4744 illucescente

383 4787 465 4838 vis
499 4785 585 4838 illa
617 4786 758 4840 lunze
805 4797 858 4839 et
892 4787 1173 4840 stellarum
1224 4782 1558 4838 illuminandi
1604 4780 1952 4845 obscuratur,

381 4875 461 4928 sic
489 4874 542 4928 hi
569 4873 660 4944 qui
692 4889 722 4928 a
753 4873 971 4927 Christo
1003 4874 1366 4941 illustrantur,
1396 4874 1605 4944 quique
1636 4871 1952 4942 splendores

380 4967 522 5021 illius
558 4974 944 5036 perceperunt,
993 4966 1194 5019 nullattt
1237 4981 1465 5026 onerant.
1494 4965 1802 5021 desiderant
1847 4963 1948 5018 ali-

2065 4508 2407 4578 ἀμαυροῦται
2437 4510 2496 4562 τὸ
2519 4510 2777 4566 δύνασθαι
2811 4515 3066 4582 φωτίζειν
3111 4517 3338 4590 σελήνην
3360 4521 3453 4572 καὶ
3482 4520 3639 4575 ἀστέ-

2067 4615 2184 4670 ρας.
2216 4598 2387 4662 οὕτως
2408 4601 2454 4654 oi
2481 4601 2876 4674 ἐλλαμπόμενοι
2899 4606 3003 4658 ὑπὸ
3029 4608 3262 4678 Χριστοῦ
3298 4612 3392 4665 καὶ
3418 4612 3516 4674 τάς
3543 4612 3638 4665 αὖ-

2062 4694 2164 4760 γάς
2198 4689 2359 4747 αὐτοῦ
2399 4697 2798 4766 κεχωρηκότες.
2833 4697 2987 4752 οὐδέν
3019 4717 3181 4754 τινων
3207 4702 3637 4774 διακονουμένων

2059 4785 2370 4837 ἀποστόλων
2420 4788 2512 4840 καὶ
2554 4789 2846 4860 προφητῶν
2901 4790 3130 4854 δέονται,
3178 4792 3473 4864 τολμητέον
3527 4795 3636 4866 γάρ

2058 4874 2238 4944 λέγειν
2281 4875 2377 4946 τὴν
2428 4877 2704 4949 ἀλήθειαν,
2749 4879 2867 4931 οὐδὲ
2914 4881 3182 4949 ἀγγέλων,
3218 4885 3512 4958 προσθήσω
3557 4886 3632 4950 δὲ,

2056 4967 2137 5020 ὅτι
2166 4967 2288 5021 οὺδέ
2313 4969 2421 5023 τῶν
2456 4971 2780 5042 κρειττόνων
2815 4971 3096 5043 δυνάμεων
3121 4974 3272 5046 αὐτῷ
3303 4977 3380 5048 τῷ
3418 4995 3633 5046 πρωτο-

445 5132 488 5163 δ⁷
512 5129 669 5185 .loan.
706 5147 746 5198 ι,
781 5131 838 5193 5,
878 5129 932 5184 4.
1006 5130 1050 5162 ⁸³
1081 5130 1237 5190 Joan.
1267 5147 1304 5199 ι,
1327 5134 1382 5190 9.
1458 5135 1502 5168 ⁸⁸
1537 5134 1638 5191 lsa.
1671 5151 1816 5202 ms,
1847 5138 1900 5193 6.

2081 5153 2206 5194 ean.
2248 5155 2323 5206 Ix,
2363 5141 2416 5207 4,
2449 5141 2502 5198 5.
2578 5141 2622 5174 ⁵⁸
2654 5140 2841 5198 Matth.
2873 5159 2925 5209 ν,
2960 5145 3046 5200 Η.

445 5291 522 5364 (2)
558 5292 630 5366 -Ἠ
668 5296 922 5366 σελήνη.
962 5296 1118 5366 Deest
1151 5299 1290 5366 apud
1325 5296 1613 5364 lluetium,
1643 5297 1738 5353 sed
1769 5307 1948 5354 exstat

373 5363 428 5415 in
469 5363 628 5416 cadd.
665 5363 954 5422 Bodleiano
981 5379 1034 5421 et
1069 5363 1390 5424 Barberino.

444 5433 518 5504 (5)
561 5432 707 5507 Ὀμδὲ
733 5435 958 5506 Σωτὴρ,
987 5437 1332 5507 ἐλλάμπων,
1356 5448 1462 5496 etc.
1477 5437 1804 5494 Penuasum
1852 5437 1952 5492 fuit

375 5500 589 5572 Drig'eni
621 5505 799 5561 Patris
833 5500 1036 5562 vintad
1066 5500 1154 5562 res
1175 5500 1364 5563 omnes
1407 5521 1645 5572 creatas,
1698 5508 1818 5564 Filii
1876 5511 1946 5563 ad

372 5585 459 5646 res
495 5577 720 5632 rationis
751 5587 1052 5646 compotes,
1103 5579 1341 5646 Spiritus
1373 5579 1548 5634 sancti
1593 5582 1660 5632 ad
1721 5590 1945 5634 sanctos

360 5641 959 5726 duntaxat‘pertiuei'e:
992 5641 1169 5726 verba
1197 5651 1364 5726 ipsius
1389 5665 1421 5704 e
1447 5650 1540 5726 lib.
1580 5666 1614 5726 ιΔ
1653 5651 1790 5726 Περί
1839 5650 1946 5726 ῥρ-

367 5716 494 5783 χῶν
523 5716 1096 5794 profertlustinianus
1130 5718 1184 5775 in
1218 5716 1390 5778 'calce
1425 5719 1666 5791 epistolae
1696 5716 1783 5794 ad
1836 5720 1946 5775 Me-

2057 5317 2203 5380 nam.
2228 5301 2849 5380 Quamoh‘retmacritcr
2897 5321 2930 5380 a
2962 5307 3284 5380 Theophila
3332 5310 3624 5380 castigatus

2057 5382 2141 5426 est
2170 5373 2221 5426 itt
2256 5371 2504 5451 Paw/toti
2539 5389 2577 5429 ι.
2613 5373 2721 5451 l\_’9s
2764 5391 2890 5430 vero
2921 5377 2970 5432 id
3002 5380 3054 5433 in
3099 5371 3437 5451 Origeuiant's
3465 5371 3623 5434 accu-

2054 5452 2172 5512 rate
2201 5445 2604 5512 perpendimus.
2639 5442 2901 5500 "UETIUS.

2127 5511 2213 5586 (ι)
2255 5513 2500 5586 Κυρίου.
2537 5512 2717 5586 godd.
2758 5515 3079 5574 Bodleianns
3129 5528 3187 5576 et
3244 5518 3615 5586 Barberinus,

2051 5582 2291 5659 κυρίου-ς
2341 5585 2507 5659 editio
2545 5583 2768 5659 lluetii‘._
2793 5587 3049 5659 Χριστοῦ,

2065 5722 2079 5738 ο
2123 5655 2199 5724 (5)
2225 5652 2390 5722 Ἕως.
2429 5653 2590 5710 [idem
2631 5655 2817 5725 codd.,
2847 5652 3022 5726 'rectc,
3047 5659 3187 5725 ἐως;
3220 5658 3385 5716 editio
3411 5656 3612 5729 lluetii,

2050 5740 2144 5786 ως.
2872 5744 2874 5747 ·
