4082 6224
385 181 456 237 69
1487 177 1846 238 COMMENT.
1891 177 1957 232 IN
1995 176 2188 234 IOAN.
2225 176 2468 235 TOMUS
2501 177 2545 234 Ι.
3609 171 3675 225 70

383 299 636 370 γεννήτῳ
677 297 1108 370 μαθητευόμενοι
1158 297 1317 368 φωτί.
1376 298 1580 362 Τοῖςδὲ
1621 297 1698 368 μὴ
1742 294 1978 367 χωροῦσι

2087 309 2320 364 quorum
2353 292 2854 348 administrantium
2902 292 3268 364 apostolorum
3302 292 3385 347 vel
3437 293 3675 362 propheo

385 387 488 453 τὰς
536 387 769 460 ἡλιακὰς
799 387 1038 459 Χριστοῦ
1077 387 1306 450 ἀκτῖνας
1338 388 1387 440 oi
1422 387 1568 457 ἅγιοι
1605 385 1984 449 διακονοῦντες

388 480 696 552 παρέχουσι
732 481 1013 551 φωτισμὸν
1042 479 1225 550 πολλῷ
1256 478 1352 532 τοῦ
1385 479 1795 552 προειρημένου
1826 477 1984 531 ἐλάτ-

390 589 538 636 τονα,
581 573 741 643 μόγις
777 573 871 626 καὶ
918 571 1108 625 τοῦτον
1140 574 1344 644 χωρεῖν
1381 572 1722 642 δυναμένοις,
1759 571 1854 623 καί
1888 571 1981 622 ὑπ’

390 664 555 719 αὑτοῦ
582 665 689 735 πλη
699 665 1166 737 ρουμένοις.Ἔστι
1185 666 1242 718 δὲ
1258 667 1287 718 ό
1310 664 1545 737 Χριστὸς
1567 663 1685 733 φῶς
1698 663 1980 733 τυγχάνων

389 754 618 825 κόσμου,
639 756 752 824 φῶς
765 754 1020 826 ἀληθινὸν
1037 757 1174 827 πρὸς
1183 755 1588 826 ἀντιδιαστολὴν
1605 753 1888 823 αἰσθητοῦ,
1901 753 1980 806 οὑ-

385 845 538 909 δενδς
558 845 818 916 αἰσθητοῦ
847 847 1000 912 ὄντος
1022 847 1277 919 ἀληθινοῦ
1298 847 1528 917 (ϐ),ἀλλ’
1545 847 1688 916 οὐχὶ,
1722 849 1847 900 ἐπεὶ
1879 847 1982 900 οὐκ

389 935 644 1006 ἀληθινὸν
672 936 733 988 τὸ
761 937 1018 1007 αἰσθητὸν
1035 938 1343 1008 (Ἱ),ψεῦδος
1368 937 1696 1008 τὸαίσθητόν
1713 955 1726 968 ⁸
1752 937 1979 992 δύναται

388 1024 497 1095 γὰρ
512 1025 806 1094 ἀναλογίαν
821 1026 966 1096 ἔχειν
981 1027 1042 1080 τὸ
1053 1027 1306 1098 αἰσθητὸν
1323 1028 1459 1100 πρὸς
1472 1029 1534 1081 τὸ
1546 1029 1760 1098 νοητὸν,
1789 1030 1850 1081 οὐ
1869 1030 1978 1099 μὴν

386 1115 448 1168 τὸ
477 1116 670 1186 ψεῦδος
707 1117 879 1186 ὑγιῶς
905 1119 1104 1182 παντὸς
1129 1120 1550 1191 κατηγορεῖσθαι
1581 1119 1677 1172 τοῦ
1710 1120 1814 1172 οὐκ
1845 1121 1981 1190 ἀλη-

389 1206 560 1262 θινοῦ.
589 1208 748 1278 Ζητῶ
777 1208 835 1262 δὲ
869 1211 916 1262 εί
937 1211 1131 1263 ταυτόν
1159 1214 1276 1264 ἐστι
1303 1212 1363 1264 τὸ
1389 1211 1506 1280 φῶς
1532 1211 1626 1264 τοῦ
1661 1211 1872 1281 κόσμου
1908 1211 1986 1282 τῷ

390 1299 531 1367 φωτὶ
562 1299 670 1352 τῶν
695 1299 1017 1372 ἀνθρώπων,
1050 1303 1146 1356 καὶ
1195 1303 1440 1374 ἡγοῦμαι
1476 1302 1705 1354 πλείονα
1750 1303 1983 1374 δύναμιν

392 1393 760 1463 παρίστασθαι
781 1394 872 1447 τοῦ
896 1396 1100 1464 φωτὸς,
1139 1398 1230 1450 ὅτε
1261 1395 1378 1466 φῶς
1410 1395 1506 1449 τοῦ
1555 1398 1762 1466 κόσμου
1808 1413 1980 1468 προσ-

387 1481 732 1558 αγορεύεται,
768 1486 916 1557 ἥπερ
943 1486 1064 1555 φῶς
1096 1486 1207 1540 τῶν
1236 1484 1562 1557 ἀνθρώπων’
1586 1487 1615 1540 ό
1642 1485 1751 1556 γὰρ
1777 1486 1979 1555 κόσμος

385 1573 528 1626 κατά
556 1575 686 1645 μίαν
715 1575 968 1648 ἐκδοχὴν,
1003 1577 1068 1630 οὐ
1105 1576 1268 1646 μόνον
1305 1576 1600 1648 ἄνθρωποι.
1633 1577 1742 1630 Καὶ
1793 1593 1974 1648 παρα-

387 1664 573 1734 στήσει
602 1663 663 1715 τὸ
695 1663 934 1733 πλεῖονῆ
965 1663 1158 1733 ἕτερον
1181 1659 1320 1717 εἶναι
1345 1664 1436 1716 τὸν
1451 1665 1652 1734 κόσμον
1675 1664 1823 1734 παρά
1845 1667 1972 1728 τοὺς

385 1753 708 1826 ἀνθρώπους
725 1758 754 1808 ό
769 1753 986 1817 Παῦλος
1013 1755 1151 1824 πρὸς
1169 1755 1488 1827 Κορινθίους
1508 1757 1754 1828 προτέρᾳ
1771 1757 1968 1826 λέγων·

385 1845 649 1914 Θέατρον
673 1844 1045 1915 ἐγενήθτυιεν
1068 1843 1146 1908 τῷ
1178 1846 1382 1914 κόσμῳ
1425 1847 1520 1900 καὶ
1560 1848 1842 1917 ἀγγέλοις
1875 1850 1976 1905 καὶ

385 1935 746 2002 ἀνθρώποις.
787 1935 1101 2006 Ἐπίστησον
1128 1934 1183 1987 δὲ
1204 1935 1254 1987 εί
1278 1936 1420 1989 κατὰ
1454 1937 1586 2007 μίαν
1619 1939 1845 2010 ἐκδοχὴν
1879 1940 1976 1993 κό-

391 2042 532 2095 σμος
559 2026 706 2079 ἐστὶν
732 2029 765 2098 ἠ
798 2025 1217 2098 ἐλευθερουμένη
1250 2026 1430 2091 κτίσις
1459 2028 1568 2080 ἀπὸ
1594 2028 1695 2099 τῆς
1731 2029 1979 2094 δουλείας

389 2117 492 2186 τῆς
523 2117 725 2186 φθορᾶς
747 2119 826 2180 είς
855 2117 953 2186 τὴν
976 2116 1291 2188 ἐλευθερίαν
1317 2118 1417 2189 τῆς
1444 2119 1605 2191 δόξης
1634 2120 1742 2174 τῶν
1771 2123 1978 2176 τέκνων

388 2206 482 2260 τοῦ
533 2207 684 2270 Θεοῦ,
723 2203 792 2279 ἧς
821 2211 853 2278 ἡ
882 2209 1302 2280 ἀποκαραδοκία
1343 2210 1440 2281 τὴν
1478 2212 1820 2283 ἀποκάλυψιν
1867 2213 1978 2268 τῶν

387 2295 519 2349 υίῶν
541 2296 633 2349 τοῦ
658 2297 792 2350 Θεοῦ
818 2299 1202 2370 ἀπεκδέχεται.
1238 2301 1563 2372 Ἐπίστησον
1583 2303 1662 2370 δὲ,
1698 2304 1975 2376 προσεθή-

384 2404 583 2456 καμεν,
615 2387 704 2441 διὰ
736 2390 798 2442 τὸ
831 2391 1202 2462 παρακεῖσθαι
1235 2393 1298 2446 τὸ
1344 2394 1644 2464 δυνάμενον
1682 2394 1744 2448 τό
1764 2410 1780 2426 ο
1825 2395 1975 2466 Ἐγὼ

380 2478 512 2548 φῶς
539 2483 658 2550 ειμι
689 2480 797 2535 τοῦ
823 2483 1079 2551 κόσμου,
1112 2482 1561 2550 συνεξετάζεσθαι
1594 2484 1823 2540 ἐπὶτῶν
1866 2503 1972 2557 μα-

383 2571 565 2643 θητῶν
601 2573 708 2626 ὑπὸ
751 2573 930 2644 Ἰησοῦ
975 2574 1301 2646 λεγόμενονε
1348 2577 1533 2646 Ὑμεῖς
1562 2577 1705 2632 ἐστε
1738 2579 1806 2632 τὸ
1846 2578 1974 2648 φῶς

383 2663 490 2716 τοῦ
548 2666 808 2733 κόσμου.
855 2666 982 2719 Εἰσὶ
1022 2667 1133 2739 γὰρ
1178 2667 1657 2739 ὑπολαμϐάνοντες
1719 2670 1974 2740 μείζονας

384 2755 526 2812 εἶναι
555 2761 684 2824 τοὺς
713 2761 1043 2833 ἀνθρώπους
1065 2765 1194 2827 τοὺς
1215 2765 1294 2837 τῷ
1317 2765 1492 2835 Ἰησοῦ
1525 2765 1764 2836 γνησίως
1793 2783 1974 2837 μεμα-

385 2849 758 2922 θητευμένους
803 2853 914 2907 τῶν
966 2853 1142 2908 ἄλλων
1181 2858 1520 2928 κτισμάτων,
1569 2861 1617 2913 oi
1660 2860 1759 2930 μὲν
1814 2859 1974 2930 φύσει

386 2942 662 3041 τοιοῦτους
694 2947 1100 3041 γεγενημένους
1134 2947 1233 3041 (8),
1270 2950 1320 3001 οἱ
1361 2948 1419 3002 δὲ
1468 2951 1560 3004 καὶ
1612 2951 1672 3004 ἐν
1713 2951 1858 3023 λόγῳ
1897 2949 1974 3022 τῷ
2002 2981 2046 3041 c

387 3035 530 3090 κατά
557 3037 652 3090 τὸν
699 3037 1080 3110 χαλεπώτερον
1107 3039 1330 3108 ἀγῶνα.
1385 3041 1616 3105 Πλείους
1655 3042 1767 3115 γὰρ
1801 3045 1849 3096 oi
1879 3043 1980 3096 πό-

386 3144 491 3192 νοι,
530 3129 625 3182 καὶ
656 3130 963 3202 ἐπισφαλὴς
992 3133 1025 3202 ἡ
1057 3128 1171 3203 ζωὴ
1213 3131 1325 3184 τῶν
1355 3132 1420 3186 ἐν
1460 3135 1624 3206 σαρκὶ
1657 3135 1752 3187 καὶ
1785 3135 1979 3206 αἵματι

388 3221 542 3292 παρά
564 3223 692 3286 τοὺς
713 3224 770 3277 ἐν
799 3223 1026 3294 αἰθερίῳ
1054 3221 1266 3293 σώματι
1283 3239 1297 3252 ο
1327 3223 1427 3276 οὐκ
1452 3223 1518 3277 ἂν
1551 3223 1660 3277 τῶν
1684 3225 1744 3276 ἐν
1765 3224 1980 3296 οὐρανῷ

390 3316 692 3387 φωστήρων
722 3315 781 3368 ἐν
816 3313 893 3386 τῷ
916 3314 1207 3368 ἀναλαὸεῖν
1251 3313 1320 3367 τὰ
1353 3317 1520 3385 γήϊνα
1571 3313 1802 3385 σώματα
1827 3316 1980 3369 ἀκινο

387 3408 560 3474 δύνως
585 3409 681 3464 καὶ
703 3409 922 3473 πάντως
945 3410 1349 3480 ἀναμαρτήτως
1372 3407 1739 3462 διανυσάντων
1765 3408 1864 3480 τὴν
1891 3408 1980 3462 ὲν-

389 3499 567 3554 ταῦθα
595 3499 759 3571 ζωήν.
794 3502 855 3554 Ol
887 3501 944 3553 δέ
977 3499 1056 3571 τῷ
1096 3499 1241 3570 λόγῳ
1279 3500 1451 3568 τούτῳ
1478 3501 1874 3570 παριστάμενοι
1909 3499 1980 3554 τά

395 3591 628 3662 μέγιστα
660 3592 790 3664 περὶ
828 3590 1152 3663 ἀνθρώπων,
1189 3591 1657 3661 ἀποφαινομέναις
1681 3593 1977 3662 χρήσονται

392 3679 574 3747 λέξεσι
595 3681 702 3734 τῶν
714 3682 754 3732 Γ
761 3681 966 3752 ραφῶν,
982 3683 1042 3735 τὺ
1056 3682 1422 3753 ἀνυπέρθετον
1434 3683 1536 3753 τῆς
1551 3683 1884 3752 ἐπαγγελίας
1899 3683 1976 3754 (9)

390 3772 476 3826 ὅτι
509 3772 601 3824 τὸν
641 3771 928 3844 ἄνθρωπον
961 3773 1152 3843 φθάνει
1188 3774 1556 3844 φασκούσαις,
1604 3777 1666 3828 οὐ
1717 3776 1823 3848 μὴν
1845 3793 1980 3828 ταυά

390 3864 483 3918 τὸν
525 3864 684 3919 τοῦτο
714 3867 808 3920 καὶ
843 3868 1096 3939 περὶτῆς
1141 3867 1394 3931 κτίσεως,
1446 3868 1502 3938 ἦ,
1544 3868 1619 3931 ὡς
1655 3867 1975 3938 ἐδεξάμεθα,

391 3957 600 4027 κόσμου
631 3958 1256 4030 ἀπαγγελλούσαις(1θ)’
1280 3959 1342 4012 τὸ
1363 3958 1472 4031 γὰρ
1498 3956 1555 4010 δέ
1571 3975 1585 3988 '
1623 3958 1718 4024 Ὡς
1745 3959 1860 4028 ἐγὼ
1879 3960 1976 4013 καὶ

391 4049 474 4103 σὺ
488 4048 560 4103 ἐν
569 4049 780 4119 ἐσμεν,
798 4050 898 4103 ἵνα
910 4051 1004 4104 καὶ
1018 4051 1186 4105 αὐτοὶ
1201 4051 1272 4104 ἐν
1283 4053 1316 4113 1’,-
1319 4051 1427 4121 μῖν
1439 4049 1509 4103 ἐν
1517 4045 1648 4114 ὦσι,
1668 4052 1763 4105 καί
1773 4051 1978 4104 ’Ὅπου

391 4142 506 4212 ειμι
541 4141 679 4212 ἐγὼ,
707 4142 838 4196 ἐκεῖ
854 4144 952 4198 καὶ
979 4146 1012 4198 ὀ
1034 4143 1314 4210 διάκονος
1339 4147 1372 4198 ό
1401 4143 1545 4212 ἐμὸς
1565 4144 1756 4209 ἔσται,
1788 4142 1977 4213 σαφῶς

394 4235 524 4309 περὶ
543 4237 640 4290 ἀνθ
650 4236 846 4308 ρώπων
872 4220 1286 4309 ἀναγέγραπται
1307 4255 1322 4269 ο
1355 4238 1483 4310 περὶ
1505 4238 1563 4292 δὲ
1589 4237 1692 4308 τῆς
1723 4237 1974 4300 κτίσεως,

2091 397 2291 451 larunt,
2327 402 2391 440 ac
2424 402 2492 441 ne
2525 386 2840 457 angelorum
2876 387 3141 454 quidem:
3189 385 3494 440 audendum
3525 386 3672 438 enim

2086 487 2168 530 est
2213 478 2500 531 veritatem
2531 479 2747 532 dicere:
2787 479 3016 546 proinde
3049 477 3265 542 addam,
3315 491 3490 546 neque
3529 491 3673 544 pra:-

2085 567 2547 622 stantissintarnm
2598 570 2858 622 virtutum
2904 583 3000 622 eos
3048 569 3332 635 indigere,
3364 581 3502 636 quos
3555 566 3672 635 ipsa

2085 658 2411 728 primigenia
2442 659 2553 728 28
2581 659 2670 713 lux
2697 660 2996 714 edocuerit.
3028 659 3200 714 Porro
3229 659 3294 713 iis
3324 661 3416 727 qui
3449 657 3672 712 minime

2083 751 2294 804 εοιτιιοιιε
2351 751 2558 805 Christi
2615 753 2796 805 radios
2853 765 3048 820 capere
3084 752 3306 814 valent,
3348 752 3526 805 sancti
3566 746 3670 816 ipsi

2083 843 2458 898 ministrantes
2496 843 2674 896 lucem
2714 844 2976 912 pra-bent,
3007 845 3102 899 sed
3124 857 3186 896 ea
3220 858 3383 912 quam
3419 840 3708 922 prtedixi-5

2084 951 2204 990 mus
2231 934 2386 1004 longe
2412 934 2752 996 inferiorem,
2779 949 2902 989 cum
2933 935 3019 988 vix
3047 933 3248 1002 alioqui
3279 934 3420 986 hanc
3445 947 3668 1001 parvam

2085 1027 2185 1096 ipsi
2239 1043 2438 1097 capere
2471 1027 2686 1082 valeant
2711 1043 2836 1081 mox
2881 1027 2948 1080 ah
2994 1027 3111 1094 ipsa
3165 1024 3328 1094 pleni.
3359 1024 3452 1078 Est
3485 1033 3668 1078 autem

2084 1119 2335 1173 Christus
2366 1121 2455 1173 lux
2490 1121 2715 1173 mundi:
2754 1129 2837 1174 est
2867 1128 2922 1174 et
2953 1118 3042 1172 lux
3075 1132 3229 1181 vera,
3276 1115 3346 1170 ad
3388 1114 3504 1181 ejus
3533 1115 3672 1167 lucis

2087 1209 2445 1264 diﬂerentiam
2478 1226 2599 1280 qua:
2647 1226 2812 1264 sensu
2850 1208 3178 1278 percipitur;
3209 1222 3330 1261 cum
3369 1205 3502 1259 nihil
3529 1205 3672 1273 quod

2087 1315 2249 1354 sensu
2281 1301 2620 1369 percipiatur
2654 1300 2729 1353 sit
2767 1315 2991 1365 verum;
3024 1311 3122 1350 nec
3158 1307 3334 1350 tamen
3373 1298 3496 1362 quia
3527 1297 3672 1364 quod

2086 1405 2249 1443 sensu
2283 1390 2585 1459 percipitur
2616 1406 2723 1444 non
2750 1400 2830 1444 est
2863 1405 3072 1451 verum,
3108 1388 3311 1442 idcirco
3340 1387 3535 1440 falsum
3563 1397 3672 1450 est,

2084 1498 2207 1535 nam
2234 1492 2414 1550 potest
2437 1483 2902 1551 comparationem
2930 1482 3445 1550 proportionemque
3467 1479 3672 1532 habere

2081 1574 2224 1642 quod
2258 1587 2420 1626 sensu
2458 1574 2755 1642 percipitur
2781 1573 2846 1626 ad
2877 1573 3005 1626 illud
3033 1573 3178 1642 quod
3209 1572 3394 1625 animo
3423 1571 3670 1625 cernitur

2083 1667 2402 1736 rationeque
2453 1667 2941 1736 comprehenditur
2969 1705 2986 1730 ,
3017 1681 3142 1720 cum
3176 1665 3393 1719 interim
3423 1679 3554 1718 sane
3585 1679 3671 1717 re-

2079 1769 2272 1829 cteque
2302 1759 2368 1813 de
2399 1760 2549 1814 omni
2590 1774 2698 1813 non
2756 1774 2884 1812 vero
2923 1774 3030 1813 non
3077 1758 3404 1828 praedicetur
3448 1756 3666 1812 falsum.

2082 1853 2277 1920 Quer
2307 1861 2490 1906 autem
2525 1868 2592 1906 an
2631 1851 2773 1905 idem
2803 1850 2874 1904 sit
2915 1851 3002 1904 lux
3055 1849 3240 1904 mttndi
3285 1861 3341 1905 et
3371 1850 3457 1903 lux
3493 1849 3670 1904 homi-

2085 1959 2236 1998 num.
2272 1944 2350 1997 Ac
2381 1957 2561 1996 meum
2589 1943 2808 2010 quidem
2838 1943 3100 2011 judicium
3132 1952 3214 1995 est
3239 1941 3501 2009 majorem
3540 1952 3671 1998 tune

2086 2036 2228 2090 lucis
2259 2036 2365 2088 vim
2395 2035 2650 2088 exhiberi
2685 2050 2811 2088 cum
2840 2034 3143 2103 appellatur
3170 2034 3260 2086 lux
3290 2034 3477 2087 mundi
3508 2048 3669 2100 quam

2086 2127 2308 2197 quando
2353 2125 2444 2179 lux
2488 2125 2812 2180 hominum:
2864 2140 2988 2178 nam
3026 2125 3261 2178 mundus
3306 2123 3460 2192 juxta
3506 2140 3670 2178 unum

2086 2232 2342 2282 sensum,
2375 2231 2482 2270 non
2513 2225 2722 2269 tantum
2764 2215 3032 2270 homines.
3069 2214 3137 2268 Et
3166 2215 3364 2270 Paulus
3395 2216 3446 2269 in
3492 2216 3673 2286 priore

2086 2308 2152 2362 ad
2202 2307 2520 2363 Corinthios
2564 2305 2811 2374 Epistola
2867 2303 3041 2373 majus
3076 2307 3335 2373 quiddam
3377 2322 3498 2361 esse
3527 2346 3544 2373 ,
3588 2309 3672 2361 vt-l

2083 2401 2246 2456 etiam
2273 2399 2547 2453 diversum
2575 2397 2644 2451 ah
2669 2397 2982 2452 hominibus
3001 2399 3260 2452 mundum
3286 2400 3430 2453 hunc
3449 2400 3671 2464 astruit,

2083 2493 2302 2548 dicens:
2348 2489 2630 2544 Theatrum
2659 2489 2790 2559 {acti
2823 2505 3006 2543 suum:
3041 2489 3257 2554 mundo,
3285 2500 3334 2543 et
3364 2493 3586 2560 angelis,
3619 2505 3668 2546 et

2082 2583 2380 2638 hominibus
2406 2582 2477 2638 ⁸¹.
2511 2581 2752 2636 Proinde
2795 2581 3030 2634 observa
3057 2595 3126 2634 an
3151 2581 3308 2648 juxta
3348 2597 3514 2636 unum
3543 2598 3668 2638 sen-

2083 2691 2202 2730 sum
2230 2673 2464 2729 mundus
2497 2673 2571 2728 sit
2598 2683 2851 2727 creatura
2881 2672 2971 2726 illa
3001 2688 3120 2742 qua:
3149 2673 3435 2727 liberanda
3468 2673 3670 2729 dicitur

2083 2772 2151 2822 ab
2179 2768 2433 2823 interitus
2466 2768 2738 2822 servitute
2785 2767 2840 2820 in
2879 2766 3182 2821 libertatem
3215 2767 3403 2838 gloriae.
3433 2767 3667 2823 ﬁliorum

2084 2860 2180 2915 Dei
2209 2861 2279 2927 ³³,
2305 2859 2464 2928 cujus
2500 2859 2794 2912 vehemens
2817 2857 3154 2913 desiderium
3188 2859 3572 2916 revelationem
3607 2860 3668 2914 li-

2082 2950 2278 3006 liorum
2304 2949 2400 3005 Dei
2427 2949 2802 3018 exspectat“.
2831 2949 3072 3004 Observa
3103 2959 3306 3017 autem,
3333 2952 3666 3015 addidimus.

2081 3043 2224 3112 quod
2259 3043 2314 3096 in
2350 3041 2586 3096 medium
2641 3041 2899 3110 producta
2938 3041 3142 3096 fuerint
3188 3053 3253 3096 ea
3295 3043 3496 3097 verba:
3552 3040 3666 3112 Ego

2080 3150 2194 3189 ﬂlm
2231 3133 2326 3187 lux
2355 3134 2538 3186 mundi
2569 3133 2638 3200 ³³,
2671 3147 2791 3202 qua:
2821 3141 3055 3202 possunt
3083 3133 3251 3187 etiam
3284 3136 3351 3188 de
3382 3134 3665 3202 discipulis

2081 3225 2337 3294 intelligi,
2377 3239 2504 3279 cum
2533 3225 2614 3278 eis
2643 3238 2861 3294 quoque
2900 3221 3060 3280 Jesus
3105 3225 3305 3280 dixerit
3336 3243 3348 3280 :
3409 3225 3508 3280 Vos
3536 3227 3663 3281 estis

2080 3318 2174 3372 lux
2199 3319 2474 3372 mundi".
2519 3316 2803 3386 Siquidem
2840 3327 2966 3372 sunt
3005 3319 3096 3386 qui
3144 3318 3498 3386 suspicantur
3527 3333 3666 3386 prae-

2081 3410 2382 3464 stantiores
2420 3408 2543 3463 aliis
2580 3410 2851 3464 creaturis
2879 3425 2974 3464 eos
3005 3424 3126 3464 esse
3177 3409 3429 3464 homines
3455 3409 3552 3480 qui
3595 3411 3664 3464 ah

2079 3501 2198 3570 ipso
2247 3499 2376 3555 Jesu
2410 3501 2624 3556 sincere
2671 3502 2849 3556 edocti
2882 3501 3109 3556 fuerint.
3148 3500 3391 3566 Quorum
3417 3500 3506 3554 alii
3536 3501 3662 3568 qui-

2079 3591 2200 3645 dem
2231 3592 2331 3645 lios
2359 3592 2609 3646 homines
2636 3603 2853 3651 natura,
2896 3589 2988 3642 alii
3042 3604 3172 3643 vero
3206 3589 3416 3641 ratione
3458 3602 3578 3655 quas
3607 3589 3660 3642 in

2079 3684 2295 3739 actione
2314 3682 2600 3736 diﬂiciliori
2629 3693 2898 3744 versatur,
2921 3680 3057 3733 tales
3081 3680 3346 3734 exsistere
3371 3679 3658 3744 allirmant;

2080 3776 2315 3842 majores
2345 3773 2488 3827 enim
2519 3772 2737 3827 lahores
2771 3771 3090 3841 majoraque
3122 3772 3242 3825 vita:
3272 3771 3538 3842 pericula,
3565 3773 3657 3842 qui

2080 3880 2248 3920 carne
2293 3879 2358 3919 ac
2410 3863 2672 3934 sanguine
2725 3873 3020 3927 constant,
3075 3863 3317 3928 habere,
3369 3879 3530 3934 quam
3568 3868 3659 3935 qui

2079 3960 2322 4014 :ethereo
2351 3973 2602 4027 corpore.
2656 3957 2788 4012 Nam
2823 3973 2998 4026 neque
3043 3957 3244 4012 lumina
3276 3957 3522 4014 cmlestia
3576 3959 3658 4012 di-

2079 4060 2210 4106 cunt
2251 4065 2479 4120 corpora
2532 4060 2747 4106 terrena
2794 4051 2838 4107 si
2889 4050 3301 4118 suscepissent,
3336 4065 3366 4104 a
3399 4050 3658 4120 periculis

2077 4144 2304 4199 omnino
2340 4151 2392 4198 et
2438 4158 2466 4197 a
2519 4145 2791 4213 peccando
2829 4144 3088 4199 imnmnia
3137 4151 3462 4214 prmsentem
3494 4143 3657 4196 vitam

2083 4243 2447 4290 transactura.
2481 4233 2581 4289 Cui
2621 4234 2785 4288 etiam
2818 4237 3015 4290 rationi
3059 4237 3149 4306 qui
3186 4237 3376 4290 favent
3404 4234 3657 4302 Scriptu-

394 4328 474 4382 ὅτι
520 4327 895 4400 ἐλευθεροῦται
936 4329 1045 4382 ἀπὸ
1090 4329 1190 4399 τῆς
1231 4327 1473 4392 δουλείας
1516 4329 1616 4399 τῆς
1657 4327 1864 4398 φθορᾶς
1896 4328 1977 4391 εἰς

2082 4341 2265 4379 rarum
2310 4327 2673 4394 quarumdam
2723 4326 3052 4384 testimoniis
3088 4323 3502 4380 enuntiantihus
3541 4337 3656 4375 ma-

393 4419 492 4490 τὴν
530 4417 842 4489 ἐλευθερίαν
866 4419 966 4488 τῆς
996 4418 1155 4490 δόξης
1190 4419 1300 4472 τῶν
1329 4419 1535 4472 τέκνων
1567 4417 1661 4471 τοῦ
1687 4418 1843 4483 Θεοῦ,
1879 4417 1974 4470 καὶ

395 4510 820 4581 προσθήσουσιν,
866 4511 948 4562 ὅτι
993 4511 1134 4582 οὐχὶ,
1181 4512 1230 4564 εἰ
1278 4509 1678 4582 ἐλευθεροῦται,
1731 4509 1830 4581 ἤδη
1879 4509 1972 4562 καὶ

397 4604 644 4656 κοινωνεῖ
678 4603 776 4673 τῆς
805 4603 963 4674 δόξης
990 4605 1098 4656 τῶν
1139 4604 1344 4658 τέκνων
1385 4603 1477 4656 τοῦ
1511 4601 1667 4656 Θεοῦ.
1697 4603 1813 4655 Οὐκ
1839 4604 1977 4656 ἀπο-

401 4695 734 4764 σιωπήσουσι
775 4693 832 4746 δὲ
865 4689 1009 4750 οὗτοι
1048 4695 1143 4747 καὶ
1185 4695 1245 4748 τὸ
1284 4694 1376 4748 τὸν
1410 4693 1753 4764 πρωτότοκον
1795 4691 1977 4762 πάσης

399 4785 624 4850 κτίσεως
667 4785 754 4840 διὰ
780 4787 880 4857 τὴν
912 4787 1048 4858 πρὸς
1079 4786 1170 4840 τὸν
1198 4785 1484 4858 ἄνθρωπον
1511 4783 1652 4855 ὑπὲρ
1693 4783 1871 4836 πάντα
1898 4799 1978 4835 τι-

2080 4415 2224 4470 xima
2247 4417 2316 4470 de
2347 4416 2678 4483 hominibus,
2704 4417 3311 4486 supervenientiamqne
3341 4412 3660 4482 promissio.

2079 4507 2165 4562 nis
2199 4508 2266 4561 ad
2303 4509 2579 4564 hominem
2624 4510 2897 4580 pertinere
2937 4509 3261 4568 dicentibus,
3303 4502 3453 4557 usuri
3508 4513 3654 4567 sunt.

2081 4612 2204 4652 cum
2238 4607 2415 4652 tamen
2452 4599 2554 4654 hoc
2599 4601 2776 4668 ipsum
2812 4599 2878 4653 de
2904 4609 3178 4664 creatura,
3207 4592 3316 4656 vel,
3349 4601 3408 4645 ut
3449 4591 3658 4646 intelle-

2082 4690 2286 4750 ximus,
2317 4688 2383 4740 de
2412 4689 2615 4742 mundo
2676 4684 2993 4741 testimonia
3030 4685 3145 4741 hac
3174 4700 3282 4740 non
3312 4682 3652 4753 promittant.

2083 4776 2220 4833 Illud
2284 4777 2430 4831 enim
2477 4776 2569 4830 ":
2643 4775 2709 4829 Ut
2760 4788 2904 4842 ego,
2966 4784 3022 4833 ct
3085 4788 3140 4832 tu
3204 4790 3369 4831 unum
3430 4789 3654 4840 suntm,

503 4921 548 4953 "
579 4919 746 4975 lCor.
779 4933 853 4984 tv,
881 4919 936 4974 9.
1014 4918 1059 4950 ⁸³
1098 4917 1257 4973 Rom.
1291 4932 1392 4982 vn,
1423 4913 1509 4970 l9.
1585 4912 1631 4946 “
1663 4912 1794 4968 ihid.
1825 4913 1914 4966 21.

2082 4911 2222 4965 loan.
2247 4925 2366 4976 vm,
2395 4904 2484 4963 12.
2586 4905 2636 4940 ³⁴
2661 4905 2860 4972 Matth.
2879 4925 2939 4982 ν,
2965 4911 3055 4970 ﬂ.
3137 4914 3182 4946 ³⁷
3207 4911 3366 4966 Joan.
3398 4923 3529 4973 xvn,
3560 4909 3651 4966 ει.

469 5063 546 5135 (6)
579 5060 837 5135 Οὐδενὸς
865 5055 1154 5135 αισθητοῦ
1173 5055 1346 5135 ὄντος
1376 5050 1688 5135 ἀληθινοῦ.
1727 5049 1869 5135 ﬂare
1883 5064 1969 5135 [ex

399 5119 829 5188 adhiéseentiori'
859 5119 1154 5182 Academia
1187 5119 1504 5197 deprompta
1527 5130 1673 5179 sunt.
1727 5119 1848 5176 Vid.
1880 5119 1988 5182 Ci-_

399 5220 513 5261 cer.
539 5202 791 5256 Academ.
819 5215 892 5253 Iv.
922 5199 1182 5253 IlcE'rtus.

456 5259 533 5344 ('ll
573 5273 728 5344 ’41.?
749 5269 905 5344 οὐχὶ,
931 5268 1060 5344 ἐπεὶ
1093 5269 1204 5321 οὐκ
1237 5265 1532 5344 diluat-fda:
1563 5263 1626 5344 τό
1661 5259 1970 5328 αἰσθητὸν,

397 5334 506 5402 etc.
553 5334 1088 5413 ’Alnetvév'qnippe,
1147 5347 1199 5413 et
1247 5336 1345 5389 οὐκ
1391 5334 1972 5413 ἀληθινόνμοιψιξιιιιιι·

400 5401 488 5471 tur
505 5401 902 5482 ἀντιφατικῶςῖ
932 5401 1206 5482 ’Ᾱληθι-νόν
1240 5415 1423 5482 autem
1453 5401 1507 5458 et
1543 5401 1775 5472 ψεῦδος,
1818 5401 1974 5482 ἐναν-

579 5469 782 5536 Eorum
806 5469 1071 5547 veroqui:
1099 5473 1464 5549 ἀντιφατικῶς
1495 5469 1838 5549 opponuntur
1893 5469 1973 5522 al-

403 5540 666 5611 terutrum
689 5566 875 5606 verum
905 5540 1018 5614 est;
1043 5564 1162 5617 qua:
1188 5540 1462 5604 ἐναντίως.
1493 5540 1598 5596 non
1630 5543 1778 5617 item.
1821 5540 1895 5617 ID.

468 5625 548 5681 (Si
574 5625 637 5677 υἱ
660 5622 778 5693 μὲν
809 5608 1016 5691 gelidae
1041 5608 1348 5681 ἰοῖοὐτους
1377 5613 1826 5683 γεγενημένους.
1893 5608 1967 5664 Ea

2077 5059 2196 5105 erat
2229 5047 2732 5107 Valentinianorum
2777 5047 3064 5110 doctrina,
3114 5047 3205 5114 qui
3248 5049 3358 5094 tres
3408 5037 3650 5108 diversa;

2079 5121 2360 5175 hominum
2392 5130 2615 5178 naturas
2646 5120 2940 5188 ﬁngebant.
2971 5117 3048 5169 lo.

2149 5191 2223 5266 (θ)
2258 5191 2325 5245 Τὸ
2349 5176 2753 5266 ἀνυπέρθετοξ
2781 5187 2888 5256 τῆς
2914 5181 3301 5266 ἐπαγγελίας.
3320 5176 3483 5266 thale
3521 5178 3652 5234 Fer-

2080 5262 2292 5329 rarius,
2343 5262 3262 5330 super-venientiumpromissionis;
3319 5263 3404 5308 le
3474 5265 3652 5330 tamen

2079 5322 2530 5388 Latine'reddere
2561 5329 2740 5401 possij
2769 5346 2782 5382 :
2817 5322 2945 5401 illud
2964 5322 3110 5401 epim
3144 5333 3228 5401 est
3249 5335 3356 5390 quo
3382 5322 3655 5395 promissa

2080 5404 2280 5458 habent
2303 5413 2361 5456 ut
2391 5393 2612 5454 mininie
2641 5396 2846 5450 diﬂ'erri
2877 5393 3117 5466 possint.
3144 5394 3220 5448 In.

2150 5454 2262 5544 (ni)
2303 5454 3191 5541 itaaneuodaaigflt‘errarius
3218 5463 3343 5535 legit
3385 5454 3665 5540 ξυγγελ-

2075 5545 2312 5607 λούσαις.
