4040 6210
494 264 553 318 7|
687 281 722 309 ι
1337 223 1358 246 “’
1969 263 2042 320 or

2146 262 2294 319 ΕΝίὸ
3671 263 3744 318 7?.

492 381 601 452 29
627 391 680 434 tu
704 391 751 435 et
777 379 876 450 ipsi
891 380 943 434 in
971 379 1117 434 nobis
1149 380 1254 434 sint
1272 396 1292 446 ;
1319 389 1373 437 et
1401 380 1450 414 ⁸⁸
1475 399 1488 435 :
1520 379 1620 436 Ubi
1645 397 1738 452 ego
1767 397 1910 446 sunt,
1940 383 2042 436 iuit

2166 382 2270 454 μὴν
2299 381 2582 454 ἄνθρωπον
2617 381 2714 452 μὲν
2743 379 3042 450 γεγονέναι,
3073 379 3133 432 οὐ
3169 377 3274 450 μὴν
3303 375 3441 441 ζῶόν
3466 393 3519 428 τι
3544 375 3654 428 τῶν
3685 377 3743 428 ἐν

491 477 583 528 erit
610 481 660 528 et
685 473 922 528 minister
950 490 1114 538 metu,
1157 483 1343 543 aperte
1371 473 1436 527 de
1460 474 1769 528 hominibus
1799 474 2060 543 scriptum

491 573 604 630 est;
635 565 702 618 de
735 575 982 620 creatura
1021 577 1167 628 vero,
1217 563 1358 633 quod
1393 562 1658 618 liberatur
1687 566 1755 617 ab
1809 563 2064 619 interitus

490 655 838 726 corruptione
890 655 943 709 in
991 655 1300 710 libertatem
1353 651 1539 724 gloriae
1587 653 1821 709 (iliorum
1869 653 1964 708 Dei
1989 654 2058 719 ",

489 747 648 799 etiam
679 745 896 809 addent,
930 761 1034 800 non
1075 747 1120 800 si
1169 746 1449 812 liberatur,
1488 746 1601 816 jam
1634 747 1799 801 etiam
1842 747 2064 817 partici-

489 854 606 906 petn
643 853 762 893 esse
799 838 1030 892 filiorum
1074 839 1167 894 Dei
1199 839 1406 908 εισι-ἕω.
1452 837 1566 893 Non
1611 838 1850 894 silebunt
1879 848 2060 892 autem

487 929 650 982 etiam
700 928 814 994 isti,
848 928 1268 998 primogenitum
1305 929 1484 984 omnis
1531 937 1826 992 creaturte,
1871 943 1970 998 pro
1998 942 2063 982 eo

487 1019 696 1075 honore
722 1035 828 1088 quo
856 1020 1127 1074 hominem
1159 1029 1357 1089 praeter
1393 1029 1586 1075 caitera
1613 1020 2059 1090 prosequebatur,

487 1111 760 1167 hominem
790 1111 1022 1172 factum,
1053 1125 1156 1165 non
1182 1110 1379 1164 animal
1409 1111 1622 1182 aliquod
1646 1111 1886 1166 caeleste.
1915 1108 2058 1176 Quin

485 1205 650 1257 etiam
703 1217 895 1257 rursus
945 1203 1147 1257 addunt
1185 1203 1493 1257 ministram
1525 1215 1580 1258 et
1631 1219 1845 1258 servam
1873 1201 2062 1270 cogni-

487 1295 652 1348 tionis
679 1292 805 1350 Jesu
835 1293 1069 1354 stellam,
1102 1309 1224 1364 qua:
1266 1295 1318 1348 in
1348 1296 1557 1349 oriente
1589 1295 1856 1365 apparuit,
1900 1309 2059 1348 crea-

487 1396 595 1440 tam
628 1386 793 1441 fuisse
825 1387 906 1441 vel
937 1386 1170 1440 similem
1222 1387 1446 1456 reliquis
1491 1388 1676 1451 astris,
1714 1386 1796 1440 vel
1825 1385 2060 1440 fortasse

481 1479 648 1532 etiam
679 1479 1115 1547 prmstantiorem
1145 1518 1160 1543 ,
1211 1479 1412 1550 quippe
1462 1494 1584 1548 qua:
1622 1479 1866 1533 omnium
1919 1491 2059 1547 prte-

482 1570 876 1624 stantissimnm
914 1571 1242 1637 designaret.
1281 1571 1434 1638 Quod
1467 1569 1512 1624 si
1554 1569 1907 1638 gloriationes
1935 1585 2059 1623 san-

481 1668 690 1713 ctorum
717 1667 842 1710 sunt
871 1657 924 1710 itt
957 1657 1363 1724 afﬂictionibus,
1395 1657 1484 1728 qui
1508 1658 1682 1710 sciunt
1724 1659 2055 1728 aﬂiictionem

2164 473 2397 546 οὐρανῷ.
2442 471 2601 526 Ἀλλά
2625 472 2720 526 καὶ
2752 471 3022 544 δεύτερον,
3054 469 3148 523 καὶ
3191 469 3459 532 διάκονον,
3503 467 3598 521 καὶ
3621 465 3725 520 δοῦ

2164 567 2254 620 λον
2279 566 2380 636 τῆς
2409 563 2664 634 γνώσεως
2708 562 2880 633 ’1ησοῦ
2911 561 3002 615 τὸν
3042 562 3101 614 ὲν
3137 563 3202 632 τῇ
3238 559 3468 629 ἀνατολῇ
3505 557 3749 626 φανέντα

2163 657 2370 728 ἀστέρα
2399 652 2913 726 δεδημιουργῆσθαι,
2947 652 3069 724 ἦτοι
3107 651 3292 721 ὅμοιον
3319 649 3452 704 ὄντα
3478 651 3593 714 τοῖς
3632 649 3748 703 λοι-α

2164 751 2286 811 ποϊς
2314 746 2552 817 ἄστροις,
2586 745 2620 816 ἢ
2648 745 2788 814 τάχα
2813 743 2905 797 καὶ
2935 743 3240 815 κρείττονα,
3277 742 3372 796 ἆτε
3399 740 3492 794 τοῦ
3521 740 3743 794 πάντων

2160 839 2506 910 διαφέροντος
2536 837 2824 908 γενόμενον
2849 838 3090 906 σημεῖον.
3111 835 3222 888 Καὶ
3243 835 3291 886 εί
3313 833 3383 886 τὰ
3407 834 3742 905 καυχήματα

2160 931 2268 984 τῶν
2298 931 2466 998 ἁγίων
2490 930 2638 983 ἐστὶν
2667 930 2726 982 ὲν
2752 928 3015 998 θλίψεσιν,
3046 925 3308 989 εἰδότων,
3341 925 3428 978 ὅτι
3459 927 3498 994 ἡ
3529 927 3740 994 θλίψις

2159 1019 2477 1089 ὑπομονὴν
2515 1016 2941 1088 κατεργάζεται,
2970 1020 3008 1086 ἡ
3052 1015 3122 1069 δὲ
3148 1015 3422 1085 ὑπομονὴ
3447 1015 3732 1085 δοκιμὴν,

2161 1109 2200 1176 ἠ
2231 1107 2298 1161 δὲ
2323 1106 2535 1176 δοκιμὴ
2563 1106 2800 1169 ἐλπίδα,
2827 1108 2864 1174 ἡ
2890 1105 2958 1158 δὲ
2991 1103 3168 1169 ἐλπὶς
3215 1105 3287 1157 οὐ
3326 1105 3734 1172 καταισχύνει·

2159 1199 2282 1253 οὔτε
2311 1199 2606 1270 ὑπομονὴν,
2635 1198 2754 1252 οὔτε
2792 1198 3040 1269 δοκιμὴν,
3076 1196 3199 1250 οὔτε
3221 1195 3410 1250 ἐλπίδα
3454 1195 3565 1262 ἕξει
3595 1197 3628 1262 ἠ
3661 1195 3737 1268 μὴ

2157 1293 2489 1366 τεθλιμμένη
2522 1293 2696 1355 κτίσις
2726 1292 2824 1362 τὴν
2855 1292 2996 1361 ἴσην,
3029 1288 3164 1342 ἀλλὰ
3199 1288 3390 1358 ἑτέραν
3410 1304 3423 1317 ⁶
3464 1288 3626 1341 Ἐπεὶ
3657 1287 3734 1356 τῇ

2153 1387 2500 1457 ματαιότητι
2527 1387 2564 1453 ἡ
2608 1385 2808 1450 κτίσις
2841 1380 3105 1451 ὑπετάγη
3144 1382 3256 1449 οὐχ
3301 1379 3548 1442 ἑκοῦσα,
3573 1380 3735 1434 dua

2157 1477 2254 1532 διὰ
2282 1477 2389 1531 τὸν
2415 1474 2796 1538 ὑποτάξαντα
2837 1474 2929 1526 ἐπ’
2967 1469 3185 1526 ἐλπίδι.
3229 1471 3288 1522 '0
3313 1469 3367 1524 δὲ
3405 1470 3479 1542 μὴ
3513 1469 3732 1540 τολμῶν

2159 1569 2226 1622 τά
2261 1565 2563 1640 τηλικαῦτα
2588 1565 2666 1636 τῷ
2701 1563 2969 1635 ἀνθρώπῳ
3003 1561 3492 1634 κατακεχαρίσθαι,
3538 1561 3729 1615 ἄλλοσε

2156 1660 2413 1731 χωρήσας
2435 1657 2514 1728 τῷ
2543 1657 2807 1727 θελήματι
2828 1655 2962 1726 (ll),
2998 1657 3159 1727 φήσει
3188 1657 3252 1724 τῇ
3287 1653 3604 1725 ματαιότητι
3629 1652 3730 1724 τὴν

481 1764 671 1816 parere
699 1750 1030 1818 patientiam,
1054 1750 1362 1818 patientiam
1383 1764 1502 1804 vero
1525 1749 1908 1816 probationem,
1932 1766 2042 1816 pro«

2157 1749 2332 1805 κτίσιν
2363 1749 2810 1818 ὑποτασσομένην
2833 1745 3107 1800 θλίϐεσθαι
3127 1744 3326 1816 μᾶλλον
3344 1744 3728 1808 στενάζουσαν,

481 1839 737 1893 bationem
768 1856 889 1893 vero
921 1856 1084 1906 spem,
1118 1857 1260 1910 spem
1288 1855 1460 1894 autent
1495 1857 1597 1895 non
1618 1840 1936 1908 confundere
1960 1840 2007 1870 “
2033 1857 2050 1906 ;

482 1944 659 1998 neque
687 1932 1031 2000 patientiam,
1066 1946 1242 2000 neque
1284 1930 1659 2002 probationem
1689 1932 1912 1986 habebit
1947 1948 2051 1986 non

481 2019 678 2076 afflicta
712 2033 963 2076 creatura
997 2023 1281 2091 aequalem,
1317 2021 1414 2077 sed
1455 2025 1762 2089 diversam,
1803 2025 2054 2092 quoniam

478 2109 701 2163 vanitati
729 2120 970 2163 creatura
1003 2112 1235 2178 subjecta
1267 2121 1342 2165 est
1371 2128 1474 2164 non
1505 2111 1701 2175 volens,
1738 2110 1827 2164 sed
1845 2121 2056 2178 propter

475 2215 593 2253 eum
621 2202 710 2269 qui
733 2202 951 2270 subjecit
995 2202 1146 2256 illaut
1177 2203 1272 2256 sub
1309 2220 1397 2271 spe
1420 2204 1486 2257 “.
1513 2202 1783 2258 Caeterum
1820 2202 1910 2272 qui
1941 2217 2048 2257 non

479 2291 532 2346 in
564 2293 800 2346 animum
831 2293 1038 2348 inducit
1059 2308 1216 2347 suum
1254 2294 1377 2346 talia
1415 2294 1620 2348 homini
1647 2293 1914 2348 beneﬁcia
1940 2293 2054 2347 col-

479 2381 586 2436 lata
615 2383 803 2447 fuisse,
830 2385 936 2437 alio
954 2385 1233 2438 voluntate
1267 2385 1520 2448 tendens,
1561 2386 1707 2438 dicet
1737 2394 2048 2439 creaturam

478 2489 601 2544 qua:
623 2476 847 2530 vanitati
873 2479 1154 2546 suspirans
1185 2478 1448 2547 subjacet,
1485 2477 1646 2548 aliligi
1679 2480 1848 2548 magis
1886 2493 2048 2547 quam

477 2566 578 2622 bos
605 2567 695 2636 qui
722 2568 1002 2638 suspirant
1034 2568 1086 2622 in
1119 2570 1219 2624 hoc
1255 2569 1612 2624 tabernaculo
1645 2587 1659 2625 :
1703 2570 1902 2639 quippe
1927 2586 2049 2640 qua!

480 2668 719 2727 tempore
759 2659 1178 2729 quamplurimo,
1223 2661 1388 2730 idque
1412 2676 1535 2716 cum
1571 2661 2046 2731 multiplicatione,

475 2749 683 2802 serviat
735 2747 960 2803 bumaui
1016 2749 1335 2805 certaminis
1379 2750 1628 2806 vanitati.
1676 2751 1856 2818 Quare
1899 2751 2044 2805 enim

476 2839 667 2895 uolens
695 2841 796 2896 hoc
831 2841 978 2906 facit,
1012 2841 1116 2895 nisi
1147 2841 1290 2910 quod
1324 2841 1548 2897 vanitati
1582 2841 1880 2912 subjectam
1927 2856 2047 2896 esse

477 2940 533 2984 et
572 2946 679 2985 non
735 2932 940 2986 habere
972 2932 1304 3002 praecipuum
1353 2933 1475 2987 vitae
1521 2941 1720 2988 statum
1755 2934 1826 2987 sit
1857 2942 2044 2987 contra

472 3021 592 3092 ejus
619 3022 911 3076 naturam?
935 3039 1095 3093 quem
1122 3023 1343 3092 quidem
1374 3033 1597 3090 statum,
1618 3022 1746 3093 quia
1783 3025 1836 3078 in
1861 3025 2041 3078 mundi

2154 1842 2187 1913 ἢ
2217 1843 2263 1894 οἱ
2291 1841 2441 1904 ὄντες
2460 1843 2517 1895 ὲν
2536 1840 2614 1911 τῷ
2637 1843 2824 1909 σκήνει
2853 1837 3218 1902 στενάζουσιν,
3251 1836 3343 1890 ἅτε
3363 1839 3457 1891 καὶ
3478 1836 3730 1890 πλεῖστον

2151 1933 2276 1986 ὅσον
2299 1932 2488 2003 χρόνον
2515 1931 2609 1984 καὶ
2639 1928 3067 1984 πολλαπλασίονα
3096 1927 3186 1981 τοῦ
3214 1927 3554 1999 ἀνθρωπίνου
3581 1927 3730 1997 ἀγῶ-

2151 2041 2241 2087 νος
2291 2025 2358 2094 τῇ
2424 2023 2740 2092 ματαιότητι
2790 2013 3169 2077 δουλεύουσαν.
3238 2021 3335 2076 Διὰ
3380 2021 3432 2073 τί
3475 2021 3584 2092 γὰρ
3625 2021 3726 2092 οὐχ

2151 2111 2352 2168 ἑκοῦσα
2382 2111 2537 2165 τοῦτο
2570 2114 2731 2176 ποιεῖ,
2760 2111 2793 2182 ἢ
2823 2111 2904 2164 ὅτι
2939 2110 3087 2182 παρὰ
3116 2109 3275 2180 φύσιν
3307 2111 3454 2164 ἐστὶν
3481 2111 3620 2182 αὐτῇ
3658 2114 3725 2182 τῇ

2155 2206 2472 2277 ματαιότητι
2501 2202 2884 2274 ὑποτετάχθαι,
2931 2204 3025 2256 καὶ
3070 2202 3143 2274 μὴ
3174 2201 3270 2275 τὴν
3307 2202 3727 2274 προηγουμένην

2150 2299 2294 2371 ἔχειν
2336 2299 2436 2370 τῆς
2475 2298 2618 2369 ζωῆς
2665 2297 3031 2361 aurci-rrum;
3074 2296 3142 2366 ἢν
3179 2295 3517 2366 ἀπολήψεται
3574 2295 3725 2349 ἐλευ-

2149 2391 2450 2464 θερουμένη
2479 2393 2536 2444 ὲν
2565 2392 2629 2460 τῇ
2660 2389 2752 2442 τοῦ
2782 2392 2986 2460 κόσμου
3021 2388 3214 2458 φθορᾷ,
3247 2386 3459 2457 καὶτῆς
3488 2385 3596 2439 τῶν
3617 2403 3724 2439 σω-

2151 2485 2336 2558 μάτων
2374 2482 2730 2554 ματαιότητος
2764 2479 3129 2550 ἀπολυομένη.
3177 2478 3316 2531 Ἀλλ’
3347 2479 3470 2530 ἐπεὶ
3499 2477 3721 2530 πλείονα

2149 2577 2242 2632 καὶ
2285 2575 2346 2628 οὐ
2393 2574 2534 2629 κατὰ
2585 2573 2647 2626 τὸ
2701 2572 3056 2646 προκείμενον
3111 2570 3402 2642 πρόϐλημα
3459 2569 3721 2640 δοκοῦμεν

2148 2667 2448 2740 εἰρηκέναι,
2495 2663 2967 2734 ἐπανελευσόμεθα
3002 2663 3095 2716 ἐπὶ
3140 2663 3204 2716 τδ
3252 2661 3312 2727 ἐξ
3352 2662 3545 2733 ἀρχῆς,
3587 2662 3720 2715 ὐπο-

2150 2761 2543 2833 μιμνήσκοντες
2577 2758 2665 2812 διὰ
2698 2757 2750 2809 τί
2785 2755 2900 2826 φῶς
2930 2756 3023 2810 τοῦ
3058 2757 3265 2827 κόσμου
3292 2757 3320 2809 ὁ
3346 2753 3533 2826 Σωτὴρ
3563 2753 3718 2822 λέγε-

2145 2867 2254 2914 ται,
2306 2850 2401 2904 καὶ
2445 2848 2562 2918 φῶς
2608 2845 2878 2916 ἀληθινὸν,
2929 2846 3024 2899 καὶ
3075 2844 3192 2914 φῶς
3239 2842 3346 2896 τῶν
3391 2841 3716 2914 ἀνθρώπων.

2158 2937 2493 2992 ’Δποδέδοται
2526 2937 2624 3006 μὲν
2653 2935 2782 3006 γὰρ,
2823 2935 2906 2988 ὅτι
2937 2935 3026 2986 διὰ
3053 2934 3116 2987 τὸ
3145 2934 3259 3003 φῶς
3292 2932 3384 2986 τοῦ
3425 2932 3629 3004 κόσμου
3658 2934 3720 2986 τὸ

2145 3028 2400 3099 αἰσθητὸν
2442 3027 2656 3095 λέγεται
2689 3026 2802 3094 φῶς
2833 3024 3105 3096 ἀληθινὸν,
3138 3027 3231 3079 καὶ
3265 3026 3344 3080 ὅτι
3376 3027 3490 3097 ἦτοι
3521 3025 3720 3079 ταυτόν

475 3112 695 3166 interitu
726 3121 782 3167 et
812 3113 864 3168 in
892 3113 1116 3167 interitu
1150 3114 1406 3168 vanitatis
1434 3128 1722 3182 corporum
1773 3113 2042 3168 liberatur

2146 3122 2260 3173 ἐστι
2291 3120 2351 3172 τὸ
2389 3118 2503 3188 φῶς
2534 3117 2627 3170 τοῦ
2663 3119 2866 3187 κόσμου
2897 3116 2976 3187 τῷ
3011 3117 3150 3185 φωτὶ
3176 3117 3285 3170 τῶν
3320 3115 3646 3188 ἀνθρώπων,
3681 3116 3714 3187 ἢ

471 3210 528 3254 et
573 3201 838 3268 solvitur,
887 3213 1167 3271 receptura
1205 3212 1309 3256 est.
1338 3202 1538 3260 Verum
1562 3202 1839 3256 enimvero
1899 3217 2038 3270 quo-

471 3292 614 3346 niam
647 3291 800 3360 plura
832 3307 994 3362 quam
1025 3305 1146 3362 qua:
1175 3291 1506 3346 conveniant
1532 3291 1823 3360 proposita:
1854 3293 2040 3363 dispu-

472 3383 660 3437 tationi
676 3384 924 3438 videmur
949 3383 1295 3446 disseruisse,
1314 3381 1598 3435 redeamus
1635 3382 1778 3436 unde
1793 3382 2036 3452 digressa

470 3485 591 3529 erat
617 3475 816 3540 oratio,
865 3475 1126 3530 memoria
1171 3481 1478 3542 repetentes
1504 3487 1608 3542 qua
1637 3473 1704 3528 tle
1731 3489 1891 3528 causa
1922 3481 2034 3528 tum

467 3569 562 3623 lux
599 3569 805 3632 mundi,
860 3576 970 3621 tum
1007 3567 1097 3621 lux
1134 3581 1281 3633 vera,
1311 3575 1421 3620 tum
1452 3566 1687 3636 denique
1732 3565 1822 3619 lux
1856 3565 2034 3622 homi-

467 3675 600 3713 num
633 3659 897 3714 Servator
948 3658 1184 3712 dicatur.
1243 3655 1586 3726 Explicatum
1616 3666 1698 3712 est
1738 3671 1869 3726 ergo
1910 3671 2033 3710 eum

465 3749 640 3804 lucem
678 3765 863 3804 veram
889 3748 1148 3819 appellari
1181 3787 1198 3814 ,
1241 3759 1461 3818 pmpter
1487 3749 1662 3802 lucem
1694 3747 1881 3802 mundi
1913 3761 2034 3801 seno

463 3843 704 3906 sibilent;
740 3843 818 3894 vel
854 3845 998 3911 quod
1029 3842 1172 3896 idem
1218 3842 1292 3896 sit
1326 3856 1449 3896 esse
1488 3841 1663 3896 lucem
1707 3840 1924 3907 mundi,
1979 3848 2035 3894 et

2145 3207 2455 3278 ἐπιδέχεται
2496 3207 2738 3271 ἐξέτασιν
2780 3207 2855 3270 ὡς
2900 3207 3114 3260 ταυτόν.
3158 3207 3494 3276 Ἀναγκαίως
3534 3207 3591 3260 δὲ
3627 3207 3717 3262 διὰ

2143 3301 2269 3362 τοὺς
2301 3297 2460 3369 μηδὲν
2493 3297 2838 3368 ὲξειληφότας
2866 3299 2929 3351 ὲκ
2973 3297 3068 3351 τοῦ
3108 3298 3277 3368 Λόγον
3315 3296 3452 3354 εἷναι
3483 3299 3576 3354 τὸν
3605 3302 3716 3354 Σω-

2143 3388 2286 3459 τῆρα.
2334 3388 2505 3441 ταῦτα
2556 3389 2884 3459 ὴρεύνηται,
2939 3389 3025 3442 ἵνα
3084 3389 3398 3460 πειθώμεθα
3442 3391 3518 3463 μὴ
3572 3391 3713 3445 κατὰ

2143 3479 2520 3551 ἀποκλήρωσιν
2570 3478 2817 3533 ἵστασθαι
2866 3479 2962 3550 μὲν
2999 3480 3092 3532 ἐπὶ
3139 3481 3237 3550 τῆς
3267 3481 3456 3549 Λόγος
3481 3481 3710 3546 ἐννοίας,

2143 3571 2236 3624 καὶ
2267 3573 2534 3642 προσήκοι
2570 3571 2647 3642 τῷ
2677 3572 2844 3644 χωρὶς
2883 3571 2992 3643 (ιῖ)
3051 3570 3394 3643 μεταλήψεως
3425 3572 3522 3642 τῆς
3554 3571 3710 3626 δυνα-

2145 3662 2311 3734 μένης
2343 3662 2869 3734 μεταλαμϐάνεσθαι,
2901 3665 3122 3732 ἀνάγειν
3163 3663 3218 3718 δὲ
3263 3664 3357 3718 καὶ
3389 3664 3709 3736 ἀλληγορεῖν

2139 3751 2258 3822 τὴν,
2302 3751 2428 3821 φῶς
2458 3752 2563 3806 τοῦ
2612 3753 2865 3822 κόσμου,
2911 3754 3114 3824 φωνὴν,
3147 3754 3241 3807 καὶ
3281 3754 3350 3808 τὰ
3394 3753 3557 3809 λοιπὰ
3599 3753 3710 3808 τῶν

2142 3840 2350 3894 πολλῶν
2377 3841 2413 3896 ἃ
2447 3841 2815 3914 παρεθέμεθα.

463 3931 639 3987 lucem
695 3932 1001 3998 hominum,
1065 3933 1148 3987 vel
1191 3934 1242 3987 in
1299 3935 1722 4004 disputationem
1765 3935 1944 3999 cadat,
1989 3933 2064 3988 sit
2102 3947 2270 3990 necne
2308 3935 2470 3990 idem.
2524 3935 2654 4003 Qum
2687 3937 2996 3992 necessario
3025 3937 3178 3992 nobis
3212 3938 3528 4008 investigata
3579 3947 3708 3992 sunt

461 4034 683 4094 propter
725 4038 820 4078 eos
852 4025 942 4094 qui
977 4026 1110 4078 nihil
1165 4030 1522 4082 commentati
1563 4038 1712 4094 sunt,
1772 4044 1940 4098 quare
1993 4028 2250 4085 Servatur
2291 4030 2562 4087 diceretur
2593 4031 2829 4086 Verbum
2880 4048 2896 4086 :
2959 4047 3064 4099 quo
3106 4049 3422 4104 persuasmn
3479 4036 3704 4088 babere-

461 4133 582 4173 mus
613 4131 844 4172 nosnou
898 4132 962 4172 ex
1015 4119 1374 4188 prmiinitioue
1416 4129 1564 4174 stare
1594 4121 1797 4174 debere
1849 4121 1901 4174 in
1949 4121 2115 4176 solius
2150 4122 2400 4176 vocabuli
2455 4123 2632 4192 bujus,
2678 4121 2938 4190 Verbum,
2968 4123 3075 4194 3o
3129 4124 3522 4197 intelligentia,
3580 4141 3702 4180 cum

461 4210 640 4264 minus
690 4210 762 4264 sit
799 4211 998 4264 decens
1053 4221 1114 4264 ut
1165 4211 1264 4265 hoc
1295 4212 1611 4266 vocabulum
1670 4226 1766 4282 per
1816 4211 2224 4266 translationem
2269 4228 2375 4265 non
2412 4219 2748 4280 exponalttr,
2783 4227 2904 4266 cum
2961 4214 3250 4283 auagogice
3291 4227 3449 4282 atque
3501 4214 3702 4285 allego-

462 4300 575 4355 rice
605 4315 939 4371 exponamus
983 4305 1111 4358 illttd
1159 4297 1336 4356 lumen
1369 4304 1587 4371 mundi,
1635 4313 1798 4373 atQue
1837 4301 2004 4358 multa
2032 4303 2136 4357 alia
2163 4318 2283 4372 qua:
2312 4305 2363 4356 in
2397 4305 2626 4358 medium
2658 4305 2995 4374 protulimus.

529 4397 621 4453 25.
656 4396 728 4452 Ut
761 4405 942 4453 autem
975 4414 1039 4453 eo
1073 4399 1217 4469 quod
1266 4399 1525 4455 illumtuel
1559 4400 1900 4468 illustretque
1931 4398 2028 4452 bo-

2201 4397 2291 4452 25.
2329 4398 2539 4468 Ὥσπερ
2561 4398 2617 4452 δὲ
2647 4398 2795 4471 παρὰ
2824 4399 2884 4453 τὸ
2916 4397 3168 4470 φωτίζειν
3198 4402 3294 4455 καὶ
3323 4401 3704 4474 καταλάμπειν

459 4488 667 4542 mitium
693 4499 925 4555 mentes,
953 4491 1035 4544 vel
1059 4489 1362 4560 generatim
1396 4492 1637 4545 omnium
1661 4490 1753 4561 qui
1800 4489 2026 4544 rationis

2146 4489 2195 4544 τὰ
2235 4491 2539 4561 ἡγεμονικὰ
2586 4490 2696 4544 τῶν
2744 4491 3074 4563 ἀνθρώπων,
3123 4492 3156 4564 ἦ
3203 4493 3540 4560 ἁπαξαπλῶς
3594 4498 3700 4549 τῶν

457 4589 582 4634 sunt
608 4595 860 4651 capaces,
887 4583 975 4638 lux
1012 4593 1095 4638 est
1125 4585 1426 4648 hominum,
1456 4591 1510 4637 et
1553 4582 1641 4636 lux
1673 4596 1818 4648 vera,
1850 4591 1905 4636 et
1933 4581 2023 4635 lux

455 4673 641 4726 mundi
669 4689 683 4726 :
715 4674 796 4727 sic
829 4689 894 4728 eo
920 4676 1062 4744 quod
1095 4685 1289 4730 auctor
1321 4676 1393 4730 sit
1433 4674 1613 4729 omnis
1666 4673 2022 4732 mortalitatis

455 4759 790 4828 deponenda:
817 4765 1282 4836 iugeneraudique
1322 4780 1439 4820 eam
1469 4779 1633 4834 quam
1671 4762 1890 4834 pr0prie
1922 4777 2020 4816 vo-

454 4864 648 4905 camus
677 4853 864 4915 vitam,
891 4860 1301 4924 resin-gentibus
1327 4871 1392 4911 ex
1429 4854 1659 4910 mortuis
1685 4853 1750 4908 iis
1774 4851 1864 4922 qui
1891 4867 2014 4908 eum

452 4943 667 4998 sincere
695 4946 1023 5013 receperint,
1051 4948 1353 5016 appellatur
1382 4945 1736 5004 resurrectio.
1783 4944 1896 5000 lloc
1917 4959 2015 4998 au-

455 5043 560 5086 tem
588 5050 690 5089 non
728 5037 885 5090 modo
927 5036 1285 5104 inpraesentia
1313 5038 1364 5093 in
1401 5037 1483 5094 his
1516 5047 1777 5108 operatur
1805 5035 1895 5106 qui
1923 5051 2014 5089 va-

453 5119 560 5175 lent
593 5125 772 5181 dicere
800 5145 812 5180 :
851 5126 1151 5195 Consepulti
1167 5143 1349 5180 suum:
1375 5143 1491 5179 eum
1510 5127 1718 5184 Christo
1735 5142 1826 5195 per
1841 5125 2014 5192 bapti-

449 5226 615 5264 smum
640 5215 704 5281 “,
729 5232 961 5288 cumque
981 5231 1046 5271 eo
1073 5214 1230 5270 simul
1257 5215 1690 5279 resurreximus;
1717 5211 1810 5268 sed
1841 5215 2008 5268 etiam

2123 4580 2378 4650 λογικῶν,
2420 4581 2535 4651 φῶς
2575 4583 2722 4635 ἐστιν
2765 4581 3084 4654 ἀνθρώπων,
3131 4583 3226 4635 καὶ
3267 4583 3383 4652 φῶς
3423 4584 3697 4654 ἀληθινὸν,

2121 4672 2215 4727 καὶ
2246 4671 2361 4741 φῶς
2393 4672 2485 4726 τοῦ
2514 4673 2748 4745 κόσμου·
2780 4673 2950 4736 οὕτως
2970 4675 3032 4726 ὲκ
3068 4673 3161 4727 τοῦ
3191 4674 3279 4728 διὰ
3320 4675 3412 4729 τοῦ
3453 4676 3698 4747 ὲνεργεϊο

2122 4761 2245 4815 σθαι
2277 4761 2375 4832 τὴν
2410 4759 2666 4814 ἀπόθεσιν
2697 4761 2875 4833 πάσης
2904 4761 3246 4832 νεκρότητος,
3274 4763 3369 4814 καὶ
3393 4761 3699 4830 ἐμφύεσθαι

2123 4851 2221 4922 τὴν
2253 4851 2456 4922 κυρίως
2491 4851 2836 4923 καλουμένην
2877 4850 3019 4922 ζωὴν
3061 4853 3125 4904 ὲκ
3161 4851 3368 4921 νεκρῶν
3397 4850 3696 4921 ἀνισταμέ-

2121 4961 2228 4996 νων
2275 4943 2384 4996 τῶν
2423 4943 2586 4996 αὑτὸν
2641 4944 2878 5015 γνησίως
2926 4943 3342 5016 κεχωρηκότων,
3370 4942 3610 4996 καλεῖται
3661 4943 3696 5014 ἠ

2121 5033 2433 5096 ἀνάστασις.
2487 5033 2656 5088 Τοῦτο
2702 5035 2758 5088 δὲ
2804 5035 2863 5087 οὐ
2917 5035 3077 5105 μόνον
3136 5033 3228 5088 ἐπὶ
3275 5033 3369 5086 τοῦ
3426 5033 3695 5104 παρόντος

2119 5124 2330 5196 ἐνεργεῖ
2379 5129 2492 5190 τοίς
2539 5126 2854 5198 δυναμένοις
2882 5125 3096 5196 λέγειν·
3151 5123 3580 5194 Συνετάςοημεν
3614 5123 3695 5189 τῷ

2117 5216 2349 5285 Χριστῷ
2385 5217 2483 5272 διὰ
2531 5218 2637 5271 τοῦ
2677 5218 3117 5288 βαπτίσματος,
3161 5217 3253 5270 καὶ
3291 5218 3694 5287 συνανέστημεν

517 5323 564 5354 ⁸⁸
595 5321 750 5379 Joau.
785 5343 882 5392 xu,
920 5327 1011 5382 26.
1082 5326 1128 5359 ”
1157 5325 1314 5383 liom.
1350 5341 1468 5393 vttt,
1506 5327 1599 5382 2|.
1655 5327 1702 5359 "
1736 5327 1896 5382 Rom.
1925 5341 1980 5393 v,
2007 5327 2042 5382 5

2211 5329 2254 5360 ⁶¹
2279 5329 2442 5387 Rom.
2474 5347 2593 5397 VIII,
2624 5331 2714 5388 20.
2757 5332 2802 5364 “
2840 5335 3000 5391 Rom.
3027 5351 3106 5403 vt,
3128 5337 3185 5393 4.

518 5444 631 5518 (ill)
693 5448 1198 5518 Κατακεχαρίσθαι
1219 5488 1234 5512 ,
1279 5445 1506 5503 ἄλλοσε
1566 5447 1843 5518 χωρήσας
1862 5517 1881 5518 7
1929 5444 2013 5513 τῷ

448 5514 751 5581 θελήματι.
781 5515 856 5568 Ita
891 5514 1036 5572 recte
1065 5521 1207 5573 hunc
1243 5522 1416 5574 locum
1461 5514 1617 5574 sanat
1643 5514 1813 5574 codex
1861 5517 2006 5571 Bod-

449 5582 695 5662 Ιιξὶῳιιιες
734 5585 949 5662 tnale‘in
987 5587 1226 5662 editione
1263 5587 1454 5662 _ll_netii
1509 5590 1703 5662 legitur
1763 5603 2008 5656 καταχα-

447 5651 718 5720 ρίσθαι....
740 5655 994 5728 χωρήσας
1016 5655 1093 5726 τῷ
1121 5658 1485 5729 προσλήματι,

2191 5455 2208 5513 ί
2216 5453 2305 5526 12)
2333 5453 2444 5508 Καὶ
2469 5453 2769 5524 προσήκοι
2794 5453 2875 5521 τῷ
2901 5453 3230 5526 χωρίςεοιο.
3259 5450 3438 5526 Locus
3477 5450 3691 5507 hiulcus

2115 5530 2172 5594 et
2203 5524 2516 5594 corruptus,
2547 5526 2633 5579 cui
2660 5526 2865 5592 absque
2897 5524 3213 5594 melioribus
3245 5525 3529 5580 codicibus
3575 5537 3692 5580 mc-

2117 5593 2351 5650 dicinam
2374 5593 2564 5652 facere
2592 5595 2729 5653 velle
2765 5593 3119 5652 temerarium
3144 5602 3248 5650 est.
