4082 6224
344 349 411 416 ⁸13
1407 345 1760 402 COMMENT.
1800 341 1866 398 IN
1904 380 1913 398 .

2016 342 2438 398 tN.Touus1.
3391 410 3403 419 _
3495 341 3560 396 τι

353 476 508 548 ιύτῷο
534 476 666 530 ἀλλά
697 475 871 546 πολλῷ
899 472 1092 545 μᾶλλον
1117 473 1203 525 ὅτε
1233 470 1416 539 ἄκρως
1447 469 1624 521 πᾶσάν
1651 484 1737 529 τις
1760 467 1889 520 ἀπο-

2017 466 2170 519 nulto
2209 465 2380 534 magis
2417 478 2537 518 cum
2567 479 2809 532 prorsus,
2849 462 2996 516 omni
3029 464 3271 531 deposita
3311 465 3558 518 mortali-

355 567 562 638 Μμενος
593 565 910 638 νεκρότητα,
945 567 1002 618 ὲν
1037 566 1104 635 τῇ
1133 559 1298 615 αὐτοῦ
1335 559 1429 613 τοῦ
1462 559 1591 614 Υἱοῦ
1621 559 1897 629 καινότητι

2023 567 2131 616 ate.
2174 556 2371 626 aliquis
2413 558 2465 608 in
2501 555 2738 608 nmitate
2764 554 2886 607 vitae
2923 555 3094 620 ipsius
3126 553 3246 608 Filii
3280 556 3518 608 ambulat
3549 575 3562 610 :

351 654 485 726 ζωῆς
516 659 823 734 περιπατεῖ·
857 655 976 722 Τὴν
1005 655 1299 722 νέκρωσιν
1331 650 1437 704 τοῦ
1498 649 1694 717 ἰησοῦ
1725 651 1792 703 ἐν
1820 650 1902 715 τῷ

2016 647 2379 700 ηονιηίίιαιειη
2418 659 2548 699 vero
2571 644 2696 698 lem
2739 661 2939 710 θεωρεῖ
2956 645 3012 698 t'n
3039 661 3281 713 corpore,
3317 646 3442 699 dum
3481 647 3566 700 hic.

347 747 562 816 σώματι
585 747 838 801 πάντοτε
863 745 1096 800 ἐνταῦθα
1124 741 1529 812 περιφέρομεν,
1557 741 1646 794 ὅτε
1696 741 1894 807 ἀξιολό-

2017 737 2262 801 legimus,
2303 738 2748 805 circumfert‘mns.
2791 736 3006 804 quando
3041 753 3295 806 magnum
3332 739 3565 792 lrtlctntn

346 855 450 908 γως
487 839 837 912 ὠφελήμεθα,
876 840 975 894 ἵνα
1019 841 1058 907 ἡ
1106 836 1216 905 ζωὴ
1265 835 1370 889 τοῦ
1417 831 1608 902 Ἰησοῦ
1655 832 1728 886 ἐν
1776 832 1901 896 τοῖς

2016 828 2262 894 repimus.
2297 840 2353 882 ut
2387 830 2491 882 vita
2533 827 2660 882 Jcsu
2695 830 2745 881 in
2787 829 3090 896 corporibus
3116 829 3312 883 nostris
3341 830 3566 901 manife-

347 931 614 1002 σώμασιν
643 931 813 1000 ἡμῶν
840 927 1166 1000 φανερωθῇ.
1999 929 2162 974 stetur
2182 921 2248 972 ⁸³.

412 1020 499 1077 ΞΒ.
546 1021 706 1076 Ἀλλὰ
733 1022 830 1075 καὶ
869 1021 904 1090 ἡ
949 1022 1006 1073 ὲν
1049 1019 1206 1090 σοφίᾳ
1237 1017 1450 1089 πορεία,
1485 1013 1580 1068 καὶ
1623 1012 1900 1083 πρακτικὴ

2069 1010 2159 1064 ‘26.
2206 1012 2508 1080 Quinetiam
2551 1013 2640 1066 via
2676 1029 2794 1082 quae
2822 1022 2904 1067 est
2951 1013 3004 1065 in
3039 1013 3324 1080 sapientia,
3366 1024 3421 1070 et
3447 1029 3568 1084 qua!

349 1111 448 1168 τῶν
491 1110 813 1184 σωζομένων
849 1114 905 1165 ὲν
956 1109 1102 1181 αὐτῷ
1144 1109 1398 1180 γινομένη
1447 1105 1588 1160 κατὰ
1633 1103 1730 1166 τὰς
1775 1103 1906 1172 περὶ

2016 1106 2114 1158 vim
2146 1107 2307 1160 habet
2341 1105 2606 1160 ciliciendi
2631 1121 2726 1158 eos
2759 1107 2847 1174 qui
2872 1120 2968 1174 per
2996 1113 3118 1158 eam
3151 1104 3377 1158 salutem
3405 1107 3572 1174 adipi-

350 1204 598 1277 ἀληθείας
641 1207 699 1259 ὲν
749 1204 889 1274 λόγῳ
918 1203 1044 1274 θείῳ
1087 1201 1372 1277 διεξόδους,
1407 1199 1502 1252 καὶ
1537 1194 1765 1267 πράξεις
1808 1193 1908 1256 τὰς

2016 1201 2235 1246 scuntur
2258 1196 2551 1247 secundum
2572 1194 2956 1262 explicationes
2978 1193 3044 1246 de
3067 1195 3291 1248 veritate
3315 1195 3368 1247 iu
3393 1197 3574 1248 divino

353 1275 490 1351 κατὰ
520 1296 617 1368 τὴν
650 1296 819 1367 ἀληθῆ
846 1293 1210 1364 δικαιοσύνην,
1245 1275 1576 1361 παρίστησιν
1609 1287 1740 1356 ἡμῖν
1769 1286 1910 1338 νοεῖν

2016 1284 2180 1338 vet-bo
2209 1293 2264 1337 et
2297 1286 2536 1338 actiones
2563 1286 2887 1339 exsistentvs
2911 1284 2962 1336 in
2998 1295 3120 1337 vera
3153 1285 3385 1353 justitia.
3420 1286 3575 1340 uoltis

353 1387 465 1450 πῶς
494 1386 651 1448 αὐτός
676 1389 820 1440 ἐστιν
849 1387 882 1457 ἡ
906 1385 1044 1450 ὁδὸς,
1074 1384 1159 1453 ἐφ’
1192 1384 1259 1454 ἢν
1285 1381 1400 1434 όδδν
1426 1378 1576 1431 οὐδὲν
1604 1377 1775 1448 αἴρειν
1797 1375 1907 1446 (15)

2016 1375 2417 1444 intelligendum
2443 1377 2644 1444 praebet
2666 1377 2933 1444 quomodo
2963 1375 3211 1429 Christus
3235 1379 3314 1430 vizi
3342 1379 3572 1442 dicatur.

349 1478 443 1542 δεῖ,
482 1477 600 1531 οὔτε
615 1479 817 1550 πήραν,
829 1476 952 1530 οὔτε
975 1477 1215 1547 ἱμάτιον,
1232 1473 1344 1526 ἀλλ’
1363 1472 1483 1524 οὐδὲ
1508 1469 1697 1540 ῥάϐδον
1717 1469 1906 1538 ἔχοντα

2016 1467 2061 1518 in
2093 1483 2253 1534 quam
2285 1467 2424 1520 viam
2453 1466 2585 1520 nihil
2624 1478 2834 1536 gestare
2867 1469 3018 1520 debet
3053 1485 3222 1534 neque
3242 1485 3450 1536 peram,
3482 1485 3574 1523 ne-

349 1567 542 1620 ὁδεύειν
570 1567 694 1638 χρὴ,
725 1566 847 1620 οὐδὲ
879 1565 1205 1635 ὑποδήματα
1234 1560 1573 1614 ὑωδεδέσθαι
1609 1559 1742 1612 κατά
1779 1558 1906 1620 τοὺς

2016 1571 2110 1624 que
2131 1556 2344 1625 pallium
2364 1572 2428 1610 ac
2448 1571 2516 1610 ne
2535 1559 2783 1611 baculum
2806 1562 3016 1627 quidem
3041 1562 3125 1614 vel
3143 1564 3352 1616 calceos
3375 1563 3440 1625 ⁸⁸,
3459 1565 3575 1631 qui-

351 1657 528 1722 πόδας.
557 1659 849 1729 Αὐτάρκης
884 1657 996 1726 γάρ
1027 1653 1270 1724 senui)
1305 1653 1501 1714 παντὸς
1531 1651 1736 1718 ἐφοδίου
1762 1649 1901 1719 αὐτὴ

2016 1663 2101 1701 ous
2127 1650 2312 1702 induat
2337 1650 2500 1718 pedes
2533 1651 2636 1703 iter
2690 1650 2948 1706 facturus.
2983 1653 3263 1710 Sulliciens
3291 1657 3435 1710 enim
3475 1671 3574 1724 pct-

349 1751 382 1822 ἡ
411 1750 547 1815 ὁδὸς,
579 1751 673 1802 κοιλ¹
712 1747 965 1817 ἀνενδεὴς
993 1744 1246 1814 τυγχάνει
1277 1745 1382 1806 πᾶς
1409 1746 1436 1795 ό
1460 1741 1662 1813 ταύτης
1685 1740 1904 1793 ἐπιϐαί-

2016 1754 2061 1793 se
2091 1752 2172 1793 est
2199 1741 2313 1794 lucc
2349 1741 2432 1792 via
2464 1744 2528 1793 ad
2556 1743 2732 1796 omnia
2762 1745 3149 1813 suppeditanda
3173 1747 3354 1800 itineri
3379 1762 3573 1799 neces-

347 1858 470 1903 νων,
504 1839 918 1909 κεκοσμημένος
943 1834 1192 1904 ἐνδύματι
1222 1826 1265 1900 ᾧ
1296 1832 1493 1903 πρέπει
1530 1831 1903 1902 κεκοσμῆσθαι

2016 1835 2171 1897 saria,
2203 1831 2457 1902 nullaque
2492 1847 2548 1886 re
2575 1835 2797 1889 omnino
2822 1837 3024 1906 indiget
3046 1839 3291 1906 quisquis
3325 1839 3465 1892 hanc
3491 1839 3574 1891 in-

347 1933 437 1988 τὸν
467 1933 560 1985 ἐπὶ
594 1931 692 2002 τὴν
737 1930 920 2000 κλῆσιν
964 1927 1053 1980 τοῦ
1097 1925 1274 1996 γάμου
1314 1925 1564 1990 ἀπιόντα,
1601 1925 1812 1988 οὐδενός
1842 1943 1905 1979 τε

2016 1922 2265 1992 greditur.
2296 1932 2524 1977 ornatus
2555 1939 2622 1978 eo
2649 1928 2974 1982 vestimento
3006 1943 3110 1996 quo
3161 1939 3419 1983 ornatum
3452 1945 3577 1986 esse

349 2022 584 2096 χαλεποῦ
605 2021 892 2092 δυναμένου
920 2018 1224 2089 ἀπαντῆσαι
1252 2018 1392 2070 κατὰ
1417 2017 1620 2088 ταύτην
1645 2018 1743 2089 τὴν
1768 2017 1906 2070 ὁδόν.

2016 2028 2129 2067 eum
2157 2013 2311 2067 decet
2348 2015 2438 2082 qui
2468 2014 2727 2070 invitatus
2752 2017 2896 2070 vadit
2920 2020 2986 2071 ad
3017 2019 3253 2086 nuptias.
3279 2034 3402 2073 cum
3427 2021 3578 2075 nulla

365 2117 662 2187 Ἀμήχανον
681 2113 784 2185 γάρ
807 2112 954 2174 ὀδοὺς
973 2109 1150 2180 ὄφεως
1176 2111 1270 2162 ἐπὶ
1306 2109 1510 2181 πέτρας
1543 2109 1739 2182 εὑρεῖν.
1767 2107 1909 2162 κατὰ

2016 2119 2098 2158 res
2117 2103 2337 2158 molesta
2364 2103 2535 2171 possit
2565 2104 2617 2158 in
2647 2106 2747 2162 hac
2777 2108 2861 2161 via
2895 2123 3203 2162 occurrere.
3229 2107 3409 2164 Facile
3432 2111 3578 2164 enim

351 2204 440 2256 τὸν
498 2202 832 2274 Σολομῶντα,
885 2199 1028 2270 φημὶ
1078 2199 1123 2252 δ’
1175 2198 1308 2267 ἐγὼ,
1367 2200 1448 2253 ὅτι
1503 2198 1596 2251 καὶ
1625 2193 1685 2254 οῦ
1708 2199 1908 2270 δήποτε

351 2296 554 2367 θηρίοψ
582 2294 658 2347 διὸ
691 2293 810 2347 οὐδὲ
833 2291 992 2363 χρεία
1023 2291 1220 2362 ῥάϐδου
1254 2293 1312 2344 ἐν
1342 2289 1467 2362 ὁδῷ,
1500 2291 1620 2344 οὐδὲ
1653 2289 1774 2361 ἴχνη
1798 2289 1908 2344 τῶν

347 2385 596 2437 ἐναντίων
639 2384 858 2458 ἐχούσῃ,
911 2385 1010 2438 καὶ
1047 2383 1380 2454 ἀνεπιδέκτῳ
1425 2382 1514 2437 διὰ
1554 2383 1616 2436 τὸ
1662 2382 1906 2454 στερρὸν,

341 2476 524 2548 διόπερ
555 2478 648 2530 καὶ
673 2477 848 2548 πέτρα
870 2477 1108 2545 λέγεται,
1135 2476 1242 2530 τῶν
1269 2476 1524 2546 χειρόνων
1545 2474 1902 2549 τυγχανούσῃ.

413 2749 502 2804 ‘27.
546 2749 794 2820 ’Δλὴθεια
835 2749 892 2802 δὲ
935 2752 964 2803 ό
1010 2750 1315 2822 Μονογενής
1356 2754 1470 2805 ἐστι
1519 2751 1693 2805 πάντα
1739 2752 1909 2822 ἐμπε-

349 2842 636 2916 ριειληφὼς
667 2843 757 2897 τὸν
795 2843 925 2914 περὶ
957 2843 1064 2897 τῶν
1091 2843 1228 2898 ὅλων
1259 2845 1396 2898 κατὰ
1438 2845 1500 2898 τὸ
1535 2845 1784 2916 βούλημα
1812 2843 1907 2898 τοῦ

345 2935 558 3007 Πατρὸς
592 2934 725 3006 μετὰ
772 2936 952 3006 πάσης
982 2935 1306 3008 τρανότητος
1334 2936 1512 3006 λόγον,
1560 2937 1652 2991 καὶ
1694 2937 1906 3007 ἑκάστῳ

347 3026 486 3090 κατὰ
528 3025 626 3098 τὴν
673 3026 830 3092 ἀξίαν
870 3021 1098 3102 αὑτοῦῇ
1141 3028 1368 3100 ἀλήθειά
1407 3031 1522 3082 ἐστι
1574 3027 1902 3099 μεταδιδούς.

366 3118 492 3216 Ἐὰν
592 3119 836 3216 τις“ζιγιῇ
867 3117 975 3216 (ίῦ)
1004 3121 1050 3172 εί
1075 3119 1308 3216 trivit?)
1338 3121 1367 3173 ὃ
1398 3119 1450 3172 τί
1481 3136 1608 3172 ποτε
1633 3119 1898 3191 ὲγνωσμέ-
1932 3157 1976 3216 c

356 3224 444 3263 vov
470 3209 574 3262 ὑπὸ
607 3209 702 3263 τοῦ
746 3209 959 3282 Πατρδς
989 3209 1129 3263 κατὰ
1156 3210 1218 3263 τὸ
1245 3209 1405 3281 βάθος
1431 3211 1525 3264 τοῦ
1557 3211 1783 3264 πλούτου
1813 3213 1908 3265 καὶ

346 3300 445 3371 τῆς
494 3302 683 3370 σοφίας
726 3301 819 3355 καὶ
869 3303 968 3372 τῆς
1011 3302 1265 3372 γνώσεως
1313 3303 1497 3367 αὐτοῦ,
1547 3305 1830 3358 ἐπίσταται
1879 3307 1908 3358 ό

348 3389 534 3462 ﬂori-ip
562 3391 740 3463 ήμῶν,
771 3392 864 3446 καὶ
887 3394 1158 3466 φαντασίᾳ
1181 3394 1273 3448 τοῦ
1297 3391 1538 3460 δοξάζειν
1565 3396 1660 3448 τὸν
1689 3396 1909 3468 Πατέρα

345 3483 711 3554 ἀποφαίνηται
766 3501 886 3537 τινα
948 3485 1326 3557 γινωσκόμενα
1388 3487 1493 3540 ὑπὸ
1544 3487 1638 3542 τοῦ
1700 3487 1908 3560 Πατρὺς

346 3572 657 3640 ἀγνοεῖσθαι
703 3573 806 3626 ὑπὸ
854 3575 947 3628 τοῦ
986 3574 1142 3639 Υἱοῦ,
1192 3575 1536 3648 διαρκοῦντος
1587 3576 1906 3647 ἐξισωθῆναι

348 3663 470 3723 ταῖς
518 3661 846 3733 καταλήψεσι
906 3663 1000 3716 τοῦ
1055 3665 1318 3736 άγενήτου
1369 3666 1503 3720 Θεοῦ
1522 3683 1536 3696 ·
1592 3666 1908 3720 ἐπιστατέον

348 3751 513 3806 αὑτὸν
545 3754 608 3806 ὲκ
637 3753 730 3806 τοῦ
769 3753 1018 3826 ἀλήθειαν
1061 3753 1201 3810 εἶναι
1231 3757 1322 3810 τὸν
1352 3758 1600 3829 Σωτῆρα,
1631 3759 1724 3811 καὶ
1753 3775 1913 3829 προσ-

347 3844 561 3909 ακτέον,
609 3845 710 3910 ὅτι,
763 3846 810 3898 εί
861 3845 1149 3918 ὁλόκληρός
1193 3849 1341 3901 ἐστιν
1392 3849 1426 3918 ἡ
1453 3849 1700 3920 ἀλήθεια,
1760 3850 1913 3904 οὐδὲν

345 3932 542 4005 ἀληθὲς
569 3935 770 4002 ἀγνοεῖ,
802 3936 886 3991 ἵνα
918 3937 991 4009 μὴ
1035 3936 1209 4009 σκάζῃ
1238 3937 1554 4010 λείπουσαή
1583 3939 1810 4012 ἀλήθεια
1833 3937 1914 4004 οἷς

345 4026 409 4078 οὒ
443 4026 719 4094 γινώσκει,
750 4030 869 4082 κατ’
898 4030 1156 4096 ἐκείνους,
1194 4032 1549 4103 τυγχάνουσιν
1577 4034 1636 4086 ὲν
1668 4033 1816 4105 μόνῳ
1836 4033 1914 4106 τῷ

349 4117 560 4190 Πατρίο
594 4118 626 4188 ἢ
655 4119 916 4174 δεικνύτω
939 4139 1040 4186 τις,
1071 4124 1152 4176 ὅτι
1181 4123 1326 4177 ἔστιν
1344 4124 1380 4178 ὃ.
1399 4127 1778 4197 γινωσκόμενα
1799 4125 1914 4197 (17)

349 4205 453 4276 τῆς
478 4207 732 4278 ἀληθείας
763 4211 1128 4282 προσηγορίας
1149 4213 1210 4265 οὐ
1236 4215 1586 4285 τυγχάνοντα,
1615 4213 1752 4270 ἀλλὰ
1775 4216 1916 4287 ὑπὲρ

349 4298 521 4370 αὐτὴν
552 4299 700 4354 ὂντα.

421 4389 510 4444 28.
554 4393 732 4462 Σαφὲς
785 4394 870 4458 δὲ,
914 4396 996 4449 ὅτι
1044 4397 1246 4468 κυρίως
1296 4398 1396 4468 τῆς
1447 4399 1770 4472 εἰλικρινοῦς
1821 4401 1916 4454 καὶ

2009 2195 2154 2250 iactu
2181 2211 2288 2250 non
2315 2204 2419 2258 est.
2451 2203 2592 2250 teste
2613 2196 2900 2252 Salomone
2928 2199 2996 2262 ".
3025 2210 3079 2252 ut
3108 2201 3397 2268 serpentis.
3425 2209 3499 2266 et,
3520 2211 3582 2256 ut

2008 2303 2105 2355 ego
2137 2289 2392 2355 arbitror,
2415 2287 2654 2358 cujusvis
2687 2291 2850 2344 etiam
2879 2291 3003 2345 tera:
3054 2293 3172 2347 vias
3193 2294 3432 2347 inveniat
3457 2295 3580 2362 quis

2006 2393 2166 2450 supra
2225 2391 2450 2450 petram.
2512 2381 2692 2450 Quare
2757 2382 2886 2436 nihil
2931 2398 3068 2449 opus
3118 2393 3204 2438 est
3269 2385 3462 2438 baculo
3525 2386 3578 2439 in

2011 2473 2094 2525 via
2139 2473 2263 2537 hac,
2300 2487 2420 2542 quae
2457 2483 2662 2528 tantum
2697 2474 2852 2528 abest
2881 2483 2939 2528 ut
2979 2475 3378 2529 contrariorum
3413 2478 3579 2533 vcsti-

2008 2565 2092 2634 gia
2126 2566 2347 2632 habeat,
2385 2579 2446 2621 ut
2489 2581 2558 2622 ne
2590 2568 2802 2622 illorum
2836 2568 3050 2636 quidem
3095 2583 3214 2636 qua:
3243 2568 3380 2620 mala
3417 2580 3565 2627 sunt.

2007 2659 2076 2714 ob
2101 2659 2453 2724 soliditatem,
2483 2663 2625 2715 unde
2655 2660 2818 2714 etiam
2846 2665 2999 2729 petra
3023 2659 3242 2724 dicitur,
3272 2660 3344 2712 sit
3383 2676 3572 2728 Capax.

2075 2752 2167 2807 27.
2200 2753 2366 2808 Porro
2391 2752 2706 2825 Unigenitus
2734 2751 2938 2806 veritas
2959 2760 3062 2817 est,
3093 2765 3307 2804 omnero
3333 2753 3576 2806 omnium

2008 2857 2184 2899 rerum
2198 2843 2348 2912 juxta
2371 2842 2548 2898 Patris
2562 2842 2897 2898 voluntatem
2918 2856 3038 2896 cum
3055 2842 3202 2897 omni
3215 2841 3466 2898 claritate
3489 2859 3576 2896 ra-

2012 2935 2209 2990 tionem
2229 2935 2279 2989 in
2299 2950 2356 2990 se
2373 2934 2755 3005 complectens,
2772 2943 2931 3004 atque
2948 2933 3239 3004 unicuique
3252 2935 3304 2988 in
3315 2946 3577 3005 quantum

2007 3039 2090 3082 est
2106 3027 2307 3081 veritas
2324 3041 2420 3097 pro
2451 3025 2594 3080 illius
2637 3025 2897 3096 dignitate
2921 3033 2976 3079 et
2997 3024 3193 3078 merito
3223 3025 3579 3080 distribuens.

2007 3119 2158 3187 Quod
2171 3119 2213 3174 si
2227 3118 2350 3188 quis
2363 3118 2740 3188 inquiratnum
2751 3132 2912 3172 omne
2922 3119 3062 3188 quod
3073 3116 3291 3172 tandem
3306 3117 3580 3184 cognitum

2010 3211 2412 3280 estPatrijuxta
2428 3210 2876 3282 profunditatem,
2891 3218 2948 3266 et
2962 3209 3354 3275 divitiarum,et
3368 3211 3579 3278 sapien-

2012 3303 2119 3368 tiae,
2151 3312 2207 3357 et
2228 3303 2555 3374 cognitionis
2584 3302 2698 3371 ejus
2721 3303 2791 3369 ⁸⁸,
2826 3302 3088 3360 Servator
3108 3303 3211 3374 31
3240 3313 3425 3359 noster
3449 3305 3586 3358 sciat

2010 3405 2066 3450 et
2086 3410 2250 3451 causa
2266 3396 2601 3467 gloriﬁcandi
2619 3395 2834 3451 Patrem
2861 3398 3107 3466 quaedam
3133 3410 3165 3449 a
3189 3394 3352 3450 Patre
3371 3396 3585 3464 cognita

2009 3503 2130 3544 esse
2157 3488 2302 3543 dicat
2328 3503 2449 3557 qua:
2473 3487 2644 3543 Filius
2672 3487 2902 3559 ignoret,
2937 3501 3060 3542 cum
3088 3487 3289 3555 alioqui
3325 3488 3494 3556 possit
3517 3500 3586 3538 ex

2008 3593 2163 3650 aequo
2190 3580 2416 3649 perinde
2451 3589 2613 3647 atque
2646 3579 2919 3648 ingenitus
2949 3578 3089 3631 Deus
3119 3576 3584 3644 apprehensiones

2014 3669 2386 3738 prehendere;
2416 3666 2696 3721 sciendum
2720 3674 2808 3718 est
2831 3664 3180 3717 Servatorem
3212 3663 3408 3731 ipsum,
3456 3664 3582 3732 quia

2015 3759 2086 3812 sit
2119 3757 2343 3821 veritas,
2376 3755 2512 3809 nihil
2544 3755 2661 3808 veri
2715 3755 2987 3823 ignorare,
3025 3754 3185 3822 idque
3211 3763 3321 3808 tum
3349 3757 3588 3810 maxime

2017 3847 2417 3916 adiungendum
2438 3854 2542 3910 est,
2578 3844 2749 3901 solida
2778 3847 2822 3901 si
2854 3847 3184 3912 cstreritas,
3223 3864 3288 3903 ne
3319 3849 3586 3904 claudicrt

2018 3941 2221 3995 veritas
2248 3940 2513 3994 diminuta
2542 3939 2852 4008 cognitione
2874 3954 3061 3996 eorum
3084 3955 3204 4010 qua:
3232 3949 3359 3996 sunt
3384 3942 3438 3996 in
3471 3943 3589 3996 solo

2017 4030 2204 4094 Patre,
2229 4039 2288 4086 ut
2319 4031 2408 4086 isti
2444 4031 2701 4086 tradunt:
2731 4031 2817 4086 vel
2844 4035 3096 4089 ostendat
3113 4031 3313 4104 aliquis
3336 4034 3584 4102 qua-dam

2017 4135 2140 4176 esse
2181 4135 2302 4190 quae
2338 4133 2762 4192 cognoscuntur,
2795 4137 2914 4192 qua:
2945 4125 3194 4177 veritatis
3226 4123 3588 4192 appellatione

2017 4213 2318 4283 nuncupari
2345 4228 2449 4268 non
2479 4225 2729 4284 possunt,
2779 4219 2874 4272 sed
2901 4230 3065 4286 supra
3100 4219 3270 4285 ipsam
3304 4215 3587 4270 veritatem

2015 4305 2118 4359 sita
2142 4315 2291 4360 sunt.

2085 4397 2178 4454 28.
2207 4389 2475 4454 Caeterum
2505 4398 2850 4469 perspicuum
2878 4411 2962 4456 est
2992 4401 3320 4470 principium
3358 4397 3591 4452 fontem-

350 4481 581 4552 ἀμιγοῦς
614 4485 751 4556 πρός
778 4503 830 4539 τι
867 4485 1050 4557 ἕτερον
1079 4486 1224 4558 ζωῆς
1253 4491 1286 4560 ἡ
1317 4487 1458 4561 ἀρχὴ
1498 4491 1558 4542 ὲν
1597 4489 1675 4561 τῷ
1703 4491 1913 4563 Πρωτο-

2020 4502 2130 4559 que
2155 4487 2278 4543 vita:
2299 4489 2618 4545 sincerior-is
2653 4503 2718 4543 ac
2745 4493 3006 4559 purioris,
3043 4501 3212 4560 atque
3257 4506 3285 4540 a
3335 4487 3592 4543 missione

349 4573 497 4643 τόκῳ
533 4574 712 4645 πάσης
741 4577 968 4642 κτίσεως
995 4580 1268 4649 τυγχάνει,
1300 4581 1391 4650 ἀφ’
1417 4576 1484 4654 ἧς
1506 4583 1554 4635 οἱ
1587 4581 1804 4653 μέτοχοι
1821 4582 1914 4636 τοῦ

353 4666 588 4736 Χριστοῦ
631 4666 996 4739 λαμὸάνοντες
1039 4671 1139 4742 τὴν
1173 4670 1386 4742 άληθῶς
1419 4671 1554 4736 ζῶσι
1598 4673 1763 4746 ζωὴν,
1807 4673 1918 4728 τῶν

2025 4578 2394 4648 cujuscunque
2449 4581 2526 4636 rei
2584 4582 2794 4647 alienae,
2833 4583 3054 4652 proprie
3109 4582 3164 4634 in
3221 4576 3592 4649 Primogenito

2025 4669 2204 4732 omnis
2235 4680 2506 4746 creatura:
2547 4671 2846 4738 exsistere,
2879 4687 2910 4724 a
2957 4685 3065 4740 qua
3103 4671 3194 4742 qui
3235 4669 3435 4727 Christi
3467 4683 3592 4728 sunt

351 4758 488 4828 παρ’
515 4759 680 4832 αὐτὴν
707 4759 1074 4833 νομιζομένων
1102 4761 1200 4834 ζῇν
1242 4763 1430 4836 ὥσπερ
1456 4765 1558 4820 οὐκ
1596 4765 1828 4836 ἐχόντων
1857 4766 1913 4818 τὸ

2026 4760 2320 4830 participes
2367 4771 2668 4827 sumentes,
2705 4776 2889 4817 veram
2919 4766 3111 4820 vivunt
3145 4767 3332 4832 vitam,
3366 4779 3488 4820 cum
3536 4768 3589 4820 hi

349 4849 602 4920 ἀληθινὸν
627 4853 761 4921 φῶς,
795 4857 968 4917 οὕτως
992 4855 1113 4908 οὐδὲ
1138 4855 1200 4908 τὸ
1222 4854 1470 4926 ἀληθινὸν
1496 4856 1613 4926 ζῇν.

427 5125 515 5179 ‘39.
566 5127 674 5179 Καὶ
718 5127 836 5179 ἐπεὶ
867 5128 924 5181 ἐν
957 5127 1033 5199 τῷ
1086 5129 1257 5201 Ilava
1307 5129 1406 5184 οὑκ
1446 5129 1561 5184 ἔστι
1608 5129 1920 5201 γενέσθαιῆ

2028 4853 2119 4923 qui
2157 4862 2356 4922 praeter
2391 4853 2567 4922 ipsum
2624 4852 2808 4910 vivere
2855 4857 3237 4914 existimantur
3259 4897 3274 4922 ,
3311 4865 3374 4911 ut
3407 4871 3592 4911 veram

2027 4946 2198 5000 lucem
2244 4961 2346 4998 non
2392 4947 2623 5014 habent,
2665 4949 2741 5004 ita
2795 4965 2864 5006 ne
2907 4967 3093 5008 veram
3140 4951 3360 5022 quidem
3406 4949 3596 5002 vivant

2032 5049 2218 5093 vttattt.

2099 5127 2189 5182 29.
2225 5127 2492 5194 Quoniam
2522 5145 2652 5188 vero
2683 5149 2735 5187 ut
2766 5134 2929 5189 Patre
2955 5133 3036 5189 vel
3063 5134 3203 5202 apud
3242 5132 3455 5188 Patrem
3485 5148 3593 5188 non

428 5269 474 5300 ⁸³
498 5268 536 5322 ΙΙ
569 5268 692 5321 Cor.
731 5284 801 5331 tv,
837 5270 917 5322 10.
990 5268 1034 5301 ⁵⁸
1062 5270 1249 5324 Matth.
1277 5287 1330 5330 ι.
1366 5271 1454 5328 10.
1519 5272 1564 5304 ⁸⁸
1596 5271 1756 5326 Prov.
1792 5287 1913 5337 xxx,

2018 5309 2036 5327 .
2113 5269 2160 5300 “
2187 5269 2206 5323 l
2233 5269 2360 5326 Cor.
2383 5285 2444 5336 ιι,
2472 5269 2559 5326 ιο.

432 5375 710 5447 (ἰῶ-Ἐφ’
736 5373 815 5441 ἢν
837 5375 980 5430 ὁδὸν
998 5377 1178 5431 οὐδὲν
1205 5379 1414 5447 αἴρειν.
1445 5381 1517 5436 Ita
1563 5391 1714 5439 recte
1763 5381 1922 5447 habet

354 5447 527 5522 codex
545 5443 914 5522 podleianns;
967 5449 1105 5516 apud
1161 5443 1410 5504 Huétium
1461 5453 1656 5522 legitur
1701 5452 1786 5520 ἐφ’
1854 5445 1921 5521 ἧς

353 5514 478 5569 ὁδὸν
505 5513 626 5569 αἶρε
633 5533 698 5569 ιν.

432 5583 543 5656 (lt)
569 5573 712 5640 idem
741 5587 913 5641 codex
949 5573 1290 5654 Bodleiantts,
1314 5591 1465 5644 ἐστί’
1508 5591 1674 5646 editio
1724 5590 1921 5654 llnetii,

359 5654 476 5708 ὲπί.

437 5723 552 5795 (15)
588 5723 830 5800 Ἐῥνλδέ
856 5743 951 5800 τις
980 5725 1279 5800 ζητῇ,ᾼοιο,
1312 5728 1506 5786 Valere
1548 5733 1662 5785 haec
1703 5741 1927 5800 possunt

365 5793 630 5847 adversus
653 5793 869 5863 Origeni
903 5793 1154 5850 intentari
1205 5799 1417 5853 solitam
1471 5793 1924 5867 critninaiionem,

661 5886 927 5950 Ρλτιιοι.
970 5889 1088 5949 Gn.
1137 5891 1218 5949 XI
1238 5893 1303 5949 ν.

2066 5381 2171 5451 uod
2199 5379 2377 5436 Patris
2402 5381 2764 5451 cognitionem
2809 5382 3064 5448 majorem
3123 5398 3243 5441 esse
3286 5385 3597 5451 cognitione

2066 5399 2170 5437 uou
2200 5399 2377 5436 ratrts
2402 5399 2764 5451 cogmuonem
2809 5399 3064 5448 majorem
3123 5399 3243 5441 esse
3286 5399 3350 5440 co
3389 5399 3597 5442 ntttonc

2026 5399 2150 5528 iiilii
2176 5451 2448 5528 statuerit.
2483 5451 2943 5528 Quatuquouiam
2979 5455 3030 5508 iu
3073 5401 3405 5528 Origcniaugs
3431 5472 3598 5514 excu-

2031 5523 2220 5580 timus.
2256 5519 2411 5586 plura
2443 5535 2548 5574 non
2575 5519 2788 5576 addam.
2823 5521 3082 5581 liuentis.

2100 5589 2212 5661 (l6)
2245 5587 2424 5644 Codex
2456 5588 2780 5648 Bodleianus
2818 5603 2872 5648 et
2899 5592 3226 5653 Barberittus
3254 5596 3395 5652 πᾶνο
3431 5593 3602 5654 editio

2033 5659 2235 5714 Huetii.
2262 5658 2419 5713 ὲπάν.
3246 5671 3255 5682 ⁸

2081 5670 2235 5723 uelli,
2262 5670 2419 5713 επαν.
3246 5671 3255 5682 ⁸

2029 5729 2213 5853 mf?)
2272 5732 2331 5784 Ἀ
2379 5732 2811 5801 γινωσκόμενα.
2874 5735 3036 5792 Furta
3086 5738 3369 5806 legendum
3420 5739 3488 5790 τά
3530 5751 3551 5778 ν

3271 5899 3310 5958 3

4053 2559 4055 2586 i

4053 2617 4055 2644 l
