4040 6210
472 384 543 439 ’23
1898 383 2225 443 ORIGENIS

467 505 594 561 licet
624 519 744 560 esse
774 504 821 560 ei
861 504 953 575 qui
1012 505 1247 576 primum
1296 507 1363 562 ab
1417 508 1524 562 imo
1554 510 1900 566 ascendendo
1929 525 2026 565 non

2143 510 2290 581 παρὰ
2325 509 2403 581 τῷ
2425 509 2536 582 (l8)
2564 509 2760 582 Πατρὶ,
2789 512 2863 584 μὴ
2889 511 3190 581 φθάσαντα,
3222 512 3439 586 πρῶτον
3476 513 3725 568 κάτωθεν

452 597 774 666 pervenerit
798 596 866 652 ad
888 596 1009 652 Filii
1039 597 1403 662 divinitatem.
1434 615 1533 670 per
1557 617 1719 672 quam
1734 603 1856 672 quis
1876 619 2026 656 manu

2143 602 2520 668 ἀναϐαίνοντα,
2568 602 2662 656 ἐπὶ
2691 602 2793 674 τὴν
2822 603 2916 658 τοῦ
2958 603 3089 658 Υίοῦ
3128 604 3379 676 θεότητα,
3424 605 3490 658 δι’
3523 601 3593 678 ἦς
3635 623 3723 672 τις

471 689 594 744 duci
645 697 825 759 potest
878 690 1042 747 etiam
1091 691 1160 746 ad
1195 700 1499 762 paternam,
1537 693 1738 748 ostium
1789 693 2026 748 Salvato:

2139 694 2619 766 χειραγωγηθῆναι
2646 693 2869 748 δύναται
2891 696 2985 748 καὶ
3006 698 3100 748 ἐπὶ
3121 697 3219 767 τὴν
3244 696 3518 768 πατρικὴν
3546 715 3724 768 μακα-

468 780 761 852 inscriptus
782 791 900 840 est:
921 782 1137 853 generis
1153 791 1330 838 autem
1354 783 1574 839 humani
1593 799 1782 840 amans
1802 801 1923 840 cum
1945 786 2026 852 sit,

2145 785 2385 855 ριότητα,
2421 785 2560 857 θύρα
2583 788 2612 839 ὁ
2639 785 2828 858 Σωτὴρ
2873 788 3304 859 ἀναγέγραπται·
3337 788 3720 860 φιλάνθρωπος

464 882 519 927 et
540 872 988 945 qualemcunque
1021 873 1327 928 animorum
1362 875 1429 928 ad
1482 874 1763 930 meliorem
1826 875 2026 946 frugem

2138 875 2194 928 δὲ
2223 874 2320 938 ῶν,
2351 875 2445 928 καὶ
2473 875 2572 946 τὴν
2598 876 2746 938 ὅπως
2767 875 2898 928 ποτὲ
2924 877 3016 930 ἐπὶ
3065 876 3128 928 τὸ
3161 875 3368 946 βέλτιον
3393 877 3722 948 ἀποδεχόμε-

465 963 872 1020 inclinationem
915 965 1188 1031 admittat,
1235 979 1425 1020 eorum
1479 966 1574 1036 qui
1622 967 1690 1020 ad
1734 965 1951 1039 [Λόγον,
1987 969 2026 1021 id

2138 983 2226 1030 νος
2255 966 2364 1020 τῶν
2399 966 2586 1037 ψυχῶν
2617 968 2808 1041 ῥοπὴν,
2841 967 2949 1022 τῶν
2981 968 3075 1022 ἐπὶ
3109 968 3199 1022 τὸν
3231 969 3403 1037 Λόγον
3436 969 3510 1042 μὴ
3559 987 3721 1024 σπευ-

462 1044 955 1126 θςιειιητειιίοηοηι
989 1069 1095 1108 non
1126 1054 1397 1123 featinant,
1425 1057 1718 1126 oviumque
1740 1058 1910 1110 instar
1929 1071 2034 1110 non

460 1146 813 1214 exquisitam,
870 1145 969 1202 sed
1028 1145 1400 1201 irrationalcm
1457 1148 1928 1203 mansuetudinem
1983 1159 2038 1202 et

462 1240 742 1297 lenitatem
777 1241 1000 1308 habent,
1035 1251 1223 1312 pastor
1252 1240 1485 1296 efﬁcitur
1516 1259 1532 1296 :
1570 1241 1825 1296 Homines
1865 1241 2032 1307 enim,

455 1342 503 1387 et
518 1333 762 1403 jumenta
790 1342 962 1388 servat
1003 1331 1264 1388 Dominus
1289 1333 1356 1386 ⁸⁷.
1383 1331 1525 1400 Quin
1563 1341 1619 1388 et
1654 1333 1822 1387 Israel
1851 1343 1907 1388 et
1934 1331 2033 1386 Ju-

453 1425 554 1480 das
583 1426 780 1480 nedum
816 1425 1229 1490 hominum,sed
1257 1427 1423 1480 etiam
1448 1425 1820 1496 jumentorum
1849 1441 2032 1481 semen

454 1518 690 1570 seminat
714 1516 782 1569 ⁸⁸.

523 1608 613 1662 50.
639 1608 718 1662 Ad
753 1610 864 1662 haec
894 1624 923 1661 a
957 1608 1224 1678 principio
1245 1609 1711 1664 considerandum
1743 1619 1826 1663 cst
1871 1609 2033 1665 Chri-

452 1698 519 1751 sti
551 1696 896 1764 vocabulum,
945 1698 1204 1766 adjuncto
1233 1697 1398 1752 etiam
1435 1697 1701 1752 vocabulo
1749 1699 1916 1768 regis,
1973 1707 2033 1752 ut

451 1787 865 1856 comparatione
895 1785 1028 1856 quid
1073 1785 1330 1841 differant
1365 1785 1715 1856 intelligatur.
1749 1783 1882 1840 Cum
1927 1785 2031 1839 ita-

2135 1055 2356 1120 δόντων,
2391 1056 2528 1111 ἀλλὰ
2551 1057 2705 1130 δίκην
2732 1057 3018 1130 προϐάτων
3043 1059 3142 1111 ούκ
3169 1057 3556 1130 ὲξητασμένον,
3581 1059 3721 1114 ἀλλὰ

2137 1146 2328 1214 ἄλογον
2348 1147 2534 1218 τδῆμε
2542 1164 2632 1218 ρον
2663 1147 2757 1200 καὶ
2779 1149 2951 1218 πρᾶον
2975 1147 3230 1218 ἐχόντων,
3258 1146 3462 1217 ποιμὴν
3483 1145 3717 1216 γίνεταιο

2150 1239 2514 1307 Ἆνθρώπους
2541 1239 2652 1310 γάρ
2683 1239 2782 1293 καὶ
2825 1239 3015 1310 κτήνη
3047 1236 3217 1299 σώζει
3265 1243 3298 1292 ό
3343 1240 3577 1308 Κύριος·
3620 1239 3718 1293 καὶ

2134 1333 2164 1384 ὁ
2201 1331 2416 1404 Ἰσραὴλ
2439 1333 2496 1386 δὲ
2524 1333 2616 1386 xal.
2635 1335 2663 1386 ό
2695 1331 3200 1403 Ἰούδαςσπείρεται
3225 1332 3446 1404 σπέρμα
3464 1333 3524 1385 ού
3552 1332 3715 1403 μόνον

2135 1423 2458 1495 ἀνθρώπων,
2489 1424 2626 1478 ἀλλὰ
2653 1425 2748 1478 καὶ
2785 1425 3020 1497 κτηνῶν.

2203 1609 2290 1664 30.
2349 1610 2494 1682 Πρὸς
2559 1609 2772 1674 τούτοις
2828 1608 3222 1680 ὲπισκοπητέον
3277 1609 3337 1674 ἐξ
3385 1608 3561 1680 ἀρχῆς
3614 1606 3716 1682 τὴν

2132 1705 2364 1776 Χριστὸς
2394 1704 2788 1776 προσηγορίαν,
2813 1703 2909 1757 καὶ
2929 1702 3302 1775 προσληπτέον
3317 1703 3416 1774 τὴν
3437 1702 3714 1772 βασιλεὺς,

2133 1797 2219 1849 ἵνα
2246 1799 2313 1866 τῇ
2339 1795 2638 1867 παραθέσει
2669 1798 2702 1866 ἡ
2730 1795 2963 1866 διαφορὰ
2984 1795 3170 1866 νοηθῇ.
3204 1794 3436 1862 Λέγεται
3467 1795 3522 1848 δὲ
3553 1796 3610 1848 ὲν
3632 1795 3716 1867 τῷ

449 1895 556 1948 que
589 1880 644 1934 in
668 1889 866 1949 quarto
898 1879 986 1935 hic
1003 1888 1058 1934 et
1083 1879 1507 1949 quadragesimo
1531 1879 1796 1949 psalmo“
1818 1879 2026 1934 dicatur

2135 1889 2216 1960 μδ¹
2230 1856 2448 1958 solans}
2512 1890 2541 1942 ό
2607 1856 2916 1957 ὴγάπηκῶς
2950 1885 3047 1957 τὴν
3066 1856 3440 1956 δικαιοσύνην,
3472 1885 3568 1938 καὶ
3597 1856 3715 1938 ἀνο-

450 1985 642 2027 amans
657 1969 880 2040 iustitiae
900 1978 954 2024 et
973 1984 1099 2025 osor
1115 1968 1418 2040 iniquitatis
1437 1983 1546 2037 prae
1563 1967 1941 2037 participibus,
1961 1967 2031 2022 ob

435 2065 611 2120 'talem
641 2078 771 2134 erga
797 2061 1062 2130 justitiam
1113 2074 1375 2125 amorem,
1427 2073 1663 2129 ergaque
1692 2059 2029 2128 iniquitatem

445 2157 651 2219 odium,
711 2153 1082 2226 promeruisse
1141 2161 1200 2206 ut
1262 2161 1581 2222 angeretur,
1618 2161 1876 2219 tanquam
1922 2163 2028 2204 nou

446 2247 608 2304 simul
635 2262 756 2301 cum
779 2259 902 2300 esse
931 2243 1245 2298 unctionem
1265 2242 1622 2296 exsistentem
1651 2247 2030 2295 concreatam-

444 2350 550 2405 que
572 2331 880 2404 acceperit;
902 2347 1023 2402 quae
1048 2331 1232 2385 unctio
1260 2330 1410 2402 regni
1446 2328 1830 2400 interdumque
1853 2330 2024 2384 etiam

443 2427 733 2484 sacerdotii
759 2424 1086 2481 mortalibus
1111 2433 1196 2478 est
1227 2428 1446 2492 signum
1473 2420 1765 2476 :censebis
1793 2430 1848 2475 tu
1876 2435 2026 2475 mor-

444 2518 552 2573 tale
572 2517 700 2574 Filii
735 2515 829 2570 Dei
858 2527 1084 2583 regnum
1111 2526 1232 2567 esse
1252 2526 1353 2567 nec
1368 2509 1530 2565 simul
1549 2525 1671 2565 cum
1705 2524 1771 2566 eo
1804 2510 2027 2566 natum?

442 2609 604 2680 Atqui
641 2609 732 2679 qui
772 2607 890 2662 fieri
925 2614 1099 2676 potest
1129 2613 1187 2658 ut
1223 2603 1624 2674 Primogenitus
1655 2601 1838 2658 omnis
1872 2617 2028 2657 crea-

445 2715 580 2757 tura:
622 2715 715 2756 rex
763 2698 1092 2762 efficeretur,
1137 2710 1260 2751 cum
1310 2695 1362 2749 id
1395 2704 1553 2749 antea
1603 2709 1708 2749 non
1753 2694 2027 2749 haberet?

439 2807 498 2851 et
523 2795 737 2850 idcirco
764 2794 891 2863 quia
920 2792 1186 2863 justitiam
1219 2787 1493 2854 dilexerit,
1523 2803 1646 2843 cum
1670 2788 1743 2842 sit
1773 2786 1881 2857 32
1905 2786 2020 2857 ipsa

434 2887 646 2959 justitia
661 2887 684 2942 ?
702 2887 900 2942 Verum
934 2883 1351 2951 haudquaquam
1384 2895 1481 2936 nos
1501 2879 1673 2934 latere
1692 2878 1852 2934 debet
1866 2892 2025 2932 voca-

433 2979 622 3035 bulum
635 2978 834 3034 Christi
857 2977 922 3029 ad
940 2988 1060 3028 eam
1085 2982 1336 3026 naturam
1358 2986 1462 3040 qua
1479 2980 1562 3024 est
1580 2971 1741 3026 homo
1757 2969 2026 3040 praecipue

438 3073 736 3142 pertinere,
771 3070 924 3142 juxta
964 3081 1128 3138 quam
1164 3065 1325 3120 etiam
1363 3063 1542 3117 anima
1596 3062 1765 3132 ipsius
1825 3062 2025 3118 dicitur

2133 1981 2260 2050 μίαν
2311 1978 2633 2051 μεμισηκὼς
2690 1977 2841 2049 παρὰ
2881 1979 3006 2041 τοὺς
3053 1977 3333 2049 μετόχους,
3384 1977 3564 2031 αἰτίαν
3608 1977 3707 2030 τοῦ

2128 2071 2414 2144 κεκρίσθαι
2441 2071 2504 2124 τὸ
2527 2070 2669 2124 οὕτω
2698 2069 2809 2142 (19)
2835 2069 3180 2142 δικαιοσύνην
3229 2069 3711 2141 προσεληλυθέναι,

2127 2163 2442 2234 ἐσχηκέναι,
2491 2163 2585 2217 καὶ
2631 2163 2729 2235 τὴν
2772 2163 3004 2234 ἀνομίαν
3053 2162 3438 2234 μεμισηκέναι,
3488 2163 3565 2226 ὡς
3610 2162 3712 2234 οὐχ

2127 2257 2244 2328 ἅμα
2283 2255 2362 2326 τῷ
2413 2251 2552 2310 εἶναι
2596 2254 2692 2326 τὴν
2738 2255 2921 2328 χρίσιν
2967 2255 3416 2327 συνυπάρχουσαν
3457 2253 3570 2326 (20)
3615 2255 3712 2310 καὶ

2129 2347 2528 2419 συγκτηθεῖσαν
2557 2346 2758 2414 λαϐὼν,
2780 2347 3103 2420 ἥτιςχρίσις
3132 2347 3409 2418 βασιλείας
3433 2349 3524 2400 ἐπὶ
3549 2363 3706 2418 γενη-

2123 2447 2238 2511 τοῖς
2274 2447 2391 2498 ὲστι
2427 2441 2714 2515 σύμϐολον,
2763 2441 2874 2496 ἔσθ’
2913 2444 3003 2498 ὅτε
3041 2443 3098 2497 δὲ
3140 2443 3234 2497 καὶ
3271 2443 3586 2515 ἱερωσύνης·
3617 2440 3710 2517 ἄρ’

2123 2531 2218 2591 οὖν
2244 2536 2538 2608 ὲπιγενητή
2579 2537 2726 2589 ἔστιν
2756 2537 2790 2608 ἡ
2826 2533 2920 2589 τοῦ
2959 2534 3090 2589 Υίοῦ
3127 2534 3222 2589 τοῦ
3263 2535 3399 2589 Θεοῦ
3441 2535 3704 2606 βασιλεία,

2124 2631 2218 2684 καὶ
2254 2629 2316 2682 οὐ
2349 2627 2603 2701 συμφυὴς
2644 2626 2824 2699 αὐτῷ;
2861 2627 2971 2682 Καὶ
3009 2625 3126 2690 πῶς
3152 2626 3354 2681 οἴονται
3379 2627 3471 2681 τὸν
3493 2629 3708 2700 Πρωτό-

2122 2735 2282 2772 τοκον
2325 2718 2506 2790 πάσης
2551 2717 2803 2782 κτίσεως,
2848 2715 2949 2770 οὐκ
2990 2715 3120 2769 ὄντα
3169 2715 3428 2786 βασιλέα,
3480 2716 3706 2790 ὕστερον

2125 2810 2349 2883 βασιλέα
2390 2810 2693 2881 γεγονέναι,
2728 2809 2817 2864 διὰ
2855 2809 2916 2863 τὸ
2955 2809 3304 2880 ἠγαπηκέναι
3335 2809 3706 2882 δικαιοσύνην,

2124 2903 2220 2958 καὶ
2245 2902 2420 2958 ταῦτα
2447 2901 2786 2974 τυγχάνοντα
2815 2900 3194 2973 δικαιοσύνην;
3225 2903 3453 2974 Μήποτε
3494 2903 3552 2956 δὲ
3589 2909 3708 2956 λαν-

2125 2991 2276 3048 Θάνει
2303 2993 2452 3064 ἡμᾶς
2475 2995 2505 3046 ὁ
2533 2993 2630 3065 μὲν
2661 2991 2947 3064 ἄνθρωπος
2973 2990 3140 3045 αὑτοῦ
3166 2991 3402 3064 Χριστὸς
3425 2991 3521 3059 ῶν,
3564 2991 3707 3048 κατὰ

2122 3083 2220 3157 τὴν
2245 3083 2421 3156 ψυχὴν
2452 3083 2541 3138 διὰ
2570 3083 2631 3137 τὸ
2665 3081 3004 3155 ἀνθρώπινον
3029 3083 3123 3136 καὶ
3145 3082 3578 3156 τεταραγμένην,
3610 3085 3706 3139 καὶ

438 3166 658 3222 turbata
700 3171 756 3218 et
789 3159 1062 3232 pertristis
1097 3157 1301 3222 fuisse;
1349 3153 1672 3209 vocabulum
1717 3167 1846 3208 vero
1879 3153 2022 3223 regis

2127 3153 2423 3249 περίλυπον
2449 3153 2822 3248 γεγενημένην
2855 3174 3088 3248 μάλιστα
3122 3174 3242 3230 νοού
3252 3153 3432 3247 μενος,
3465 3153 3586 3231 όνδὲ
3614 3177 3714 3249 βα-

437 3256 634 3314 referri
651 3255 716 3310 ad
737 3252 1098 3318 divinitatem;
1118 3250 1170 3304 id
1186 3249 1326 3320 quod
1340 3263 1406 3302 ex
1427 3247 1601 3317 primo
1613 3255 1666 3300 et
1683 3244 2022 3316 septuagesi-
2049 3244 2084 3288 ’τ

435 3365 528 3406 mo
542 3346 807 3420 psalmo"
819 3346 1144 3400 confirmare
1157 3341 1300 3406 licet,
1317 3339 1530 3394 dicente
1551 3355 1564 3392 :
1583 3337 1745 3402 Deus,
1751 3336 2020 3408 judicium

434 3454 586 3497 tuum
615 3439 724 3508 regi
752 3439 908 3504 da,et
928 3435 1199 3508 justitiam
1235 3441 1381 3486 tuam
1413 3430 1526 3500 ﬁlio
1544 3430 1706 3500 regis,
1733 3437 1790 3482 ut
1813 3427 2020 3498 judicet

431 3532 682 3604 populum
700 3541 847 3585 tuum
875 3529 930 3583 in
943 3527 1181 3600 justitia,
1199 3535 1246 3580 et
1278 3539 1534 3595 pauperes
1559 3531 1675 3577 (nos
1699 3523 1752 3576 in
1771 3521 2018 3592 judicio;

433 3633 623 3695 aperte
639 3623 780 3678 enim
797 3620 1073 3677 Salomoni
1101 3614 1495 3686 inscriptushic
1513 3614 1753 3686 psalmus
1774 3613 1840 3668 de
1861 3612 2020 3669 Chri-

431 3726 522 3775 sto
541 3717 830 3789 prophetat
854 3730 870 3768 :
901 3727 1191 3783 operaque
1214 3709 1445 3781 pretium
1474 3717 1554 3762 est
1581 3706 1766 3760 videre
1786 3706 1871 3761 cui
1905 3704 2018 3775 regi

429 3817 586 3880 optet
604 3824 632 3861 a
654 3810 762 3862 Deo
786 3805 1054 3875 Propheta
1075 3803 1208 3874 judit
1229 3802 1338 3857 ium
1365 3799 1504 3867 dari,
1522 3809 1575 3854 et
1593 3800 1676 3854 cui
1711 3799 1822 3853 filio
1848 3799 2014 3868 regis,

423 3910 488 3956 .et
533 3899 688 3968 cujus
749 3897 893 3967 regis
939 3896 1227 3966 justitiam.
1285 3893 1460 3947 Meum
1521 3894 1705 3962 itaque
1757 3890 2013 3962 estjudi-

431 3993 616 4054 cium,
687 3987 1013 4059 prtecipuam
1077 3984 1431 4054 Primogeniti
1512 3985 1677 4038 totius
1753 3993 2017 4039 creaturae

430 4091 710 4145 naturam,
742 4077 832 4134 cui
864 4077 934 4133 ob
968 4074 1336 4148 praestantiam
1385 4073 1569 4127 datum
1618 4072 1689 4126 sit
1726 4073 2012 4144 judicium,

428 4187 614 4243 regem
639 4170 780 4236 diei;
812 4168 981 4224 filium
1017 4181 1144 4220 vero
1169 4164 1333 4234 regis,
1364 4179 1485 4218 eum
1522 4179 1683 4232 quem
1721 4165 2015 4234 assumpsit

428 4263 731 4328 hominem,
757 4263 826 4317 ab
844 4260 934 4316 illa
961 4259 1278 4323 formatum,
1308 4267 1363 4311 et
1387 4254 1686 4328 effigiatum
1719 4255 2012 4310 secundum

421 4355 713 4432 justitiam.
755 4353 928 4422 Quam
961 4365 1072 4406 rem
1104 4349 1184 4403 sic
1216 4361 1275 4402 se
1319 4346 1521 4403 habere
1558 4357 1615 4400 nt
1644 4347 1887 4413 credam,
1917 4349 2037 4402 ad-'

426 4450 601 4508 ducor
635 4463 701 4505 ex
734 4462 800 4505 eo
839 4446 981 4517 quod
1013 4446 1116 4499 sub
1149 4458 1309 4497 unam
1360 4451 1416 4496 et
1449 4441 1694 4496 eamdem
1738 4441 2008 4498 rationem

2129 3267 2309 3330 σιλεὺς
2357 3265 2499 3320 κατὰ
2526 3265 2589 3319 τὺ
2632 3264 2812 3333 θεῖον;
2859 3266 3298 3339 Παραμυθοῦμαι
3344 3267 3402 3322 δὲ
3444 3269 3602 3323 τοῦτο
3644 3270 3703 3338 ἐξ

2126 3356 2526 3430 έϐδομηκοστοῦ
2561 3355 2780 3430 πρώτου
2818 3356 3034 3428 ψαλμοῦ
3059 3356 3328 3427 λέγοντος*
3374 3359 3436 3412 ’0
3464 3358 3608 3426 Θεὸς
3634 3359 3703 3414 τὸ

2125 3448 2306 3518 κρίμα
2334 3464 2451 3503 σου
2485 3445 2565 3515 τῷ
2587 3446 2844 3513 βασιλεῖ
2877 3447 3004 3514 δὸς,
3038 3447 3136 3502 καί
3169 3446 3284 3516 τὴν
3307 3447 3704 3517 δικαιοσύνην

2125 3555 2242 3594 σου
2274 3537 2354 3606 τῷ
2377 3537 2488 3606 υιῷ
2525 3539 2633 3595 τοῦ
2662 3537 2990 3607 βασιλέως,
3021 3537 3245 3608 κρινεῖν
3271 3539 3378 3593 τὸν
3397 3541 3554 3593 .lao’r
3580 3553 3701 3593 σου

2123 3630 2194 3686 ἐν
2218 3631 2595 3701 δικαιοσύνῃ,
2627 3629 2728 3684 καί
2759 3628 2904 3698 τοὺς
2931 3630 3204 3700 πτωχούς
3229 3646 3343 3684 σου
3367 3629 3438 3683 ἐν
3481 3629 3697 3697 κρίσειο

2125 3721 2311 3791 σαφῶς
2335 3719 2446 3794 γὰρ
2466 3722 2546 3786 είς
2571 3719 2898 3792 Σολομῶντα
2922 3718 3396 3790 ἐπιγεγραμμένος
3426 3719 3456 3771 ὁ
3487 3717 3700 3791 ψαλμὸς

2124 3811 2253 3884 περὶ
2305 3811 2544 3884 Χριστοῦ
2596 3810 3019 3884 προφητεύεται·
3076 3811 3172 3865 καὶ
3217 3810 3365 3878 ἄξιον
3419 3810 3546 3865 ίδείν
3591 3811 3700 3865 τίνι

2125 3903 2334 3976 βασιλεῖ
2361 3903 2421 3958 τὸ
2447 3904 2620 3977 κρίμα
2655 3902 2870 3974 εὔχεται
2894 3902 3114 3974 δοθῆναι
3149 3902 3255 3956 ὑπὸ
3279 3901 3414 3956 Θεοῦ
3438 3905 3470 3974 ἡ
3495 3919 3702 3975 προφη-

2121 3997 2261 4064 τεία,
2291 3996 2385 4051 καὶ
2415 3997 2520 4051 τίνι
2550 3995 2650 4066 υἱῷ
2681 3994 2964 4066 βασιλέως,
3001 3995 3096 4048 καὶ
3123 3995 3278 4048 ποίου
3304 3993 3566 4064 βασιλέως
3600 3995 3698 4067 τὴν

2120 4088 2490 4160 δικαιοσύνην.
2565 4087 2834 4158 Ἢγοῠμαι
2882 4081 2976 4142 οὖν
3029 4085 3254 4158 βασιλέα
3303 4086 3402 4158 μὲν
3446 4085 3698 4155 λέγεσθαι

2119 4181 2218 4254 τὴν
2257 4179 2673 4252 προηγουμένην
2714 4177 2808 4232 τοῦ
2849 4177 3206 4249 Πρωτοτόκου
3252 4177 3432 4248 πάσης
3469 4176 3699 4240 κτίσεως

2120 4270 2303 4340 φύσιν,
2337 4263 2372 4344 ᾖ
2413 4269 2612 4323 δίδοται
2643 4266 2734 4321 διὰ
2765 4267 2826 4320 τὸ
2863 4267 3148 4341 ὑπερέχειν
3177 4266 3238 4319 τὸ
3268 4265 3494 4336 κρίνειν·
3528 4264 3619 4318 τὸν
3642 4264 3700 4319 δὲ

2118 4360 2402 4432 ἄνθρωπον
2441 4358 2500 4412 ὃν
2552 4357 2861 4431 ἀνείληφεν,
2908 4359 3000 4411 ὑπ’
3051 4356 3267 4428 ἐκείνης
3322 4356 3700 4428 μορφούμενον

2118 4450 2260 4506 κατὰ
2300 4449 2646 4522 δικαιοσύνην
2697 4450 2792 4503 καὶ
2835 4447 3239 4520 ὲκτυπούμενον
3271 4447 3406 4520 (21),
3449 4448 3562 4502 υίὸν
3603 4449 3696 4503 τοῦ

425 4550 767 4602 contractum
819 4537 892 4594 sit
930 4544 1251 4606 utrumque;
1288 4542 1343 4588 et
1373 4533 1516 4602 quod
1561 4545 1682 4600 quae
1734 4531 2010 4599 dicuntur,

2126 4543 2404 4616 βασιλέως.
2427 4544 2538 4597 Καὶ
2564 4543 2910 4616 προσάγομαι
2947 4543 3027 4606 εἰς
3051 4540 3113 4594 τὸ
3142 4540 3291 4595 τοῦθ’
3344 4539 3518 4605 οὕτως
3551 4541 3698 4613 ἔχειν

426 4651 535 4692 non
565 4645 820 4705 tanquam
841 4629 909 4686 de
923 4628 1135 4686 duobus
1171 4626 1521 4697 quibusdam,
1541 4623 1636 4678 sed
1659 4630 1916 4692 tanquam
1941 4624 2008 4680 de

2126 4635 2522 4708 παραδέξασθαι
2556 4635 2668 4691 άπὸ
2689 4635 2783 4689 τοῦ
2809 4636 2890 4698 είς
2921 4633 3020 4689 ἕνα
3059 4633 3214 4704 λόγον
3243 4633 3698 4705 συνῆχθαιλάμφό-

427 4741 538 4783 uno
553 4726 922 4782 enuntientur.
939 4719 1072 4776 Nam
1092 4718 1211 4789 fecit
1233 4716 1492 4773 Servatur
1515 4724 1734 4786 utraque
1755 4731 1918 4770 unum
1935 4716 2004 4785 ⁷⁸,

2126 4743 2268 4798 τερα,
2305 4727 2400 4782 καὶ
2423 4727 2493 4781 τὰ
2530 4725 2924 4797 ἐπιφερόμενα,
2959 4726 3142 4780 οὐκέτι
3165 4726 3240 4791 ὡς
3263 4727 3394 4799 περὶ
3419 4726 3512 4781 δύο
3532 4728 3698 4782 τινῶν

424 4834 550 4876 cum
577 4832 766 4873 eorum
791 4830 913 4886 qua;
959 4813 1097 4870 fiunt
1146 4819 1380 4881 utraque
1425 4823 1615 4874 unum,
1649 4809 1914 4879 primitias
1949 4808 2004 4864 in

2126 4818 2572 4889 ὶπαγγέλλεσθαι,
2609 4817 2723 4872 ἀλλ’
2748 4818 2822 4882 ὡς
2852 4818 2982 4891 περὶ
3022 4819 3159 4884 ἑνός.
3193 4821 3491 4889 Πεποὶηκε
3522 4821 3632 4892 γὰρ
3669 4823 3698 4875 ό

424 4913 609 4984 ιεὶρεο
641 4919 765 4965 ante
806 4907 987 4964 omnia
1036 4905 1273 4961 fecisset.
1321 4902 1518 4958 Vocem
1556 4911 1738 4958 autem
1781 4913 2004 4974 utraque

2126 4909 2303 4982 Σωτὴρ
2328 4911 2401 4966 τὰ
2426 4911 2729 4981 ἀμφότερα
2756 4909 2846 4975 ἓν,
2880 4909 3023 4963 κατὰ
3045 4909 3145 4981 τὴν
3171 4911 3428 4984 ἀπαρχὴν
3451 4912 3562 4984 (22)
3586 4913 3696 4966 τῶν

427 5006 606 5062 refero
637 5002 704 5059 ad
729 4999 980 5058 homines
1017 4998 1183 5055 etiam
1216 4997 1339 5052 illos
1370 4995 1483 5066 qui,
1516 4995 1832 5065 pennistam
1879 4995 2002 5066 Spi-

2126 5001 2410 5074 γινομένων
2427 5003 2752 5077 ἀμφοτέρων
2779 5004 2837 5056 ὲν
2860 5001 3044 5074 ἑαυτῷ
3073 5004 3179 5076 πρὸ
3201 5005 3418 5060 πάντων
3440 5007 3691 5076 ποιήσας.

425 5097 532 5152 ritu
581 5103 771 5150 sancto
807 5091 1073 5148 habentes
1126 5089 1393 5149 animam,
1451 5085 1770 5156 spirituales
1817 5085 1994 5143 efl‘ecti

2126 5094 2491 5165 Ἀμφοτέρων
2513 5096 2570 5150 δὲ
2596 5095 2741 5166 λέγω
2765 5097 2859 5152 καὶ
2888 5098 2980 5151 ἐπὶ
3007 5095 3117 5150 τῶν
3143 5095 3470 5168 ἀνθρώπων,
3506 5098 3592 5166 ἐφ’
3615 5091 3694 5150 ὧν

495 5226 702 5290 "Psal.
730 5251 893 5302 xxxv,
933 5235 985 5288 7.
1049 5235 1092 5266 “
1119 5231 1225 5288 Jer.
1256 5229 1521 5294 xxxt,2'l.
1599 5227 1644 5259 "
1682 5225 1835 5284 Vers-
1871 5232 1923 5288 8.
1995 5239 2026 5266 '“

2126 5253 2196 5293 ars
2243 5238 2298 5293 2.
2359 5240 2402 5272 ⁷⁸
2429 5239 2626 5310 Epltcs.
2658 5255 2720 5304 ll,
2753 5239 2837 5293 li.

494 5350 608 5430 (_18)
631 5353 756 5430 0oz
775 5352 1202 5430 Egrzyeréaﬂat
1233 5352 1271 5422 ἢ
1287 5351 1455 5430 παρὰ
1471 5347 1574 5415 τῷ,
1605 5360 1719 5430 etc.
1740 5346 1842 5430 Si_c_
1861 5364 1990 5403 rem.

2157 5355 2294 5430 Δ(91)
2322 5357 2434 5412 Καὶ
2478 5357 3103 5430 ἐκτυπούμενονηιιιι
3128 5357 3291 5412 habet
3331 5359 3499 5430 codex
3551 5355 3694 5409 Bod-

425 5417 782 5478 habet'codex
813 5417 1164 5491 Bodleiauus,
1193 5417 1336 5479 male
1370 5417 1555 5477 autem
1591 5418 1762 5474 editio
1800 5417 2009 5483 ﬂuet“,

2126 5417 2320 5483 eiatttis
2345 5446 2360 5484 :
2395 5430 2448 5482 in
2482 5429 2720 5485 editione
2741 5417 2930 5484 lluetii
2953 5429 3298 5484 desideratur
3321 5429 3440 5486 καί.

423 5491 1136 5582 οὐκέξιιγενέσθαπιήλριαρὰ
1160 5494 1256 5566 τῷ.
1293 5563 1309 5582 ἱ
1390 5562 1413 5582 η
1580 5559 1739 5582 ΑΡ..-
1798 5558 1841 5582 η
1890 5561 1974 5582 η..

2143 5567 2155 5582 ε
2178 5498 2294 5582 (9?)
2325 5498 2487 5582 Καζὰ
2504 5497 2618 5582 τῂν
2635 5499 2942 5582 ἀπαρχὴν,
2975 5506 3084 5582 etc.
3121 5499 3280 5582 nemo
3314 5507 3458 5582 κατα
3491 5506 3544 5582 et
3572 5498 3690 5578 festo

495 5555 808 5649 (19)Codex
865 5555 1221 5631 Bo'dleia'nus;
1257 5563 1319 5617 τὸ
1357 5562 1533 5616 οὖτωο
1574 5559 1742 5618 editio
1798 5558 2000 5626 Iluetii,

2126 5555 2202 5649 τὴν
2236 5555 2491 5649 ἀπαρχὴν
2508 5555 2617 5649 τῶν
2646 5555 2954 5649 γινομένων
2973 5567 3298 5640 ἀμφοτέρων
3330 5567 3390 5620 ἒν
3416 5568 3475 5620 ὲν
3513 5555 3694 5639 ἑαυτῷ

419 5637 734 5712 Mitt”...
1006 5701 1048 5712 .-
1487 5694 1732 5712 ..εν
1833 5699 1930 5712 ..

2126 5637 2212 5712 τρὸ
2232 5637 2456 5692 πάντων
2481 5637 2737 5712 ποιήσας,
2759 5637 2881 5712 qua:
2911 5641 2992 5712 sic
3013 5637 3167 5712 verto
3191 5637 3204 5693 Ξ
3229 5654 3346 5691 cum
3367 5653 3555 5712 eonth
3572 5637 3690 5706 qm

737 5708 964 5784 ecditio
1005 5708 1185 5758 Huetii
1217 5708 1451 5784 inAtc_xtu
1488 5708 1652 5784 habet
1673 5708 1767 5784 θεν
1825 5708 2000 5780 ῦπαρ·
2101 5708 2239 5784 ﬁant
2290 5718 2511 5780 utraque
2559 5708 2746 5778 unum,
2770 5708 3040 5782 primitias
3075 5711 3131 5765 in
3157 5725 3214 5764 se
3240 5718 3366 5762 an'e
3411 5708 3589 5762 omnia
3614 5714 3691 5775 (e-

420 5769 641 5844 χουσαν.
673 5773 874 5829 Ibidem
919 5790 1014 5846 pro
1069 5772 1469 5842 συγκτηθεῖσαν
1531 5772 1659 5839 legit
1709 5769 1999 5826 Ferrarius

420 5843 856 5897 συγκτισθεῖσαν.

2126 5780 2280 5834 tiam.

419 5860 856 5900 συγκτισυεισαν.

494 5649 964 5780 Malecditio
1005 5701 1185 5758 Huetii
1217 5703 1451 5780 in_tc_xtu
1487 5701 1649 5780 habet
1673 5694 1767 5780 οξν
1825 5699 2000 5780 ὑπάρ-
