  <div class='ocr_page' id='page_1' title='image "/cluster/home/n/w/nwhite01/storage/ocr_20150623/14/hvd.32044073501363/044.png"; bbox 0 0 4082 6224; ppageno 0'>
   <div class='ocr_carea' id='block_1_1' title="bbox 392 235 1976 303">
    <p class='ocr_par' dir='ltr' id='par_1_1' title="bbox 392 235 1962 303">
     <span class='ocr_line' id='line_1_1' title="bbox 392 235 1962 303; baseline -0.003 0"><span class='ocrx_word' id='word_1_1' title='bbox 392 236 475 303; x_wconf 71' lang='grc' dir='ltr'>ἠ</span> <span class='ocrx_word' id='word_1_2' title='bbox 1493 235 1851 303; x_wconf 73' lang='grc' dir='ltr'><strong>ΕΟΜΜΕΝΤ.</strong></span> <span class='ocrx_word' id='word_1_3' title='bbox 1894 242 1962 299; x_wconf 89' lang='lat' dir='ltr'><strong>lN</strong></span> 
     </span>
    </p>
   </div>
   <div class='ocr_carea' id='block_1_2' title="bbox 2082 235 3663 303">
    <p class='ocr_par' dir='ltr' id='par_1_2' title="bbox 2085 236 3663 302">
     <span class='ocr_line' id='line_1_2' title="bbox 2085 236 3663 302; baseline 0.003 -4"><span class='ocrx_word' id='word_1_4' title='bbox 2085 242 2195 298; x_wconf 80' lang='lat' dir='ltr'><strong>AN.</strong></span> <span class='ocrx_word' id='word_1_5' title='bbox 2235 236 2471 300; x_wconf 74' lang='lat' dir='ltr'><strong>TOMUS</strong></span> <span class='ocrx_word' id='word_1_6' title='bbox 2504 241 2547 299; x_wconf 88' lang='lat' dir='ltr'><strong>l.</strong></span> <span class='ocrx_word' id='word_1_7' title='bbox 3599 247 3663 302; x_wconf 70' lang='grc'><strong>78</strong></span> 
     </span>
    </p>
   </div>
   <div class='ocr_carea' id='block_1_3' title="bbox 396 359 1976 435">
    <p class='ocr_par' dir='ltr' id='par_1_3' title="bbox 396 359 1976 435">
     <span class='ocr_line' id='line_1_3' title="bbox 396 359 1976 435; baseline -0.001 -19"><span class='ocrx_word' id='word_1_8' title='bbox 396 361 773 435; x_wconf 68' lang='grc' dir='ltr'>ἀνακὲκραται</span> <span class='ocrx_word' id='word_1_9' title='bbox 813 360 891 433; x_wconf 84' lang='grc' dir='ltr'>τῷ</span> <span class='ocrx_word' id='word_1_10' title='bbox 933 360 1073 432; x_wconf 82' lang='grc' dir='ltr'>ἁγίῳ</span> <span class='ocrx_word' id='word_1_11' title='bbox 1118 359 1399 434; x_wconf 82' lang='grc' dir='ltr'>ῐῐνεύματι</span> <span class='ocrx_word' id='word_1_12' title='bbox 1447 362 1482 433; x_wconf 82' lang='grc' dir='ltr'>ἡ</span> <span class='ocrx_word' id='word_1_13' title='bbox 1530 362 1765 416; x_wconf 75' lang='grc' dir='ltr'><strong>ἑκάστου</strong></span> <span class='ocrx_word' id='word_1_14' title='bbox 1816 360 1976 433; x_wconf 57' lang='grc' dir='ltr'>ψυχὴ,</span> 
     </span>
    </p>
   </div>
   <div class='ocr_carea' id='block_1_4' title="bbox 2082 359 3666 435">
    <p class='ocr_par' dir='ltr' id='par_1_4' title="bbox 2098 362 3666 434">
     <span class='ocr_line' id='line_1_4' title="bbox 2098 362 3666 434; baseline 0.003 -18"><span class='ocrx_word' id='word_1_15' title='bbox 2098 374 2409 419; x_wconf 90' lang='lat' dir='ltr'><strong>servantur.</strong></span> <span class='ocrx_word' id='word_1_16' title='bbox 2452 362 2523 420; x_wconf 89' lang='lat' dir='ltr'><strong>Ut</strong></span> <span class='ocrx_word' id='word_1_17' title='bbox 2569 362 2734 433; x_wconf 91' lang='lat' dir='ltr'><strong>igitur</strong></span> <span class='ocrx_word' id='word_1_18' title='bbox 2784 362 2996 433; x_wconf 88' lang='lat' dir='ltr'><strong>aliquos</strong></span> <span class='ocrx_word' id='word_1_19' title='bbox 3050 376 3273 420; x_wconf 89' lang='lat' dir='ltr'><strong>cernere</strong></span> <span class='ocrx_word' id='word_1_20' title='bbox 3329 373 3414 420; x_wconf 88' lang='lat' dir='ltr'><strong>est</strong></span> <span class='ocrx_word' id='word_1_21' title='bbox 3470 366 3666 434; x_wconf 79' lang='lat' dir='ltr'><strong>quibus</strong></span> 
     </span>
    </p>
   </div>
   <div class='ocr_carea' id='block_1_5' title="bbox 399 453 1978 528">
    <p class='ocr_par' dir='ltr' id='par_1_5' title="bbox 399 453 1978 528">
     <span class='ocr_line' id='line_1_5' title="bbox 399 453 1978 528; baseline 0 -19"><span class='ocrx_word' id='word_1_22' title='bbox 399 457 500 510; x_wconf 77' lang='grc' dir='ltr'>καὶ</span> <span class='ocrx_word' id='word_1_23' title='bbox 534 457 752 525; x_wconf 83' lang='grc' dir='ltr'>γέγονεν</span> <span class='ocrx_word' id='word_1_24' title='bbox 799 456 1025 518; x_wconf 77' lang='grc' dir='ltr'>ἕκαστος</span> <span class='ocrx_word' id='word_1_25' title='bbox 1060 453 1173 508; x_wconf 86' lang='grc' dir='ltr'>τῶν</span> <span class='ocrx_word' id='word_1_26' title='bbox 1221 455 1545 527; x_wconf 78' lang='grc' dir='ltr'><strong>σωζομένων</strong></span> <span class='ocrx_word' id='word_1_27' title='bbox 1586 455 1978 528; x_wconf 85' lang='grc' dir='ltr'>πνευματικός.</span> 
     </span>
    </p>
   </div>
   <div class='ocr_carea' id='block_1_6' title="bbox 403 542 1984 622">
    <p class='ocr_par' dir='ltr' id='par_1_6' title="bbox 403 542 1984 622">
     <span class='ocr_line' id='line_1_6' title="bbox 403 542 1984 622; baseline 0.001 -21"><span class='ocrx_word' id='word_1_28' title='bbox 403 548 614 618; x_wconf 81' lang='grc' dir='ltr'>Ὠσπερ</span> <span class='ocrx_word' id='word_1_29' title='bbox 632 542 723 602; x_wconf 79' lang='grc' dir='ltr'><strong>οὖν</strong></span> <span class='ocrx_word' id='word_1_30' title='bbox 748 548 854 600; x_wconf 81' lang='grc' dir='ltr'>είσί</span> <span class='ocrx_word' id='word_1_31' title='bbox 876 566 1022 615; x_wconf 90' lang='grc' dir='ltr'>τινες</span> <span class='ocrx_word' id='word_1_32' title='bbox 1056 551 1469 622; x_wconf 86' lang='grc' dir='ltr'>ποιμαινόμενοι</span> <span class='ocrx_word' id='word_1_33' title='bbox 1503 548 1608 603; x_wconf 81' lang='grc' dir='ltr'>ὑπὸ</span> <span class='ocrx_word' id='word_1_34' title='bbox 1633 548 1868 620; x_wconf 82' lang='grc' dir='ltr'><strong>Χριστοῦ</strong></span> <span class='ocrx_word' id='word_1_35' title='bbox 1892 547 1984 603; x_wconf 82' lang='grc' dir='ltr'><strong>διὰ</strong></span> 
     </span>
    </p>
   </div>
   <div class='ocr_carea' id='block_1_7' title="bbox 395 637 1983 715">
    <p class='ocr_par' dir='ltr' id='par_1_7' title="bbox 395 637 1983 715">
     <span class='ocr_line' id='line_1_7' title="bbox 395 637 1983 715; baseline 0.003 -24"><span class='ocrx_word' id='word_1_36' title='bbox 395 637 459 691; x_wconf 81' lang='grc' dir='ltr'>τὸ</span> <span class='ocrx_word' id='word_1_37' title='bbox 485 638 638 707; x_wconf 84' lang='grc' dir='ltr'>σφῶν</span> <span class='ocrx_word' id='word_1_38' title='bbox 679 640 882 705; x_wconf 84' lang='grc' dir='ltr'>αὐτῶν,</span> <span class='ocrx_word' id='word_1_39' title='bbox 928 641 1004 706; x_wconf 85' lang='grc' dir='ltr'>ὡς</span> <span class='ocrx_word' id='word_1_40' title='bbox 1042 643 1473 715; x_wconf 75' lang='grc' dir='ltr'><strong>προειρήκαμεν,</strong></span> <span class='ocrx_word' id='word_1_41' title='bbox 1531 642 1704 713; x_wconf 77' lang='grc' dir='ltr'>πρᾶον</span> <span class='ocrx_word' id='word_1_42' title='bbox 1748 640 1845 713; x_wconf 75' lang='grc' dir='ltr'><strong>μὲν</strong></span> <span class='ocrx_word' id='word_1_43' title='bbox 1888 640 1983 695; x_wconf 77' lang='grc' dir='ltr'><strong>καὶ</strong></span> 
     </span>
    </p>
   </div>
   <div class='ocr_carea' id='block_1_8' title="bbox 392 729 1980 805">
    <p class='ocr_par' dir='ltr' id='par_1_8' title="bbox 392 729 1980 805">
     <span class='ocr_line' id='line_1_8' title="bbox 392 729 1980 805; baseline 0.001 -21"><span class='ocrx_word' id='word_1_44' title='bbox 392 729 677 795; x_wconf 75' lang='grc' dir='ltr'><strong>εὐπαθὲς,</strong></span> <span class='ocrx_word' id='word_1_45' title='bbox 701 731 1041 805; x_wconf 80' lang='grc' dir='ltr'><strong>ἀλογώτερον</strong></span> <span class='ocrx_word' id='word_1_46' title='bbox 1064 735 1141 788; x_wconf 85' lang='grc' dir='ltr'>δέ·</span> <span class='ocrx_word' id='word_1_47' title='bbox 1172 733 1316 789; x_wconf 77' lang='grc' dir='ltr'>οὕτω</span> <span class='ocrx_word' id='word_1_48' title='bbox 1357 736 1450 789; x_wconf 78' lang='grc' dir='ltr'>καὶ</span> <span class='ocrx_word' id='word_1_49' title='bbox 1492 734 1901 805; x_wconf 82' lang='grc' dir='ltr'><strong>βασιλευόμενοι</strong></span> <span class='ocrx_word' id='word_1_50' title='bbox 1930 734 1980 787; x_wconf 78' lang='grc' dir='ltr'>οἱ</span> 
     </span>
    </p>
   </div>
   <div class='ocr_carea' id='block_1_9' title="bbox 392 821 1983 899">
    <p class='ocr_par' dir='ltr' id='par_1_9' title="bbox 392 821 1983 899">
     <span class='ocr_line' id='line_1_9' title="bbox 392 821 1983 899; baseline 0.001 -23"><span class='ocrx_word' id='word_1_51' title='bbox 392 821 538 877; x_wconf 78' lang='grc' dir='ltr'>κατὰ</span> <span class='ocrx_word' id='word_1_52' title='bbox 561 822 924 896; x_wconf 81' lang='grc' dir='ltr'><strong>λογικώτερον</strong></span> <span class='ocrx_word' id='word_1_53' title='bbox 958 825 1245 896; x_wconf 77' lang='grc' dir='ltr'>προσιέναι</span> <span class='ocrx_word' id='word_1_54' title='bbox 1282 828 1347 898; x_wconf 81' lang='grc' dir='ltr'>τῇ</span> <span class='ocrx_word' id='word_1_55' title='bbox 1397 825 1672 899; x_wconf 76' lang='grc' dir='ltr'>θεοσεϐείᾳ</span> <span class='ocrx_word' id='word_1_56' title='bbox 1694 825 1831 898; x_wconf 76' lang='lat'><strong>(‘23)&#39;</strong></span> <span class='ocrx_word' id='word_1_57' title='bbox 1886 826 1983 879; x_wconf 75' lang='grc' dir='ltr'>καὶ</span> 
     </span>
    </p>
   </div>
   <div class='ocr_carea' id='block_1_10' title="bbox 394 915 1981 990">
    <p class='ocr_par' dir='ltr' id='par_1_10' title="bbox 394 915 1981 990">
     <span class='ocr_line' id='line_1_10' title="bbox 394 915 1981 990; baseline 0.002 -21"><span class='ocrx_word' id='word_1_58' title='bbox 394 915 832 987; x_wconf 84' lang='grc' dir='ltr'><strong>βασιλευομένων</strong></span> <span class='ocrx_word' id='word_1_59' title='bbox 890 917 1186 990; x_wconf 78' lang='grc' dir='ltr'>διαφοραὶ,</span> <span class='ocrx_word' id='word_1_60' title='bbox 1238 919 1357 990; x_wconf 72' lang='grc' dir='ltr'>ἦτοι</span> <span class='ocrx_word' id='word_1_61' title='bbox 1422 916 1828 989; x_wconf 89' lang='grc' dir='ltr'>μυστικώτερον</span> <span class='ocrx_word' id='word_1_62' title='bbox 1889 919 1981 972; x_wconf 79' lang='grc' dir='ltr'><strong>καὶ</strong></span> 
     </span>
    </p>
   </div>
   <div class='ocr_carea' id='block_1_11' title="bbox 392 1008 1961 1083">
    <p class='ocr_par' dir='ltr' id='par_1_11' title="bbox 392 1008 1961 1083">
     <span class='ocr_line' id='line_1_11' title="bbox 392 1008 1961 1083; baseline 0 -22"><span class='ocrx_word' id='word_1_63' title='bbox 392 1008 835 1082; x_wconf 67' lang='grc' dir='ltr'>ἀτωρῤητότερον</span> <span class='ocrx_word' id='word_1_64' title='bbox 877 1010 972 1063; x_wconf 78' lang='grc' dir='ltr'>καὶ</span> <span class='ocrx_word' id='word_1_65' title='bbox 1015 1010 1476 1083; x_wconf 80' lang='grc' dir='ltr'>θεοπρεπέστερον</span> <span class='ocrx_word' id='word_1_66' title='bbox 1521 1010 1961 1082; x_wconf 80' lang='grc' dir='ltr'>βασιλευομένων</span> 
     </span>
    </p>
   </div>
   <div class='ocr_carea' id='block_1_12' title="bbox 390 1100 1987 1176">
    <p class='ocr_par' dir='ltr' id='par_1_12' title="bbox 390 1100 1987 1176">
     <span class='ocr_line' id='line_1_12' title="bbox 390 1100 1987 1176; baseline 0 -21"><span class='ocrx_word' id='word_1_67' title='bbox 390 1100 426 1173; x_wconf 79' lang='grc' dir='ltr'>ἢ</span> <span class='ocrx_word' id='word_1_68' title='bbox 455 1102 868 1176; x_wconf 81' lang='grc' dir='ltr'>ὑποδεέστερον.</span> <span class='ocrx_word' id='word_1_69' title='bbox 891 1105 1000 1159; x_wconf 74' lang='grc' dir='ltr'>Καὶ</span> <span class='ocrx_word' id='word_1_70' title='bbox 1027 1105 1231 1176; x_wconf 71' lang='grc' dir='ltr'>εἴποιμ’</span> <span class='ocrx_word' id='word_1_71' title='bbox 1263 1105 1330 1160; x_wconf 86' lang='grc' dir='ltr'><strong>ἂν</strong></span> <span class='ocrx_word' id='word_1_72' title='bbox 1360 1105 1487 1169; x_wconf 81' lang='grc' dir='ltr'>τοὺς</span> <span class='ocrx_word' id='word_1_73' title='bbox 1525 1103 1625 1175; x_wconf 79' lang='grc' dir='ltr'>μὲν</span> <span class='ocrx_word' id='word_1_74' title='bbox 1646 1102 1987 1173; x_wconf 85' lang='grc' dir='ltr'>τεθεωρηκό-</span> 
     </span>
    </p>
   </div>
   <div class='ocr_carea' id='block_1_13' title="bbox 392 1193 1985 1269">
    <p class='ocr_par' dir='ltr' id='par_1_13' title="bbox 392 1193 1985 1269">
     <span class='ocr_line' id='line_1_13' title="bbox 392 1193 1985 1269; baseline -0.004 -18"><span class='ocrx_word' id='word_1_75' title='bbox 392 1211 492 1258; x_wconf 87' lang='grc' dir='ltr'><strong>τας</strong></span> <span class='ocrx_word' id='word_1_76' title='bbox 525 1193 597 1247; x_wconf 83' lang='grc' dir='ltr'>τὰ</span> <span class='ocrx_word' id='word_1_77' title='bbox 632 1194 739 1260; x_wconf 71' lang='grc' dir='ltr'>ἔξω</span> <span class='ocrx_word' id='word_1_78' title='bbox 781 1195 1065 1267; x_wconf 88' lang='grc' dir='ltr'>σωμάτων,</span> <span class='ocrx_word' id='word_1_79' title='bbox 1110 1196 1424 1269; x_wconf 84' lang='grc' dir='ltr'>καλούμενα</span> <span class='ocrx_word' id='word_1_80' title='bbox 1466 1194 1617 1267; x_wconf 76' lang='grc' dir='ltr'>παρὰ</span> <span class='ocrx_word' id='word_1_81' title='bbox 1657 1194 1737 1265; x_wconf 82' lang='grc' dir='ltr'><strong>τῷ</strong></span> <span class='ocrx_word' id='word_1_82' title='bbox 1784 1193 1985 1263; x_wconf 84' lang='grc' dir='ltr'>Παύλῳ</span> 
     </span>
    </p>
   </div>
   <div class='ocr_carea' id='block_1_14' title="bbox 393 1286 1984 1362">
    <p class='ocr_par' dir='ltr' id='par_1_14' title="bbox 393 1286 1984 1362">
     <span class='ocr_line' id='line_1_14' title="bbox 393 1286 1984 1362; baseline -0.003 -18"><span class='ocrx_word' id='word_1_83' title='bbox 393 1287 619 1357; x_wconf 81' lang='grc' dir='ltr'>ἀόρατα</span> <span class='ocrx_word' id='word_1_84' title='bbox 656 1291 747 1343; x_wconf 81' lang='grc' dir='ltr'>καὶ</span> <span class='ocrx_word' id='word_1_85' title='bbox 768 1290 842 1362; x_wconf 78' lang='grc' dir='ltr'><strong>μὴ</strong></span> <span class='ocrx_word' id='word_1_86' title='bbox 863 1289 1189 1362; x_wconf 77' lang='grc' dir='ltr'>βλεπόμενα,</span> <span class='ocrx_word' id='word_1_87' title='bbox 1208 1291 1312 1357; x_wconf 74' lang='grc' dir='ltr'>ἔξω</span> <span class='ocrx_word' id='word_1_88' title='bbox 1332 1289 1534 1353; x_wconf 82' lang='grc' dir='ltr'>παντὸς</span> <span class='ocrx_word' id='word_1_89' title='bbox 1557 1287 1819 1359; x_wconf 75' lang='grc' dir='ltr'>αἰσθητοῦ</span> <span class='ocrx_word' id='word_1_90' title='bbox 1843 1286 1984 1357; x_wconf 88' lang='grc' dir='ltr'>λόγῳ</span> 
     </span>
    </p>
   </div>
   <div class='ocr_carea' id='block_1_15' title="bbox 392 1378 1982 1454">
    <p class='ocr_par' dir='ltr' id='par_1_15' title="bbox 392 1378 1982 1454">
     <span class='ocr_line' id='line_1_15' title="bbox 392 1378 1982 1454; baseline 0.001 -23"><span class='ocrx_word' id='word_1_91' title='bbox 392 1380 805 1452; x_wconf 62' lang='grc' dir='ltr'><strong>γεγενημένους,</strong></span> <span class='ocrx_word' id='word_1_92' title='bbox 833 1380 1285 1454; x_wconf 79' lang='grc' dir='ltr'>βασιλευομένους</span> <span class='ocrx_word' id='word_1_93' title='bbox 1309 1381 1416 1434; x_wconf 81' lang='grc' dir='ltr'><strong>ὑπὸ</strong></span> <span class='ocrx_word' id='word_1_94' title='bbox 1439 1380 1540 1450; x_wconf 88' lang='grc' dir='ltr'><strong>τῆς</strong></span> <span class='ocrx_word' id='word_1_95' title='bbox 1565 1378 1982 1451; x_wconf 85' lang='grc' dir='ltr'>προηγουμένης</span> 
     </span>
    </p>
   </div>
   <div class='ocr_carea' id='block_1_16' title="bbox 392 1470 1979 1543">
    <p class='ocr_par' dir='ltr' id='par_1_16' title="bbox 392 1470 1979 1543">
     <span class='ocr_line' id='line_1_16' title="bbox 392 1470 1979 1543; baseline 0 -19"><span class='ocrx_word' id='word_1_96' title='bbox 392 1470 604 1540; x_wconf 77' lang='grc' dir='ltr'>φύσεως</span> <span class='ocrx_word' id='word_1_97' title='bbox 626 1472 720 1526; x_wconf 91' lang='grc' dir='ltr'><strong>τοῦ</strong></span> <span class='ocrx_word' id='word_1_98' title='bbox 742 1473 1105 1542; x_wconf 89' lang='grc' dir='ltr'>Μονογενοῦς·</span> <span class='ocrx_word' id='word_1_99' title='bbox 1133 1474 1262 1537; x_wconf 81' lang='grc' dir='ltr'>τοὺς</span> <span class='ocrx_word' id='word_1_100' title='bbox 1288 1473 1345 1526; x_wconf 78' lang='grc' dir='ltr'>δὲ</span> <span class='ocrx_word' id='word_1_101' title='bbox 1373 1472 1534 1543; x_wconf 80' lang='grc' dir='ltr'>μέχρι</span> <span class='ocrx_word' id='word_1_102' title='bbox 1568 1471 1661 1525; x_wconf 88' lang='grc' dir='ltr'><strong>τοῦ</strong></span> <span class='ocrx_word' id='word_1_103' title='bbox 1706 1473 1832 1543; x_wconf 82' lang='grc' dir='ltr'>περὶ</span> <span class='ocrx_word' id='word_1_104' title='bbox 1872 1470 1979 1524; x_wconf 84' lang='grc' dir='ltr'>τῶν</span> 
     </span>
    </p>
   </div>
   <div class='ocr_carea' id='block_1_17' title="bbox 389 1561 1979 1636">
    <p class='ocr_par' dir='ltr' id='par_1_17' title="bbox 389 1561 1979 1636">
     <span class='ocr_line' id='line_1_17' title="bbox 389 1561 1979 1636; baseline -0.003 -17"><span class='ocrx_word' id='word_1_105' title='bbox 389 1563 660 1636; x_wconf 83' lang='grc' dir='ltr'>αἰσθητῶν</span> <span class='ocrx_word' id='word_1_106' title='bbox 675 1564 838 1633; x_wconf 85' lang='grc' dir='ltr'>λόγου</span> <span class='ocrx_word' id='word_1_107' title='bbox 856 1564 1193 1634; x_wconf 83' lang='grc' dir='ltr'>ὲφθακότας,</span> <span class='ocrx_word' id='word_1_108' title='bbox 1210 1564 1306 1617; x_wconf 77' lang='grc' dir='ltr'><strong>καὶ</strong></span> <span class='ocrx_word' id='word_1_109' title='bbox 1325 1563 1413 1616; x_wconf 77' lang='grc' dir='ltr'>διὰ</span> <span class='ocrx_word' id='word_1_110' title='bbox 1434 1562 1637 1616; x_wconf 82' lang='grc' dir='ltr'>τούτων</span> <span class='ocrx_word' id='word_1_111' title='bbox 1659 1561 1979 1627; x_wconf 81' lang='grc' dir='ltr'>δοξάζοντας</span> 
     </span>
    </p>
   </div>
   <div class='ocr_carea' id='block_1_18' title="bbox 388 1653 1972 1725">
    <p class='ocr_par' dir='ltr' id='par_1_18' title="bbox 388 1653 1972 1725">
     <span class='ocr_line' id='line_1_18' title="bbox 388 1653 1972 1725; baseline -0.001 -16"><span class='ocrx_word' id='word_1_112' title='bbox 388 1656 479 1709; x_wconf 78' lang='grc' dir='ltr'><strong>τὸν</strong></span> <span class='ocrx_word' id='word_1_113' title='bbox 502 1657 844 1724; x_wconf 82' lang='grc' dir='ltr'>πεποιηκότα</span> <span class='ocrx_word' id='word_1_114' title='bbox 867 1656 963 1709; x_wconf 76' lang='grc' dir='ltr'>καὶ</span> <span class='ocrx_word' id='word_1_115' title='bbox 983 1656 1187 1719; x_wconf 78' lang='grc' dir='ltr'>αὐτοὺς</span> <span class='ocrx_word' id='word_1_116' title='bbox 1209 1655 1312 1708; x_wconf 82' lang='grc' dir='ltr'>ὑπὸ</span> <span class='ocrx_word' id='word_1_117' title='bbox 1326 1655 1480 1723; x_wconf 88' lang='grc' dir='ltr'>λόγου</span> <span class='ocrx_word' id='word_1_118' title='bbox 1500 1653 1972 1725; x_wconf 76' lang='grc' dir='ltr'>βασιλευομένους,</span> 
     </span>
    </p>
   </div>
   <div class='ocr_carea' id='block_1_19' title="bbox 2086 453 3666 528">
    <p class='ocr_par' dir='ltr' id='par_1_19' title="bbox 2086 453 3666 528">
     <span class='ocr_line' id='line_1_19' title="bbox 2086 453 3666 528; baseline 0.002 -18"><span class='ocrx_word' id='word_1_119' title='bbox 2086 453 2342 510; x_wconf 84' lang='lat' dir='ltr'><strong>Christus</strong></span> <span class='ocrx_word' id='word_1_120' title='bbox 2362 464 2444 512; x_wconf 91' lang='lat' dir='ltr'><strong>cst</strong></span> <span class='ocrx_word' id='word_1_121' title='bbox 2472 465 2677 527; x_wconf 87' lang='lat' dir='ltr'><strong>pastor.</strong></span> <span class='ocrx_word' id='word_1_122' title='bbox 2696 455 2856 510; x_wconf 91' lang='lat' dir='ltr'><strong>sicuti</strong></span> <span class='ocrx_word' id='word_1_123' title='bbox 2884 456 3256 526; x_wconf 61' lang='lat' dir='ltr'><strong>praediximus.</strong></span> <span class='ocrx_word' id='word_1_124' title='bbox 3273 465 3496 528; x_wconf 83' lang='lat' dir='ltr'><strong>propter</strong></span> <span class='ocrx_word' id='word_1_125' title='bbox 3515 474 3666 513; x_wconf 83' lang='lat' dir='ltr'><strong>suam</strong></span> 
     </span>
    </p>
   </div>
   <div class='ocr_carea' id='block_1_20' title="bbox 2088 547 3664 621">
    <p class='ocr_par' dir='ltr' id='par_1_20' title="bbox 2088 547 3664 621">
     <span class='ocr_line' id='line_1_20' title="bbox 2088 547 3664 621; baseline 0.003 -21"><span class='ocrx_word' id='word_1_126' title='bbox 2088 547 2325 618; x_wconf 91' lang='lat' dir='ltr'><strong>ipsorum</strong></span> <span class='ocrx_word' id='word_1_127' title='bbox 2362 549 2830 604; x_wconf 79' lang='lat' dir='ltr'><strong>mansuetudinem</strong></span> <span class='ocrx_word' id='word_1_128' title='bbox 2856 557 2910 602; x_wconf 93' lang='lat' dir='ltr'><strong>et</strong></span> <span class='ocrx_word' id='word_1_129' title='bbox 2934 549 3250 604; x_wconf 82' lang='lat' dir='ltr'><strong>firmitatem</strong></span> <span class='ocrx_word' id='word_1_130' title='bbox 3284 565 3406 621; x_wconf 71' lang='lat' dir='ltr'><strong>qua:</strong></span> <span class='ocrx_word' id='word_1_131' title='bbox 3440 550 3580 604; x_wconf 88' lang='lat' dir='ltr'><strong>inest</strong></span> <span class='ocrx_word' id='word_1_132' title='bbox 3611 551 3664 605; x_wconf 91' lang='lat' dir='ltr'><strong>in</strong></span> 
     </span>
    </p>
   </div>
   <div class='ocr_carea' id='block_1_21' title="bbox 2085 638 3671 714">
    <p class='ocr_par' dir='ltr' id='par_1_21' title="bbox 2085 638 3671 714">
     <span class='ocr_line' id='line_1_21' title="bbox 2085 638 3671 714; baseline 0.003 -20"><span class='ocrx_word' id='word_1_133' title='bbox 2085 638 2390 696; x_wconf 89' lang='lat' dir='ltr'><strong>irrationali</strong></span> <span class='ocrx_word' id='word_1_134' title='bbox 2444 649 2597 712; x_wconf 91' lang='lat' dir='ltr'><strong>parte</strong></span> <span class='ocrx_word' id='word_1_135' title='bbox 2648 641 2879 708; x_wconf 67' lang='lat' dir='ltr'><strong>animae,</strong></span> <span class='ocrx_word' id='word_1_136' title='bbox 2926 642 3007 697; x_wconf 92' lang='lat' dir='ltr'><strong>sic</strong></span> <span class='ocrx_word' id='word_1_137' title='bbox 3051 644 3214 698; x_wconf 91' lang='lat' dir='ltr'><strong>etiam</strong></span> <span class='ocrx_word' id='word_1_138' title='bbox 3243 644 3456 714; x_wconf 89' lang='lat' dir='ltr'><strong>aliquos</strong></span> <span class='ocrx_word' id='word_1_139' title='bbox 3486 644 3671 698; x_wconf 88' lang='lat' dir='ltr'><strong>videas</strong></span> 
     </span>
    </p>
   </div>
   <div class='ocr_carea' id='block_1_22' title="bbox 2084 732 3667 807">
    <p class='ocr_par' dir='ltr' id='par_1_22' title="bbox 2084 732 3667 807">
     <span class='ocr_line' id='line_1_22' title="bbox 2084 732 3667 807; baseline 0.001 -20"><span class='ocrx_word' id='word_1_140' title='bbox 2084 733 2284 803; x_wconf 84' lang='lat' dir='ltr'><strong>quibus</strong></span> <span class='ocrx_word' id='word_1_141' title='bbox 2316 748 2411 788; x_wconf 87' lang='lat' dir='ltr'><strong>rex</strong></span> <span class='ocrx_word' id='word_1_142' title='bbox 2438 735 2509 788; x_wconf 87' lang='lat' dir='ltr'><strong>sit</strong></span> <span class='ocrx_word' id='word_1_143' title='bbox 2550 733 2664 802; x_wconf 85' lang='lat' dir='ltr'><strong>ipse</strong></span> <span class='ocrx_word' id='word_1_144' title='bbox 2697 732 2945 788; x_wconf 82' lang='lat' dir='ltr'><strong>Christus</strong></span> <span class='ocrx_word' id='word_1_145' title='bbox 2976 734 3048 789; x_wconf 89' lang='lat' dir='ltr'><strong>ob</strong></span> <span class='ocrx_word' id='word_1_146' title='bbox 3081 749 3201 790; x_wconf 86' lang='lat' dir='ltr'><strong>eam</strong></span> <span class='ocrx_word' id='word_1_147' title='bbox 3234 737 3431 791; x_wconf 72' lang='lat' dir='ltr'><strong>animae</strong></span> <span class='ocrx_word' id='word_1_148' title='bbox 3458 748 3667 807; x_wconf 87' lang='lat' dir='ltr'><strong>partem</strong></span> 
     </span>
    </p>
   </div>
   <div class='ocr_carea' id='block_1_23' title="bbox 2084 825 3670 897">
    <p class='ocr_par' dir='ltr' id='par_1_23' title="bbox 2084 825 3670 897">
     <span class='ocr_line' id='line_1_23' title="bbox 2084 825 3670 897; baseline 0.003 -18"><span class='ocrx_word' id='word_1_149' title='bbox 2084 841 2204 897; x_wconf 73' lang='lat' dir='ltr'><strong>qua:</strong></span> <span class='ocrx_word' id='word_1_150' title='bbox 2234 825 2465 881; x_wconf 85' lang='lat' dir='ltr'><strong>rationis</strong></span> <span class='ocrx_word' id='word_1_151' title='bbox 2505 826 2675 895; x_wconf 85' lang='lat' dir='ltr'><strong>magis</strong></span> <span class='ocrx_word' id='word_1_152' title='bbox 2707 835 2793 880; x_wconf 91' lang='lat' dir='ltr'><strong>est</strong></span> <span class='ocrx_word' id='word_1_153' title='bbox 2836 839 3027 896; x_wconf 88' lang='lat' dir='ltr'><strong>capax,</strong></span> <span class='ocrx_word' id='word_1_154' title='bbox 3076 841 3175 897; x_wconf 88' lang='lat' dir='ltr'><strong>per</strong></span> <span class='ocrx_word' id='word_1_155' title='bbox 3205 842 3369 896; x_wconf 87' lang='lat' dir='ltr'><strong>quam</strong></span> <span class='ocrx_word' id='word_1_156' title='bbox 3405 831 3670 887; x_wconf 82' lang='lat' dir='ltr'><strong>accedunt</strong></span> 
     </span>
    </p>
   </div>
   <div class='ocr_carea' id='block_1_24' title="bbox 2083 918 3666 988">
    <p class='ocr_par' dir='ltr' id='par_1_24' title="bbox 2083 918 3666 988">
     <span class='ocr_line' id='line_1_24' title="bbox 2083 918 3666 988; baseline 0.001 -15"><span class='ocrx_word' id='word_1_157' title='bbox 2083 920 2148 973; x_wconf 84' lang='lat' dir='ltr'><strong>ad</strong></span> <span class='ocrx_word' id='word_1_158' title='bbox 2182 918 2275 973; x_wconf 84' lang='lat' dir='ltr'><strong>Dei</strong></span> <span class='ocrx_word' id='word_1_159' title='bbox 2310 919 2539 974; x_wconf 91' lang='lat' dir='ltr'><strong>cultum.</strong></span> <span class='ocrx_word' id='word_1_160' title='bbox 2586 918 2823 987; x_wconf 87' lang='lat' dir='ltr'><strong>Quorum</strong></span> <span class='ocrx_word' id='word_1_161' title='bbox 2871 918 3089 988; x_wconf 83' lang='lat' dir='ltr'><strong>quidem</strong></span> <span class='ocrx_word' id='word_1_162' title='bbox 3126 933 3306 985; x_wconf 88' lang='lat' dir='ltr'><strong>regem</strong></span> <span class='ocrx_word' id='word_1_163' title='bbox 3352 920 3666 976; x_wconf 85' lang='lat' dir='ltr'><strong>habentium</strong></span> 
     </span>
    </p>
   </div>
   <div class='ocr_carea' id='block_1_25' title="bbox 2083 1009 3671 1085">
    <p class='ocr_par' dir='ltr' id='par_1_25' title="bbox 2083 1009 3671 1085">
     <span class='ocr_line' id='line_1_25' title="bbox 2083 1009 3671 1085; baseline 0.001 -20"><span class='ocrx_word' id='word_1_164' title='bbox 2083 1018 2208 1065; x_wconf 87' lang='lat' dir='ltr'><strong>sunt</strong></span> <span class='ocrx_word' id='word_1_165' title='bbox 2240 1009 2579 1075; x_wconf 65' lang='lat' dir='ltr'><strong>differentiae,</strong></span> <span class='ocrx_word' id='word_1_166' title='bbox 2610 1020 2872 1082; x_wconf 87' lang='lat' dir='ltr'><strong>regnante</strong></span> <span class='ocrx_word' id='word_1_167' title='bbox 2911 1011 2963 1064; x_wconf 92' lang='lat' dir='ltr'><strong>in</strong></span> <span class='ocrx_word' id='word_1_168' title='bbox 3019 1010 3130 1065; x_wconf 85' lang='lat' dir='ltr'><strong>illis</strong></span> <span class='ocrx_word' id='word_1_169' title='bbox 3160 1026 3310 1082; x_wconf 88' lang='lat' dir='ltr'><strong>rege,</strong></span> <span class='ocrx_word' id='word_1_170' title='bbox 3356 1011 3442 1068; x_wconf 90' lang='lat' dir='ltr'><strong>vel</strong></span> <span class='ocrx_word' id='word_1_171' title='bbox 3496 1014 3671 1085; x_wconf 83' lang='lat' dir='ltr'><strong>magis</strong></span> 
     </span>
    </p>
   </div>
   <div class='ocr_carea' id='block_1_26' title="bbox 2084 1102 3671 1175">
    <p class='ocr_par' dir='ltr' id='par_1_26' title="bbox 2084 1102 3671 1175">
     <span class='ocr_line' id='line_1_26' title="bbox 2084 1102 3671 1175; baseline 0.002 -19"><span class='ocrx_word' id='word_1_172' title='bbox 2084 1104 2380 1158; x_wconf 89' lang='lat' dir='ltr'><strong>secundum</strong></span> <span class='ocrx_word' id='word_1_173' title='bbox 2399 1102 2690 1175; x_wconf 78' lang='lat' dir='ltr'><strong>mysticam</strong></span> <span class='ocrx_word' id='word_1_174' title='bbox 2724 1113 2778 1157; x_wconf 88' lang='lat' dir='ltr'><strong>et</strong></span> <span class='ocrx_word' id='word_1_175' title='bbox 2809 1117 3067 1158; x_wconf 86' lang='lat' dir='ltr'><strong>arcanam</strong></span> <span class='ocrx_word' id='word_1_176' title='bbox 3095 1102 3384 1171; x_wconf 85' lang='lat' dir='ltr'><strong>rationem,</strong></span> <span class='ocrx_word' id='word_1_177' title='bbox 3416 1105 3671 1159; x_wconf 84' lang='lat' dir='ltr'><strong>arcanius</strong></span> 
     </span>
    </p>
   </div>
   <div class='ocr_carea' id='block_1_27' title="bbox 2086 1192 3672 1267">
    <p class='ocr_par' dir='ltr' id='par_1_27' title="bbox 2086 1192 3672 1267">
     <span class='ocr_line' id='line_1_27' title="bbox 2086 1192 3672 1267; baseline 0.003 -24"><span class='ocrx_word' id='word_1_178' title='bbox 2086 1208 2147 1247; x_wconf 87' lang='lat' dir='ltr'><strong>ac</strong></span> <span class='ocrx_word' id='word_1_179' title='bbox 2182 1193 2441 1259; x_wconf 91' lang='lat' dir='ltr'><strong>divinius,</strong></span> <span class='ocrx_word' id='word_1_180' title='bbox 2480 1194 2567 1248; x_wconf 93' lang='lat' dir='ltr'><strong>vel</strong></span> <span class='ocrx_word' id='word_1_181' title='bbox 2593 1193 2991 1262; x_wconf 84' lang='lat' dir='ltr'><strong>imperfectius.</strong></span> <span class='ocrx_word' id='word_1_182' title='bbox 3025 1192 3102 1248; x_wconf 85' lang='lat' dir='ltr'><strong>Ex</strong></span> <span class='ocrx_word' id='word_1_183' title='bbox 3145 1209 3254 1264; x_wconf 88' lang='lat' dir='ltr'><strong>quo</strong></span> <span class='ocrx_word' id='word_1_184' title='bbox 3296 1195 3526 1251; x_wconf 80' lang='lat' dir='ltr'><strong>dixerim</strong></span> <span class='ocrx_word' id='word_1_185' title='bbox 3572 1214 3672 1267; x_wconf 79' lang='lat' dir='ltr'><strong>ego</strong></span> 
     </span>
    </p>
   </div>
   <div class='ocr_carea' id='block_1_28' title="bbox 2090 1285 3669 1357">
    <p class='ocr_par' dir='ltr' id='par_1_28' title="bbox 2090 1285 3669 1357">
     <span class='ocr_line' id='line_1_28' title="bbox 2090 1285 3669 1357; baseline 0.006 -19"><span class='ocrx_word' id='word_1_186' title='bbox 2090 1285 2142 1338; x_wconf 93' lang='lat' dir='ltr'><strong>iu</strong></span> <span class='ocrx_word' id='word_1_187' title='bbox 2174 1286 2277 1341; x_wconf 90' lang='lat' dir='ltr'><strong>illis</strong></span> <span class='ocrx_word' id='word_1_188' title='bbox 2306 1288 2395 1356; x_wconf 88' lang='lat' dir='ltr'><strong>qui</strong></span> <span class='ocrx_word' id='word_1_189' title='bbox 2439 1301 2681 1355; x_wconf 85' lang='lat' dir='ltr'><strong>eousque</strong></span> <span class='ocrx_word' id='word_1_190' title='bbox 2729 1287 2939 1339; x_wconf 86' lang='lat' dir='ltr'><strong>ratione</strong></span> <span class='ocrx_word' id='word_1_191' title='bbox 2988 1298 3394 1357; x_wconf 89' lang='lat' dir='ltr'><strong>pervenerunt,</strong></span> <span class='ocrx_word' id='word_1_192' title='bbox 3429 1298 3489 1345; x_wconf 85' lang='lat' dir='ltr'><strong>ut</strong></span> <span class='ocrx_word' id='word_1_193' title='bbox 3533 1306 3669 1347; x_wconf 88' lang='lat' dir='ltr'><strong>con-</strong></span> 
     </span>
    </p>
   </div>
   <div class='ocr_carea' id='block_1_29' title="bbox 2088 1378 3668 1448">
    <p class='ocr_par' dir='ltr' id='par_1_29' title="bbox 2088 1378 3668 1448">
     <span class='ocr_line' id='line_1_29' title="bbox 2088 1378 3668 1448; baseline 0.004 -19"><span class='ocrx_word' id='word_1_194' title='bbox 2088 1378 2330 1448; x_wconf 90' lang='lat' dir='ltr'><strong>templati</strong></span> <span class='ocrx_word' id='word_1_195' title='bbox 2385 1378 2591 1434; x_wconf 80' lang='lat' dir='ltr'><strong>fuerint</strong></span> <span class='ocrx_word' id='word_1_196' title='bbox 2642 1392 2703 1431; x_wconf 87' lang='lat' dir='ltr'><strong>ea</strong></span> <span class='ocrx_word' id='word_1_197' title='bbox 2758 1393 2878 1445; x_wconf 67' lang='lat' dir='ltr'><strong>qua:</strong></span> <span class='ocrx_word' id='word_1_198' title='bbox 2905 1393 3168 1443; x_wconf 75' lang='lat' dir='ltr'><strong>corporea</strong></span> <span class='ocrx_word' id='word_1_199' title='bbox 3200 1395 3304 1434; x_wconf 92' lang='lat' dir='ltr'><strong>non</strong></span> <span class='ocrx_word' id='word_1_200' title='bbox 3355 1392 3505 1445; x_wconf 90' lang='lat' dir='ltr'><strong>sunt,</strong></span> <span class='ocrx_word' id='word_1_201' title='bbox 3554 1392 3668 1437; x_wconf 88' lang='lat' dir='ltr'><strong>eta</strong></span> 
     </span>
    </p>
   </div>
   <div class='ocr_carea' id='block_1_30' title="bbox 2085 1466 3666 1538">
    <p class='ocr_par' dir='ltr' id='par_1_30' title="bbox 2085 1466 3666 1538">
     <span class='ocr_line' id='line_1_30' title="bbox 2085 1466 3666 1538; baseline 0.004 -17"><span class='ocrx_word' id='word_1_202' title='bbox 2085 1467 2251 1522; x_wconf 88' lang='lat' dir='ltr'><strong>Paulo</strong></span> <span class='ocrx_word' id='word_1_203' title='bbox 2272 1469 2319 1499; x_wconf 86' lang='lat'><strong>&quot;</strong></span> <span class='ocrx_word' id='word_1_204' title='bbox 2341 1476 2607 1522; x_wconf 82' lang='lat' dir='ltr'><strong>vocantur</strong></span> <span class='ocrx_word' id='word_1_205' title='bbox 2635 1466 2939 1530; x_wconf 75' lang='lat' dir='ltr'><strong>invisibilia,</strong></span> <span class='ocrx_word' id='word_1_206' title='bbox 2964 1477 3020 1524; x_wconf 90' lang='lat' dir='ltr'><strong>et</strong></span> <span class='ocrx_word' id='word_1_207' title='bbox 3051 1483 3172 1538; x_wconf 66' lang='lat' dir='ltr'><strong>quae</strong></span> <span class='ocrx_word' id='word_1_208' title='bbox 3202 1471 3375 1526; x_wconf 87' lang='lat' dir='ltr'><strong>oculis</strong></span> <span class='ocrx_word' id='word_1_209' title='bbox 3402 1468 3506 1525; x_wconf 87' lang='lat' dir='ltr'><strong>non</strong></span> <span class='ocrx_word' id='word_1_210' title='bbox 3538 1487 3666 1527; x_wconf 87' lang='lat' dir='ltr'><strong>cer-</strong></span> 
     </span>
    </p>
   </div>
   <div class='ocr_carea' id='block_1_31' title="bbox 2083 1558 3665 1631">
    <p class='ocr_par' dir='ltr' id='par_1_31' title="bbox 2083 1558 3665 1631">
     <span class='ocr_line' id='line_1_31' title="bbox 2083 1558 3665 1631; baseline 0.003 -20"><span class='ocrx_word' id='word_1_211' title='bbox 2083 1570 2306 1622; x_wconf 88' lang='lat' dir='ltr'><strong>nuntur,</strong></span> <span class='ocrx_word' id='word_1_212' title='bbox 2339 1558 2686 1627; x_wconf 71' lang='lat' dir='ltr'><strong>praecipuam</strong></span> <span class='ocrx_word' id='word_1_213' title='bbox 2720 1559 2989 1630; x_wconf 81' lang='lat' dir='ltr'><strong>Unigeniti</strong></span> <span class='ocrx_word' id='word_1_214' title='bbox 3024 1575 3256 1631; x_wconf 86' lang='lat' dir='ltr'><strong>regnare</strong></span> <span class='ocrx_word' id='word_1_215' title='bbox 3284 1573 3574 1627; x_wconf 87' lang='lat' dir='ltr'><strong>naturam;</strong></span> <span class='ocrx_word' id='word_1_216' title='bbox 3611 1563 3665 1617; x_wconf 91' lang='lat' dir='ltr'><strong>iu</strong></span> 
     </span>
    </p>
   </div>
   <div class='ocr_carea' id='block_1_32' title="bbox 2082 1648 3665 1723">
    <p class='ocr_par' dir='ltr' id='par_1_32' title="bbox 2082 1648 3665 1723">
     <span class='ocr_line' id='line_1_32' title="bbox 2082 1648 3665 1723; baseline 0.004 -22"><span class='ocrx_word' id='word_1_217' title='bbox 2082 1648 2146 1703; x_wconf 90' lang='lat' dir='ltr'><strong>iis</strong></span> <span class='ocrx_word' id='word_1_218' title='bbox 2176 1663 2307 1703; x_wconf 89' lang='lat' dir='ltr'><strong>vero</strong></span> <span class='ocrx_word' id='word_1_219' title='bbox 2328 1649 2422 1719; x_wconf 88' lang='lat' dir='ltr'><strong>qui</strong></span> <span class='ocrx_word' id='word_1_220' title='bbox 2453 1650 2720 1705; x_wconf 85' lang='lat' dir='ltr'><strong>rationem</strong></span> <span class='ocrx_word' id='word_1_221' title='bbox 2745 1654 2910 1706; x_wconf 87' lang='lat' dir='ltr'><strong>etiam</strong></span> <span class='ocrx_word' id='word_1_222' title='bbox 2939 1653 3242 1723; x_wconf 88' lang='lat' dir='ltr'><strong>attigerunt</strong></span> <span class='ocrx_word' id='word_1_223' title='bbox 3272 1669 3454 1709; x_wconf 88' lang='lat' dir='ltr'><strong>rerum</strong></span> <span class='ocrx_word' id='word_1_224' title='bbox 3477 1669 3665 1710; x_wconf 87' lang='lat' dir='ltr'><strong>earum</strong></span> 
     </span>
    </p>
   </div>
   <div class='ocr_carea' id='block_1_33' title="bbox 390 1716 1976 1819">
    <p class='ocr_par' dir='ltr' id='par_1_33' title="bbox 390 1716 1976 1819">
     <span class='ocr_line' id='line_1_33' title="bbox 390 1716 1976 1819; baseline -0.002 -17"><span class='ocrx_word' id='word_1_225' title='bbox 390 1747 495 1801; x_wconf 75' lang='grc' dir='ltr'><strong>ὑπὸ</strong></span> <span class='ocrx_word' id='word_1_226' title='bbox 538 1746 635 1801; x_wconf 90' lang='grc' dir='ltr'><strong>τοῦ</strong></span> <span class='ocrx_word' id='word_1_227' title='bbox 689 1716 937 1819; x_wconf 48' lang='grc' dir='ltr'>δίριστοῦ</span> <span class='ocrx_word' id='word_1_228' title='bbox 994 1716 1405 1817; x_wconf 40' lang='grc' dir='ltr'>βασιλεύεσθαι..</span> <span class='ocrx_word' id='word_1_229' title='bbox 1433 1716 1634 1817; x_wconf 68' lang='grc' dir='ltr'>Μῆδεὶς</span> <span class='ocrx_word' id='word_1_230' title='bbox 1692 1716 1767 1799; x_wconf 45' lang='grc' dir='ltr'><strong>δὲ.</strong></span> <span class='ocrx_word' id='word_1_231' title='bbox 1808 1716 1976 1819; x_wconf 45' lang='grc' dir='ltr'>προσέ</span> 
     </span>
    </p>
   </div>
   <div class='ocr_carea' id='block_1_34' title="bbox 2082 1716 3668 1819">
    <p class='ocr_par' dir='ltr' id='par_1_34' title="bbox 2083 1716 3668 1819">
     <span class='ocr_line' id='line_1_34' title="bbox 2083 1716 3668 1819; baseline 0.006 -26"><span class='ocrx_word' id='word_1_232' title='bbox 2083 1755 2204 1810; x_wconf 62' lang='lat' dir='ltr'><strong>quae</strong></span> <span class='ocrx_word' id='word_1_233' title='bbox 2238 1716 2405 1795; x_wconf 77' lang='lat' dir='ltr'><strong>sensu</strong></span> <span class='ocrx_word' id='word_1_234' title='bbox 2443 1743 2649 1812; x_wconf 89' lang='lat' dir='ltr'><strong>percipi</strong></span> <span class='ocrx_word' id='word_1_235' title='bbox 2698 1753 2945 1814; x_wconf 89' lang='lat' dir='ltr'><strong>possunt,</strong></span> <span class='ocrx_word' id='word_1_236' title='bbox 2974 1716 3137 1801; x_wconf 41' lang='lat' dir='ltr'><strong>etvex</strong></span> <span class='ocrx_word' id='word_1_237' title='bbox 3174 1745 3324 1801; x_wconf 85' lang='lat' dir='ltr'><strong>hisce</strong></span> <span class='ocrx_word' id='word_1_238' title='bbox 3361 1749 3524 1804; x_wconf 87' lang='lat' dir='ltr'><strong>rebus</strong></span> <span class='ocrx_word' id='word_1_239' title='bbox 3553 1747 3668 1819; x_wconf 89' lang='lat' dir='ltr'><strong>glo-</strong></span> 
     </span>
    </p>
   </div>
   <div class='ocr_carea' id='block_1_35' title="bbox 391 1834 1975 1908">
    <p class='ocr_par' dir='ltr' id='par_1_35' title="bbox 391 1834 1975 1908">
     <span class='ocr_line' id='line_1_35' title="bbox 391 1834 1975 1908; baseline -0.001 -17"><span class='ocrx_word' id='word_1_240' title='bbox 391 1836 638 1891; x_wconf 83' lang='grc' dir='ltr'>κοπτέτω</span> <span class='ocrx_word' id='word_1_241' title='bbox 680 1836 1067 1907; x_wconf 86' lang='grc' dir='ltr'>διακρινόντων</span> <span class='ocrx_word' id='word_1_242' title='bbox 1090 1834 1246 1905; x_wconf 79' lang='grc' dir='ltr'>ἡμῶν</span> <span class='ocrx_word' id='word_1_243' title='bbox 1273 1834 1384 1905; x_wconf 64' lang='grc'><strong>(24)</strong></span> <span class='ocrx_word' id='word_1_244' title='bbox 1409 1835 1511 1899; x_wconf 86' lang='grc' dir='ltr'>τὰς</span> <span class='ocrx_word' id='word_1_245' title='bbox 1542 1836 1601 1889; x_wconf 70' lang='grc' dir='ltr'><strong>ἐν</strong></span> <span class='ocrx_word' id='word_1_246' title='bbox 1638 1835 1716 1907; x_wconf 84' lang='grc' dir='ltr'><strong>τῷ</strong></span> <span class='ocrx_word' id='word_1_247' title='bbox 1758 1837 1975 1908; x_wconf 83' lang='grc' dir='ltr'>Σωτῆρι</span> 
     </span>
    </p>
   </div>
   <div class='ocr_carea' id='block_1_36' title="bbox 393 1925 1970 2000">
    <p class='ocr_par' dir='ltr' id='par_1_36' title="bbox 393 1925 1970 2000">
     <span class='ocr_line' id='line_1_36' title="bbox 393 1925 1970 2000; baseline -0.001 -16"><span class='ocrx_word' id='word_1_248' title='bbox 393 1930 659 1993; x_wconf 72' lang='grc' dir='ltr'>ἐπινοίας,</span> <span class='ocrx_word' id='word_1_249' title='bbox 686 1928 929 1999; x_wconf 71' lang='grc' dir='ltr'>οἰόμενος</span> <span class='ocrx_word' id='word_1_250' title='bbox 967 1926 1060 1980; x_wconf 81' lang='grc' dir='ltr'>καὶ</span> <span class='ocrx_word' id='word_1_251' title='bbox 1083 1927 1147 1997; x_wconf 83' lang='grc' dir='ltr'>τῇ</span> <span class='ocrx_word' id='word_1_252' title='bbox 1174 1925 1333 1998; x_wconf 80' lang='grc' dir='ltr'>οὐσίᾳ</span> <span class='ocrx_word' id='word_1_253' title='bbox 1368 1927 1565 1981; x_wconf 79' lang='grc' dir='ltr'>ταυτὸν</span> <span class='ocrx_word' id='word_1_254' title='bbox 1600 1929 1749 2000; x_wconf 74' lang='grc' dir='ltr'>ἡμᾶς</span> <span class='ocrx_word' id='word_1_255' title='bbox 1774 1930 1970 1983; x_wconf 83' lang='grc' dir='ltr'>ποιεῖν.</span> 
     </span>
    </p>
   </div>
   <div class='ocr_carea' id='block_1_37' title="bbox 2085 1834 3670 1912">
    <p class='ocr_par' dir='ltr' id='par_1_37' title="bbox 2085 1834 3670 1912">
     <span class='ocr_line' id='line_1_37' title="bbox 2085 1834 3670 1912; baseline 0.006 -23"><span class='ocrx_word' id='word_1_256' title='bbox 2085 1834 2302 1889; x_wconf 85' lang='lat' dir='ltr'><strong>rilicant</strong></span> <span class='ocrx_word' id='word_1_257' title='bbox 2330 1849 2457 1888; x_wconf 91' lang='lat' dir='ltr'><strong>eum</strong></span> <span class='ocrx_word' id='word_1_258' title='bbox 2484 1836 2578 1904; x_wconf 90' lang='lat' dir='ltr'><strong>qui</strong></span> <span class='ocrx_word' id='word_1_259' title='bbox 2615 1836 2744 1892; x_wconf 83' lang='lat' dir='ltr'><strong>fecit</strong></span> <span class='ocrx_word' id='word_1_260' title='bbox 2772 1838 3012 1893; x_wconf 87' lang='lat' dir='ltr'><strong>utetiam</strong></span> <span class='ocrx_word' id='word_1_261' title='bbox 3046 1839 3148 1909; x_wconf 91' lang='lat' dir='ltr'><strong>ipsi</strong></span> <span class='ocrx_word' id='word_1_262' title='bbox 3176 1841 3279 1895; x_wconf 88' lang='lat' dir='ltr'><strong>sub</strong></span> <span class='ocrx_word' id='word_1_263' title='bbox 3307 1856 3477 1912; x_wconf 87' lang='lat' dir='ltr'><strong>regno</strong></span> <span class='ocrx_word' id='word_1_264' title='bbox 3502 1844 3670 1899; x_wconf 59' lang='lat' dir='ltr'><strong>ratio.</strong></span> 
     </span>
    </p>
   </div>
   <div class='ocr_carea' id='block_1_38' title="bbox 2085 1926 3669 2002">
    <p class='ocr_par' dir='ltr' id='par_1_38' title="bbox 2085 1926 3669 2002">
     <span class='ocr_line' id='line_1_38' title="bbox 2085 1926 3669 2002; baseline 0.007 -22"><span class='ocrx_word' id='word_1_265' title='bbox 2085 1927 2169 1981; x_wconf 84' lang='lat' dir='ltr'><strong>nis</strong></span> <span class='ocrx_word' id='word_1_266' title='bbox 2195 1926 2328 1990; x_wconf 91' lang='lat' dir='ltr'><strong>sint,</strong></span> <span class='ocrx_word' id='word_1_267' title='bbox 2352 1926 2525 1997; x_wconf 88' lang='lat' dir='ltr'><strong>ipsum</strong></span> <span class='ocrx_word' id='word_1_268' title='bbox 2542 1927 2827 1985; x_wconf 85' lang='lat' dir='ltr'><strong>Christum</strong></span> <span class='ocrx_word' id='word_1_269' title='bbox 2855 1944 3108 1999; x_wconf 90' lang='lat' dir='ltr'><strong>regnare.</strong></span> <span class='ocrx_word' id='word_1_270' title='bbox 3136 1929 3325 2002; x_wconf 87' lang='lat' dir='ltr'><strong>Neque</strong></span> <span class='ocrx_word' id='word_1_271' title='bbox 3349 1948 3483 1990; x_wconf 89' lang='lat' dir='ltr'><strong>vero</strong></span> <span class='ocrx_word' id='word_1_272' title='bbox 3499 1934 3669 1991; x_wconf 84' lang='lat' dir='ltr'><strong>oﬂ’eu-</strong></span> 
     </span>
    </p>
   </div>
   <div class='ocr_carea' id='block_1_39' title="bbox 396 2022 3670 2095">
    <p class='ocr_par' dir='ltr' id='par_1_39' title="bbox 396 2022 3670 2095">
     <span class='ocr_line' id='line_1_39' title="bbox 396 2022 3670 2095; baseline 0.002 -14"><span class='ocrx_word' id='word_1_273' title='bbox 396 2028 557 2081; x_wconf 87' lang='lat' dir='ltr'><strong>datur</strong></span> <span class='ocrx_word' id='word_1_274' title='bbox 583 2026 748 2088; x_wconf 87' lang='lat' dir='ltr'><strong>ullus.</strong></span> <span class='ocrx_word' id='word_1_275' title='bbox 779 2022 1157 2095; x_wconf 83' lang='lat' dir='ltr'><strong>separantibus</strong></span> <span class='ocrx_word' id='word_1_276' title='bbox 1190 2023 1370 2089; x_wconf 88' lang='lat' dir='ltr'><strong>nobis,</strong></span> <span class='ocrx_word' id='word_1_277' title='bbox 1401 2039 1523 2095; x_wconf 71' lang='lat' dir='ltr'><strong>qua:</strong></span> <span class='ocrx_word' id='word_1_278' title='bbox 1548 2034 1673 2079; x_wconf 91' lang='lat' dir='ltr'><strong>sunt</strong></span> <span class='ocrx_word' id='word_1_279' title='bbox 1705 2026 1757 2081; x_wconf 91' lang='lat' dir='ltr'><strong>in</strong></span> <span class='ocrx_word' id='word_1_280' title='bbox 1783 2026 2096 2090; x_wconf 91' lang='lat' dir='ltr'><strong>Servatore,</strong></span> <span class='ocrx_word' id='word_1_281' title='bbox 2122 2022 2573 2094; x_wconf 77' lang='lat' dir='ltr'><strong>signiﬁcationes,</strong></span> <span class='ocrx_word' id='word_1_282' title='bbox 2609 2026 2752 2081; x_wconf 90' lang='lat' dir='ltr'><strong>idem</strong></span> <span class='ocrx_word' id='word_1_283' title='bbox 2779 2028 3099 2085; x_wconf 87' lang='lat' dir='ltr'><strong>existimans</strong></span> <span class='ocrx_word' id='word_1_284' title='bbox 3135 2028 3300 2086; x_wconf 86' lang='lat' dir='ltr'><strong>etiam</strong></span> <span class='ocrx_word' id='word_1_285' title='bbox 3335 2030 3395 2087; x_wconf 90' lang='lat' dir='ltr'><strong>in</strong></span> <span class='ocrx_word' id='word_1_286' title='bbox 3415 2032 3670 2092; x_wconf 79' lang='lat' dir='ltr'><strong>substan-</strong></span> 
     </span>
    </p>
   </div>
   <div class='ocr_carea' id='block_1_40' title="bbox 396 2115 1021 2189">
    <p class='ocr_par' dir='ltr' id='par_1_40' title="bbox 396 2115 1021 2189">
     <span class='ocr_line' id='line_1_40' title="bbox 396 2115 1021 2189; baseline -0.006 -15"><span class='ocrx_word' id='word_1_287' title='bbox 396 2120 471 2176; x_wconf 82' lang='lat' dir='ltr'><strong>tia</strong></span> <span class='ocrx_word' id='word_1_288' title='bbox 507 2119 674 2189; x_wconf 86' lang='lat' dir='ltr'><strong>ipsius</strong></span> <span class='ocrx_word' id='word_1_289' title='bbox 704 2132 804 2172; x_wconf 92' lang='lat' dir='ltr'><strong>nos</strong></span> <span class='ocrx_word' id='word_1_290' title='bbox 823 2115 1021 2171; x_wconf 85' lang='lat' dir='ltr'><strong>facere.</strong></span> 
     </span>
    </p>
   </div>
   <div class='ocr_carea' id='block_1_41' title="bbox 462 2208 1980 2283">
    <p class='ocr_par' dir='ltr' id='par_1_41' title="bbox 462 2208 1980 2283">
     <span class='ocr_line' id='line_1_41' title="bbox 462 2208 1980 2283; baseline -0.002 -15"><span class='ocrx_word' id='word_1_291' title='bbox 462 2213 547 2268; x_wconf 77' lang='lat' dir='ltr'><strong>3L</strong></span> <span class='ocrx_word' id='word_1_292' title='bbox 578 2210 724 2265; x_wconf 84' lang='grc' dir='ltr'><strong>Πάνυ</strong></span> <span class='ocrx_word' id='word_1_293' title='bbox 769 2209 827 2263; x_wconf 84' lang='grc' dir='ltr'>δὲ</span> <span class='ocrx_word' id='word_1_294' title='bbox 870 2208 968 2263; x_wconf 81' lang='grc' dir='ltr'><strong>καὶ</strong></span> <span class='ocrx_word' id='word_1_295' title='bbox 1015 2211 1128 2274; x_wconf 85' lang='grc' dir='ltr'>τοῖς</span> <span class='ocrx_word' id='word_1_296' title='bbox 1171 2209 1428 2281; x_wconf 81' lang='grc' dir='ltr'>τυχοῦσιν</span> <span class='ocrx_word' id='word_1_297' title='bbox 1459 2210 1572 2283; x_wconf 74' lang='lat'><strong>(25)</strong></span> <span class='ocrx_word' id='word_1_298' title='bbox 1616 2211 1807 2283; x_wconf 80' lang='grc' dir='ltr'>σαφὲς,</span> <span class='ocrx_word' id='word_1_299' title='bbox 1864 2212 1980 2276; x_wconf 83' lang='grc' dir='ltr'><strong>πῶς</strong></span> 
     </span>
    </p>
   </div>
   <div class='ocr_carea' id='block_1_42' title="bbox 392 2301 1977 2375">
    <p class='ocr_par' dir='ltr' id='par_1_42' title="bbox 392 2301 1977 2375">
     <span class='ocr_line' id='line_1_42' title="bbox 392 2301 1977 2375; baseline 0.001 -18"><span class='ocrx_word' id='word_1_300' title='bbox 392 2305 505 2357; x_wconf 71' lang='grc' dir='ltr'>ιστι</span> <span class='ocrx_word' id='word_1_301' title='bbox 534 2301 851 2367; x_wconf 88' lang='grc' dir='ltr'>διδάσκαλος</span> <span class='ocrx_word' id='word_1_302' title='bbox 881 2304 981 2358; x_wconf 71' lang='grc' dir='ltr'><strong>καὶ</strong></span> <span class='ocrx_word' id='word_1_303' title='bbox 1025 2303 1363 2375; x_wconf 80' lang='grc' dir='ltr'>σαφηνιστὴς</span> <span class='ocrx_word' id='word_1_304' title='bbox 1405 2304 1515 2358; x_wconf 82' lang='grc' dir='ltr'>τῶν</span> <span class='ocrx_word' id='word_1_305' title='bbox 1566 2306 1647 2369; x_wconf 84' lang='grc' dir='ltr'><strong>είς</strong></span> <span class='ocrx_word' id='word_1_306' title='bbox 1694 2304 1977 2359; x_wconf 86' lang='grc' dir='ltr'>εὐσέϐειαν</span> 
     </span>
    </p>
   </div>
   <div class='ocr_carea' id='block_1_43' title="bbox 388 2394 1976 2469">
    <p class='ocr_par' dir='ltr' id='par_1_43' title="bbox 388 2394 1976 2469">
     <span class='ocr_line' id='line_1_43' title="bbox 388 2394 1976 2469; baseline -0.001 -19"><span class='ocrx_word' id='word_1_307' title='bbox 388 2394 499 2467; x_wconf 77' lang='lat'><strong>(26)</strong></span> <span class='ocrx_word' id='word_1_308' title='bbox 529 2395 915 2451; x_wconf 83' lang='grc' dir='ltr'>συντεινόντων</span> <span class='ocrx_word' id='word_1_309' title='bbox 946 2398 977 2451; x_wconf 99' lang='lat'><strong>6</strong></span> <span class='ocrx_word' id='word_1_310' title='bbox 1022 2396 1227 2468; x_wconf 82' lang='grc' dir='ltr'>Κύριος</span> <span class='ocrx_word' id='word_1_311' title='bbox 1278 2395 1455 2469; x_wconf 84' lang='grc' dir='ltr'>ήμῶν,</span> <span class='ocrx_word' id='word_1_312' title='bbox 1489 2396 1583 2452; x_wconf 85' lang='grc' dir='ltr'><strong>καί</strong></span> <span class='ocrx_word' id='word_1_313' title='bbox 1613 2394 1813 2468; x_wconf 81' lang='grc' dir='ltr'>Κύριος</span> <span class='ocrx_word' id='word_1_314' title='bbox 1852 2394 1976 2449; x_wconf 82' lang='grc' dir='ltr'>δού-</span> 
     </span>
    </p>
   </div>
   <div class='ocr_carea' id='block_1_44' title="bbox 384 2485 1974 2558">
    <p class='ocr_par' dir='ltr' id='par_1_44' title="bbox 384 2485 1974 2558">
     <span class='ocr_line' id='line_1_44' title="bbox 384 2485 1974 2558; baseline 0.001 -17"><span class='ocrx_word' id='word_1_315' title='bbox 384 2485 493 2541; x_wconf 89' lang='grc' dir='ltr'><strong>λων</strong></span> <span class='ocrx_word' id='word_1_316' title='bbox 534 2485 644 2540; x_wconf 82' lang='grc' dir='ltr'>τῶν</span> <span class='ocrx_word' id='word_1_317' title='bbox 695 2487 965 2557; x_wconf 73' lang='grc' dir='ltr'>ἐχόντων</span> <span class='ocrx_word' id='word_1_318' title='bbox 1007 2488 1246 2558; x_wconf 78' lang='grc' dir='ltr'>πνεῦμα</span> <span class='ocrx_word' id='word_1_319' title='bbox 1299 2488 1581 2555; x_wconf 75' lang='grc' dir='ltr'>δουλείας</span> <span class='ocrx_word' id='word_1_320' title='bbox 1636 2489 1725 2554; x_wconf 84' lang='grc' dir='ltr'><strong>είς</strong></span> <span class='ocrx_word' id='word_1_321' title='bbox 1764 2489 1974 2557; x_wconf 74' lang='grc' dir='ltr'>φόϐον,</span> 
     </span>
    </p>
   </div>
   <div class='ocr_carea' id='block_1_45' title="bbox 385 2578 1974 2653">
    <p class='ocr_par' dir='ltr' id='par_1_45' title="bbox 385 2578 1974 2653">
     <span class='ocr_line' id='line_1_45' title="bbox 385 2578 1974 2653; baseline 0.003 -21"><span class='ocrx_word' id='word_1_322' title='bbox 385 2578 828 2653; x_wconf 76' lang='grc' dir='ltr'>προκοπτόντων,</span> <span class='ocrx_word' id='word_1_323' title='bbox 872 2579 972 2633; x_wconf 60' lang='grc' dir='ltr'><strong>καὶ⁵</strong></span> <span class='ocrx_word' id='word_1_324' title='bbox 1001 2580 1094 2634; x_wconf 74' lang='grc' dir='ltr'><strong>ἐπὶ</strong></span> <span class='ocrx_word' id='word_1_325' title='bbox 1121 2581 1222 2652; x_wconf 80' lang='grc' dir='ltr'>τὴν</span> <span class='ocrx_word' id='word_1_326' title='bbox 1256 2581 1449 2651; x_wconf 79' lang='grc' dir='ltr'>σοφίαν</span> <span class='ocrx_word' id='word_1_327' title='bbox 1484 2580 1844 2645; x_wconf 87' lang='grc' dir='ltr'>σπευδόντων,</span> <span class='ocrx_word' id='word_1_328' title='bbox 1878 2582 1974 2637; x_wconf 77' lang='grc' dir='ltr'>καὶ</span> 
     </span>
    </p>
   </div>
   <div class='ocr_carea' id='block_1_46' title="bbox 384 2668 1974 2743">
    <p class='ocr_par' dir='ltr' id='par_1_46' title="bbox 384 2668 1974 2743">
     <span class='ocr_line' id='line_1_46' title="bbox 384 2668 1974 2743; baseline 0.003 -19"><span class='ocrx_word' id='word_1_329' title='bbox 384 2671 590 2742; x_wconf 81' lang='grc' dir='ltr'>ταύτης</span> <span class='ocrx_word' id='word_1_330' title='bbox 622 2670 961 2743; x_wconf 83' lang='grc' dir='ltr'>ἀξιουμένων</span> <span class='ocrx_word' id='word_1_331' title='bbox 984 2688 999 2702; x_wconf 87' lang='grc'><strong>·</strong></span> <span class='ocrx_word' id='word_1_332' title='bbox 1058 2671 1239 2735; x_wconf 69' lang='grc' dir='ltr'>Ἐπεὶ,</span> <span class='ocrx_word' id='word_1_333' title='bbox 1271 2674 1305 2727; x_wconf 81' lang='grc' dir='ltr'><em>ὁ</em></span> <span class='ocrx_word' id='word_1_334' title='bbox 1346 2671 1567 2740; x_wconf 80' lang='grc' dir='ltr'>δοῦλος</span> <span class='ocrx_word' id='word_1_335' title='bbox 1616 2675 1728 2728; x_wconf 84' lang='grc' dir='ltr'>οὐκ</span> <span class='ocrx_word' id='word_1_336' title='bbox 1755 2668 1879 2728; x_wconf 77' lang='grc' dir='ltr'>οἵδε</span> <span class='ocrx_word' id='word_1_337' title='bbox 1913 2675 1974 2729; x_wconf 84' lang='grc' dir='ltr'><strong>τί</strong></span> 
     </span>
    </p>
   </div>
   <div class='ocr_carea' id='block_1_47' title="bbox 384 2763 1974 2838">
    <p class='ocr_par' dir='ltr' id='par_1_47' title="bbox 384 2763 1974 2838">
     <span class='ocr_line' id='line_1_47' title="bbox 384 2763 1974 2838; baseline 0.001 -20"><span class='ocrx_word' id='word_1_338' title='bbox 384 2763 546 2820; x_wconf 74' lang='grc' dir='ltr'>θέλει</span> <span class='ocrx_word' id='word_1_339' title='bbox 577 2768 611 2819; x_wconf 86' lang='grc' dir='ltr'><em>ὀ</em></span> <span class='ocrx_word' id='word_1_340' title='bbox 643 2765 849 2832; x_wconf 81' lang='grc' dir='ltr'>κύριος</span> <span class='ocrx_word' id='word_1_341' title='bbox 874 2763 1081 2831; x_wconf 85' lang='grc' dir='ltr'>αὐτοῦ,</span> <span class='ocrx_word' id='word_1_342' title='bbox 1128 2764 1189 2818; x_wconf 82' lang='grc' dir='ltr'><strong>οὐ</strong></span> <span class='ocrx_word' id='word_1_343' title='bbox 1238 2763 1389 2836; x_wconf 84' lang='grc' dir='ltr'>μένει</span> <span class='ocrx_word' id='word_1_344' title='bbox 1436 2764 1657 2837; x_wconf 84' lang='grc' dir='ltr'>κύριος,</span> <span class='ocrx_word' id='word_1_345' title='bbox 1691 2766 1974 2838; x_wconf 87' lang='grc' dir='ltr'>γινόμενος</span> 
     </span>
    </p>
   </div>
   <div class='ocr_carea' id='block_1_48' title="bbox 386 2855 1976 2929">
    <p class='ocr_par' dir='ltr' id='par_1_48' title="bbox 386 2855 1976 2929">
     <span class='ocr_line' id='line_1_48' title="bbox 386 2855 1976 2929; baseline 0 -18"><span class='ocrx_word' id='word_1_346' title='bbox 386 2857 564 2911; x_wconf 82' lang='grc' dir='ltr'>αὐτῶν</span> <span class='ocrx_word' id='word_1_347' title='bbox 591 2856 765 2927; x_wconf 88' lang='grc' dir='ltr'>φίλος,</span> <span class='ocrx_word' id='word_1_348' title='bbox 804 2857 900 2911; x_wconf 76' lang='grc' dir='ltr'><strong>καὶ</strong></span> <span class='ocrx_word' id='word_1_349' title='bbox 926 2855 1090 2922; x_wconf 78' lang='grc' dir='ltr'>αὐτὸς</span> <span class='ocrx_word' id='word_1_350' title='bbox 1116 2856 1274 2911; x_wconf 88' lang='grc' dir='ltr'>τοῦτο</span> <span class='ocrx_word' id='word_1_351' title='bbox 1303 2856 1562 2925; x_wconf 82' lang='grc' dir='ltr'>διδάσκει,</span> <span class='ocrx_word' id='word_1_352' title='bbox 1604 2857 1739 2911; x_wconf 80' lang='grc' dir='ltr'>ὅπου</span> <span class='ocrx_word' id='word_1_353' title='bbox 1770 2858 1867 2929; x_wconf 70' lang='grc' dir='ltr'><strong>μὲν</strong></span> <span class='ocrx_word' id='word_1_354' title='bbox 1894 2857 1976 2911; x_wconf 77' lang='grc' dir='ltr'>ἔτι</span> 
     </span>
    </p>
   </div>
   <div class='ocr_carea' id='block_1_49' title="bbox 2158 2208 3664 2289">
    <p class='ocr_par' dir='ltr' id='par_1_49' title="bbox 2158 2208 3664 2289">
     <span class='ocr_line' id='line_1_49' title="bbox 2158 2208 3664 2289; baseline 0.007 -24"><span class='ocrx_word' id='word_1_355' title='bbox 2158 2210 2265 2282; x_wconf 77' lang='lat'><strong>33</strong></span> <span class='ocrx_word' id='word_1_356' title='bbox 2296 2210 2389 2265; x_wconf 81' lang='lat'><strong>3|.</strong></span> <span class='ocrx_word' id='word_1_357' title='bbox 2434 2208 2534 2265; x_wconf 84' lang='lat' dir='ltr'><strong>Vel</strong></span> <span class='ocrx_word' id='word_1_358' title='bbox 2581 2210 2899 2281; x_wconf 89' lang='lat' dir='ltr'><strong>vulgaribus</strong></span> <span class='ocrx_word' id='word_1_359' title='bbox 2944 2230 3075 2270; x_wconf 88' lang='lat' dir='ltr'><strong>vero</strong></span> <span class='ocrx_word' id='word_1_360' title='bbox 3120 2217 3426 2289; x_wconf 87' lang='lat' dir='ltr'><strong>quibusque</strong></span> <span class='ocrx_word' id='word_1_361' title='bbox 3473 2226 3664 2280; x_wconf 80' lang='lat' dir='ltr'><strong>admo-</strong></span> 
     </span>
    </p>
   </div>
   <div class='ocr_carea' id='block_1_50' title="bbox 2086 2300 3668 2373">
    <p class='ocr_par' dir='ltr' id='par_1_50' title="bbox 2086 2300 3668 2373">
     <span class='ocr_line' id='line_1_50' title="bbox 2086 2300 3668 2373; baseline 0.007 -18"><span class='ocrx_word' id='word_1_362' title='bbox 2086 2300 2214 2355; x_wconf 84' lang='lat' dir='ltr'><strong>dum</strong></span> <span class='ocrx_word' id='word_1_363' title='bbox 2252 2301 2415 2356; x_wconf 81' lang='lat' dir='ltr'><strong>etiam</strong></span> <span class='ocrx_word' id='word_1_364' title='bbox 2456 2301 2663 2371; x_wconf 81' lang='lat' dir='ltr'><strong>patebit</strong></span> <span class='ocrx_word' id='word_1_365' title='bbox 2698 2304 2972 2373; x_wconf 82' lang='lat' dir='ltr'><strong>quomodo</strong></span> <span class='ocrx_word' id='word_1_366' title='bbox 3030 2306 3292 2363; x_wconf 89' lang='lat' dir='ltr'><strong>Dominus</strong></span> <span class='ocrx_word' id='word_1_367' title='bbox 3340 2322 3527 2366; x_wconf 91' lang='lat' dir='ltr'><strong>noster</strong></span> <span class='ocrx_word' id='word_1_368' title='bbox 3558 2330 3668 2368; x_wconf 85' lang='lat' dir='ltr'><strong>ma-</strong></span> 
     </span>
    </p>
   </div>
   <div class='ocr_carea' id='block_1_51' title="bbox 2084 2390 3666 2475">
    <p class='ocr_par' dir='ltr' id='par_1_51' title="bbox 2084 2390 3666 2475">
     <span class='ocr_line' id='line_1_51' title="bbox 2084 2390 3666 2475; baseline 0.012 -31"><span class='ocrx_word' id='word_1_369' title='bbox 2084 2391 2253 2461; x_wconf 89' lang='lat' dir='ltr'><strong>gister</strong></span> <span class='ocrx_word' id='word_1_370' title='bbox 2278 2391 2351 2446; x_wconf 89' lang='lat' dir='ltr'><strong>sit</strong></span> <span class='ocrx_word' id='word_1_371' title='bbox 2382 2401 2436 2447; x_wconf 90' lang='lat' dir='ltr'><strong>et</strong></span> <span class='ocrx_word' id='word_1_372' title='bbox 2478 2390 2803 2462; x_wconf 78' lang='lat' dir='ltr'><strong>explanator</strong></span> <span class='ocrx_word' id='word_1_373' title='bbox 2834 2393 2921 2450; x_wconf 87' lang='lat' dir='ltr'><strong>his</strong></span> <span class='ocrx_word' id='word_1_374' title='bbox 2946 2395 3038 2465; x_wconf 90' lang='lat' dir='ltr'><strong>qui</strong></span> <span class='ocrx_word' id='word_1_375' title='bbox 3071 2401 3419 2457; x_wconf 89' lang='lat' dir='ltr'><strong>contendunt</strong></span> <span class='ocrx_word' id='word_1_376' title='bbox 3451 2406 3519 2459; x_wconf 89' lang='lat' dir='ltr'><strong>ad</strong></span> <span class='ocrx_word' id='word_1_377' title='bbox 3549 2406 3666 2475; x_wconf 89' lang='lat' dir='ltr'><strong>pie-</strong></span> 
     </span>
    </p>
   </div>
   <div class='ocr_carea' id='block_1_52' title="bbox 2083 2482 3662 2564">
    <p class='ocr_par' dir='ltr' id='par_1_52' title="bbox 2083 2482 3662 2564">
     <span class='ocr_line' id='line_1_52' title="bbox 2083 2482 3662 2564; baseline 0.011 -28"><span class='ocrx_word' id='word_1_378' title='bbox 2083 2492 2272 2550; x_wconf 88' lang='lat' dir='ltr'><strong>tatem,</strong></span> <span class='ocrx_word' id='word_1_379' title='bbox 2308 2496 2373 2537; x_wconf 86' lang='lat' dir='ltr'><strong>ac</strong></span> <span class='ocrx_word' id='word_1_380' title='bbox 2402 2482 2667 2539; x_wconf 87' lang='lat' dir='ltr'><strong>Dominus</strong></span> <span class='ocrx_word' id='word_1_381' title='bbox 2713 2500 2996 2541; x_wconf 90' lang='lat' dir='ltr'><strong>servorum</strong></span> <span class='ocrx_word' id='word_1_382' title='bbox 3040 2487 3273 2545; x_wconf 84' lang='lat' dir='ltr'><strong>illorum</strong></span> <span class='ocrx_word' id='word_1_383' title='bbox 3297 2492 3388 2563; x_wconf 90' lang='lat' dir='ltr'><strong>qui</strong></span> <span class='ocrx_word' id='word_1_384' title='bbox 3412 2496 3662 2564; x_wconf 84' lang='lat' dir='ltr'><strong>spiritum</strong></span> 
     </span>
    </p>
   </div>
   <div class='ocr_carea' id='block_1_53' title="bbox 2081 2572 3665 2651">
    <p class='ocr_par' dir='ltr' id='par_1_53' title="bbox 2081 2572 3665 2651">
     <span class='ocr_line' id='line_1_53' title="bbox 2081 2572 3665 2651; baseline 0.008 -26"><span class='ocrx_word' id='word_1_385' title='bbox 2081 2573 2349 2627; x_wconf 81' lang='lat' dir='ltr'><strong>servitutis</strong></span> <span class='ocrx_word' id='word_1_386' title='bbox 2376 2572 2563 2627; x_wconf 84' lang='lat' dir='ltr'><strong>habent</strong></span> <span class='ocrx_word' id='word_1_387' title='bbox 2598 2573 2667 2626; x_wconf 88' lang='lat' dir='ltr'><strong>ad</strong></span> <span class='ocrx_word' id='word_1_388' title='bbox 2690 2574 2932 2629; x_wconf 80' lang='lat' dir='ltr'><strong>timorem</strong></span> <span class='ocrx_word' id='word_1_389' title='bbox 2948 2575 3032 2641; x_wconf 81' lang='grc'><strong>’³;</strong></span> <span class='ocrx_word' id='word_1_390' title='bbox 3066 2576 3160 2646; x_wconf 93' lang='lat' dir='ltr'><strong>qui</strong></span> <span class='ocrx_word' id='word_1_391' title='bbox 3193 2577 3238 2632; x_wconf 91' lang='lat' dir='ltr'><strong>si</strong></span> <span class='ocrx_word' id='word_1_392' title='bbox 3266 2580 3575 2651; x_wconf 82' lang='lat' dir='ltr'><strong>proficiant,</strong></span> <span class='ocrx_word' id='word_1_393' title='bbox 3606 2599 3665 2641; x_wconf 86' lang='lat' dir='ltr'><strong>et</strong></span> 
     </span>
    </p>
   </div>
   <div class='ocr_carea' id='block_1_54' title="bbox 2084 2664 3664 2736">
    <p class='ocr_par' dir='ltr' id='par_1_54' title="bbox 2084 2664 3664 2736">
     <span class='ocr_line' id='line_1_54' title="bbox 2084 2664 3664 2736; baseline 0.006 -16"><span class='ocrx_word' id='word_1_394' title='bbox 2084 2665 2150 2720; x_wconf 88' lang='lat' dir='ltr'><strong>ad</strong></span> <span class='ocrx_word' id='word_1_395' title='bbox 2180 2664 2505 2735; x_wconf 88' lang='lat' dir='ltr'><strong>sapientiam</strong></span> <span class='ocrx_word' id='word_1_396' title='bbox 2537 2679 2751 2721; x_wconf 93' lang='lat' dir='ltr'><strong>summo</strong></span> <span class='ocrx_word' id='word_1_397' title='bbox 2777 2666 2960 2721; x_wconf 84' lang='lat' dir='ltr'><strong>studio</strong></span> <span class='ocrx_word' id='word_1_398' title='bbox 2979 2671 3334 2736; x_wconf 82' lang='lat' dir='ltr'><strong>contendant,</strong></span> <span class='ocrx_word' id='word_1_399' title='bbox 3365 2674 3530 2729; x_wconf 85' lang='lat' dir='ltr'><strong>etiam</strong></span> <span class='ocrx_word' id='word_1_400' title='bbox 3560 2676 3664 2731; x_wconf 79' lang='lat' dir='ltr'><strong>hac</strong></span> 
     </span>
    </p>
   </div>
   <div class='ocr_carea' id='block_1_55' title="bbox 2083 2754 3661 2833">
    <p class='ocr_par' dir='ltr' id='par_1_55' title="bbox 2083 2754 3661 2833">
     <span class='ocr_line' id='line_1_55' title="bbox 2083 2754 3661 2833; baseline 0.006 -25"><span class='ocrx_word' id='word_1_401' title='bbox 2083 2754 2228 2826; x_wconf 86' lang='lat' dir='ltr'><strong>digni</strong></span> <span class='ocrx_word' id='word_1_402' title='bbox 2275 2754 2566 2818; x_wconf 85' lang='lat' dir='ltr'><strong>habentur,</strong></span> <span class='ocrx_word' id='word_1_403' title='bbox 2622 2756 2875 2824; x_wconf 89' lang='lat' dir='ltr'><strong>quoniam</strong></span> <span class='ocrx_word' id='word_1_404' title='bbox 2924 2773 3102 2813; x_wconf 84' lang='lat' dir='ltr'><strong>servus</strong></span> <span class='ocrx_word' id='word_1_405' title='bbox 3146 2761 3334 2826; x_wconf 78' lang='lat' dir='ltr'><strong>nescit,</strong></span> <span class='ocrx_word' id='word_1_406' title='bbox 3361 2764 3491 2833; x_wconf 82' lang='lat' dir='ltr'><strong>quid</strong></span> <span class='ocrx_word' id='word_1_407' title='bbox 3538 2771 3661 2821; x_wconf 79' lang='lat' dir='ltr'><strong>velit</strong></span> 
     </span>
    </p>
   </div>
   <div class='ocr_carea' id='block_1_56' title="bbox 2082 2847 3663 2925">
    <p class='ocr_par' dir='ltr' id='par_1_56' title="bbox 2082 2847 3663 2925">
     <span class='ocr_line' id='line_1_56' title="bbox 2082 2847 3663 2925; baseline 0.008 -26"><span class='ocrx_word' id='word_1_408' title='bbox 2082 2847 2328 2901; x_wconf 82' lang='lat' dir='ltr'><strong>dominus</strong></span> <span class='ocrx_word' id='word_1_409' title='bbox 2383 2847 2637 2916; x_wconf 75' lang='lat' dir='ltr'><strong>ipsius&quot;,</strong></span> <span class='ocrx_word' id='word_1_410' title='bbox 2689 2861 2791 2903; x_wconf 92' lang='lat' dir='ltr'><strong>nec</strong></span> <span class='ocrx_word' id='word_1_411' title='bbox 2839 2849 3074 2919; x_wconf 89' lang='lat' dir='ltr'><strong>amplius</strong></span> <span class='ocrx_word' id='word_1_412' title='bbox 3131 2860 3317 2907; x_wconf 89' lang='lat' dir='ltr'><strong>autem</strong></span> <span class='ocrx_word' id='word_1_413' title='bbox 3375 2868 3663 2925; x_wconf 79' lang='lat' dir='ltr'><strong>permanet</strong></span> 
     </span>
    </p>
   </div>
   <div class='ocr_carea' id='block_1_57' title="bbox 385 2936 1976 3021">
    <p class='ocr_par' dir='ltr' id='par_1_57' title="bbox 385 2947 1976 3021">
     <span class='ocr_line' id='line_1_57' title="bbox 385 2947 1976 3021; baseline -0.001 -17"><span class='ocrx_word' id='word_1_414' title='bbox 385 2949 560 3004; x_wconf 90' lang='grc' dir='ltr'>δοῦλοι</span> <span class='ocrx_word' id='word_1_415' title='bbox 594 2949 839 3021; x_wconf 76' lang='grc' dir='ltr'>ὑπῆρχον</span> <span class='ocrx_word' id='word_1_416' title='bbox 870 2949 920 3002; x_wconf 87' lang='lat' dir='ltr'><strong>ol</strong></span> <span class='ocrx_word' id='word_1_417' title='bbox 963 2947 1322 3021; x_wconf 84' lang='grc' dir='ltr'>ἀκροώμενοι,</span> <span class='ocrx_word' id='word_1_418' title='bbox 1350 2948 1574 3020; x_wconf 80' lang='grc' dir='ltr'>φάσκων</span> <span class='ocrx_word' id='word_1_419' title='bbox 1598 2965 1610 2980; x_wconf 89' lang='grc'><strong>·</strong></span> <span class='ocrx_word' id='word_1_420' title='bbox 1649 2949 1837 3019; x_wconf 82' lang='grc' dir='ltr'>Ὑμεῖς</span> <span class='ocrx_word' id='word_1_421' title='bbox 1862 2968 1976 3019; x_wconf 71' lang='grc' dir='ltr'>φω-</span> 
     </span>
    </p>
   </div>
   <div class='ocr_carea' id='block_1_58' title="bbox 2082 2936 3659 3021">
    <p class='ocr_par' dir='ltr' id='par_1_58' title="bbox 2084 2936 3659 3016">
     <span class='ocr_line' id='line_1_58' title="bbox 2084 2936 3659 3016; baseline 0.008 -26"><span class='ocrx_word' id='word_1_422' title='bbox 2084 2936 2364 3003; x_wconf 92' lang='lat' dir='ltr'><strong>Dominus,</strong></span> <span class='ocrx_word' id='word_1_423' title='bbox 2390 2938 2566 2995; x_wconf 90' lang='lat' dir='ltr'><strong>factus</strong></span> <span class='ocrx_word' id='word_1_424' title='bbox 2590 2939 2806 2995; x_wconf 93' lang='lat' dir='ltr'><strong>illorum</strong></span> <span class='ocrx_word' id='word_1_425' title='bbox 2825 2941 3055 3006; x_wconf 88' lang='lat' dir='ltr'><strong>amicus,</strong></span> <span class='ocrx_word' id='word_1_426' title='bbox 3080 2942 3133 2998; x_wconf 89' lang='lat' dir='ltr'><strong>id</strong></span> <span class='ocrx_word' id='word_1_427' title='bbox 3159 2944 3302 3014; x_wconf 91' lang='lat' dir='ltr'><strong>quod</strong></span> <span class='ocrx_word' id='word_1_428' title='bbox 3328 2945 3445 3016; x_wconf 77' lang='lat' dir='ltr'><strong>ipse</strong></span> <span class='ocrx_word' id='word_1_429' title='bbox 3474 2947 3659 3010; x_wconf 86' lang='lat' dir='ltr'><strong>docet.</strong></span> 
     </span>
    </p>
   </div>
   <div class='ocr_carea' id='block_1_59' title="bbox 386 3040 1977 3111">
    <p class='ocr_par' dir='ltr' id='par_1_59' title="bbox 386 3040 1977 3111">
     <span class='ocr_line' id='line_1_59' title="bbox 386 3040 1977 3111; baseline 0.001 -16"><span class='ocrx_word' id='word_1_430' title='bbox 386 3041 543 3095; x_wconf 73' lang='lat' dir='ltr'><strong>rei&#39;té</strong></span> <span class='ocrx_word' id='word_1_431' title='bbox 573 3059 651 3110; x_wconf 80' lang='grc' dir='ltr'><strong>με</strong></span> <span class='ocrx_word' id='word_1_432' title='bbox 680 3045 713 3096; x_wconf 80' lang='grc' dir='ltr'><em>ὁ</em></span> <span class='ocrx_word' id='word_1_433' title='bbox 737 3040 1126 3107; x_wconf 67' lang='grc' dir='ltr'>διδάσκαλος,</span> <span class='ocrx_word' id='word_1_434' title='bbox 1167 3040 1268 3095; x_wconf 75' lang='grc' dir='ltr'>καὶ</span> <span class='ocrx_word' id='word_1_435' title='bbox 1300 3044 1334 3096; x_wconf 82' lang='grc' dir='ltr'><em>ὁ</em></span> <span class='ocrx_word' id='word_1_436' title='bbox 1362 3043 1594 3111; x_wconf 82' lang='grc' dir='ltr'>Κύριος,</span> <span class='ocrx_word' id='word_1_437' title='bbox 1638 3041 1736 3096; x_wconf 75' lang='grc' dir='ltr'>καὶ</span> <span class='ocrx_word' id='word_1_438' title='bbox 1776 3040 1977 3110; x_wconf 73' lang='grc' dir='ltr'>καλῶς</span> 
     </span>
    </p>
   </div>
   <div class='ocr_carea' id='block_1_60' title="bbox 386 3130 1976 3204">
    <p class='ocr_par' dir='ltr' id='par_1_60' title="bbox 386 3130 1976 3204">
     <span class='ocr_line' id='line_1_60' title="bbox 386 3130 1976 3204; baseline 0.001 -17"><span class='ocrx_word' id='word_1_439' title='bbox 386 3132 630 3203; x_wconf 71' lang='grc' dir='ltr'>λέγετε,</span> <span class='ocrx_word' id='word_1_440' title='bbox 679 3133 799 3203; x_wconf 69' lang='grc' dir='ltr'>ειμι</span> <span class='ocrx_word' id='word_1_441' title='bbox 829 3132 977 3202; x_wconf 77' lang='grc' dir='ltr'>γάρ·</span> <span class='ocrx_word' id='word_1_442' title='bbox 1035 3132 1168 3185; x_wconf 82' lang='grc' dir='ltr'>ὅπου</span> <span class='ocrx_word' id='word_1_443' title='bbox 1219 3130 1310 3185; x_wconf 77' lang='grc' dir='ltr'>δέ’</span> <span class='ocrx_word' id='word_1_444' title='bbox 1363 3133 1574 3187; x_wconf 80' lang='grc' dir='ltr'>Οὐκέτι</span> <span class='ocrx_word' id='word_1_445' title='bbox 1618 3132 1774 3202; x_wconf 83' lang='grc' dir='ltr'>ὑμᾶς</span> <span class='ocrx_word' id='word_1_446' title='bbox 1820 3133 1976 3204; x_wconf 74' lang='grc' dir='ltr'>λέγω</span> 
     </span>
    </p>
   </div>
   <div class='ocr_carea' id='block_1_61' title="bbox 388 3220 1978 3294">
    <p class='ocr_par' dir='ltr' id='par_1_61' title="bbox 388 3220 1978 3294">
     <span class='ocr_line' id='line_1_61' title="bbox 388 3220 1978 3294; baseline 0.001 -17"><span class='ocrx_word' id='word_1_447' title='bbox 388 3224 673 3291; x_wconf 77' lang='grc' dir='ltr'>δούλους,</span> <span class='ocrx_word' id='word_1_448' title='bbox 726 3223 816 3278; x_wconf 83' lang='grc' dir='ltr'>ὅτι</span> <span class='ocrx_word' id='word_1_449' title='bbox 862 3226 896 3277; x_wconf 81' lang='grc' dir='ltr'><em>ὁ</em></span> <span class='ocrx_word' id='word_1_450' title='bbox 941 3221 1165 3289; x_wconf 74' lang='grc' dir='ltr'>δοῦλος</span> <span class='ocrx_word' id='word_1_451' title='bbox 1208 3223 1321 3277; x_wconf 82' lang='grc' dir='ltr'>οὐκ</span> <span class='ocrx_word' id='word_1_452' title='bbox 1364 3220 1489 3278; x_wconf 75' lang='grc' dir='ltr'>οἶδε</span> <span class='ocrx_word' id='word_1_453' title='bbox 1533 3224 1592 3277; x_wconf 89' lang='grc' dir='ltr'><strong>τί</strong></span> <span class='ocrx_word' id='word_1_454' title='bbox 1632 3224 1699 3278; x_wconf 88' lang='grc' dir='ltr'>τὸ</span> <span class='ocrx_word' id='word_1_455' title='bbox 1747 3222 1978 3294; x_wconf 72' lang='grc' dir='ltr'>θέλημα</span> 
     </span>
    </p>
   </div>
   <div class='ocr_carea' id='block_1_62' title="bbox 392 3312 1972 3386">
    <p class='ocr_par' dir='ltr' id='par_1_62' title="bbox 392 3312 1972 3386">
     <span class='ocr_line' id='line_1_62' title="bbox 392 3312 1972 3386; baseline 0.003 -21"><span class='ocrx_word' id='word_1_456' title='bbox 392 3313 498 3368; x_wconf 87' lang='grc' dir='ltr'><strong>τοῦ</strong></span> <span class='ocrx_word' id='word_1_457' title='bbox 524 3314 735 3382; x_wconf 82' lang='grc' dir='ltr'>κυρίου</span> <span class='ocrx_word' id='word_1_458' title='bbox 762 3312 979 3368; x_wconf 77' lang='grc' dir='ltr'>αὐτοῦ’</span> <span class='ocrx_word' id='word_1_459' title='bbox 1008 3314 1147 3369; x_wconf 72' lang='grc' dir='ltr'><strong>ἀλλ’</strong></span> <span class='ocrx_word' id='word_1_460' title='bbox 1177 3314 1292 3386; x_wconf 61' lang='grc' dir='ltr'><strong>ἐγὼ</strong></span> <span class='ocrx_word' id='word_1_461' title='bbox 1336 3313 1491 3385; x_wconf 83' lang='grc' dir='ltr'>ὑμᾶς</span> <span class='ocrx_word' id='word_1_462' title='bbox 1537 3315 1755 3384; x_wconf 71' lang='grc' dir='ltr'>φίλους</span> <span class='ocrx_word' id='word_1_463' title='bbox 1795 3315 1972 3386; x_wconf 72' lang='grc' dir='ltr'>λέγω,</span> 
     </span>
    </p>
   </div>
   <div class='ocr_carea' id='block_1_63' title="bbox 387 3401 1975 3475">
    <p class='ocr_par' dir='ltr' id='par_1_63' title="bbox 387 3401 1975 3475">
     <span class='ocr_line' id='line_1_63' title="bbox 387 3401 1975 3475; baseline 0.003 -20"><span class='ocrx_word' id='word_1_464' title='bbox 387 3401 469 3455; x_wconf 84' lang='grc' dir='ltr'><strong>ὅτι</strong></span> <span class='ocrx_word' id='word_1_465' title='bbox 492 3402 962 3474; x_wconf 70' lang='grc' dir='ltr'>διαμεμενήκατε</span> <span class='ocrx_word' id='word_1_466' title='bbox 979 3407 1108 3475; x_wconf 84' lang='grc' dir='ltr'>μετ’</span> <span class='ocrx_word' id='word_1_467' title='bbox 1133 3405 1281 3475; x_wconf 82' lang='grc' dir='ltr'>ἐμοῦ</span> <span class='ocrx_word' id='word_1_468' title='bbox 1329 3404 1400 3459; x_wconf 79' lang='grc' dir='ltr'><strong>ἐν</strong></span> <span class='ocrx_word' id='word_1_469' title='bbox 1421 3404 1573 3460; x_wconf 83' lang='grc' dir='ltr'>πᾶσι</span> <span class='ocrx_word' id='word_1_470' title='bbox 1622 3406 1748 3474; x_wconf 86' lang='grc' dir='ltr'>τοῖς</span> <span class='ocrx_word' id='word_1_471' title='bbox 1774 3419 1975 3475; x_wconf 81' lang='grc' dir='ltr'>πειρα-</span> 
     </span>
    </p>
   </div>
   <div class='ocr_carea' id='block_1_64' title="bbox 385 3491 1974 3566">
    <p class='ocr_par' dir='ltr' id='par_1_64' title="bbox 385 3491 1974 3566">
     <span class='ocr_line' id='line_1_64' title="bbox 385 3491 1974 3566; baseline 0.004 -21"><span class='ocrx_word' id='word_1_472' title='bbox 385 3493 564 3562; x_wconf 84' lang='grc' dir='ltr'>σμοῖς</span> <span class='ocrx_word' id='word_1_473' title='bbox 585 3512 724 3564; x_wconf 89' lang='grc' dir='ltr'>μου.</span> <span class='ocrx_word' id='word_1_474' title='bbox 776 3496 838 3548; x_wconf 79' lang='grc' dir='ltr'><strong>υἱ</strong></span> <span class='ocrx_word' id='word_1_475' title='bbox 870 3491 962 3549; x_wconf 83' lang='grc' dir='ltr'>οὖν</span> <span class='ocrx_word' id='word_1_476' title='bbox 995 3495 1138 3549; x_wconf 81' lang='grc' dir='ltr'>κατὰ</span> <span class='ocrx_word' id='word_1_477' title='bbox 1164 3495 1327 3565; x_wconf 89' lang='grc' dir='ltr'>φόϐον</span> <span class='ocrx_word' id='word_1_478' title='bbox 1360 3494 1620 3566; x_wconf 84' lang='grc' dir='ltr'>βιοῦντες,</span> <span class='ocrx_word' id='word_1_479' title='bbox 1655 3497 1715 3551; x_wconf 83' lang='grc' dir='ltr'><strong>ὃν</strong></span> <span class='ocrx_word' id='word_1_480' title='bbox 1752 3498 1974 3552; x_wconf 83' lang='grc' dir='ltr'>ἀπαιτεῖ</span> 
     </span>
    </p>
   </div>
   <div class='ocr_carea' id='block_1_65' title="bbox 386 3583 1973 3661">
    <p class='ocr_par' dir='ltr' id='par_1_65' title="bbox 386 3583 1973 3661">
     <span class='ocr_line' id='line_1_65' title="bbox 386 3583 1973 3661; baseline 0.004 -24"><span class='ocrx_word' id='word_1_481' title='bbox 386 3584 497 3637; x_wconf 80' lang='grc' dir='ltr'>ἀπὸ</span> <span class='ocrx_word' id='word_1_482' title='bbox 527 3583 635 3638; x_wconf 85' lang='grc' dir='ltr'>τῶν</span> <span class='ocrx_word' id='word_1_483' title='bbox 666 3585 726 3639; x_wconf 72' lang='grc' dir='ltr'>οὐ</span> <span class='ocrx_word' id='word_1_484' title='bbox 758 3586 935 3640; x_wconf 82' lang='grc' dir='ltr'>καλῶν</span> <span class='ocrx_word' id='word_1_485' title='bbox 972 3584 1175 3640; x_wconf 79' lang='grc' dir='ltr'>δούλων</span> <span class='ocrx_word' id='word_1_486' title='bbox 1206 3588 1235 3641; x_wconf 94' lang='lat'><strong>6</strong></span> <span class='ocrx_word' id='word_1_487' title='bbox 1273 3585 1426 3651; x_wconf 79' lang='grc' dir='ltr'>Θεὸς,</span> <span class='ocrx_word' id='word_1_488' title='bbox 1459 3586 1535 3650; x_wconf 83' lang='grc' dir='ltr'><strong>ὡς</strong></span> <span class='ocrx_word' id='word_1_489' title='bbox 1571 3589 1885 3661; x_wconf 83' lang='grc' dir='ltr'>ἀνέγνωμεν</span> <span class='ocrx_word' id='word_1_490' title='bbox 1913 3590 1973 3643; x_wconf 84' lang='grc' dir='ltr'><strong>ὲν</strong></span> 
     </span>
    </p>
   </div>
   <div class='ocr_carea' id='block_1_66' title="bbox 386 3673 1975 3749">
    <p class='ocr_par' dir='ltr' id='par_1_66' title="bbox 386 3673 1975 3749">
     <span class='ocr_line' id='line_1_66' title="bbox 386 3673 1975 3749; baseline 0.004 -24"><span class='ocrx_word' id='word_1_491' title='bbox 386 3673 467 3743; x_wconf 81' lang='grc' dir='ltr'>τῷ</span> <span class='ocrx_word' id='word_1_492' title='bbox 496 3674 753 3745; x_wconf 69' lang='grc' dir='ltr'>Μαλαχίᾳ</span> <span class='ocrx_word' id='word_1_493' title='bbox 771 3691 784 3705; x_wconf 81' lang='grc'><em>’</em></span> <span class='ocrx_word' id='word_1_494' title='bbox 816 3677 887 3730; x_wconf 81' lang='lat' dir='ltr'><strong><em>El</em></strong></span> <span class='ocrx_word' id='word_1_495' title='bbox 923 3676 1136 3743; x_wconf 82' lang='grc' dir='ltr'>Κύριός</span> <span class='ocrx_word' id='word_1_496' title='bbox 1159 3677 1276 3747; x_wconf 82' lang='grc' dir='ltr'>ειμι</span> <span class='ocrx_word' id='word_1_497' title='bbox 1298 3675 1433 3747; x_wconf 76' lang='grc' dir='ltr'>ἐγὼ,</span> <span class='ocrx_word' id='word_1_498' title='bbox 1476 3676 1595 3732; x_wconf 81' lang='grc' dir='ltr'><strong>ποῦ</strong></span> <span class='ocrx_word' id='word_1_499' title='bbox 1622 3677 1791 3733; x_wconf 78' lang='grc' dir='ltr'>ἔστιν</span> <span class='ocrx_word' id='word_1_500' title='bbox 1814 3681 1849 3734; x_wconf 80' lang='grc' dir='ltr'><em>ὁ</em></span> <span class='ocrx_word' id='word_1_501' title='bbox 1872 3680 1975 3749; x_wconf 75' lang='grc' dir='ltr'>φό-</span> 
     </span>
    </p>
   </div>
   <div class='ocr_carea' id='block_1_67' title="bbox 386 3767 1974 3845">
    <p class='ocr_par' dir='ltr' id='par_1_67' title="bbox 386 3767 1974 3845">
     <span class='ocr_line' id='line_1_67' title="bbox 386 3767 1974 3845; baseline 0.004 -25"><span class='ocrx_word' id='word_1_502' title='bbox 386 3769 492 3833; x_wconf 78' lang='grc' dir='ltr'><strong>ϐος</strong></span> <span class='ocrx_word' id='word_1_503' title='bbox 513 3785 636 3837; x_wconf 90' lang='grc' dir='ltr'><strong>μου</strong></span> <span class='ocrx_word' id='word_1_504' title='bbox 650 3784 671 3832; x_wconf 87' lang='grc'><strong><em>;</em></strong></span> <span class='ocrx_word' id='word_1_505' title='bbox 698 3767 871 3823; x_wconf 92' lang='grc' dir='ltr'>δοῦλοι</span> <span class='ocrx_word' id='word_1_506' title='bbox 894 3770 1220 3841; x_wconf 84' lang='grc' dir='ltr'>τυγχάνουσι</span> <span class='ocrx_word' id='word_1_507' title='bbox 1246 3770 1451 3842; x_wconf 84' lang='grc' dir='ltr'>Κυρίου</span> <span class='ocrx_word' id='word_1_508' title='bbox 1476 3770 1570 3824; x_wconf 91' lang='grc' dir='ltr'><strong>τοῦ</strong></span> <span class='ocrx_word' id='word_1_509' title='bbox 1596 3771 1847 3845; x_wconf 81' lang='grc' dir='ltr'>Σωτῆρος</span> <span class='ocrx_word' id='word_1_510' title='bbox 1875 3772 1974 3827; x_wconf 79' lang='grc' dir='ltr'>αὑ-</span> 
     </span>
    </p>
   </div>
   <div class='ocr_carea' id='block_1_68' title="bbox 384 3858 873 3931">
    <p class='ocr_par' dir='ltr' id='par_1_68' title="bbox 384 3858 873 3931">
     <span class='ocr_line' id='line_1_68' title="bbox 384 3858 873 3931; baseline 0.006 -19"><span class='ocrx_word' id='word_1_511' title='bbox 384 3858 494 3912; x_wconf 84' lang='grc' dir='ltr'><strong>τῶν</strong></span> <span class='ocrx_word' id='word_1_512' title='bbox 518 3859 683 3914; x_wconf 85' lang='grc' dir='ltr'>καλου</span> <span class='ocrx_word' id='word_1_513' title='bbox 692 3861 873 3931; x_wconf 76' lang='grc' dir='ltr'>μένου.</span> 
     </span>
    </p>
   </div>
   <div class='ocr_carea' id='block_1_69' title="bbox 455 3951 1973 4024">
    <p class='ocr_par' dir='ltr' id='par_1_69' title="bbox 455 3951 1973 4024">
     <span class='ocr_line' id='line_1_69' title="bbox 455 3951 1973 4024; baseline 0.001 -19"><span class='ocrx_word' id='word_1_514' title='bbox 455 3951 544 4005; x_wconf 76' lang='grc'><strong>52.</strong></span> <span class='ocrx_word' id='word_1_515' title='bbox 597 3952 759 4006; x_wconf 78' lang='grc' dir='ltr'>Ἀλλὰ</span> <span class='ocrx_word' id='word_1_516' title='bbox 800 3953 887 4006; x_wconf 82' lang='grc' dir='ltr'><strong>διὰ</strong></span> <span class='ocrx_word' id='word_1_517' title='bbox 934 3952 1141 4007; x_wconf 83' lang='grc' dir='ltr'>τούτων</span> <span class='ocrx_word' id='word_1_518' title='bbox 1189 3952 1406 4007; x_wconf 90' lang='grc' dir='ltr'>πάντων</span> <span class='ocrx_word' id='word_1_519' title='bbox 1434 3953 1495 4007; x_wconf 82' lang='grc' dir='ltr'><strong>οὐ</strong></span> <span class='ocrx_word' id='word_1_520' title='bbox 1533 3953 1722 4022; x_wconf 79' lang='grc' dir='ltr'>σαφῶς</span> <span class='ocrx_word' id='word_1_521' title='bbox 1752 3954 1785 4024; x_wconf 77' lang='grc' dir='ltr'>ἡ</span> <span class='ocrx_word' id='word_1_522' title='bbox 1814 3953 1973 4022; x_wconf 82' lang='grc' dir='ltr'>εὐγέ-</span> 
     </span>
    </p>
   </div>
   <div class='ocr_carea' id='block_1_70' title="bbox 383 4039 1983 4116">
    <p class='ocr_par' dir='ltr' id='par_1_70' title="bbox 383 4039 1983 4116">
     <span class='ocr_line' id='line_1_70' title="bbox 383 4039 1983 4116; baseline 0.001 -19"><span class='ocrx_word' id='word_1_523' title='bbox 383 4062 501 4097; x_wconf 88' lang='grc' dir='ltr'>νεια</span> <span class='ocrx_word' id='word_1_524' title='bbox 551 4045 881 4116; x_wconf 84' lang='grc' dir='ltr'>παρίσταται</span> <span class='ocrx_word' id='word_1_525' title='bbox 921 4045 1014 4099; x_wconf 86' lang='grc' dir='ltr'><strong>τοῦ</strong></span> <span class='ocrx_word' id='word_1_526' title='bbox 1049 4043 1181 4098; x_wconf 86' lang='grc' dir='ltr'>Υἱοῦ</span> <span class='ocrx_word' id='word_1_527' title='bbox 1207 4062 1221 4076; x_wconf 78' lang='grc' dir='ltr'><strong>ο</strong></span> <span class='ocrx_word' id='word_1_528' title='bbox 1253 4045 1342 4099; x_wconf 85' lang='grc' dir='ltr'>ὅτε</span> <span class='ocrx_word' id='word_1_529' title='bbox 1388 4045 1445 4100; x_wconf 76' lang='grc' dir='ltr'><strong>δὲ</strong></span> <span class='ocrx_word' id='word_1_530' title='bbox 1474 4045 1566 4099; x_wconf 88' lang='grc' dir='ltr'>τό·</span> <span class='ocrx_word' id='word_1_531' title='bbox 1599 4047 1730 4112; x_wconf 86' lang='grc' dir='ltr'><strong>Υίός</strong></span> <span class='ocrx_word' id='word_1_532' title='bbox 1760 4062 1882 4115; x_wconf 88' lang='grc' dir='ltr'><strong>μου</strong></span> <span class='ocrx_word' id='word_1_533' title='bbox 1924 4039 1983 4099; x_wconf 82' lang='grc' dir='ltr'>εἷ</span> 
     </span>
    </p>
   </div>
   <div class='ocr_carea' id='block_1_71' title="bbox 384 4136 1974 4211">
    <p class='ocr_par' dir='ltr' id='par_1_71' title="bbox 384 4136 1974 4211">
     <span class='ocr_line' id='line_1_71' title="bbox 384 4136 1974 4211; baseline 0.001 -22"><span class='ocrx_word' id='word_1_534' title='bbox 384 4137 487 4199; x_wconf 81' lang='grc' dir='ltr'>σὺ,</span> <span class='ocrx_word' id='word_1_535' title='bbox 519 4136 634 4206; x_wconf 70' lang='grc' dir='ltr'><strong>ἐγὼ</strong></span> <span class='ocrx_word' id='word_1_536' title='bbox 679 4136 944 4206; x_wconf 75' lang='grc' dir='ltr'>σήμερον</span> <span class='ocrx_word' id='word_1_537' title='bbox 966 4138 1304 4207; x_wconf 74' lang='grc' dir='ltr'>γεγέννηκά</span> <span class='ocrx_word' id='word_1_538' title='bbox 1339 4155 1435 4203; x_wconf 83' lang='grc' dir='ltr'><strong>σε,</strong></span> <span class='ocrx_word' id='word_1_539' title='bbox 1465 4138 1684 4207; x_wconf 83' lang='grc' dir='ltr'>λέγεται</span> <span class='ocrx_word' id='word_1_540' title='bbox 1711 4138 1847 4211; x_wconf 76' lang='grc' dir='ltr'>πρὸς</span> <span class='ocrx_word' id='word_1_541' title='bbox 1874 4136 1974 4191; x_wconf 84' lang='grc' dir='ltr'>αὐ-</span> 
     </span>
    </p>
   </div>
   <div class='ocr_carea' id='block_1_72' title="bbox 384 4223 1969 4303">
    <p class='ocr_par' dir='ltr' id='par_1_72' title="bbox 384 4223 1969 4303">
     <span class='ocr_line' id='line_1_72' title="bbox 384 4223 1969 4303; baseline -0.001 -20"><span class='ocrx_word' id='word_1_542' title='bbox 384 4229 475 4284; x_wconf 85' lang='grc' dir='ltr'><strong>τὸν</strong></span> <span class='ocrx_word' id='word_1_543' title='bbox 514 4229 618 4283; x_wconf 81' lang='grc' dir='ltr'><strong>ὑπὸ</strong></span> <span class='ocrx_word' id='word_1_544' title='bbox 644 4228 738 4283; x_wconf 89' lang='grc' dir='ltr'><strong>τοῦ</strong></span> <span class='ocrx_word' id='word_1_545' title='bbox 771 4228 929 4294; x_wconf 89' lang='grc' dir='ltr'>Θεοῦ,</span> <span class='ocrx_word' id='word_1_546' title='bbox 981 4223 1026 4298; x_wconf 81' lang='grc' dir='ltr'>ᾧ</span> <span class='ocrx_word' id='word_1_547' title='bbox 1056 4229 1142 4284; x_wconf 82' lang='grc' dir='ltr'>ἀεί</span> <span class='ocrx_word' id='word_1_548' title='bbox 1166 4232 1282 4284; x_wconf 72' lang='grc' dir='ltr'>ἐστι</span> <span class='ocrx_word' id='word_1_549' title='bbox 1308 4230 1369 4284; x_wconf 83' lang='grc' dir='ltr'>τὺ</span> <span class='ocrx_word' id='word_1_550' title='bbox 1419 4231 1691 4303; x_wconf 83' lang='grc' dir='ltr'>σήμερον·</span> <span class='ocrx_word' id='word_1_551' title='bbox 1744 4229 1847 4283; x_wconf 84' lang='grc' dir='ltr'><strong>οὐκ</strong></span> <span class='ocrx_word' id='word_1_552' title='bbox 1889 4227 1969 4282; x_wconf 73' lang='grc' dir='ltr'>ἔνι</span> 
     </span>
    </p>
   </div>
   <div class='ocr_carea' id='block_1_73' title="bbox 2080 3030 3659 3103">
    <p class='ocr_par' dir='ltr' id='par_1_73' title="bbox 2080 3030 3659 3103">
     <span class='ocr_line' id='line_1_73' title="bbox 2080 3030 3659 3103; baseline 0.007 -20"><span class='ocrx_word' id='word_1_553' title='bbox 2080 3044 2203 3083; x_wconf 88' lang='lat' dir='ltr'><strong>cum</strong></span> <span class='ocrx_word' id='word_1_554' title='bbox 2235 3030 2416 3085; x_wconf 86' lang='lat' dir='ltr'><strong>adhuc</strong></span> <span class='ocrx_word' id='word_1_555' title='bbox 2450 3030 2590 3086; x_wconf 90' lang='lat' dir='ltr'><strong>servi</strong></span> <span class='ocrx_word' id='word_1_556' title='bbox 2620 3040 2782 3087; x_wconf 91' lang='lat' dir='ltr'><strong>erant</strong></span> <span class='ocrx_word' id='word_1_557' title='bbox 2805 3030 2979 3102; x_wconf 86' lang='lat' dir='ltr'><strong>ipsius</strong></span> <span class='ocrx_word' id='word_1_558' title='bbox 3010 3032 3289 3091; x_wconf 85' lang='lat' dir='ltr'><strong>auditores</strong></span> <span class='ocrx_word' id='word_1_559' title='bbox 3309 3074 3326 3103; x_wconf 95' lang='lat'><strong>,</strong></span> <span class='ocrx_word' id='word_1_560' title='bbox 3359 3035 3549 3093; x_wconf 86' lang='lat' dir='ltr'><strong>dicens</strong></span> <span class='ocrx_word' id='word_1_561' title='bbox 3569 3038 3613 3072; x_wconf 87' lang='lat'>&quot;</span> <span class='ocrx_word' id='word_1_562' title='bbox 3642 3055 3659 3094; x_wconf 91' lang='lat'><strong>:</strong></span> 
     </span>
    </p>
   </div>
   <div class='ocr_carea' id='block_1_74' title="bbox 2087 3118 3661 3195">
    <p class='ocr_par' dir='ltr' id='par_1_74' title="bbox 2087 3118 3661 3195">
     <span class='ocr_line' id='line_1_74' title="bbox 2087 3118 3661 3195; baseline 0.006 -21"><span class='ocrx_word' id='word_1_563' title='bbox 2087 3118 2194 3175; x_wconf 86' lang='lat' dir='ltr'><strong>Vos</strong></span> <span class='ocrx_word' id='word_1_564' title='bbox 2229 3122 2426 3175; x_wconf 82' lang='lat' dir='ltr'><strong>vocatis</strong></span> <span class='ocrx_word' id='word_1_565' title='bbox 2450 3138 2531 3177; x_wconf 86' lang='lat' dir='ltr'><strong>me</strong></span> <span class='ocrx_word' id='word_1_566' title='bbox 2556 3121 2873 3193; x_wconf 73' lang='lat' dir='ltr'><strong>Magistrum</strong></span> <span class='ocrx_word' id='word_1_567' title='bbox 2914 3141 2977 3179; x_wconf 85' lang='lat' dir='ltr'><strong>ac</strong></span> <span class='ocrx_word' id='word_1_568' title='bbox 3002 3123 3311 3195; x_wconf 84' lang='lat' dir='ltr'><strong>Dominum,</strong></span> <span class='ocrx_word' id='word_1_569' title='bbox 3343 3137 3394 3183; x_wconf 88' lang='lat' dir='ltr'><strong>et</strong></span> <span class='ocrx_word' id='word_1_570' title='bbox 3419 3129 3544 3184; x_wconf 87' lang='lat' dir='ltr'><strong>bene</strong></span> <span class='ocrx_word' id='word_1_571' title='bbox 3572 3136 3661 3183; x_wconf 63' lang='lat' dir='ltr'><strong>dic</strong></span> 
     </span>
    </p>
   </div>
   <div class='ocr_carea' id='block_1_75' title="bbox 2077 3209 3660 3285">
    <p class='ocr_par' dir='ltr' id='par_1_75' title="bbox 2077 3209 3660 3285">
     <span class='ocr_line' id='line_1_75' title="bbox 2077 3209 3660 3285; baseline 0.006 -24"><span class='ocrx_word' id='word_1_572' title='bbox 2077 3209 2217 3274; x_wconf 89' lang='lat' dir='ltr'><strong>citis,</strong></span> <span class='ocrx_word' id='word_1_573' title='bbox 2258 3225 2375 3264; x_wconf 87' lang='lat' dir='ltr'><strong>sum</strong></span> <span class='ocrx_word' id='word_1_574' title='bbox 2419 3210 2648 3275; x_wconf 86' lang='lat' dir='ltr'><strong>etenim;</strong></span> <span class='ocrx_word' id='word_1_575' title='bbox 2691 3211 2822 3268; x_wconf 86' lang='lat' dir='ltr'><strong>alibi</strong></span> <span class='ocrx_word' id='word_1_576' title='bbox 2869 3227 3002 3268; x_wconf 87' lang='lat' dir='ltr'><strong>vero</strong></span> <span class='ocrx_word' id='word_1_577' title='bbox 3039 3212 3355 3285; x_wconf 84' lang='lat' dir='ltr'><strong>:Postlmc,</strong></span> <span class='ocrx_word' id='word_1_578' title='bbox 3402 3234 3507 3273; x_wconf 87' lang='lat' dir='ltr'><strong>non</strong></span> <span class='ocrx_word' id='word_1_579' title='bbox 3540 3220 3660 3274; x_wconf 78' lang='lat' dir='ltr'><strong>dico</strong></span> 
     </span>
    </p>
   </div>
   <div class='ocr_carea' id='block_1_76' title="bbox 2076 3304 3660 3378">
    <p class='ocr_par' dir='ltr' id='par_1_76' title="bbox 2076 3304 3660 3378">
     <span class='ocr_line' id='line_1_76' title="bbox 2076 3304 3660 3378; baseline 0.008 -23"><span class='ocrx_word' id='word_1_580' title='bbox 2076 3318 2164 3356; x_wconf 79' lang='lat' dir='ltr'><strong>vos</strong></span> <span class='ocrx_word' id='word_1_581' title='bbox 2196 3318 2396 3368; x_wconf 79' lang='lat' dir='ltr'><strong>servos,</strong></span> <span class='ocrx_word' id='word_1_582' title='bbox 2426 3304 2552 3373; x_wconf 87' lang='lat' dir='ltr'><strong>quia</strong></span> <span class='ocrx_word' id='word_1_583' title='bbox 2586 3321 2767 3360; x_wconf 82' lang='lat' dir='ltr'><strong>servus</strong></span> <span class='ocrx_word' id='word_1_584' title='bbox 2810 3308 2974 3361; x_wconf 79' lang='lat' dir='ltr'><strong>nescit</strong></span> <span class='ocrx_word' id='word_1_585' title='bbox 3013 3323 3131 3378; x_wconf 73' lang='lat' dir='ltr'><strong>aute</strong></span> <span class='ocrx_word' id='word_1_586' title='bbox 3176 3311 3244 3365; x_wconf 88' lang='lat' dir='ltr'><strong>sit</strong></span> <span class='ocrx_word' id='word_1_587' title='bbox 3274 3309 3521 3366; x_wconf 84' lang='lat' dir='ltr'><strong>voluntas</strong></span> <span class='ocrx_word' id='word_1_588' title='bbox 3562 3314 3660 3367; x_wconf 85' lang='lat' dir='ltr'><strong>do-</strong></span> 
     </span>
    </p>
   </div>
   <div class='ocr_carea' id='block_1_77' title="bbox 2075 3395 3660 3473">
    <p class='ocr_par' dir='ltr' id='par_1_77' title="bbox 2075 3395 3660 3473">
     <span class='ocr_line' id='line_1_77' title="bbox 2075 3395 3660 3473; baseline 0.008 -25"><span class='ocrx_word' id='word_1_589' title='bbox 2075 3395 2210 3450; x_wconf 87' lang='lat' dir='ltr'><strong>mini</strong></span> <span class='ocrx_word' id='word_1_590' title='bbox 2240 3396 2326 3450; x_wconf 89' lang='lat' dir='ltr'><strong>sui</strong></span> <span class='ocrx_word' id='word_1_591' title='bbox 2356 3412 2376 3451; x_wconf 92' lang='lat'><strong><em>:</em></strong></span> <span class='ocrx_word' id='word_1_592' title='bbox 2398 3397 2489 3452; x_wconf 87' lang='lat' dir='ltr'><strong>sed</strong></span> <span class='ocrx_word' id='word_1_593' title='bbox 2526 3398 2646 3452; x_wconf 87' lang='lat' dir='ltr'><strong>dico</strong></span> <span class='ocrx_word' id='word_1_594' title='bbox 2685 3414 2773 3452; x_wconf 86' lang='lat' dir='ltr'><strong>vos</strong></span> <span class='ocrx_word' id='word_1_595' title='bbox 2795 3400 2998 3456; x_wconf 88' lang='lat' dir='ltr'><strong>amicos</strong></span> <span class='ocrx_word' id='word_1_596' title='bbox 3020 3400 3088 3469; x_wconf 81' lang='lat'><strong>&quot;‘,</strong></span> <span class='ocrx_word' id='word_1_597' title='bbox 3121 3404 3380 3472; x_wconf 89' lang='lat' dir='ltr'><strong>quoniam</strong></span> <span class='ocrx_word' id='word_1_598' title='bbox 3409 3421 3660 3473; x_wconf 84' lang='lat' dir='ltr'><strong>perman-</strong></span> 
     </span>
    </p>
   </div>
   <div class='ocr_carea' id='block_1_78' title="bbox 2076 3487 3656 3549">
    <p class='ocr_par' dir='ltr' id='par_1_78' title="bbox 2076 3487 3656 3549">
     <span class='ocr_line' id='line_1_78' title="bbox 2076 3487 3656 3549; baseline 0.006 -9"><span class='ocrx_word' id='word_1_599' title='bbox 2076 3487 2219 3542; x_wconf 85' lang='lat' dir='ltr'><strong>sistis</strong></span> <span class='ocrx_word' id='word_1_600' title='bbox 2285 3504 2486 3543; x_wconf 87' lang='lat' dir='ltr'><strong>mecum</strong></span> <span class='ocrx_word' id='word_1_601' title='bbox 2540 3489 2594 3544; x_wconf 87' lang='lat' dir='ltr'><strong>in</strong></span> <span class='ocrx_word' id='word_1_602' title='bbox 2650 3491 2897 3545; x_wconf 88' lang='lat' dir='ltr'><strong>omnibus</strong></span> <span class='ocrx_word' id='word_1_603' title='bbox 2948 3492 3390 3547; x_wconf 78' lang='lat' dir='ltr'><strong>tribulationibus</strong></span> <span class='ocrx_word' id='word_1_604' title='bbox 3446 3496 3656 3549; x_wconf 82' lang='lat' dir='ltr'><strong>meis&quot;.</strong></span> 
     </span>
    </p>
   </div>
   <div class='ocr_carea' id='block_1_79' title="bbox 2076 3578 3653 3651">
    <p class='ocr_par' dir='ltr' id='par_1_79' title="bbox 2076 3578 3653 3651">
     <span class='ocr_line' id='line_1_79' title="bbox 2076 3578 3653 3651; baseline 0.001 -17"><span class='ocrx_word' id='word_1_605' title='bbox 2076 3578 2176 3646; x_wconf 86' lang='lat' dir='ltr'><strong>Qui</strong></span> <span class='ocrx_word' id='word_1_606' title='bbox 2206 3595 2336 3651; x_wconf 91' lang='lat' dir='ltr'><strong>ergo</strong></span> <span class='ocrx_word' id='word_1_607' title='bbox 2368 3580 2421 3635; x_wconf 94' lang='lat' dir='ltr'><strong>in</strong></span> <span class='ocrx_word' id='word_1_608' title='bbox 2450 3580 2652 3636; x_wconf 90' lang='lat' dir='ltr'><strong>timore</strong></span> <span class='ocrx_word' id='word_1_609' title='bbox 2674 3581 2886 3644; x_wconf 88' lang='lat' dir='ltr'><strong>vivunt,</strong></span> <span class='ocrx_word' id='word_1_610' title='bbox 2920 3596 3083 3649; x_wconf 86' lang='lat' dir='ltr'><strong>quem</strong></span> <span class='ocrx_word' id='word_1_611' title='bbox 3109 3584 3282 3650; x_wconf 91' lang='lat' dir='ltr'><strong>exigit</strong></span> <span class='ocrx_word' id='word_1_612' title='bbox 3308 3583 3452 3635; x_wconf 89' lang='lat' dir='ltr'><strong>Deus</strong></span> <span class='ocrx_word' id='word_1_613' title='bbox 3484 3598 3513 3635; x_wconf 84' lang='lat' dir='ltr'><strong>a</strong></span> <span class='ocrx_word' id='word_1_614' title='bbox 3543 3600 3653 3637; x_wconf 80' lang='lat' dir='ltr'><strong>ser-</strong></span> 
     </span>
    </p>
   </div>
   <div class='ocr_carea' id='block_1_80' title="bbox 2077 3668 3663 3738">
    <p class='ocr_par' dir='ltr' id='par_1_80' title="bbox 2077 3668 3663 3738">
     <span class='ocr_line' id='line_1_80' title="bbox 2077 3668 3663 3738; baseline 0.006 -18"><span class='ocrx_word' id='word_1_615' title='bbox 2077 3668 2162 3724; x_wconf 89' lang='lat' dir='ltr'><strong>vis</strong></span> <span class='ocrx_word' id='word_1_616' title='bbox 2191 3683 2300 3723; x_wconf 88' lang='lat' dir='ltr'><strong>non</strong></span> <span class='ocrx_word' id='word_1_617' title='bbox 2338 3669 2515 3731; x_wconf 87' lang='lat' dir='ltr'><strong>bonis,</strong></span> <span class='ocrx_word' id='word_1_618' title='bbox 2549 3678 2611 3724; x_wconf 89' lang='lat' dir='ltr'><strong>ttt</strong></span> <span class='ocrx_word' id='word_1_619' title='bbox 2644 3670 2877 3738; x_wconf 86' lang='lat' dir='ltr'><strong>legimus</strong></span> <span class='ocrx_word' id='word_1_620' title='bbox 2928 3670 2982 3724; x_wconf 90' lang='lat' dir='ltr'><strong>in</strong></span> <span class='ocrx_word' id='word_1_621' title='bbox 3035 3668 3305 3727; x_wconf 77' lang='lat' dir='ltr'><strong>Malachia</strong></span> <span class='ocrx_word' id='word_1_622' title='bbox 3328 3672 3375 3705; x_wconf 84' lang='grc'><strong>⁷⁸</strong></span> <span class='ocrx_word' id='word_1_623' title='bbox 3404 3689 3419 3726; x_wconf 87' lang='lat'><strong>:</strong></span> <span class='ocrx_word' id='word_1_624' title='bbox 3445 3671 3506 3727; x_wconf 87' lang='lat' dir='ltr'><strong>Si</strong></span> <span class='ocrx_word' id='word_1_625' title='bbox 3551 3676 3663 3730; x_wconf 88' lang='lat' dir='ltr'><strong>Do-</strong></span> 
     </span>
    </p>
   </div>
   <div class='ocr_carea' id='block_1_81' title="bbox 2075 3759 3663 3828">
    <p class='ocr_par' dir='ltr' id='par_1_81' title="bbox 2075 3759 3663 3828">
     <span class='ocr_line' id='line_1_81' title="bbox 2075 3759 3663 3828; baseline 0.006 -16"><span class='ocrx_word' id='word_1_626' title='bbox 2075 3759 2253 3813; x_wconf 87' lang='lat' dir='ltr'><strong>minus</strong></span> <span class='ocrx_word' id='word_1_627' title='bbox 2284 3774 2379 3828; x_wconf 83' lang='lat' dir='ltr'><strong>ego</strong></span> <span class='ocrx_word' id='word_1_628' title='bbox 2420 3774 2560 3825; x_wconf 89' lang='lat' dir='ltr'><strong>sum,</strong></span> <span class='ocrx_word' id='word_1_629' title='bbox 2587 3759 2676 3813; x_wconf 84' lang='lat' dir='ltr'><strong>ubi</strong></span> <span class='ocrx_word' id='word_1_630' title='bbox 2704 3768 2781 3814; x_wconf 88' lang='lat' dir='ltr'><strong>est</strong></span> <span class='ocrx_word' id='word_1_631' title='bbox 2816 3760 2972 3814; x_wconf 85' lang='lat' dir='ltr'><strong>timor</strong></span> <span class='ocrx_word' id='word_1_632' title='bbox 3006 3761 3195 3816; x_wconf 74' lang='lat' dir='ltr'><strong>meus!</strong></span> <span class='ocrx_word' id='word_1_633' title='bbox 3226 3762 3372 3819; x_wconf 81' lang='lat' dir='ltr'><strong>servi</strong></span> <span class='ocrx_word' id='word_1_634' title='bbox 3400 3772 3529 3820; x_wconf 88' lang='lat' dir='ltr'><strong>sunt</strong></span> <span class='ocrx_word' id='word_1_635' title='bbox 3559 3766 3663 3821; x_wconf 90' lang='lat' dir='ltr'><strong>Do-</strong></span> 
     </span>
    </p>
   </div>
   <div class='ocr_carea' id='block_1_82' title="bbox 2078 3850 3156 3921">
    <p class='ocr_par' dir='ltr' id='par_1_82' title="bbox 2078 3850 3156 3921">
     <span class='ocr_line' id='line_1_82' title="bbox 2078 3850 3156 3921; baseline 0.006 -17"><span class='ocrx_word' id='word_1_636' title='bbox 2078 3850 2212 3907; x_wconf 88' lang='lat' dir='ltr'><strong>mini</strong></span> <span class='ocrx_word' id='word_1_637' title='bbox 2244 3851 2335 3921; x_wconf 91' lang='lat' dir='ltr'><strong>qui</strong></span> <span class='ocrx_word' id='word_1_638' title='bbox 2371 3850 2589 3908; x_wconf 87' lang='lat' dir='ltr'><strong>illorum</strong></span> <span class='ocrx_word' id='word_1_639' title='bbox 2615 3860 2846 3908; x_wconf 86' lang='lat' dir='ltr'><strong>vocatur</strong></span> <span class='ocrx_word' id='word_1_640' title='bbox 2867 3851 3156 3910; x_wconf 82' lang='lat' dir='ltr'><strong>Servator.</strong></span> 
     </span>
    </p>
   </div>
   <div class='ocr_carea' id='block_1_83' title="bbox 2147 3941 3661 4007">
    <p class='ocr_par' dir='ltr' id='par_1_83' title="bbox 2147 3941 3661 4007">
     <span class='ocr_line' id='line_1_83' title="bbox 2147 3941 3661 4007; baseline 0.004 -9"><span class='ocrx_word' id='word_1_641' title='bbox 2147 3941 2238 3998; x_wconf 73' lang='lat'><strong>&#39;52.</strong></span> <span class='ocrx_word' id='word_1_642' title='bbox 2278 3943 2534 3999; x_wconf 84' lang='lat' dir='ltr'><strong>Attamen</strong></span> <span class='ocrx_word' id='word_1_643' title='bbox 2568 3960 2668 4000; x_wconf 92' lang='lat' dir='ltr'><strong>uec</strong></span> <span class='ocrx_word' id='word_1_644' title='bbox 2694 3946 2778 4001; x_wconf 87' lang='lat' dir='ltr'><strong>his</strong></span> <span class='ocrx_word' id='word_1_645' title='bbox 2804 3945 3058 4004; x_wconf 91' lang='lat' dir='ltr'><strong>omnibus</strong></span> <span class='ocrx_word' id='word_1_646' title='bbox 3085 3948 3374 4004; x_wconf 81' lang='lat' dir='ltr'><strong>manifeste</strong></span> <span class='ocrx_word' id='word_1_647' title='bbox 3415 3950 3538 4007; x_wconf 88' lang='lat' dir='ltr'><strong>Filii</strong></span> <span class='ocrx_word' id='word_1_648' title='bbox 3564 3967 3661 4006; x_wconf 86' lang='lat' dir='ltr'><strong>no-</strong></span> 
     </span>
    </p>
   </div>
   <div class='ocr_carea' id='block_1_84' title="bbox 2076 4032 3657 4101">
    <p class='ocr_par' dir='ltr' id='par_1_84' title="bbox 2076 4032 3657 4101">
     <span class='ocr_line' id='line_1_84' title="bbox 2076 4032 3657 4101; baseline 0.004 -13"><span class='ocrx_word' id='word_1_649' title='bbox 2076 4032 2262 4088; x_wconf 84' lang='lat' dir='ltr'><strong>bilitas</strong></span> <span class='ocrx_word' id='word_1_650' title='bbox 2304 4033 2638 4101; x_wconf 80' lang='lat' dir='ltr'><strong>declaratur,</strong></span> <span class='ocrx_word' id='word_1_651' title='bbox 2686 4038 2782 4091; x_wconf 88' lang='lat' dir='ltr'><strong>sed</strong></span> <span class='ocrx_word' id='word_1_652' title='bbox 2826 4047 2938 4092; x_wconf 92' lang='lat' dir='ltr'><strong>tum</strong></span> <span class='ocrx_word' id='word_1_653' title='bbox 2992 4055 3119 4095; x_wconf 91' lang='lat' dir='ltr'><strong>cum</strong></span> <span class='ocrx_word' id='word_1_654' title='bbox 3156 4038 3382 4097; x_wconf 83' lang='lat' dir='ltr'><strong>:Filius</strong></span> <span class='ocrx_word' id='word_1_655' title='bbox 3426 4059 3570 4099; x_wconf 89' lang='lat' dir='ltr'><strong>meus</strong></span> <span class='ocrx_word' id='word_1_656' title='bbox 3602 4062 3657 4098; x_wconf 83' lang='lat' dir='ltr'><strong>es</strong></span> 
     </span>
    </p>
   </div>
   <div class='ocr_carea' id='block_1_85' title="bbox 2076 4126 3656 4199">
    <p class='ocr_par' dir='ltr' id='par_1_85' title="bbox 2076 4126 3656 4199">
     <span class='ocr_line' id='line_1_85' title="bbox 2076 4126 3656 4199; baseline 0.008 -23"><span class='ocrx_word' id='word_1_657' title='bbox 2076 4131 2155 4190; x_wconf 90' lang='lat' dir='ltr'><strong>tu,</strong></span> <span class='ocrx_word' id='word_1_658' title='bbox 2197 4141 2293 4196; x_wconf 87' lang='lat' dir='ltr'><strong>ego</strong></span> <span class='ocrx_word' id='word_1_659' title='bbox 2334 4126 2492 4181; x_wconf 83' lang='lat' dir='ltr'><strong>hodie</strong></span> <span class='ocrx_word' id='word_1_660' title='bbox 2534 4129 2693 4199; x_wconf 80' lang='lat' dir='ltr'><strong>genui</strong></span> <span class='ocrx_word' id='word_1_661' title='bbox 2724 4139 2773 4183; x_wconf 87' lang='lat' dir='ltr'><strong>te</strong></span> <span class='ocrx_word' id='word_1_662' title='bbox 2798 4128 2866 4193; x_wconf 71' lang='grc' dir='ltr'><strong>τ’,</strong></span> <span class='ocrx_word' id='word_1_663' title='bbox 2903 4130 3106 4187; x_wconf 89' lang='lat' dir='ltr'><strong>dicitur</strong></span> <span class='ocrx_word' id='word_1_664' title='bbox 3156 4132 3224 4187; x_wconf 87' lang='lat' dir='ltr'><strong>ad</strong></span> <span class='ocrx_word' id='word_1_665' title='bbox 3269 4132 3423 4189; x_wconf 89' lang='lat' dir='ltr'><strong>illum</strong></span> <span class='ocrx_word' id='word_1_666' title='bbox 3460 4149 3491 4188; x_wconf 84' lang='lat' dir='ltr'><strong>a</strong></span> <span class='ocrx_word' id='word_1_667' title='bbox 3521 4133 3656 4197; x_wconf 79' lang='lat' dir='ltr'><strong>Deu,</strong></span> 
     </span>
    </p>
   </div>
   <div class='ocr_carea' id='block_1_86' title="bbox 2076 4217 3655 4294">
    <p class='ocr_par' dir='ltr' id='par_1_86' title="bbox 2076 4217 3655 4294">
     <span class='ocr_line' id='line_1_86' title="bbox 2076 4217 3655 4294; baseline 0.004 -22"><span class='ocrx_word' id='word_1_668' title='bbox 2076 4217 2162 4272; x_wconf 88' lang='lat' dir='ltr'><strong>cui</strong></span> <span class='ocrx_word' id='word_1_669' title='bbox 2195 4233 2414 4289; x_wconf 89' lang='lat' dir='ltr'><strong>semper</strong></span> <span class='ocrx_word' id='word_1_670' title='bbox 2445 4230 2530 4274; x_wconf 89' lang='lat' dir='ltr'><strong>est</strong></span> <span class='ocrx_word' id='word_1_671' title='bbox 2560 4219 2745 4285; x_wconf 90' lang='lat' dir='ltr'><strong>hodie,</strong></span> <span class='ocrx_word' id='word_1_672' title='bbox 2773 4236 2954 4291; x_wconf 91' lang='lat' dir='ltr'><strong>neque</strong></span> <span class='ocrx_word' id='word_1_673' title='bbox 2983 4224 3128 4279; x_wconf 91' lang='lat' dir='ltr'><strong>enim</strong></span> <span class='ocrx_word' id='word_1_674' title='bbox 3160 4233 3245 4280; x_wconf 89' lang='lat' dir='ltr'><strong>est</strong></span> <span class='ocrx_word' id='word_1_675' title='bbox 3274 4239 3500 4294; x_wconf 85' lang='lat' dir='ltr'><strong>vespera</strong></span> <span class='ocrx_word' id='word_1_676' title='bbox 3536 4225 3655 4289; x_wconf 82' lang='lat' dir='ltr'><strong>Dei,</strong></span> 
     </span>
    </p>
   </div>
   <div class='ocr_carea' id='block_1_87' title="bbox 384 4289 1976 4395">
    <p class='ocr_par' dir='ltr' id='par_1_87' title="bbox 384 4289 1969 4395">
     <span class='ocr_line' id='line_1_87' title="bbox 384 4289 1969 4395; baseline 0.001 -21"><span class='ocrx_word' id='word_1_677' title='bbox 384 4320 493 4393; x_wconf 64' lang='grc' dir='ltr'>γὰρ</span> <span class='ocrx_word' id='word_1_678' title='bbox 521 4321 731 4395; x_wconf 80' lang='grc' dir='ltr'>ἑσπέρα</span> <span class='ocrx_word' id='word_1_679' title='bbox 761 4289 926 4386; x_wconf 71' lang='grc' dir='ltr'>Θεοῦ,</span> <span class='ocrx_word' id='word_1_680' title='bbox 955 4289 1065 4391; x_wconf 78' lang='grc' dir='ltr'>ἐγὼ</span> <span class='ocrx_word' id='word_1_681' title='bbox 1096 4323 1152 4376; x_wconf 84' lang='grc' dir='ltr'>δὲ</span> <span class='ocrx_word' id='word_1_682' title='bbox 1181 4321 1441 4394; x_wconf 78' lang='grc' dir='ltr'>ἡγοῦμαι,</span> <span class='ocrx_word' id='word_1_683' title='bbox 1605 4322 1723 4375; x_wconf 78' lang='grc' dir='ltr'>οὐδὲ</span> <span class='ocrx_word' id='word_1_684' title='bbox 1767 4321 1969 4393; x_wconf 79' lang='grc' dir='ltr'>πρωῖα,</span> 
     </span>
    </p>
   </div>
   <div class='ocr_carea' id='block_1_88' title="bbox 2082 4289 3658 4395">
    <p class='ocr_par' dir='ltr' id='par_1_88' title="bbox 2082 4289 3658 4385">
     <span class='ocr_line' id='line_1_88' title="bbox 2082 4289 3658 4385; baseline 0.004 -22"><span class='ocrx_word' id='word_1_685' title='bbox 2082 4324 2256 4379; x_wconf 89' lang='lat' dir='ltr'><strong>neque</strong></span> <span class='ocrx_word' id='word_1_686' title='bbox 2292 4326 2475 4377; x_wconf 84' lang='lat' dir='ltr'><strong>mane,</strong></span> <span class='ocrx_word' id='word_1_687' title='bbox 2513 4326 2634 4367; x_wconf 91' lang='lat' dir='ltr'><strong>meo</strong></span> <span class='ocrx_word' id='word_1_688' title='bbox 2671 4289 2891 4382; x_wconf 84' lang='lat' dir='ltr'><strong>quidem</strong></span> <span class='ocrx_word' id='word_1_689' title='bbox 2930 4313 3161 4385; x_wconf 84' lang='lat' dir='ltr'><strong>judicio,</strong></span> <span class='ocrx_word' id='word_1_690' title='bbox 3193 4316 3288 4372; x_wconf 84' lang='lat' dir='ltr'><strong>sed</strong></span> <span class='ocrx_word' id='word_1_691' title='bbox 3319 4289 3555 4385; x_wconf 73' lang='lat' dir='ltr'><strong>tempus,</strong></span> <span class='ocrx_word' id='word_1_692' title='bbox 3598 4329 3658 4370; x_wconf 80' lang='lat' dir='ltr'><strong>ut.</strong></span> 
     </span>
    </p>
   </div>
   <div class='ocr_carea' id='block_1_89' title="bbox 385 4400 1976 4487">
    <p class='ocr_par' dir='ltr' id='par_1_89' title="bbox 385 4411 1967 4487">
     <span class='ocr_line' id='line_1_89' title="bbox 385 4411 1967 4487; baseline 0.001 -23"><span class='ocrx_word' id='word_1_693' title='bbox 385 4411 498 4465; x_wconf 76' lang='grc' dir='ltr'>ἀλλ’</span> <span class='ocrx_word' id='word_1_694' title='bbox 525 4414 554 4466; x_wconf 89' lang='lat'><strong>6</strong></span> <span class='ocrx_word' id='word_1_695' title='bbox 585 4414 1073 4487; x_wconf 88' lang='grc' dir='ltr'>συμπαρεκτείνων</span> <span class='ocrx_word' id='word_1_696' title='bbox 1116 4417 1181 4486; x_wconf 78' lang='grc' dir='ltr'>τῇ</span> <span class='ocrx_word' id='word_1_697' title='bbox 1212 4416 1462 4486; x_wconf 84' lang='grc' dir='ltr'>ἀγενήτῳ</span> <span class='ocrx_word' id='word_1_698' title='bbox 1492 4412 1586 4469; x_wconf 80' lang='grc' dir='ltr'><strong>καὶ</strong></span> <span class='ocrx_word' id='word_1_699' title='bbox 1615 4414 1769 4485; x_wconf 84' lang='grc' dir='ltr'>ἀϊδίῳ</span> <span class='ocrx_word' id='word_1_700' title='bbox 1801 4411 1967 4467; x_wconf 79' lang='grc' dir='ltr'>αὐτοῦ</span> 
     </span>
    </p>
   </div>
   <div class='ocr_carea' id='block_1_90' title="bbox 2082 4400 3646 4487">
    <p class='ocr_par' dir='ltr' id='par_1_90' title="bbox 2082 4402 3646 4475">
     <span class='ocr_line' id='line_1_90' title="bbox 2082 4402 3646 4475; baseline 0.006 -21"><span class='ocrx_word' id='word_1_701' title='bbox 2082 4404 2141 4456; x_wconf 65' lang='lat' dir='ltr'><strong>ita</strong></span> <span class='ocrx_word' id='word_1_702' title='bbox 2181 4402 2382 4466; x_wconf 81' lang='lat' dir='ltr'><strong>dicam,</strong></span> <span class='ocrx_word' id='word_1_703' title='bbox 2430 4402 2595 4458; x_wconf 90' lang='lat' dir='ltr'><strong>simul</strong></span> <span class='ocrx_word' id='word_1_704' title='bbox 2645 4419 2705 4459; x_wconf 90' lang='lat' dir='ltr'><strong>se</strong></span> <span class='ocrx_word' id='word_1_705' title='bbox 2747 4407 3050 4462; x_wconf 82' lang='lat' dir='ltr'><strong>extendens</strong></span> <span class='ocrx_word' id='word_1_706' title='bbox 3078 4424 3203 4464; x_wconf 90' lang='lat' dir='ltr'><strong>cum</strong></span> <span class='ocrx_word' id='word_1_707' title='bbox 3231 4408 3322 4463; x_wconf 86' lang='lat' dir='ltr'><strong>illa</strong></span> <span class='ocrx_word' id='word_1_708' title='bbox 3356 4408 3529 4475; x_wconf 89' lang='lat' dir='ltr'><strong>ipsius</strong></span> <span class='ocrx_word' id='word_1_709' title='bbox 3561 4410 3646 4462; x_wconf 89' lang='lat' dir='ltr'><strong>in-</strong></span> 
     </span>
    </p>
   </div>
   <div class='ocr_carea' id='block_1_91' title="bbox 388 4492 1976 4578">
    <p class='ocr_par' dir='ltr' id='par_1_91' title="bbox 388 4503 1972 4578">
     <span class='ocr_line' id='line_1_91' title="bbox 388 4503 1972 4578; baseline 0.001 -21"><span class='ocrx_word' id='word_1_710' title='bbox 388 4504 524 4575; x_wconf 84' lang='grc' dir='ltr'>ζωῇ,</span> <span class='ocrx_word' id='word_1_711' title='bbox 560 4505 626 4558; x_wconf 80' lang='grc' dir='ltr'><strong>ἵν’</strong></span> <span class='ocrx_word' id='word_1_712' title='bbox 672 4503 846 4568; x_wconf 90' lang='grc' dir='ltr'>οῦτως</span> <span class='ocrx_word' id='word_1_713' title='bbox 875 4506 1032 4571; x_wconf 75' lang='grc' dir='ltr'>εἴπω,</span> <span class='ocrx_word' id='word_1_714' title='bbox 1080 4506 1271 4578; x_wconf 87' lang='grc' dir='ltr'>χρόνος</span> <span class='ocrx_word' id='word_1_715' title='bbox 1304 4506 1486 4577; x_wconf 81' lang='grc' dir='ltr'>ἡμέρα</span> <span class='ocrx_word' id='word_1_716' title='bbox 1518 4505 1666 4559; x_wconf 78' lang='grc' dir='ltr'>ἐστὶν</span> <span class='ocrx_word' id='word_1_717' title='bbox 1696 4504 1845 4577; x_wconf 84' lang='grc' dir='ltr'><strong>αὖτῷ</strong></span> <span class='ocrx_word' id='word_1_718' title='bbox 1875 4504 1972 4577; x_wconf 81' lang='grc' dir='ltr'><strong>σή-</strong></span> 
     </span>
    </p>
   </div>
   <div class='ocr_carea' id='block_1_92' title="bbox 2082 4492 3653 4578">
    <p class='ocr_par' dir='ltr' id='par_1_92' title="bbox 2082 4492 3653 4569">
     <span class='ocr_line' id='line_1_92' title="bbox 2082 4492 3653 4569; baseline 0.003 -23"><span class='ocrx_word' id='word_1_719' title='bbox 2082 4492 2250 4561; x_wconf 66' lang='lat' dir='ltr'><strong>genita</strong></span> <span class='ocrx_word' id='word_1_720' title='bbox 2281 4502 2337 4547; x_wconf 92' lang='lat' dir='ltr'><strong>et</strong></span> <span class='ocrx_word' id='word_1_721' title='bbox 2366 4496 2697 4564; x_wconf 89' lang='lat' dir='ltr'><strong>sempiterna</strong></span> <span class='ocrx_word' id='word_1_722' title='bbox 2727 4496 2834 4550; x_wconf 86' lang='lat' dir='ltr'><strong>vita</strong></span> <span class='ocrx_word' id='word_1_723' title='bbox 2872 4496 2973 4567; x_wconf 86' lang='lat' dir='ltr'><strong>ipsi</strong></span> <span class='ocrx_word' id='word_1_724' title='bbox 3002 4500 3121 4554; x_wconf 82' lang='lat' dir='ltr'><strong>dies</strong></span> <span class='ocrx_word' id='word_1_725' title='bbox 3145 4512 3231 4553; x_wconf 85' lang='lat' dir='ltr'><strong>est</strong></span> <span class='ocrx_word' id='word_1_726' title='bbox 3255 4499 3440 4563; x_wconf 90' lang='lat' dir='ltr'><strong>hodie,</strong></span> <span class='ocrx_word' id='word_1_727' title='bbox 3465 4498 3517 4551; x_wconf 93' lang='lat' dir='ltr'><strong>in</strong></span> <span class='ocrx_word' id='word_1_728' title='bbox 3547 4515 3653 4569; x_wconf 76' lang='lat' dir='ltr'><strong>qua</strong></span> 
     </span>
    </p>
   </div>
   <div class='ocr_carea' id='block_1_93' title="bbox 390 4583 1976 4671">
    <p class='ocr_par' dir='ltr' id='par_1_93' title="bbox 390 4590 1971 4671">
     <span class='ocr_line' id='line_1_93' title="bbox 390 4590 1971 4671; baseline 0.001 -23"><span class='ocrx_word' id='word_1_729' title='bbox 390 4612 575 4669; x_wconf 89' lang='grc' dir='ltr'>μερον,</span> <span class='ocrx_word' id='word_1_730' title='bbox 629 4598 687 4649; x_wconf 78' lang='grc' dir='ltr'><strong>ὲν</strong></span> <span class='ocrx_word' id='word_1_731' title='bbox 816 4598 1138 4669; x_wconf 84' lang='grc' dir='ltr'>γεγέννηται</span> <span class='ocrx_word' id='word_1_732' title='bbox 1191 4598 1220 4651; x_wconf 88' lang='lat'><strong>6</strong></span> <span class='ocrx_word' id='word_1_733' title='bbox 1267 4596 1428 4661; x_wconf 77' lang='grc' dir='ltr'><strong>Υἱός⁸</strong></span> <span class='ocrx_word' id='word_1_734' title='bbox 1478 4593 1654 4668; x_wconf 79' lang='grc' dir='ltr'>ἀρχῆς</span> <span class='ocrx_word' id='word_1_735' title='bbox 1702 4596 1971 4665; x_wconf 83' lang='grc' dir='ltr'>γενέσεως</span> 
     </span>
    </p>
   </div>
   <div class='ocr_carea' id='block_1_94' title="bbox 2082 4583 3657 4671">
    <p class='ocr_par' dir='ltr' id='par_1_94' title="bbox 2082 4583 3657 4662">
     <span class='ocr_line' id='line_1_94' title="bbox 2082 4583 3657 4662; baseline 0.006 -27"><span class='ocrx_word' id='word_1_736' title='bbox 2082 4583 2290 4651; x_wconf 75' lang='lat' dir='ltr'><strong>genitus</strong></span> <span class='ocrx_word' id='word_1_737' title='bbox 2311 4592 2395 4638; x_wconf 91' lang='lat' dir='ltr'><strong>est</strong></span> <span class='ocrx_word' id='word_1_738' title='bbox 2428 4583 2639 4653; x_wconf 83' lang='lat' dir='ltr'><strong>Filius;</strong></span> <span class='ocrx_word' id='word_1_739' title='bbox 2678 4587 2758 4643; x_wconf 89' lang='lat' dir='ltr'><strong>sic</strong></span> <span class='ocrx_word' id='word_1_740' title='bbox 2802 4603 2909 4642; x_wconf 90' lang='lat' dir='ltr'><strong>non</strong></span> <span class='ocrx_word' id='word_1_741' title='bbox 2942 4590 3168 4645; x_wconf 91' lang='lat' dir='ltr'><strong>invento</strong></span> <span class='ocrx_word' id='word_1_742' title='bbox 3213 4588 3447 4659; x_wconf 87' lang='lat' dir='ltr'><strong>originis</strong></span> <span class='ocrx_word' id='word_1_743' title='bbox 3484 4591 3657 4662; x_wconf 83' lang='lat' dir='ltr'><strong>ipsius</strong></span> 
     </span>
    </p>
   </div>
   <div class='ocr_carea' id='block_1_95' title="bbox 385 4672 2908 4760">
    <p class='ocr_par' dir='ltr' id='par_1_95' title="bbox 385 4672 2908 4760">
     <span class='ocr_line' id='line_1_95' title="bbox 385 4672 2908 4760; baseline 0.004 -21"><span class='ocrx_word' id='word_1_744' title='bbox 385 4685 550 4739; x_wconf 86' lang='grc' dir='ltr'>αὑτοῦ</span> <span class='ocrx_word' id='word_1_745' title='bbox 588 4685 758 4750; x_wconf 71' lang='grc' dir='ltr'>οὕτως</span> <span class='ocrx_word' id='word_1_746' title='bbox 789 4688 887 4757; x_wconf 82' lang='grc' dir='ltr'><strong>οὐχ</strong></span> <span class='ocrx_word' id='word_1_747' title='bbox 914 4687 1328 4760; x_wconf 80' lang='grc' dir='ltr'>εὑρισκομένης,</span> <span class='ocrx_word' id='word_1_748' title='bbox 1356 4686 1431 4752; x_wconf 82' lang='grc' dir='ltr'>ὡς</span> <span class='ocrx_word' id='word_1_749' title='bbox 1463 4686 1582 4741; x_wconf 79' lang='grc' dir='ltr'>οὐδὲ</span> <span class='ocrx_word' id='word_1_750' title='bbox 1612 4686 1714 4757; x_wconf 90' lang='grc' dir='ltr'><strong>τῆς</strong></span> <span class='ocrx_word' id='word_1_751' title='bbox 1735 4686 1970 4758; x_wconf 79' lang='grc' dir='ltr'>ἡμέρας.</span> <span class='ocrx_word' id='word_1_752' title='bbox 2068 4672 2362 4741; x_wconf 71' lang='grc' dir='ltr'><strong>Ρτίηοῖβίον</strong></span> <span class='ocrx_word' id='word_1_753' title='bbox 2396 4676 2538 4730; x_wconf 65' lang='lat' dir='ltr'><strong>Sim“</strong></span> <span class='ocrx_word' id='word_1_754' title='bbox 2572 4690 2751 4746; x_wconf 75' lang='grc' dir='ltr'><strong>ηθίιυθ</strong></span> <span class='ocrx_word' id='word_1_755' title='bbox 2777 4677 2908 4735; x_wconf 65' lang='lat' dir='ltr'><strong>diei-</strong></span> 
     </span>
    </p>
   </div>
   <div class='ocr_carea' id='block_1_96' title="bbox 458 4766 1976 4852">
    <p class='ocr_par' dir='ltr' id='par_1_96' title="bbox 458 4778 1969 4852">
     <span class='ocr_line' id='line_1_96' title="bbox 458 4778 1969 4852; baseline -0.001 -21"><span class='ocrx_word' id='word_1_756' title='bbox 458 4778 551 4832; x_wconf 78' lang='grc'><strong>55.</strong></span> <span class='ocrx_word' id='word_1_757' title='bbox 591 4779 926 4850; x_wconf 83' lang='grc' dir='ltr'>Προσθετέον</span> <span class='ocrx_word' id='word_1_758' title='bbox 953 4782 1065 4843; x_wconf 86' lang='grc' dir='ltr'>τοῖς</span> <span class='ocrx_word' id='word_1_759' title='bbox 1096 4780 1405 4852; x_wconf 79' lang='grc' dir='ltr'>εἰρημένοις</span> <span class='ocrx_word' id='word_1_760' title='bbox 1446 4779 1562 4844; x_wconf 86' lang='grc' dir='ltr'><strong>πῶς</strong></span> <span class='ocrx_word' id='word_1_761' title='bbox 1610 4782 1756 4833; x_wconf 74' lang='grc' dir='ltr'>ἐστιν</span> <span class='ocrx_word' id='word_1_762' title='bbox 1781 4781 1810 4832; x_wconf 89' lang='lat'><strong>6</strong></span> <span class='ocrx_word' id='word_1_763' title='bbox 1841 4778 1969 4843; x_wconf 83' lang='grc' dir='ltr'><strong>Υἱὸς</strong></span> 
     </span>
    </p>
   </div>
   <div class='ocr_carea' id='block_1_97' title="bbox 2082 4766 3653 4852">
    <p class='ocr_par' dir='ltr' id='par_1_97' title="bbox 2147 4766 3653 4845">
     <span class='ocr_line' id='line_1_97' title="bbox 2147 4766 3653 4845; baseline 0.007 -24"><span class='ocrx_word' id='word_1_764' title='bbox 2147 4767 2238 4821; x_wconf 77' lang='lat'><strong>33.</strong></span> <span class='ocrx_word' id='word_1_765' title='bbox 2280 4766 2506 4836; x_wconf 89' lang='lat' dir='ltr'><strong>Insuper</strong></span> <span class='ocrx_word' id='word_1_766' title='bbox 2569 4768 2883 4823; x_wconf 88' lang='lat' dir='ltr'><strong>addendum</strong></span> <span class='ocrx_word' id='word_1_767' title='bbox 2942 4782 3026 4828; x_wconf 87' lang='lat' dir='ltr'><strong>est</strong></span> <span class='ocrx_word' id='word_1_768' title='bbox 3083 4774 3169 4830; x_wconf 89' lang='lat' dir='ltr'><strong>his</strong></span> <span class='ocrx_word' id='word_1_769' title='bbox 3218 4791 3339 4845; x_wconf 69' lang='lat' dir='ltr'><strong>quae</strong></span> <span class='ocrx_word' id='word_1_770' title='bbox 3393 4777 3653 4842; x_wconf 76' lang='lat' dir='ltr'><strong>diximus,</strong></span> 
     </span>
    </p>
   </div>
   <div class='ocr_carea' id='block_1_98' title="bbox 387 4858 1976 4939">
    <p class='ocr_par' dir='ltr' id='par_1_98' title="bbox 387 4867 1970 4939">
     <span class='ocr_line' id='line_1_98' title="bbox 387 4867 1970 4939; baseline -0.003 -16"><span class='ocrx_word' id='word_1_771' title='bbox 387 4867 612 4939; x_wconf 79' lang='grc' dir='ltr'>ἀληθινὴ</span> <span class='ocrx_word' id='word_1_772' title='bbox 654 4869 916 4939; x_wconf 81' lang='grc' dir='ltr'>ἄμπελος.</span> <span class='ocrx_word' id='word_1_773' title='bbox 959 4868 1130 4923; x_wconf 88' lang='grc' dir='ltr'>Τοῦτο</span> <span class='ocrx_word' id='word_1_774' title='bbox 1160 4870 1217 4923; x_wconf 90' lang='grc' dir='ltr'>δὲ</span> <span class='ocrx_word' id='word_1_775' title='bbox 1244 4868 1402 4939; x_wconf 87' lang='grc' dir='ltr'>δῆλον</span> <span class='ocrx_word' id='word_1_776' title='bbox 1442 4868 1594 4922; x_wconf 77' lang='grc' dir='ltr'>ἔσται</span> <span class='ocrx_word' id='word_1_777' title='bbox 1626 4870 1739 4930; x_wconf 81' lang='grc' dir='ltr'>τοῖς</span> <span class='ocrx_word' id='word_1_778' title='bbox 1774 4867 1970 4920; x_wconf 83' lang='grc' dir='ltr'>συνιεῖ-</span> 
     </span>
    </p>
   </div>
   <div class='ocr_carea' id='block_1_99' title="bbox 2082 4858 3651 4939">
    <p class='ocr_par' dir='ltr' id='par_1_99' title="bbox 2082 4858 3651 4938">
     <span class='ocr_line' id='line_1_99' title="bbox 2082 4858 3651 4938; baseline 0.005 -25"><span class='ocrx_word' id='word_1_779' title='bbox 2082 4859 2348 4929; x_wconf 89' lang='lat' dir='ltr'><strong>quomodo</strong></span> <span class='ocrx_word' id='word_1_780' title='bbox 2388 4858 2559 4914; x_wconf 83' lang='lat' dir='ltr'><strong>Filius</strong></span> <span class='ocrx_word' id='word_1_781' title='bbox 2609 4861 2686 4915; x_wconf 92' lang='lat' dir='ltr'><strong>sit</strong></span> <span class='ocrx_word' id='word_1_782' title='bbox 2715 4861 2842 4918; x_wconf 88' lang='lat' dir='ltr'><strong>vitis</strong></span> <span class='ocrx_word' id='word_1_783' title='bbox 2897 4881 3023 4923; x_wconf 85' lang='lat' dir='ltr'><strong>vera</strong></span> <span class='ocrx_word' id='word_1_784' title='bbox 3051 4868 3115 4924; x_wconf 81' lang='grc' dir='ltr'><strong>⁸ο.</strong></span> <span class='ocrx_word' id='word_1_785' title='bbox 3147 4872 3225 4925; x_wconf 85' lang='lat' dir='ltr'><strong>Ac</strong></span> <span class='ocrx_word' id='word_1_786' title='bbox 3256 4870 3500 4938; x_wconf 86' lang='lat' dir='ltr'><strong>profecto</strong></span> <span class='ocrx_word' id='word_1_787' title='bbox 3551 4873 3651 4926; x_wconf 65' lang='lat' dir='ltr'><strong>hoc</strong></span> 
     </span>
    </p>
   </div>
   <div class='ocr_carea' id='block_1_100' title="bbox 389 4952 1976 5034">
    <p class='ocr_par' dir='ltr' id='par_1_100' title="bbox 389 4958 1972 5034">
     <span class='ocr_line' id='line_1_100' title="bbox 389 4958 1972 5034; baseline 0.001 -24"><span class='ocrx_word' id='word_1_788' title='bbox 389 4976 473 5012; x_wconf 86' lang='grc' dir='ltr'><strong>σιν</strong></span> <span class='ocrx_word' id='word_1_789' title='bbox 508 4960 671 5027; x_wconf 81' lang='grc' dir='ltr'>ἀξίως</span> <span class='ocrx_word' id='word_1_790' title='bbox 697 4962 919 5033; x_wconf 86' lang='grc' dir='ltr'>χάριτος</span> <span class='ocrx_word' id='word_1_791' title='bbox 951 4963 1295 5034; x_wconf 77' lang='grc' dir='ltr'>προφητικῆς</span> <span class='ocrx_word' id='word_1_792' title='bbox 1322 4962 1411 5015; x_wconf 88' lang='grc' dir='ltr'>τό·</span> <span class='ocrx_word' id='word_1_793' title='bbox 1452 4958 1626 5027; x_wconf 78' lang='grc' dir='ltr'>Οἴνος</span> <span class='ocrx_word' id='word_1_794' title='bbox 1665 4959 1972 5029; x_wconf 68' lang='grc' dir='ltr'>εὐφραίνει</span> 
     </span>
    </p>
   </div>
   <div class='ocr_carea' id='block_1_101' title="bbox 2082 4952 3646 5034">
    <p class='ocr_par' dir='ltr' id='par_1_101' title="bbox 2082 4952 3646 5031">
     <span class='ocr_line' id='line_1_101' title="bbox 2082 4952 3646 5031; baseline 0.003 -24"><span class='ocrx_word' id='word_1_795' title='bbox 2082 4952 2421 5023; x_wconf 86' lang='lat' dir='ltr'><strong>perspicuum</strong></span> <span class='ocrx_word' id='word_1_796' title='bbox 2471 4952 2580 5008; x_wconf 91' lang='lat' dir='ltr'><strong>erit</strong></span> <span class='ocrx_word' id='word_1_797' title='bbox 2608 4954 2677 5010; x_wconf 90' lang='lat' dir='ltr'><strong>iis</strong></span> <span class='ocrx_word' id='word_1_798' title='bbox 2710 4956 2827 5025; x_wconf 91' lang='lat' dir='ltr'><strong>qui,</strong></span> <span class='ocrx_word' id='word_1_799' title='bbox 2865 4968 2923 5013; x_wconf 92' lang='lat' dir='ltr'><strong>ut</strong></span> <span class='ocrx_word' id='word_1_800' title='bbox 2954 4960 3175 5031; x_wconf 90' lang='lat' dir='ltr'><strong>dignum</strong></span> <span class='ocrx_word' id='word_1_801' title='bbox 3213 4970 3297 5014; x_wconf 91' lang='lat' dir='ltr'><strong>est</strong></span> <span class='ocrx_word' id='word_1_802' title='bbox 3328 4961 3646 5029; x_wconf 82' lang='lat' dir='ltr'><strong>pr0phctica</strong></span> 
     </span>
    </p>
   </div>
   <div class='ocr_carea' id='block_1_102' title="bbox 386 5045 1976 5125">
    <p class='ocr_par' dir='ltr' id='par_1_102' title="bbox 386 5049 1972 5125">
     <span class='ocr_line' id='line_1_102' title="bbox 386 5049 1972 5125; baseline -0.003 -19"><span class='ocrx_word' id='word_1_803' title='bbox 386 5051 637 5119; x_wconf 78' lang='grc' dir='ltr'>καρδίαν</span> <span class='ocrx_word' id='word_1_804' title='bbox 658 5052 991 5121; x_wconf 75' lang='grc' dir='ltr'>ἀνθρώπου.</span> <span class='ocrx_word' id='word_1_805' title='bbox 1043 5054 1106 5107; x_wconf 83' lang='lat' dir='ltr'><strong>El</strong></span> <span class='ocrx_word' id='word_1_806' title='bbox 1130 5052 1237 5125; x_wconf 82' lang='grc' dir='ltr'>γὰρ</span> <span class='ocrx_word' id='word_1_807' title='bbox 1262 5055 1296 5124; x_wconf 82' lang='grc' dir='ltr'>ἠ</span> <span class='ocrx_word' id='word_1_808' title='bbox 1326 5052 1518 5123; x_wconf 88' lang='grc' dir='ltr'>καρδία</span> <span class='ocrx_word' id='word_1_809' title='bbox 1544 5052 1605 5105; x_wconf 81' lang='grc' dir='ltr'><strong>τὸ</strong></span> <span class='ocrx_word' id='word_1_810' title='bbox 1636 5049 1972 5122; x_wconf 85' lang='grc' dir='ltr'>διανοητικόν</span> 
     </span>
    </p>
   </div>
   <div class='ocr_carea' id='block_1_103' title="bbox 2082 5045 3654 5125">
    <p class='ocr_par' dir='ltr' id='par_1_103' title="bbox 2082 5045 3654 5118">
     <span class='ocr_line' id='line_1_103' title="bbox 2082 5045 3654 5118; baseline 0.004 -19"><span class='ocrx_word' id='word_1_811' title='bbox 2082 5046 2277 5118; x_wconf 88' lang='lat' dir='ltr'><strong>gratia,</strong></span> <span class='ocrx_word' id='word_1_812' title='bbox 2306 5045 2617 5117; x_wconf 88' lang='lat' dir='ltr'><strong>intelligunt</strong></span> <span class='ocrx_word' id='word_1_813' title='bbox 2646 5048 2775 5103; x_wconf 89' lang='lat' dir='ltr'><strong>illud</strong></span> <span class='ocrx_word' id='word_1_814' title='bbox 2800 5050 2843 5082; x_wconf 80' lang='grc'><strong>⁸¹</strong></span> <span class='ocrx_word' id='word_1_815' title='bbox 2877 5066 2893 5105; x_wconf 91' lang='lat'><strong>:</strong></span> <span class='ocrx_word' id='word_1_816' title='bbox 2933 5050 3130 5105; x_wconf 78' lang='lat' dir='ltr'><strong>Vinum</strong></span> <span class='ocrx_word' id='word_1_817' title='bbox 3180 5051 3419 5118; x_wconf 72' lang='lat' dir='ltr'><strong>lwtiﬁcat</strong></span> <span class='ocrx_word' id='word_1_818' title='bbox 3441 5067 3534 5104; x_wconf 87' lang='lat' dir='ltr'><strong>cor</strong></span> <span class='ocrx_word' id='word_1_819' title='bbox 3562 5053 3654 5106; x_wconf 87' lang='lat' dir='ltr'><strong>lto-</strong></span> 
     </span>
    </p>
   </div>
   <div class='ocr_carea' id='block_1_104' title="bbox 388 5138 1976 5218">
    <p class='ocr_par' dir='ltr' id='par_1_104' title="bbox 388 5140 1972 5218">
     <span class='ocr_line' id='line_1_104' title="bbox 388 5140 1972 5218; baseline -0.001 -23"><span class='ocrx_word' id='word_1_820' title='bbox 388 5143 527 5209; x_wconf 79' lang='grc' dir='ltr'>ἐστι,</span> <span class='ocrx_word' id='word_1_821' title='bbox 563 5144 625 5198; x_wconf 81' lang='grc' dir='ltr'>τὸ</span> <span class='ocrx_word' id='word_1_822' title='bbox 654 5145 712 5199; x_wconf 82' lang='grc' dir='ltr'>δὲ</span> <span class='ocrx_word' id='word_1_823' title='bbox 760 5142 1051 5218; x_wconf 79' lang='grc' dir='ltr'>εὐφραῖνον</span> <span class='ocrx_word' id='word_1_824' title='bbox 1082 5146 1214 5200; x_wconf 80' lang='grc' dir='ltr'>αὐτὸ</span> <span class='ocrx_word' id='word_1_825' title='bbox 1260 5148 1288 5198; x_wconf 90' lang='lat'><strong>6</strong></span> <span class='ocrx_word' id='word_1_826' title='bbox 1318 5143 1697 5215; x_wconf 86' lang='grc' dir='ltr'>ποτιμώτατός</span> <span class='ocrx_word' id='word_1_827' title='bbox 1742 5145 1859 5196; x_wconf 74' lang='grc' dir='ltr'>ἐστι</span> <span class='ocrx_word' id='word_1_828' title='bbox 1887 5140 1972 5195; x_wconf 88' lang='grc' dir='ltr'>λό-</span> 
     </span>
    </p>
   </div>
   <div class='ocr_carea' id='block_1_105' title="bbox 2082 5138 3654 5218">
    <p class='ocr_par' dir='ltr' id='par_1_105' title="bbox 2082 5138 3654 5213">
     <span class='ocr_line' id='line_1_105' title="bbox 2082 5138 3654 5213; baseline 0.003 -20"><span class='ocrx_word' id='word_1_829' title='bbox 2082 5139 2268 5194; x_wconf 88' lang='lat' dir='ltr'><strong>minis.</strong></span> <span class='ocrx_word' id='word_1_830' title='bbox 2298 5138 2433 5194; x_wconf 78' lang='lat' dir='ltr'><strong>Nam</strong></span> <span class='ocrx_word' id='word_1_831' title='bbox 2463 5140 2507 5195; x_wconf 92' lang='lat' dir='ltr'><strong>si</strong></span> <span class='ocrx_word' id='word_1_832' title='bbox 2534 5156 2630 5197; x_wconf 89' lang='lat' dir='ltr'><strong>cor</strong></span> <span class='ocrx_word' id='word_1_833' title='bbox 2657 5151 2742 5197; x_wconf 90' lang='lat' dir='ltr'><strong>est</strong></span> <span class='ocrx_word' id='word_1_834' title='bbox 2794 5142 3130 5213; x_wconf 83' lang='lat' dir='ltr'><strong>intelligendi</strong></span> <span class='ocrx_word' id='word_1_835' title='bbox 3167 5142 3415 5209; x_wconf 87' lang='lat' dir='ltr'><strong>facultas,</strong></span> <span class='ocrx_word' id='word_1_836' title='bbox 3448 5144 3654 5213; x_wconf 87' lang='lat' dir='ltr'><strong>ipsam-</strong></span> 
     </span>
    </p>
   </div>
   <div class='ocr_carea' id='block_1_106' title="bbox 458 5276 3651 5355">
    <p class='ocr_par' dir='ltr' id='par_1_106' title="bbox 458 5276 3651 5355">
     <span class='ocr_line' id='line_1_106' title="bbox 458 5276 3651 5355; baseline 0.005 -26"><span class='ocrx_word' id='word_1_837' title='bbox 458 5276 504 5309; x_wconf 73' lang='lat'>&quot;</span> <span class='ocrx_word' id='word_1_838' title='bbox 526 5276 735 5332; x_wconf 88' lang='lat' dir='ltr'><strong>Coloss.</strong></span> <span class='ocrx_word' id='word_1_839' title='bbox 769 5293 808 5343; x_wconf 86' lang='grc' dir='ltr'><strong>ι,</strong></span> <span class='ocrx_word' id='word_1_840' title='bbox 828 5279 915 5355; x_wconf 59' lang='lat' dir='ltr'><strong>lii.</strong></span> <span class='ocrx_word' id='word_1_841' title='bbox 992 5280 1039 5355; x_wconf 65' lang='grc' dir='ltr'><strong>Ῐξ</strong></span> <span class='ocrx_word' id='word_1_842' title='bbox 1063 5280 1219 5355; x_wconf 62' lang='lat' dir='ltr'><strong>Dom.</strong></span> <span class='ocrx_word' id='word_1_843' title='bbox 1244 5280 1515 5355; x_wconf 40' lang='lat'><strong>“&quot;115.”</strong></span> <span class='ocrx_word' id='word_1_844' title='bbox 1561 5280 1609 5355; x_wconf 55' lang='grc' dir='ltr'>ξδ</span> <span class='ocrx_word' id='word_1_845' title='bbox 1629 5277 1786 5333; x_wconf 80' lang='lat' dir='ltr'><strong>Joan.</strong></span> <span class='ocrx_word' id='word_1_846' title='bbox 1808 5296 1896 5355; x_wconf 87' lang='lat' dir='ltr'><strong>xv,</strong></span> <span class='ocrx_word' id='word_1_847' title='bbox 1932 5280 2038 5355; x_wconf 54' lang='lat'><strong>15.</strong></span> <span class='ocrx_word' id='word_1_848' title='bbox 2078 5282 2140 5355; x_wconf 79' lang='lat'><strong>_&quot;&#39;</strong></span> <span class='ocrx_word' id='word_1_849' title='bbox 2161 5279 2315 5355; x_wconf 18' lang='lat' dir='ltr'><strong>J‘oan.</strong></span> <span class='ocrx_word' id='word_1_850' title='bbox 2336 5298 2451 5355; x_wconf 77' lang='lat' dir='ltr'><strong>xm,</strong></span> <span class='ocrx_word' id='word_1_851' title='bbox 2476 5283 2562 5355; x_wconf 69' lang='lat' dir='ltr'><strong>l5.</strong></span> <span class='ocrx_word' id='word_1_852' title='bbox 2639 5284 2686 5315; x_wconf 83' lang='grc'><strong>⁷⁸</strong></span> <span class='ocrx_word' id='word_1_853' title='bbox 2712 5281 2870 5339; x_wconf 82' lang='lat' dir='ltr'><strong>Joan.</strong></span> <span class='ocrx_word' id='word_1_854' title='bbox 2895 5298 2986 5347; x_wconf 83' lang='lat' dir='ltr'><strong>xv,</strong></span> <span class='ocrx_word' id='word_1_855' title='bbox 3009 5283 3097 5338; x_wconf 79' lang='grc'><strong>15.</strong></span> <span class='ocrx_word' id='word_1_856' title='bbox 3174 5284 3219 5315; x_wconf 85' lang='grc'><strong>⁷⁷</strong></span> <span class='ocrx_word' id='word_1_857' title='bbox 3247 5284 3381 5341; x_wconf 87' lang='lat' dir='ltr'><strong>Luc.</strong></span> <span class='ocrx_word' id='word_1_858' title='bbox 3403 5303 3540 5355; x_wconf 81' lang='lat' dir='ltr'><strong>xxtt,</strong></span> <span class='ocrx_word' id='word_1_859' title='bbox 3558 5287 3651 5344; x_wconf 70' lang='lat'><strong>28.</strong></span> 
     </span>
    </p>
   </div>
   <div class='ocr_carea' id='block_1_107' title="bbox 388 5345 2508 5416">
    <p class='ocr_par' dir='ltr' id='par_1_107' title="bbox 388 5345 2508 5416">
     <span class='ocr_line' id='line_1_107' title="bbox 388 5345 2508 5416; baseline 0.001 -15"><span class='ocrx_word' id='word_1_860' title='bbox 388 5345 433 5376; x_wconf 86' lang='lat'><strong>&quot;</strong></span> <span class='ocrx_word' id='word_1_861' title='bbox 458 5362 577 5415; x_wconf 85' lang='lat' dir='ltr'><strong>cap.</strong></span> <span class='ocrx_word' id='word_1_862' title='bbox 603 5364 645 5411; x_wconf 89' lang='grc' dir='ltr'><strong>ι,</strong></span> <span class='ocrx_word' id='word_1_863' title='bbox 690 5362 832 5403; x_wconf 87' lang='lat' dir='ltr'><strong>vers.</strong></span> <span class='ocrx_word' id='word_1_864' title='bbox 861 5350 917 5403; x_wconf 88' lang='lat'><em>6.</em></span> <span class='ocrx_word' id='word_1_865' title='bbox 993 5351 1039 5382; x_wconf 85' lang='lat'><strong>&quot;</strong></span> <span class='ocrx_word' id='word_1_866' title='bbox 1067 5350 1207 5404; x_wconf 82' lang='lat' dir='ltr'><strong>Psal.</strong></span> <span class='ocrx_word' id='word_1_867' title='bbox 1251 5363 1313 5414; x_wconf 89' lang='lat' dir='ltr'><strong>ll,</strong></span> <span class='ocrx_word' id='word_1_868' title='bbox 1343 5350 1398 5404; x_wconf 91' lang='lat'><strong>7.</strong></span> <span class='ocrx_word' id='word_1_869' title='bbox 1475 5351 1520 5381; x_wconf 83' lang='lat'><strong>&#39;°</strong></span> <span class='ocrx_word' id='word_1_870' title='bbox 1554 5348 1711 5403; x_wconf 82' lang='lat' dir='ltr'><strong>Joau.</strong></span> <span class='ocrx_word' id='word_1_871' title='bbox 1752 5366 1842 5414; x_wconf 90' lang='lat' dir='ltr'><strong>xv,</strong></span> <span class='ocrx_word' id='word_1_872' title='bbox 1878 5354 1922 5403; x_wconf 89' lang='lat' dir='ltr'><strong>l.</strong></span> <span class='ocrx_word' id='word_1_873' title='bbox 1997 5350 2041 5382; x_wconf 81' lang='grc'>⁸¹</span> <span class='ocrx_word' id='word_1_874' title='bbox 2077 5350 2220 5405; x_wconf 76' lang='lat' dir='ltr'><strong>Psal.</strong></span> <span class='ocrx_word' id='word_1_875' title='bbox 2266 5367 2383 5416; x_wconf 88' lang='lat' dir='ltr'><strong>ctu,</strong></span> <span class='ocrx_word' id='word_1_876' title='bbox 2420 5353 2508 5404; x_wconf 79' lang='grc'><strong>15.</strong></span> 
     </span>
    </p>
   </div>
   <div class='ocr_carea' id='block_1_108' title="bbox 458 5484 1976 5563">
    <p class='ocr_par' dir='ltr' id='par_1_108' title="bbox 458 5484 1961 5563">
     <span class='ocr_line' id='line_1_108' title="bbox 458 5484 1961 5563; baseline 0.003 -25"><span class='ocrx_word' id='word_1_877' title='bbox 458 5484 577 5563; x_wconf 57' lang='grc' dir='ltr'><strong>(Ξόλ</strong></span> <span class='ocrx_word' id='word_1_878' title='bbox 601 5484 783 5563; x_wconf 58' lang='lat' dir='ltr'><strong>Dego:</strong></span> <span class='ocrx_word' id='word_1_879' title='bbox 829 5488 1048 5542; x_wconf 74' lang='grc' dir='ltr'>οἱκατὰ</span> <span class='ocrx_word' id='word_1_880' title='bbox 1091 5486 1451 5559; x_wconf 86' lang='grc' dir='ltr'>λογικώτερον</span> <span class='ocrx_word' id='word_1_881' title='bbox 1511 5489 1824 5560; x_wconf 87' lang='grc' dir='ltr'>προσίενται</span> <span class='ocrx_word' id='word_1_882' title='bbox 1896 5494 1961 5563; x_wconf 78' lang='grc' dir='ltr'>τῇ</span> 
     </span>
    </p>
   </div>
   <div class='ocr_carea' id='block_1_109' title="bbox 2082 5484 2747 5563">
    <p class='ocr_par' dir='ltr' id='par_1_109' title="bbox 2082 5489 2747 5563">
     <span class='ocr_line' id='line_1_109' title="bbox 2082 5489 2747 5563; baseline 0 -17"><span class='ocrx_word' id='word_1_883' title='bbox 2082 5500 2233 5563; x_wconf 10' lang='lat' dir='ltr'><strong>textu!</strong></span> <span class='ocrx_word' id='word_1_884' title='bbox 2255 5489 2546 5563; x_wconf 82' lang='grc' dir='ltr'>διακρίνων</span> <span class='ocrx_word' id='word_1_885' title='bbox 2572 5492 2747 5562; x_wconf 81' lang='grc' dir='ltr'>ἡμῶν.</span> 
     </span>
    </p>
   </div>
   <div class='ocr_carea' id='block_1_110' title="bbox 388 5554 1976 5635">
    <p class='ocr_par' dir='ltr' id='par_1_110' title="bbox 388 5554 1961 5635">
     <span class='ocr_line' id='line_1_110' title="bbox 388 5554 1961 5635; baseline 0.003 -25"><span class='ocrx_word' id='word_1_886' title='bbox 388 5554 699 5635; x_wconf 56' lang='grc' dir='ltr'>θεοσεϐείᾳ(</span> <span class='ocrx_word' id='word_1_887' title='bbox 859 5630 870 5635; x_wconf 83' lang='lat'>_</span> <span class='ocrx_word' id='word_1_888' title='bbox 1069 5630 1081 5635; x_wconf 32' lang='grc' dir='ltr'><strong>Δ</strong></span> <span class='ocrx_word' id='word_1_889' title='bbox 1145 5554 1176 5635; x_wconf 39' lang='lat'><strong>_’</strong></span> <span class='ocrx_word' id='word_1_890' title='bbox 1274 5627 1290 5635; x_wconf 88' lang='lat'>_</span> <span class='ocrx_word' id='word_1_891' title='bbox 1363 5554 1375 5559; x_wconf 64' lang='grc'>⁷</span> <span class='ocrx_word' id='word_1_892' title='bbox 1559 5554 1592 5635; x_wconf 27' lang='grc' dir='ltr'><strong>’Δ</strong></span> <span class='ocrx_word' id='word_1_893' title='bbox 1653 5632 1663 5635; x_wconf 92' lang='lat'><em>_</em></span> <span class='ocrx_word' id='word_1_894' title='bbox 1878 5632 1888 5635; x_wconf 93' lang='lat'>_</span> <span class='ocrx_word' id='word_1_895' title='bbox 1936 5554 1961 5563; x_wconf 77' lang='lat'>&quot;</span> 
     </span>
    </p>
   </div>
   <div class='ocr_carea' id='block_1_111' title="bbox 2082 5554 3667 5635">
    <p class='ocr_par' dir='ltr' id='par_1_111' title="bbox 2143 5554 3667 5635">
     <span class='ocr_line' id='line_1_111' title="bbox 2143 5554 3667 5635; baseline 0.003 -23"><span class='ocrx_word' id='word_1_896' title='bbox 2143 5561 2256 5632; x_wconf 62' lang='lat' dir='ltr'><strong>(iii)</strong></span> <span class='ocrx_word' id='word_1_897' title='bbox 2288 5554 2719 5635; x_wconf 55' lang='lat' dir='ltr'><strong>Tvioﬁqtrl&#39;Sic</strong></span> <span class='ocrx_word' id='word_1_898' title='bbox 2738 5574 2887 5619; x_wconf 86' lang='lat' dir='ltr'><strong>recte</strong></span> <span class='ocrx_word' id='word_1_899' title='bbox 2916 5566 3078 5620; x_wconf 89' lang='lat' dir='ltr'><strong>habet</strong></span> <span class='ocrx_word' id='word_1_900' title='bbox 3097 5568 3271 5623; x_wconf 87' lang='lat' dir='ltr'><strong>codex</strong></span> <span class='ocrx_word' id='word_1_901' title='bbox 3305 5567 3667 5635; x_wconf 67' lang='lat' dir='ltr'><strong>Bodleianus,</strong></span> 
     </span>
    </p>
   </div>
   <div class='ocr_carea' id='block_1_112' title="bbox 459 5625 1976 5707">
    <p class='ocr_par' dir='ltr' id='par_1_112' title="bbox 459 5625 1959 5707">
     <span class='ocr_line' id='line_1_112' title="bbox 459 5625 1959 5707; baseline 0.003 -29"><span class='ocrx_word' id='word_1_902' title='bbox 598 5630 1029 5707; x_wconf 65' lang='grc' dir='ltr'>Διακρινόνςτων</span> <span class='ocrx_word' id='word_1_903' title='bbox 1051 5628 1235 5697; x_wconf 72' lang='grc' dir='ltr'><strong>ἡμῶν.</strong></span> <span class='ocrx_word' id='word_1_904' title='bbox 1274 5627 1533 5707; x_wconf 79' lang='lat' dir='ltr'><strong>l_ta__rect_e</strong></span> <span class='ocrx_word' id='word_1_905' title='bbox 1579 5631 1758 5707; x_wconf 33' lang='lat' dir='ltr'><strong>habet-</strong></span> <span class='ocrx_word' id='word_1_906' title='bbox 1789 5632 1959 5707; x_wconf 79' lang='lat' dir='ltr'><strong>codex</strong></span> 
     </span>
    </p>
   </div>
   <div class='ocr_carea' id='block_1_113' title="bbox 2082 5625 3445 5707">
    <p class='ocr_par' dir='ltr' id='par_1_113' title="bbox 2082 5625 3445 5707">
     <span class='ocr_line' id='line_1_113' title="bbox 2082 5625 3445 5707; baseline 0.009 -22"><span class='ocrx_word' id='word_1_907' title='bbox 2082 5625 2622 5707; x_wconf 31' lang='lat' dir='ltr'><strong>utaleattte’ureditio</strong></span> <span class='ocrx_word' id='word_1_908' title='bbox 2652 5632 2835 5707; x_wconf 60' lang='lat' dir='ltr'><strong>littet&#39;ti</strong></span> <span class='ocrx_word' id='word_1_909' title='bbox 2862 5639 2913 5689; x_wconf 86' lang='lat' dir='ltr'><strong>in</strong></span> <span class='ocrx_word' id='word_1_910' title='bbox 2952 5647 3105 5692; x_wconf 83' lang='lat' dir='ltr'><strong>textu</strong></span> <span class='ocrx_word' id='word_1_911' title='bbox 3126 5625 3445 5707; x_wconf 38' lang='lat' dir='ltr'><strong>“nam;</strong></span> 
     </span>
    </p>
   </div>
   <div class='ocr_carea' id='block_1_114' title="bbox 389 5694 3315 5775">
    <p class='ocr_par' dir='ltr' id='par_1_114' title="bbox 389 5694 3315 5775">
     <span class='ocr_line' id='line_1_114' title="bbox 389 5694 3315 5775; baseline 0.003 -26"><span class='ocrx_word' id='word_1_912' title='bbox 389 5694 745 5763; x_wconf 73' lang='lat' dir='ltr'><strong>Rodleianus;</strong></span> <span class='ocrx_word' id='word_1_913' title='bbox 802 5699 939 5754; x_wconf 83' lang='lat' dir='ltr'><strong>male</strong></span> <span class='ocrx_word' id='word_1_914' title='bbox 989 5694 1118 5753; x_wconf 67' lang='lat' dir='ltr'><strong>vero</strong></span> <span class='ocrx_word' id='word_1_915' title='bbox 1155 5700 1293 5769; x_wconf 85' lang='lat' dir='ltr'><strong>apud</strong></span> <span class='ocrx_word' id='word_1_916' title='bbox 1351 5697 1604 5753; x_wconf 84' lang='lat' dir='ltr'><strong>Httetium</strong></span> <span class='ocrx_word' id='word_1_917' title='bbox 1660 5701 1855 5772; x_wconf 84' lang='lat' dir='ltr'><strong>legitur</strong></span> <span class='ocrx_word' id='word_1_918' title='bbox 1908 5701 1960 5754; x_wconf 89' lang='lat' dir='ltr'><strong>in</strong></span> <span class='ocrx_word' id='word_1_919' title='bbox 2140 5702 2252 5775; x_wconf 73' lang='lat'><strong>(‘26)</strong></span> <span class='ocrx_word' id='word_1_920' title='bbox 2287 5701 2635 5759; x_wconf 76' lang='grc' dir='ltr'>Εὐσέϐειαν.</span> <span class='ocrx_word' id='word_1_921' title='bbox 2668 5705 2905 5766; x_wconf 78' lang='lat' dir='ltr'><strong>Deestin</strong></span> <span class='ocrx_word' id='word_1_922' title='bbox 2937 5717 3084 5763; x_wconf 82' lang='lat' dir='ltr'><strong>textu</strong></span> <span class='ocrx_word' id='word_1_923' title='bbox 3111 5694 3315 5767; x_wconf 69' lang='lat' dir='ltr'><strong>Huetii.</strong></span> 
     </span>
    </p>
   </div>
  </div>
