4040 6210
391 306 490 366 "79
1893 323 2218 384 ‘ORIGENIS
3609 327 3681 392 ss
3713 325 3728 342 ‘

417 441 520 492 quc
574 426 813 482 laetiﬁcat
843 444 1046 497 sermo,
1087 435 1322 490 maxime
1354 440 1632 507 potabilis,
1655 443 1975 500 'abducens:

2096 463 2210 514 γος,
2246 447 2470 514 ὲξιστῶν
2503 449 2609 502 ἀπὸ
2660 451 2768 502 τῶν
2819 449 3201 524 ἀνθρωπικῶν,
3254 453 3345 505 καὶ
3397 454 3680 526 ἐνθουσιᾷν

419 519 583 571 rebus
619 521 890 588 humanis,
926 534 982 578 et
1022 525 1203 582 furere
1254 527 1483 596 faciens,
1514 542 1569 586 et
1607 533 1816 588 ebrium
1873 550 1994 591 esse

415 611 702 677 ebrietate,
738 630 842 668 non
875 629 937 669 ea
969 617 1188 686 quidem
1217 636 1337 689 qua:
1363 630 1448 677 est
1476 623 1652 678 aliena
1699 639 1727 678 a
1762 625 1990 687 ratione,

415 708 510 760 sed
577 706 781 772 divina,
847 724 956 779 qua
1001 711 1165 766 etiam
1214 712 1417 783 Juseph
1474 715 1690 780 fratres,
1722 728 1782 772 ut
1838 729 1989 787 puto,

413 796 595 852 ebrios
626 796 849 864 lat-it";
873 800 1066 855 merito
1097 799 1144 855 is
1170 801 1262 872 tpti
1290 803 1474 858 vinum
1507 819 1606 859 cor
1635 805 1875 860 hominis
1906 806 1993 860 hu-

415 887 632 944 tlﬁcans
667 888 846 956 allen,
878 903 960 946 est
988 893 1118 949 vitis
1144 909 1271 949 vera
1305 913 1320 949 :
1348 897 1418 951 ob
1456 897 1598 952 hanc
1631 913 1855 953 causam
1901 915 1984 950 ve-

414 995 496 1046 ra,
537 983 680 1050 quod
711 999 958 1039 rat-emus
988 984 1184 1039 habeat
1209 987 1516 1057 veritatem,
1545 1000 1600 1044 et
1631 990 1881 1058 palmites
1911 991 1993 1042 di-

413 1072 651 1142 scipulos
683 1073 751 1137 ⁸³,
794 1076 876 1128 sui
932 1075 1259 1143 imitatores,
1295 1090 1350 1135 et
1403 1081 1548 1148 ipsos
1597 1081 1989 1136 fructiﬁcantes

412 1163 737 1218 veritatem.‘
753 1164 975 1222 Diﬂieilc
991 1176 1167 1223 autem
1185 1179 1270 1226 est
1287 1170 1650 1226 differentiam
1683 1187 1988 1244 proponere

412 1257 572 1326 panis
609 1268 664 1312 ct
715 1257 863 1322 vitis,
909 1260 1353 1330 quandoquidem
1403 1278 1510 1318 non
1543 1265 1707 1320 vitem
1753 1251 1986 1333 tantum,

411 1351 510 1404 sed
547 1351 712 1407 etiam
764 1367 956 1422 panem
1008 1353 1132 1408 vita)
1169 1356 1404 1426 seipsum
1444 1357 1706 1427 appellat.
1751 1357 1988 1412 Proinde

408 1443 532 1499 vide
574 1459 644 1499 ne
679 1443 822 1498 forte
859 1448 1320 1516 quemadmodum
1366 1450 1522 1517 panis
1578 1451 1745 1506 nutrit
1787 1459 1842 1506 et
1889 1467 1988 1505 cor

408 1537 650 1602 roborat,
682 1537 1008 1593 conﬁrmare
1056 1553 1152 1594 cor
1203 1541 1442 1595 hominis
1474 1542 1674 1608 dictus,
1715 1554 1770 1598 et
1801 1543 1983 1597 vinum

405 1629 650 1684 laetiﬁcat
679 1628 991 1684 dill‘undens
1035 1631 1279 1685 animum
1309 1629 1418 1702 35
1455 1642 1618 1703 atque
1648 1633 1982 1694 exhilarans.

404 1721 488 1774 sic
535 1719 835 1790 disciplina:
884 1720 1138 1789 morales,
1173 1737 1298 1792 quae
1345 1725 1510 1778 vitam
1546 1726 1838 1796 acquirunt
1888 1740 1984 1783 eas

405 1813 706 1869 adtlisoenti
745 1823 911 1883 atque
949 1815 1217 1886 operanti,
1243 1815 1402 1885 panis
1437 1816 1654 1886 quidem
1683 1817 1792 1872 sint
1832 1816 1980 1882 vitae,

404 1921 513 1962 non
557 1916 740 1964 tamen
763 1906 976 1961 fructus
1012 1905 1140 1962 vitis
1172 1907 1460 1974 dicantur;
1491 1909 1824 1966 theoremata
1851 1923 1982 1966 vero

403 2016 603 2055 arcana
621 2011 675 2054 et
693 2003 944 2072 mystica,
966 2001 1296 2056 lmtiﬁeantia
1320 2010 1484 2072 atque
1499 2001 1724 2057 numine
1737 2001 1979 2056 animum

403 2088 664 2152 alllatttia,
688 2106 809 2160 quae
841 2092 1228 2162 ingenerantur
1255 2091 1308 2146 in
1338 2091 1406 2146 iis
1433 2093 1524 2161 qui
1545 2092 1903 2154 obiectantur
1925 2093 1978 2147 in

405 2181 652 2246 Domino,
676 2197 778 2234 non
797 2183 970 2237 solum
990 2182 1410 2246 nutriri,verum
1425 2183 1590 2238 etiam
1607 2183 1982 2252 oblectari‘de-

400 2270 728 2337 siderantes,
745 2273 926 2327 vinum
947 2285 1207 2330 vocentur
1231 2289 1260 2328 a
1294 2290 1422 2329 vera
1441 2276 1552 2331 vite
1584 2277 1975 2345 pervenientia.

471 2361 562 2414 54.
605 2362 684 2417 Ad
716 2363 828 2418 haec
860 2363 1276 2436 [elaborandum
1297 2365 1456 2420 nobis
1486 2365 1592 2438 est]
1611 2381 1850 2436 quonam
1881 2382 1976 2437 pa-

393 2463 488 2508 eto
518 2456 726 2524 primus
753 2465 808 2511 et
827 2455 1052 2512 ultimus
1084 2456 1138 2512 in
1168 2456 1490 2526 ApOcalypsi
1525 2459 1820 2528 inscriptus
1850 2471 1974 2517 est:

399 2545 453 2598 in
493 2555 758 2615 quantum
796 2548 1004 2617 primus
1031 2556 1139 2612 est,
1171 2549 1421 2603 diversus
1448 2552 1516 2604 ah
1543 2551 1610 2616 Α,
1637 2552 1690 2606 id
1716 2561 1799 2608 est
1825 2556 1977 2622 prin-

398 2639 656 2706 t-ipio;et
701 2639 757 2694 in
808 2650 1072 2708 quantum
1119 2651 1206 2697 est
1249 2642 1496 2708 ultimus,
1538 2659 1640 2699 non
1675 2644 1820 2712 idem
1850 2661 1974 2702 cum

393 2731 458 2794 Ω,
501 2730 552 2785 id
587 2739 673 2785 est
716 2729 844 2784 ﬁne.
885 2731 1091 2802 Opinor
1133 2733 1338 2802 itaque,
1371 2749 1494 2788 cum
1548 2735 1804 2790 animalia
1851 2753 1973 2806 quae

400 2823 662 2877 rationem
708 2823 1059 2893 participant,
1096 2825 1438 2880 diversarum
1480 2827 1588 2884 sint
1638 2829 1969 2898 specierum,

391 2914 540 2968 aliud
605 2915 752 2970 inter
803 2915 913 2986 ipsa
976 2931 1103 2971 esse
1159 2918 1412 2987 printum,
1443 2919 1591 2976 aliud
1647 2921 1969 2988 secundum,

397 3007 546 3062 aliud
577 3007 821 3073 tertium,
849 3019 904 3064 et
945 3007 1026 3065 sic
1068 3009 1326 3081 deinceps
1361 3027 1535 3075 usque
1566 3013 1632 3066 ad
1675 3012 1922 3068 ultimum
1952 3031 1966 3078 ;

2097 540 2286 603 ποιῶν,
2315 542 2409 595 καὶ
2439 542 2660 612 μεθύειν
2681 543 2850 614 μέθην
2876 545 2977 598 οὑκ
3005 544 3305 614 ἀλόγιστον,
3332 546 3468 600 ἀλλά
3503 537 3678 610 θείαν,

2094 635 2180 703 ἢν,
2211 629 2382 704 οἶμαι,
2420 636 2515 687 καὶ
2557 636 2753 707 Ἰωσὴφ
2805 638 2930 701 τοὺς
2958 639 3219 707 ἀδελφοὺς
3263 637 3481 708 μεθύειν
3510 642 3677 703 ποιεῖ,

2093 728 2328 797 εὐλόγως
2358 730 2386 781 ὁ
2411 729 2501 782 τὸν
2526 730 2884 801 εὐφραίνοντα
2928 731 3153 802 καρδίαν
3201 729 3486 803 ἀνθρώπου
3533 729 3679 787 οἶνον

2091 809 2272 892 φέρων
2304 820 2546 890 ἀμπελός
2596 823 2742 875 ἐστιν
2789 821 3051 893 ἀληθινήο
3102 822 3190 876 διὰ
3231 823 3389 876 τοῦτο
3418 823 3671 896 ἀληθινὴ,

2089 913 2210 966 ἐπεὶ
2261 912 2454 984 βότρυς
2501 912 2614 983 ἔχει
2669 913 2767 984 τὴν
2817 914 3092 985 ἀλήθειαν,
3128 915 3220 968 καὶ
3252 915 3504 986 κλήματα
3547 918 3677 980 τοὺς

2091 1004 2361 1078 μαθητὰς,
2396 1004 2639 1077 μιμητὰς
2670 1005 2858 1071 αὑτοῦ,
2909 1007 3002 1061 καὶ
3031 1007 3227 1070 αὐτοὺς
3259 1007 3674 1079 καρποφοροῦν-

2088 1114 2186 1161 τας
2218 1099 2317 1169 τὴν
2347 1095 2622 1167 ἀλήθειαν.
2672 1097 2871 1170 Ἔργον
2920 1097 2976 1152 δὲ
3007 1097 3270 1170 διαφορὰν
3319 1097 3673 1168 παραστῆσαι

2087 1191 2254 1261 ἄρτου
2297 1190 2390 1245 καὶ
2435 1189 2704 1260 ἀμπέλου,
2753 1189 2875 1243 ἐπεὶ
2903 1190 2963 1243 ού
3021 1190 3181 1260 μόνον
3228 1190 3489 1261 ἄμπελος,
3531 1191 3670 1246 ἀλλά

2088 1281 2180 1335 καὶ
2209 1280 2372 1352 ἄρτος
2402 1278 2547 1350 ζωῆς
2573 1276 2711 1334 εἷναί
2741 1297 2925 1352 φησιν.
2970 1282 3111 1352 Ὄρα
3149 1280 3206 1334 δὲ
3242 1283 3450 1352 μήποτε
3478 1281 3672 1354 ὥσπερ

2086 1375 2115 1426 ὁ
2137 1373 2298 1444 ἄρτος
2327 1372 2538 1443 τρέφει,
2575 1373 2667 1426 καὶ
2698 1374 3048 1444 ἰσχυροποιεῖ,
3086 1374 3181 1426 καὶ
3213 1371 3486 1444 στηρίζειν
3515 1373 3671 1442 λέγε-

2086 1483 2175 1519 ται
2203 1465 2427 1537 καρδίαν
2460 1462 2768 1536 ἀνθρώπου,
2815 1467 2842 1518 ὁ
2870 1465 2925 1518 δὲ
2956 1461 3094 1528 οἶνος
3118 1464 3234 1534 ἤδει
3265 1467 3358 1518 καὶ
3387 1466 3665 1538 εὐφραίνει

2086 1559 2180 1612 καὶ
2220 1559 2425 1628 διαχεῖ·
2477 1555 2650 1621 οὕτως
2703 1556 2771 1610 τὰ
2805 1557 2904 1627 μὲν
2937 1555 3106 1626 ἠθικά
3152 1555 3472 1626 μαθήματα,
3520 1558 3666 1626 ζωὴν

2085 1650 2472 1724 περιποιοῦντα
2516 1651 2595 1722 τῷ
2627 1649 2969 1721 μανθάνοντι,
3012 1649 3107 1703 καὶ
3142 1650 3454 1720 πράττοντι,
3501 1650 3666 1721 ἄρτος

2086 1749 2203 1800 ἐστὶ
2233 1747 2332 1817 τῆς
2366 1744 2532 1816 ζωῆς,
2561 1745 2660 1798 ούκ
2690 1744 2756 1798 ἂν
2783 1745 2957 1798 ταῦτα
2981 1746 3292 1816 γεννήματα
3321 1744 3532 1813 λέγοιτο
3560 1744 3662 1814 τῆς

2083 1839 2328 1911 ἀμπέλου
2348 1855 2361 1869 °
2392 1840 2486 1892 καὶ
2516 1837 2894 1909 εὐφραίνοντα,
2925 1838 3017 1891 καὶ
3051 1837 3332 1908 ὲνθουσιᾷν
3384 1837 3661 1900 ποιοῦντα,

2082 1931 2372 2004 ἀπόρρητα
2405 1931 2499 1986 καὶ
2529 1931 2764 2002 μυστικά
2787 1930 3118 2002 θεωρήματα
3149 1930 3532 2002 κατατρυφῶσι
3564 1930 3664 1985 τοῦ

2081 2024 2290 2095 Κυρίου
2323 2023 2645 2094 ὲγγινόμενα
2675 2022 2807 2093 (27),
2836 2022 2930 2076 καὶ
2956 2023 3016 2076 ού
3043 2021 3200 2092 μόνον
3226 2021 3538 2094 τρέφεσθαι,
3571 2022 3666 2075 ἀλ-

2081 2115 2146 2169 λὰ
2190 2115 2282 2168 καὶ⁵
2314 2116 2523 2187 τρυφᾷν
2552 2114 2805 2167 ποθοῦσιν
2835 2113 2967 2186 (28),
3002 2114 3148 2167 ἐστὶν
3197 2115 3306 2168 ἀπὸ
3336 2115 3435 2184 τῆς
3474 2115 3664 2186 ἀληθι-

2079 2209 2176 2280 νῆς
2207 2209 2453 2279 ἀμπέλου
2482 2208 2750 2279 ἐρχόμενα
2774 2203 2914 2271 οἶνος
2947 2206 3274 2278 καλούμενα.

2149 2393 2237 2451 54.
2279 2392 2421 2464 Πρὸς
2453 2391 2658 2457 τούτοις
2697 2391 2774 2463 τῷ
2968 2391 3084 2456 πῶς
3133 2392 3350 2462 πρῶτος
3383 2393 3476 2446 καὶ
3499 2392 3663 2466 ἔνο-χα-

2076 2503 2169 2550 τος
2199 2487 2257 2539 ὲν
2284 2488 2348 2556 τῇ
2391 2485 2787 2552 Ἀποκαλύψει
2835 2483 3269 2554 ἀναγέγραπται,
3299 2482 3483 2553 ἔτερος
3514 2483 3662 2538 κατά

2075 2577 2140 2631 τὸ
2169 2576 2382 2649 πρῶτος
2405 2572 2544 2630 εἶναι
2575 2576 2856 2646 τυγχάνων
2888 2575 2982 2628 τοῦ
3013 2576 3178 2645 ἀλφα,
3211 2576 3308 2630 καὶ
3334 2576 3434 2646 τῆς
3459 2577 3656 2648 ἀρχῆς,

2077 2669 2169 2723 καὶ
2201 2668 2341 2722 κατά
2365 2668 2426 2720 τὸ
2455 2667 2679 2738 ἔσχατος
2706 2668 2804 2738 οὐχ
2829 2669 2858 2721 ὁ
2890 2665 3052 2731 αὐτὸς
3077 2666 3154 2737 τῷ
3181 2685 3226 2719 ω
3263 2667 3360 2721 καὶ
3389 2666 3468 2737 τῷ
3488 2666 3652 2721 τέλει.

2088 2752 2355 2832 Ἠγοῦμαι
2386 2759 2584 2822 τοίνυν,
2638 2759 2746 2812 τῶν
2779 2757 3011 2827 λογικῶν
3044 2756 3198 2822 ζώων
3231 2760 3290 2810 ὲν
3323 2757 3535 2821 πολλοῖς
3577 2759 3657 2812 εἷ-

2073 2857 2184 2911 δεσι
2215 2847 2958 2927 χαρακτηριζομένων,ἐῖναί
2986 2870 3038 2906 τι
3073 2851 3286 2922 πρῶτον
3330 2849 3529 2916 αὐτῶν,
3560 2852 3655 2904 καὶ

2071 2949 2343 3018 δεύτερον,
2379 2947 2473 3000 καὶ
2503 2946 2704 3016 τρίτον,
2738 2944 2831 2997 καὶ
2853 2942 2920 2996 τὰ
2948 2939 3210 3013 καθεξῆς,
3237 2943 3342 3005 ἕως
3386 2943 3612 3014 ἐσχάτου
3636 2959 3654 2974 ο

2072 3043 2166 3096 καὶ
2194 3041 2254 3095 τὸ
2289 3041 2386 3112 μὲν
2417 3038 2641 3112 ἀκριϐὲς
2688 3039 2861 3091 εἰπεῖν
2907 3037 2960 3089 τί
2994 3035 3228 3109 πρῶτον,
3277 3037 3371 3090 καὶ
3416 3039 3564 3090 ποῖον
3596 3037 3656 3092 τδ

395 3115 626 3169 quorum
669 3115 801 3156 sane
836 3100 1108 3170 quodnam
1151 3103 1220 3157 sit
1249 3102 1506 3174 primum,
1557 3113 1613 3160 et
1647 3109 1968 3172 secundum,

2075 3100 2343 3206 δεύτερον,
2386 3100 2604 3185 καῖ’ὲπὶ
2623 3100 2792 3192 -τίνος
2822 3127 3019 3200 ἀληθὲς
3037 3100 3106 3181 ’τὸ
3132 3128 3335 3199 τρίτον,
3369 3127 3464 3180 καὶ⁵
3487 3127 3656 3191 οὕτως

394 3201 447 3245 et
493 3192 731 3255 tertium,
766 3201 823 3246 et
854 3191 935 3246 sic
984 3208 1157 3262 usque
1195 3195 1260 3246 ad
1306 3194 1552 3249 ultimum
1600 3207 1864 3253 accurate
1883 3199 1968 3253 di-

392 3300 521 3340 eere
555 3285 781 3340 humani
836 3300 946 3340 non
989 3286 1282 3341 admodum
1321 3287 1524 3357 ingenii
1567 3298 1672 3356 cst,
1720 3290 1816 3344 sed
1853 3290 1969 3360 ejus

391 3379 536 3448 quod
583 3388 836 3434 naturam
877 3387 1098 3448 superet
1135 3387 1402 3435 nostram.
1425 3380 1760 3436 Conabimur
1787 3391 1967 3439 tamen

372 3488 511 3544 qua:
551 3475 619 3529 ad
672 3474 832 3544 huius
873 3473 1328 3530 considerationis
1353 3473 1773 3530 declarationem
1803 3477 1970 3546 perti-
2013 3489 2018 3494 ‘

392 3581 520 3621 nere
567 3566 920 3632 videbuntur,
954 3582 1052 3637 pro
1095 3565 1239 3621 virili
1283 3575 1470 3622 nostra
1516 3565 1714 3621 aﬂ‘errc
1757 3569 1809 3623 in
1856 3584 1969 3623 me-

389 3660 536 3712 dium
561 3667 726 3728 atque
756 3657 963 3728 eloqui.
1007 3660 1148 3713 Sunt
1188 3660 1407 3728 quidam
1434 3659 1532 3726 dii,
1563 3674 1796 3729 quorum
1829 3660 1968 3715 Deus

391 3750 538 3804 Deus
586 3760 705 3813 est,
752 3759 810 3804 ιιι
872 3750 1170 3820 prophetia:
1215 3749 1516 3820 loquuntur
1566 3771 1580 3808 :
1627 3752 1968 3820 Con/itemt’ni

373 3841 499 3894 Deo
541 3841 858 3908 deorum“;
891 3853 945 3896 et
979 3857 993 3892 :
1025 3841 1166 3896 Deus
1207 3845 1424 3898 deorum
1471 3844 1728 3899 Dominus
1761 3848 1968 3904 locutus

385 3941 485 3995 est,
522 3939 570 3984 et
611 3931 810 3983 vocavit
849 3931 1106 3984 terram”
1135 3951 1149 3986 :
1181 3935 1326 3990 Deus
1378 3944 1582 4002 autem,
1636 3945 1695 3991 ut
1727 3938 1969 4012 Evange-

385 4023 520 4076 lium
556 4021 810 4084 tradit“,
846 4036 947 4074 non
985 4032 1315 4078 mortuorum
1356 4025 1494 4080 Deus
1542 4037 1640 4091 est,
1673 4029 1764 4083 sed
1793 4031 1968 4085 rit-en-

2079 3227 2241 3299 μέχρι
2274 3225 2369 3279 τοῦ
2401 3223 2710 3278 τελευταίου
2741 3222 2966 3293 φθάσαι,
3020 3221 3080 3274 ού
3112 3221 3252 3275 πάνυ
3298 3238 3352 3274 τι
3383 3220 3658 3295 ἀνθρώπι-

2070 3335 2182 3384 νον,
2211 3315 2347 3370 ἀλλὰ
2387 3315 2528 3386 ὑπὲρ
2573 3313 2670 3385 τὴν
2703 3313 2976 3385 ἡμετέραν
3007 3313 3123 3365 ἐστὶ
3153 3312 3343 3382 φύσιν·
3385 3313 3572 3384 στῆναι
3596 3315 3654 3368 δὲ

2071 3409 2166 3462 καὶ
2191 3405 2548 3478 περιλαλῆσαι
2578 3403 2645 3457 τὰ
2677 3404 2756 3466 εἰς
2783 3403 2876 3456 τὸν
2900 3402 3082 3468 τόπον,
3133 3402 3209 3467 ὡς
3240 3397 3341 3456 οἷοί
3371 3403 3431 3456 τέ
3464 3405 3652 3473 ἐσμεν,

2071 3497 2464 3573 πειρασόμεθα.
2506 3495 2626 3550 Εἰσί
2672 3512 2818 3558 τινες
2851 3493 2963 3548 θεοὶ
2984 3489 3058 3549 ὧν
3098 3495 3126 3547 ὁ
3155 3494 3294 3558 Θεὸς
3317 3494 3448 3557 Θεός
3480 3497 3647 3556 ἐστιν,

2069 3592 2146 3654 ὼς
2175 3593 2231 3643 al.
2265 3587 2591 3662 προφητεῖαί
2636 3601 2798 3655 φασιν
2820 3599 2833 3614 ’
2887 3583 3371 3654 Ἐξομολογεῖσθε
3418 3583 3498 3649 τῷ
3528 3585 3652 3650 Θεῷ

2069 3681 2188 3735 τῶν
2215 3681 2397 3735 θεῶν’
2434 3679 2549 3742 καὶ,
2588 3678 2731 3744 Θεὸς
2778 3673 2928 3732 θεῶν
2955 3674 3220 3742 ἐλάλησε
3264 3675 3502 3742 Κύριος,
3550 3676 3650 3731 καὶ

2067 3759 2326 3827 ἐκάλεσε
2354 3771 2469 3841 τὴν
2499 3771 2616 3842 γῆν
2635 3788 2648 3802 ·
2687 3769 2820 3833 Θεὸς
2848 3768 2905 3822 δὲ
2937 3767 3080 3821 κατά
3115 3766 3176 3819 τὸ
3199 3765 3650 3835 Εὑαγγέλιονοὺκ

2062 3859 2194 3916 ἐστι
2213 3857 2462 3931 νεκρῶν,
2479 3863 2640 3920 ἀλλὰ
2667 3860 2916 3922 ζώντων.
2938 3858 3147 3922 Ζῶντες
3179 3857 3287 3929 ἄρα
3317 3857 3412 3910 καὶ
3459 3858 3507 3910 oi
3535 3855 3649 3908 θεοί

2068 3965 2226 4022 εἰσιν,
2253 3949 2328 4011 ὧν
2353 3956 2382 4008 ὁ
2407 3954 2538 4018 Θεὸς
2567 3953 2698 4016 Θεός
2729 3953 2864 4006 ἐστι.
2901 3950 3009 4003 Καὶ
3035 3950 3064 4002 ὁ
3096 3947 3414 4011 Ἀπόστολος
3433 3946 3490 3999 δὲ
3517 3947 3649 4018 γρά-

2068 4069 2182 4122 φων
2213 4050 2271 4102 ἐν
2295 4051 2361 4119 τῇ
2395 4047 2533 4118 πρὸς
2562 4041 2896 4116 Κορινθίους,
2931 4042 3159 4107 ’Ὠσπερ
3200 4039 3316 4093 εἰσὶ
3351 4037 3474 4093 θεοὶ
3502 4040 3650 4092 πολι

365 4115 537 4168 οιὶιιηι.
586 4111 737 4168 Unde
777 4111 1019 4166 viventes
1065 4113 1232 4167 etiam
1277 4116 1350 4169 dii
1394 4127 1546 4182 sunt,
1570 4131 1799 4186 quorum
1830 4121 1970 4178 Deus

2074 4111 2188 4210 λοι,
2238 4111 2361 4193 καί,
2391 4111 2579 4206 κύριοι.
2629 4111 2864 4198 πολλοὶ,
2917 4131 3057 4185 κατὰ
3090 4131 3158 4184 τὰ
3208 4129 3540 4202 πῳφητικά,
3587 4128 3648 4184 τὸ

375 4205 532 4259 Deus
559 4213 660 4260 est.
707 4205 1021 4272 Quinetiam
1055 4207 1332 4262 scribente
1365 4209 1430 4260 ad
1461 4207 1774 4264 Corinthios
1820 4215 1966 4281 Apo-

381 4295 524 4351 stolo
555 4296 712 4366 juxta
746 4299 1097 4368 propheticus
1129 4313 1326 4354 voces:
1356 4297 1812 4364 Quemadmodum
1843 4316 1962 4356 sunt

372 4389 462 4440 dii
493 4387 668 4454 mulli,
695 4399 745 4442 et
777 4390 981 4444 domini
1009 4389 1243 4458 multi",
1276 4406 1478 4446 nomen
1529 4394 1755 4448 deorum
1801 4396 1962 4450 inter-

385 4484 580 4549 pretati
612 4497 804 4537 sumus
835 4475 1088 4553 tanquam
1145 4483 1436 4539 exsismnt.
1469 4485 1606 4540 Sunt
1637 4501 1767 4542 vero
1793 4488 1957 4543 etiam

383 4583 583 4644 praeter
609 4576 739 4632 deos
768 4591 997 4644 quorum
1034 4575 1175 4631 Deus
1201 4585 1287 4631 est
1317 4577 1479 4642 Deus,
1514 4579 1604 4633 alii
1633 4580 1725 4649 qui
1760 4595 1962 4638 vocan-

385 4677 472 4720 tur
525 4668 727 4733 throni,
777 4677 831 4722 et
878 4667 969 4723 alii
1021 4668 1114 4740 qui
1153 4667 1410 4724 dicuntur
1444 4669 1801 4739 principatus,
1836 4689 1958 4729 rur-

2065 4232 2172 4285 τῶν
2197 4231 2334 4285 θεῶν
2379 4229 2744 4300 ὲξειλὴφαμεν
2773 4225 2941 4296 ὄνομα
2973 4224 3050 4288 ὡς
3075 4224 3470 4296 τυγχανόντων.
3527 4222 3648 4275 Εἰσὶ

2063 4334 2120 4387 δὲ
2154 4333 2301 4404 παρὰ
2332 4334 2458 4396 τοὺς
2487 4332 2640 4395 θεοὺς
2667 4325 2740 4385 ὧν
2772 4332 2800 4383 ὁ
2826 4330 2958 4393 Θεὸς
2987 4329 3118 4394 θεός
3154 4330 3321 4392 ἐστιν,
3355 4328 3531 4399 ἕτεροί
3562 4345 3646 4382 τι-

1999 4469 2039 4524 D
2067 4454 2156 4500 νες
2184 4438 2233 4490 οἳ
2263 4434 2551 4490 καλοῦνται
2597 4433 2794 4504 θρόνοι,
2843 4432 2936 4486 καὶ
2969 4431 3117 4486 ἄλλοι
3143 4431 3422 4503 λεγόμενοι
3458 4432 3644 4504 ἀρχαὶ,

2068 4529 2390 4604 κυριότητες
2413 4545 2496 4593 τε,
2530 4529 2622 4582 καὶ
2647 4527 2886 4592 ἐξουσίαι
2914 4526 3064 4597 παρὰ
3093 4525 3314 4589 τούτους
3339 4525 3506 4579 ἄλλοι.
3549 4525 3650 4578 Διά

2065 4637 2126 4696 δὲ,
2154 4637 2232 4700 τὸ,
2274 4633 2443 4703 Ὑπὲρ
2474 4632 2584 4688 πᾶν
2625 4633 2811 4702 ὄνομα
2855 4629 3306 4702 ὀνομαζόμενον,
3353 4633 3424 4686 οὐ
3455 4631 3649 4701 μόνον

383 4774 477 4813 sns
513 4769 711 4827 praeter
768 4761 867 4816 bos
905 4762 996 4816 alii
1031 4739 1123 4831 qui
1159 4761 1418 4817 dicuntur
1451 4761 1852 4820 dominationes
1907 4776 1963 4822 et

2074 4744 2132 4797 ἐν
2153 4745 2340 4811 τούτῳ
2366 4741 2446 4808 τῷ
2475 4742 2664 4804 αἰῶνι,
2698 4741 2858 4796 ἀλλὰ
2887 4741 2989 4795 καί
3021 4740 3092 4794 ἐν
3112 4739 3192 4805 τῷ
3211 4739 3519 4809 μέλλοντι,
3554 4741 3650 4793 καὶ

386 4860 703 4918 potestates.
745 4852 967 4906 Dicente
990 4863 1170 4908 autem
1191 4852 1420 4909 Paulo“
1448 4871 1462 4910 :
1487 4854 1659 4926 Super
1687 4874 1836 4912 omne
1867 4877 1962 4914 n0-

386 4960 499 4997 men
524 4946 663 5012 quod
695 4946 1000 4999 nominatur
1024 4963 1126 5001 non
1153 4947 1324 5002 solum
1351 4949 1403 5002 in
1426 4950 1621 5004 stucqu
1648 4953 1764 5020 hoc,
1783 4972 1958 5009 verum

2063 4851 2199 4906 ἄλλα
2230 4851 2382 4922 παρά
2405 4848 2576 4904 ταῦτα
2600 4849 2660 4902 ού
2687 4849 2826 4903 πάνυ
2862 4845 2974 4918 (50)
3007 4844 3253 4916 συνήθως
3283 4845 3414 4916 ἡμῖν
3448 4843 3646 4915 ὀνομα-

2067 4957 2268 5027 ζόμενα
2313 4957 2394 5009 δεῖ
2440 4957 2714 5010 πιστεύειν
2763 4952 2900 5010 εἶναι
2933 4953 3157 5022 λογικά·
3207 4945 3282 5006 ὧν
3308 4952 3366 5005 ἒν
3395 4970 3447 5006 τι
3493 4953 3646 5020 γένος

454 5034 654 5114 ξξίῇεη.
679 5037 941 5114 ηυμὸό.
1001 5039 1219 5094 "Joau.
1256 5059 1343 5107 xv,
1378 5044 1431 5098 5.
1498 5045 1702 5100 l“Psal.
1732 5065 1932 5104 εῖχεν.

2074 5050 2200 5104 ?sal.
2233 5067 2385 5114 XLIX,
2417 5052 2462 5105 l.
2542 5050 2589 5082 ’⁵⁸
2617 5050 2804 5105 Matth.
2839 5065 2972 5114 un,
2998 5049 3088 5105 52.
3163 5047 3209 5080 ⁸⁷
3241 5045 3415 5102 lCor.
3442 5061 3560 5110 vm,
3589 5046 3643 5100 5.

385 5104 432 5137 ⁸³
455 5105 653 5173 Ephes.
681 5124 720 5174 ι,
751 5109 842 5163 2|.

453 5195 570 5268 (27)
604 5199 1008 5269 'Em-mdyera.
1030 5201 1120 5256 Sic
1148 5201 1319 5258 codex
1347 5201 1705 5264 Bodleianus;
1738 5201 1964 5260 ﬂuetiue

387 5266 443 5319 in
469 5266 625 5340 ςιεξιυ
655 5266 1008 5340 ἐκτεινόμενα.

460 5334 576 5418 (28)
603 5334 919 5418 Ποθρῦσὶν.
949 5343 1021 5397 Ita
1055 5342 1224 5398 codex
1252 5341 1605 5406 Bodleianus;
1650 5337 1877 5394 Huetius
1917 5355 1948 5389 t.

389 5414 539 5460 textu
570 5414 866 5462 ποτιοῧσιν.

607 5475 716 5552 Τῷ,
745 5487 858 5552 etc.
871 5478 1011 5548 Lego
1044 5483 1373 5552 προσεκτέον
1399 5481 1495 5552 τῷ.

2072 5207 2413 5260 nominantur
2443 5207 2651 5274 quidem
2682 5205 2736 5258 in
2758 5205 2855 5258 hoc
2880 5205 3096 5266 saeculo.
3123 5223 3224 5259 non
3249 5216 3422 5260 tamen
3445 5205 3507 5258 ab
3533 5206 3644 5271 ipsa

2069 5286 2376 5329 enumerata
2399 5274 2614 5343 fuerint,
2641 5274 2772 5341 forte
2791 5291 2886 5328 nec
2904 5277 2968 5327 ab
3001 5277 3108 5328 alio
3133 5276 3311 5344 aliqua
3338 5276 3602 5329 intellecta
3624 5293 3643 5339 ,°

2068 5361 2179 5400 esse
2201 5361 2319 5398 vero
2344 5346 2452 5397 alia
2469 5360 2585 5412 qua:
2621 5344 2792 5398 inltec
2829 5345 3024 5399 seculo
3063 5347 3274 5415 quidem
3331 5363 3438 5400 non
3475 5348 3646 5399 nomi-

2071 5427 2278 5474 nentur,
2314 5423 2488 5467 tamen
2508 5415 2940 5470 nominabuntur.
2965 5415 3074 5469 Nec
3104 5433 3244 5470 unus
3270 5417 3322 5470 id
3367 5416 3472 5470 sibi
3523 5431 3649 5485 per—

2070 5485 2240 5538 suasit
2266 5485 2530 5556 Origeues
2555 5494 2768 5556 praeter
2802 5500 2896 5540 eos
2925 5486 3245 5556 angelorum
3287 5487 3510 5542 ordines
3552 5488 3644 5555 qui

599 5535 726 5627 Κὰέ
743 5545 902 5627 ἅμμα
929 5535 1390 5627 ἔμρᾶταῦέαίὸύ
1415 5535 1726 5627 σέᾴνυηθιο.
1777 5551 1964 5627 ρι’ἰκβτ

2074 5535 3464 5627 satiassatias“genitusxuias’zgs;"5.1.1....
3518 5535 3643 5611 ira-

391 5633 484 5670 nes
519 5617 607 5671 lib.
635 5631 652 5670 l
676 5617 812 5684 Περὶ
835 5617 1058 5690 ἁρχῷν,
1086 5636 1204 5688 cap.
1227 5622 1282 5684 5,
1309 5625 1556 5680 eumdem
1604 5622 1749 5680 hunc
1797 5617 1950 5690 Pauli

2068 5627 2210 5679 nitos
2257 5634 2313 5680 et
2369 5626 2678 5680 hominibus
2732 5627 2946 5693 ignotos
2999 5643 3012 5679 :
3078 5629 3299 5694 scripsit
3371 5627 3643 5693 siquidem

393 5691 564 5740 locum
588 5703 864 5767 eitpunens
891 5705 904 5740 :
941 5687 1022 5743 Ea:
1043 5687 1166 5767 Aquo’
1197 5691 1449 5757 videlicet,
1479 5694 1676 5760 inquit,
1725 5687 1960 5767 ostendit
2057 5694 2480 5767 Qhrysostomus
2507 5696 2652 5767 hom.
2678 5696 2732 5758 4,
2751 5687 2828 5767 De
2847 5697 3100 5766 incomp.:
3120 5687 3243 5750 Εἰσὶ
3260 5696 3392 5767 γὰρ,
3417 5687 3644 5767 {tum

386 5775 495 5811 esse
520 5757 975 5826 qua’damprwler
1035 5759 1142 5810 Iure
1173 5775 1290 5827 qua:
1340 5757 1782 5828 commemoravit,
1829 5781 1949 5835 quae

2055 5763 2241 5834 ἕτεραι
2273 5763 2549 5834 δυνάμεις,
2582 5763 2656 5822 ὧν
2711 5766 2831 5820 οὐδὲ
2877 5767 2944 5820 τὰ
2995 5763 3234 5836 ὀνόματα
3265 5763 3445 5836 ἴσμεν.
3507 5764 3645 5819 Sunt
