4040 6210
368 339 440 397 83
1821 337 2145 396 ORIGENIS
3553 335 3622 390 ει

363 453 488 520 bus,
515 451 640 522 quia
676 461 835 508 natus
873 454 943 508 sit
985 468 1050 510 cx
1089 452 1332 524 Virgine,
1363 462 1415 510 et
1445 454 1516 509 ob
1561 454 1824 525 reliquam
1855 456 1936 510 vi-

2044 453 2136 508 τοῦ
2165 451 2418 526 οὐρανοῦ,
2471 453 2539 505 τὰ
2591 453 2828 522 στοιχεῖα
2863 453 3066 514 ἐκεῖνα,
3119 450 3208 504 ἴνα
3251 449 3316 503 δι’
3351 449 3531 504 αὐτῶν
3556 455 3627 504 τὰ

364 553 474 597 tam
525 543 931 600 admirabiliter
965 553 1315 612 transactam,
1365 545 1437 599 ita
1489 546 1635 600 inter
1689 558 1937 602 mortuos

361 652 470 691 nou
502 637 758 692 derelicta
791 648 872 692 εει
918 638 1096 691 anima
1143 637 1263 706 ejus
1287 638 1337 691 in
1373 636 1668 704 infernum,
1697 653 1764 694 eo
1794 640 1936 710 quod

360 729 472 782 illic
503 729 652 784 solus
681 729 844 786 fuerit
883 730 1041 788 liber.
1085 729 1260 800 Atque
1291 731 1438 787 hunc
1481 732 1700 802 quidem
1733 731 1787 786 iu
1829 750 1937 789 mo-

357 820 488 873 dmn
539 822 751 890 primus
802 831 886 876 est
924 831 980 878 et
1021 821 1262 878 ultimus.
1303 824 1458 892 Quod
1505 825 1548 880 si
1586 832 1714 880 sunt
1742 823 1938 880 littera:

361 907 474 976 Dei,
503 921 562 966 ut
589 923 742 970 certe
776 926 921 975 sunt.
947 932 1084 986 quas
1110 916 1281 972 sancti
1312 917 1552 986 legentes
1583 931 1648 972 ea
1669 931 1728 972 se
1749 916 1938 972 dicunt

357 1005 558 1071 legere,
595 1019 716 1074 qua:
746 1004 855 1060 sint
889 1007 943 1062 in
972 1006 1173 1063 tabulis
1207 1009 1357 1073 caeli,
1384 1008 1652 1065 eletnenta
1703 1008 1818 1072 illa,
1842 1023 1939 1078 per

357 1109 480 1162 qua:
539 1095 764 1166 legenda
801 1108 925 1153 sunt
973 1099 1239 1167 cmicstia,
1272 1101 1522 1157 notiones
1546 1111 1694 1166 sunt,
1730 1101 1784 1156 in
1829 1101 1939 1174 36

360 1185 601 1242 minutas
651 1197 838 1258 partes
889 1189 1109 1258 divisae,
1160 1208 1354 1262 nempe
1404 1195 1456 1248 in
1504 1193 1551 1246 Α
1597 1201 1652 1247 ει
1691 1207 1813 1263 quae
1847 1207 1937 1247 se-

359 1286 626 1345 quuntur,
682 1295 855 1352 usque
896 1282 961 1337 ad
1003 1282 1064 1347 Ω,
1099 1284 1240 1353 quod
1299 1293 1384 1338 cst
1419 1283 1590 1338 Filius
1631 1285 1747 1338 Dei.
1795 1282 1938 1336 Rur-

359 1385 456 1424 sus
507 1370 650 1427 idem
700 1373 1026 1445 principium
1074 1385 1160 1431 est
1205 1385 1261 1432 et
1296 1375 1452 1440 ﬁnis;
1501 1375 1594 1430 sed
1638 1377 1936 1431 secundum

355 1463 792 1534 signiﬁcationes
837 1483 946 1522 non
981 1478 1066 1524 est
1095 1468 1259 1523 idem.
1297 1467 1430 1538 Nam
1466 1468 1795 1540 principium
1826 1477 1936 1534 est,

356 1567 627 1622 quatenus
653 1557 924 1625 sapientia
957 1568 1061 1622 est,
1091 1569 1154 1613 ut
1181 1559 1236 1614 in
1275 1558 1589 1614 Proverbiis
1623 1559 1936 1616 didicimus.

358 1648 634 1717 Scriptum
667 1659 754 1704 est
787 1665 919 1720 ergo
947 1649 994 1684 ⁹³
1024 1673 1035 1706 :
1069 1649 1210 1706 Deus
1247 1641 1442 1706 creavit
1490 1667 1574 1705 me
1616 1650 1936 1721 principium

355 1741 560 1792 viarum
588 1756 808 1794 suarum
839 1742 909 1796 ad
934 1757 1092 1811 opera
1122 1741 1259 1810 ejus.
1279 1739 1562 1809 Quatenus
1590 1749 1771 1796 autem
1804 1739 1938 1795 Ver-

361 1833 484 1883 bum
538 1841 642 1896 est,
701 1847 808 1888 non
861 1840 951 1888 est
997 1831 1349 1902 principium,
1383 1831 1512 1902 quia
1575 1835 1633 1888 in
1677 1831 1939 1900 principio

363 1933 480 1978 erat
541 1922 782 1978 Verbum.
825 1921 997 1994 Igitur
1039 1921 1469 1993 signiﬁcationes
1496 1919 1613 1988 ejus
1657 1921 1937 1976 continent

357 2016 712 2086 principium,
735 2027 792 2072 et
821 2020 1122 2073 secundum
1151 2017 1432 2087 quiddam,
1455 2025 1513 2071 et
1541 2016 1782 2079 tertium,
1805 2030 1938 2085 prae-

2033 544 2262 616 οὐράνια
2311 541 2652 613 ἀναγνωσθῇ,
2687 543 2745 596 αἱ
2791 541 2989 596 ἔννοιαι
3021 541 3401 611 τυγχάνουσιν,
3457 557 3631 593 κατα-

2034 638 2499 710 κερματιζόμεναι
2527 639 2607 701 είς
2649 636 2814 706 ἄλφα,
2843 637 2937 689 καὶ
2969 634 3038 689 τὰ
3065 634 3212 707 ἑξῆς,
3245 634 3408 706 μέχρι
3431 634 3528 687 τοῦ
3557 653 3627 699 ω,

2032 731 2126 786 τοῦ
2161 729 2292 783 Υίοῦ
2321 729 2416 783 τοῦ
2462 729 2617 783 Θεοῦ.
2674 728 2841 783 Πάλιν
2871 728 2930 782 δέ
2969 726 3114 799 ἁρχὴ
3161 726 3254 780 καὶ
3285 725 3438 790 τέλος
3467 727 3496 779 ό
3525 725 3630 780 αὐ-

2040 825 2129 888 τὸς
2186 822 2300 877 ἀλλ’
2331 823 2391 876 οὑ
2421 821 2562 876 κατὰ
2588 820 2689 885 τὰς
2731 820 2974 884 ἐπινοίας
3014 821 3043 873 ό
3071 819 3252 884 αὐτός.
3295 818 3463 891 Ἀρχὴ
3495 819 3629 891 γὰρ,

2041 914 2115 976 ὡς
2150 915 2208 966 ἐν
2254 915 2376 976 ταῖς
2413 913 2760 981 Παροιμίαις
2811 911 3235 984 μεμαθήκαμεν,
3291 911 3428 966 καθὸ
3472 911 3634 980 σοφία

2041 1004 2318 1075 τυγχάνει,
2377 1003 2526 1058 ἐστί·
2574 1003 2881 1076 γέγραπται
2933 1002 3097 1072 γοῦν*
3138 1005 3194 1056 '0
3244 1003 3390 1070 Θεὸς
3426 1004 3632 1058 ἐκτισέ

2037 1114 2114 1168 με
2160 1096 2359 1166 ἀρχὴν
2408 1094 2564 1150 ὁδῶν
2589 1096 2776 1150 αὐτοῦ
2823 1098 2914 1164 είς
2948 1096 3096 1167 ἔργα
3122 1095 3330 1150 αὑτοῦ.
3393 1095 3544 1150 Καθὸ
3571 1097 3631 1150 δὲ

2043 1189 2198 1259 λόγος
2223 1189 2391 1253 ἐστὶν,
2424 1188 2526 1242 οὐκ
2541 1187 2685 1241 ἐστιν
2703 1187 2843 1260 ἀρχή
2863 1203 2877 1217 ⁶
2890 1183 3124 1258 ἐνὰρχῇ
3145 1187 3253 1258 γὰρ
3274 1180 3400 1256 ἦνό
3413 1188 3630 1257 Λόγος.

2045 1279 2256 1336 Οὐκοῦν
2282 1282 2338 1335 αἱ
2387 1281 2623 1335 ἐπίνοιαι
2656 1279 2822 1333 αὑτοῦ
2849 1277 3064 1349 ἐχουσιν
3093 1277 3289 1348 ἀρχὴν,
3326 1277 3420 1330 καὶ
3446 1276 3634 1330 δεύτεο

2046 1374 2138 1446 ρόν
2165 1391 2218 1427 τι
2252 1373 2404 1444 παρὰ
2434 1371 2532 1444 τὴν
2562 1371 2758 1444 ἀρχὴν,
2791 1371 2886 1424 καὶ
2916 1369 3119 1441 τρίτον,
3149 1370 3244 1424 καὶ
3270 1367 3441 1432 οὕτως
3464 1368 3632 1440 μέχρι

2043 1465 2228 1530 τέλους
2250 1481 2264 1496 ·
2306 1465 2439 1518 ὡσεὶ
2471 1463 2685 1532 ἐλεγεν·
2743 1463 2909 1536 Ἀρχὴ
2947 1464 3086 1533 εἰμι,
3119 1461 3256 1516 καθὸ
3285 1461 3445 1532 σοφία
3471 1461 3589 1534 είμί
3608 1476 3629 1495 ·

2043 1557 2291 1631 δεύτερον
2322 1557 2400 1621 δὲ,
2451 1558 2502 1610 εί
2529 1555 2674 1610 οὕτω
2715 1554 2886 1627 τύχοι,
2933 1554 3070 1609 καθὸ
3101 1555 3331 1625 ἀόρατός
3362 1555 3499 1625 ειμι,
3533 1554 3633 1608 καὶ

2042 1650 2224 1722 τρίτον
2251 1647 2386 1702 καθὸ
2415 1645 2528 1718 ζωή
2552 1664 2566 1678 ο
2596 1648 2719 1701 ἐπεὶ
2746 1647 2777 1701 ὃ
2807 1646 3074 1717 γέγονεν,
3108 1647 3178 1699 ἐν
3197 1646 3358 1712 αὐτῷ
3387 1646 3498 1715 ζωὴ
3527 1643 3631 1717 ἦν.

2043 1741 2152 1794 Καὶ
2186 1739 2240 1794 εἷ
2264 1757 2350 1804 τις
2383 1739 2566 1803 ἱκανὸς
2619 1739 2925 1810 βασανίζων
2957 1739 3048 1792 τὸν
3074 1738 3200 1793 νοῦν
3245 1739 3354 1793 τῶν
3398 1740 3634 1811 Γραφῶν

2041 1835 2194 1906 όρᾷν,
2230 1832 2372 1904 τάχα
2404 1833 2626 1904 εὑρήσει
2658 1831 2830 1885 πολλὰ
2856 1832 2954 1903 τῆς
2986 1831 3194 1899 τάξεως
3220 1833 3314 1886 καὶ
3355 1833 3417 1884 τὸ
3447 1832 3633 1897 τέλοςο

2040 1925 2142 1977 οὐκ
2172 1917 2328 1995 οἶμαι
2372 1921 2481 1995 γὰρ
2515 1923 2564 1975 εί
2599 1921 2798 1977 πάντα.
2830 1921 3171 1992 Σαφέστερον
3219 1921 3324 1994 δή
3358 1921 3501 1994 ἀρχὴ
3535 1923 3634 1977 καὶ

2040 2015 2196 2078 τέλος
2243 2013 2391 2068 δοκεῖ
2435 2013 2575 2068 κατὰ
2606 2015 2704 2086 τὴν
2757 2013 3048 2085 συνήθειαν
3099 2013 3176 2077 ὼς
3216 2014 3311 2066 ἐπὶ
3351 2014 3634 2085 ἡνωμένου

357 2117 444 2160 ter
474 2107 822 2175 principium,
848 2117 903 2162 et
947 2109 1030 2163 sic
1059 2123 1232 2178 usque
1260 2108 1328 2162 ad
1358 2106 1520 2162 ﬁnem
1554 2124 1570 2162 :
1611 2116 1867 2176 tauquam
1893 2106 1936 2161 si

2044 2107 2326 2177 λέγεσθαι·
2371 2102 2482 2161 οἷον
2533 2107 2675 2180 ἁρχὴ
2708 2106 2887 2171 οίκίας
2933 2109 2962 2162 ὁ
2987 2106 3256 2178 θεμέλιος,
3288 2105 3381 2162 xui.
3403 2106 3556 2171 τέλος
3593 2111 3629 2177 ὴ

356 2197 564 2253 diceret
593 2217 607 2253 :
639 2197 972 2267 Principium
1003 2215 1146 2264 sum,
1169 2208 1444 2269 quateuus
1472 2199 1743 2269 sapientia
1778 2213 1936 2265 sum;

357 2290 658 2345 secundum
714 2301 920 2354 autem,
947 2291 990 2345 si
1045 2292 1190 2346 lorte
1238 2291 1320 2345 sic
1350 2291 1693 2359 contingeret
1721 2287 1850 2352 dici,
1885 2289 1937 2342 itt

355 2393 618 2448 quantum
648 2398 767 2438 sum
794 2382 1109 2444 illViaibiliS,
1139 2382 1382 2449 tertium,
1420 2381 1472 2436 itt
1506 2390 1767 2450 quantum
1792 2380 1936 2445 vita;

355 2474 613 2542 quoniam
638 2475 780 2543 quod
803 2475 1007 2542 factum
1029 2485 1125 2537 est,
1151 2473 1208 2528 in
1231 2475 1341 2542 ipso
1363 2473 1470 2528 vita
1496 2483 1609 2528 erat
1630 2473 1696 2528 “.
1721 2473 1875 2540 Quod
1895 2472 1941 2529 si

354 2565 479 2634 quis
504 2565 911 2636 Scripturarum
945 2581 1165 2622 sensum
1198 2566 1560 2636 investigatis,
1595 2566 1827 2622 idoneus
1861 2577 1945 2622 est

356 2673 480 2712 eum
499 2659 740 2727 assequi,
755 2659 803 2714 is
817 2659 1033 2730 quidem
1058 2659 1288 2713 fortasse
1305 2657 1538 2713 inveniet
1555 2657 1810 2728 pleraque
1826 2673 1945 2728 qua

359 2749 430 2805 ad
454 2747 702 2805 ordinem
721 2751 1025 2820 pertineant
1050 2760 1217 2820 atque
1240 2752 1400 2806 linem
1425 2751 1624 2822 ipsum,
1647 2751 1832 2808 nescio
1855 2767 1949 2806 au-

359 2852 470 2897 tem
517 2859 586 2897 au
625 2843 830 2897 omnia.
863 2843 1118 2914 Apertius
1144 2852 1324 2898 autem
1349 2844 1675 2914 principium
1705 2859 1770 2900 ac
1799 2843 1945 2911 ﬁnis,

355 2935 655 2990 secundum
673 2950 1016 2992 communem
1040 2936 1296 3006 I0quendi
1313 2937 1780 3002 consuetudinem,
1798 2936 1864 2992 de
1889 2951 1946 2992 re

354 3028 616 3082 continua
636 3037 688 3083 et
707 3028 856 3082 unita
879 3029 984 3086 dici
1005 3029 1291 3084 videntur:
1312 3038 1372 3084 ut
1397 3029 1596 3085 domus
1615 3029 1942 3098 principium

355 3132 442 3174 est
473 3121 881 3176 fundamentum
915 3133 971 3177 et
997 3121 1125 3177 ﬁnis
1156 3121 1454 3192 fastigium.
1493 3120 1558 3176 Et
1585 3135 1718 3176 sane
1741 3137 1946 3176 summa

2043 2197 2302 2269 στεφάνη.
2337 2199 2448 2252 Καὶ
2479 2197 2849 2270 ἐφαρμοστέον
2881 2215 2966 2267 γε,
2999 2197 3087 2251 διὰ
3118 2197 3179 2252 τὸ
3205 2197 3639 2268 ἀκρογωνιαῖον

2041 2290 2179 2347 εἶναι
2211 2293 2386 2347 λίθον
2430 2291 2538 2346 τὸν
2568 2291 2851 2359 Χριστὸν,
2884 2289 2963 2362 τῷ
2999 2291 3265 2363 ὴνωμένῳ
3317 2291 3480 2344 παντὶ
3520 2289 3631 2344 σώ-

2047 2405 2177 2458 ματι
2206 2385 2316 2439 τῶν
2351 2383 2675 2456 σωζομένων
2701 2383 2764 2438 τὸ
2813 2383 3161 2456 παράδειγμα
3191 2383 3252 2437 τό
3270 2400 3283 2414 ⁸
3318 2383 3496 2437 πάντα
3521 2382 3634 2456 γὰρ

2045 2477 2140 2530 καὶ
2171 2477 2228 2529 ἐν
2255 2477 2388 2530 πᾶσι
2434 2475 2668 2547 Χριστὸς
2696 2477 2724 2528 ὁ
2752 2473 3066 2546 μονογενὴς,
3095 2474 3171 2537 ὼς
3203 2475 3299 2544 μὲν
3325 2474 3468 2546 ἀρχὴ
3501 2475 3560 2526 ἐν
3586 2467 3638 2544 ᾧ

2046 2567 2335 2639 ἀνείληφεν
2380 2566 2673 2640 ἀνθρώπῳ,
2718 2566 2795 2632 ὡς
2836 2567 2894 2620 δὲ
2933 2566 3086 2630 τέλος
3115 2566 3175 2620 ἐν
3218 2565 3298 2638 τῷ
3340 2565 3638 2639 τελευταίῳ

2044 2658 2154 2712 τῶν
2181 2660 2355 2728 ἁγίων
2407 2657 2648 2730 δηλονότι
2678 2657 2982 2728 τυγχάνων,
3027 2657 3120 2711 καὶ
3147 2659 3205 2710 ἐν
3250 2659 3363 2722 τοῖς
3397 2655 3633 2728 μεταξύ·

2047 2754 2081 2826 ἣ
2110 2754 2184 2818 ὼς
2217 2755 2314 2824 μὲν
2343 2752 2487 2827 ἁρχὴ
2530 2752 2588 2805 ἐν
2628 2751 2829 2822 Ἀδάμ·
2878 2751 2955 2814 ὡς
2977 2751 3034 2806 δὲ
3073 2749 3226 2814 τέλος
3257 2752 3316 2804 ἐν
3345 2751 3413 2822 τῇ
3447 2749 3639 2821 ἐπιδη-

2053 2846 2172 2917 μίᾳ,
2231 2845 2372 2899 κατὰ
2427 2845 2490 2899 τὸ
2541 2845 2867 2916 εἰρημένονο
2924 2844 2988 2898 '0
3035 2843 3298 2912 ἔσχατος
3337 2842 3510 2914 Ἀδὰμ
3547 2844 3638 2911 είς

2049 2940 2286 3010 πνεῦμα
2312 2937 2652 3001 ζωοποιοῦν.
2713 2938 2861 3009 Πλὴν
2905 2935 3065 2990 τοῦτο
3106 2936 3168 2991 τὸ
3203 2937 3365 3009 ῥητὸν
3393 2934 3637 3008 ἐφαρμό-

2051 3048 2132 3085 σει
2163 3032 2258 3086 καὶ
2283 3033 2350 3103 τῇ
2383 3030 2635 3086 ἀποδόσει
2664 3029 2760 3084 τοῦ
2792 3030 3024 3099 πρῶτος
3056 3029 3148 3083 καὶ
3173 3030 3454 3098 ἔσχατος.

352 3212 600 3282 angulari
625 3212 800 3278 lapide
831 3213 1127 3268 exsistente
1153 3211 1364 3268 Christo
1387 3213 1454 3280 ”,
1475 3214 1570 3268 toti
1603 3213 1818 3283 corpori
1843 3215 1994 3269 unito
2016 3230 2201 3270 eorum
2219 3215 2312 3285 qni
2335 3224 2646 3282 servantur,
2670 3215 3036 3285 adoptandum
3059 3223 3144 3270 est
3162 3213 3470 3285 exemplum
3491 3213 3629 3271 hoc:

353 3309 538 3362 omnia
592 3307 736 3363 enim
778 3317 831 3362 et
874 3307 924 3361 in
957 3307 1210 3362 omnibus
1233 3307 1282 3338 "
1309 3318 1393 3362 est
1443 3306 1700 3362 Christus
1755 3308 2087 3378 unigenitus,
2135 3310 2228 3380 qui
2283 3320 2342 3364 ut
2397 3309 2722 3386 principium
2760 3309 2815 3364 iu
2847 3323 2914 3364 eo
2944 3318 3029 3364 est
3064 3307 3286 3364 homine
3341 3321 3504 3378 quem
3543 3323 3633 3364 as-

355 3403 591 3472 sumpsit
617 3419 633 3458 ι
664 3412 722 3458 ιιι
769 3401 895 3459 ﬁnis
950 3413 1130 3458 autem
1169 3402 1221 3456 in
1269 3403 1482 3469 ultimo,
1535 3411 1851 3460 sanctorum
1914 3405 2146 3469 scilicet,
2188 3406 2352 3461 etiam
2406 3407 2458 3460 itt
2500 3407 2587 3461 liis
2642 3405 2734 3476 qui
2761 3413 2887 3460 sunt
2920 3405 2974 3459 in
3001 3403 3202 3462 medio.
3235 3403 3329 3459 Est
3349 3403 3540 3469 etiam,
3570 3413 3632 3459 ut

355 3499 684 3571 principium
715 3499 957 3570 quidem,
987 3499 1038 3553 iu
1079 3499 1287 3566 Adam;
1335 3507 1395 3552 ut
1435 3497 1559 3554 ﬁnis
1591 3508 1792 3564 autem,
1832 3499 1885 3554 in
1917 3500 2155 3556 adventu
2206 3516 2330 3564 suo,
2361 3501 2514 3572 juxta
2552 3501 2682 3555 illud
2699 3501 2744 3534 "’
2773 3517 2788 3555 :
2817 3498 3050 3555 Ultimus
3093 3499 3264 3552 Adam
3303 3499 3361 3552 in
3387 3498 3634 3566 spiritum

354 3594 730 3664 viviﬁcantem.
761 3593 1149 3650 Verumtamen
1175 3594 1280 3649 hoc
1306 3593 1508 3650 dictum
1546 3605 1813 3666 congruet
1850 3595 2016 3650 etiam
2057 3595 2412 3665 explicationi
2454 3595 2647 3650 harum
2695 3610 2909 3660 vocum,
2941 3594 3142 3664 primus
3167 3603 3223 3648 et
3240 3593 3477 3646 ultimus.

427 3687 517 3743 55.
556 3685 828 3742 Caeterum
874 3689 918 3742 si
971 3687 1449 3746 observaverimus
1472 3703 1594 3758 quae
1628 3689 1882 3758 superius
1915 3706 1940 3744 a

2123 3689 2216 3744 55.
2247 3690 2600 3761 Τηρήσαντες
2631 3689 2814 3759 μέντοι
2836 3687 2906 3742 τὰ
2935 3689 3201 3761 είρημένα
3233 3686 3364 3760 περὶ
3399 3684 3636 3755 πρώτου

357 3781 516 3836 nobis
548 3780 694 3836 dicta
727 3779 878 3835 luere
912 3781 978 3835 de
1025 3780 1314 3836 vocabulis
1344 3781 1503 3849 primi
1533 3789 1588 3836 et
1621 3782 1814 3851 ultimi,
1851 3785 1942 3841 ubi

356 3887 472 3926 tum
496 3873 563 3926 ad
593 3871 806 3940 species
840 3872 1214 3941 ratioualium,
1247 3881 1360 3927 tum
1394 3877 1462 3930 ad
1490 3873 1614 3930 Filii
1635 3876 1729 3931 Dei
1760 3877 1937 3933 diver-

357 3978 454 4019 sas
490 3962 886 4033 appellationes
906 3972 963 4019 et
1002 3964 1435 4034 signiﬁcationes
1455 3968 1764 4025 orationem
1791 3980 1944 4026 retu-

356 4054 542 4118 limus,
576 4054 843 4110 habemus
880 4054 1046 4110 etiam
1072 4053 1442 4111 diﬁ'erentiam
1474 4059 1662 4128 primi,
1696 4070 1753 4115 et
1795 4063 1944 4130 prin-

359 4146 510 4216 cipii,
542 4155 600 4213 et
630 4145 830 4212 ultimi,
858 4156 915 4202 et
944 4145 1092 4215 ﬁnis,
1123 4145 1255 4217 quin
1281 4145 1446 4200 etiam
1469 4147 1608 4218 ejus,
1644 4151 1793 4220 quod
1823 4166 1946 4207 esse

359 4239 566 4295 dicitur
597 4240 644 4293 Δ
665 4248 720 4295 ει
741 4240 783 4293 Ω
811 4257 826 4294 :
860 4239 956 4297 sed
992 4254 1171 4310 neque
1202 4241 1498 4296 obscurum
1527 4252 1634 4311 est,
1667 4245 1944 4314 quomodo

359 4331 614 4388 Christus
647 4331 862 4387 dicatur
890 4331 1087 4398 vivens,
1113 4343 1169 4389 et
1199 4345 1463 4404 mortuus,
1495 4335 1606 4390 imo
1637 4345 1764 4406 post
1802 4336 1944 4393 lianc

360 4439 551 4478 vocem
599 4432 858 4488 mortuus,
909 4423 1087 4478 vivens
1137 4425 1196 4480 in
1249 4425 1451 4480 swcula
1535 4426 1942 4481 circulorum“.

361 4518 633 4584 Quoniam
663 4517 810 4572 enim
839 4531 945 4572 non
971 4515 1302 4587 juvabamur
1347 4535 1378 4572 a
1413 4519 1740 4588 przecedenti
1773 4518 1944 4590 ipsius

360 4611 498 4677 vita,
530 4618 756 4679 peccato
785 4607 1032 4672 obnoxii,
1065 4607 1350 4662 descendit
1382 4608 1497 4679 ipse
1530 4609 1597 4665 ad
1633 4611 1944 4666 mortalita-

363 4714 474 4757 tem
529 4710 806 4768 uostratn;
845 4711 906 4756 ut
951 4717 1052 4758 nos
1094 4701 1266 4772 ipsius
1304 4702 1432 4758 Jesu
1478 4715 1706 4774 peccato
1743 4704 1946 4761 mortui

363 4795 846 4851 mortiﬁcationem
919 4795 1461 4863 circumferentes”,
1507 4799 1700 4854 ordine
1751 4812 1947 4868 capere

365 4887 644 4960 possimus
686 4900 832 4952 eam,
890 4901 1012 4956 quae
1070 4899 1195 4956 pOsl
1244 4890 1724 4946 mortiﬁcationem
1780 4891 1947 4960 ipsius

361 4979 594 5048 exstitit,
628 4979 796 5034 vitam
832 4978 886 5034 in
914 4977 1114 5034 saecula
1136 4980 1483 5036 saeculorum.
1517 4981 1652 5037 Nam
1676 4983 1769 5053 qui
1800 4997 1946 5038 sem-

2046 3784 2142 3838 καὶ
2163 3781 2449 3852 ἐσχάτου,
2497 3782 2590 3836 καὶ
2619 3783 2747 3854 περὶ
2775 3782 2949 3854 ἀρχῆς
2997 3782 3092 3836 καὶ
3117 3781 3325 3846 τέλους,
3370 3781 3503 3835 ὅπου
3535 3778 3638 3851 μὲν

2045 3878 2127 3939 εἰς
2156 3876 2271 3948 εἴδη
2298 3875 2529 3946 λογικῶν
2575 3876 2978 3947 ἀνηνέγκαμεν,
3001 3875 3134 3928 ὅπου
3168 3874 3224 3928 δέ
3248 3877 3328 3938 εἰς
3349 3873 3636 3945 διαφόρους

2046 3970 2290 4033 ἐπινοίας
2323 3967 2419 4021 τοῦ
2451 3966 2580 4020 Υἱοῦ
2612 3967 2707 4020 τοῦ
2749 3967 2905 4033 Θεοῦ,
2941 3967 3032 4022 τὸν
3071 3966 3251 4036 λόγον,
3304 3967 3398 4024 καὶ
3439 3965 3637 4036 ἔχομεν

2045 4059 2143 4130 τὴν
2188 4058 2450 4130 διαφορὰν
2484 4057 2706 4130 πρώτου
2744 4058 2837 4112 καὶ
2887 4059 3083 4130 ἀρχῆς,
3127 4059 3224 4113 καὶ
3271 4059 3499 4129 ἐσχάτου
3539 4057 3636 4112 καὶ

2046 4150 2253 4213 τέλους,
2289 4148 2370 4202 ἐτι
2397 4149 2455 4202 δὲ
2490 4149 2585 4202 καί⁵
2612 4147 2707 4202 τοῦ
2746 4166 2782 4201 α
2815 4149 2912 4203 καὶ
2936 4148 3030 4202 τοῦ
3060 4167 3123 4202 ω.
3165 4148 3280 4203 Οὐκ
3313 4147 3505 4220 ἄδηλον
3539 4147 3635 4200 οὐς-

2045 4239 2102 4292 δὲ
2134 4238 2195 4291 τὸ
2223 4237 2333 4299 ζῶν
2374 4239 2467 4292 καὶ
2501 4238 2733 4308 νεκρός,
2771 4239 2866 4293 καὶ
2895 4237 3032 4311 μετὰ
3060 4239 3121 4292 τὸ
3157 4237 3520 4307 νεκρός,ζὶ”ι›ν
3551 4239 3638 4304 εὶς

2046 4332 2188 4398 τοὺς
2224 4332 2444 4399 αἰῶνας
2468 4333 2586 4387 τῶν
2611 4332 2859 4388 αἰώνων.
2915 4333 3066 4390 Ἐπεὶ
3091 4332 3198 4404 γὰρ
3224 4332 3325 4386 οὐκ
3350 4330 3639 4403 ὼφελήμερ-

2048 4425 2116 4478 θα
2149 4423 2256 4479 ἀπὸ
2284 4426 2380 4496 τῆς
2411 4426 2829 4499 προηγουμένης
2866 4427 3012 4498 ζωῆς
3041 4425 3229 4492 αὑτοῦ,
3259 4425 3541 4496 γενόμενοι
3577 4426 3638 4478 ἐν

2047 4518 2314 4591 ἁμαρτίᾳ,
2340 4519 2544 4591 κατέϐη
2575 4520 2666 4574 ἐπὶ
2691 4518 2792 4591 τὴν
2827 4519 3126 4592 νεκρότητα
3151 4519 3331 4590 ἡμῶν,
3366 4519 3472 4582 ἵνα,
3501 4519 3638 4573 ἀπο-

2053 4610 2304 4676 θανόντος
2331 4611 2492 4666 αὑτοῦ
2519 4614 2585 4682 τῇ
2613 4611 2877 4684 ἁμαρτίᾳ,
2911 4611 3010 4683 τὴν
3031 4611 3298 4683 νέκρωσιν
3331 4610 3426 4664 τοῦ
3456 4609 3634 4682 Ἰησοῦ

2051 4706 2111 4757 ἐν
2141 4704 2218 4775 τῷ
2254 4705 2465 4776 σώματι
2495 4704 2606 4770 (56)
2639 4705 3048 4777 περιφέροντες,
3095 4703 3195 4775 τὴν
3223 4703 3360 4774 μετὰ
3404 4701 3504 4774 τὴν
3545 4718 3637 4757 νε-

2051 4795 2288 4868 κρότητα
2322 4795 2466 4866 ζωὴν
2490 4795 2653 4849 αὑτοῦ
2684 4799 2763 4860 είς
2785 4799 2911 4862 τοὺς
2937 4796 3138 4860 αἰῶνας
3167 4795 3276 4849 τῶν
3301 4793 3512 4849 αίώνων
3540 4793 3639 4849 τά·

2050 4888 2130 4957 ξει
2175 4888 2422 4962 χωρῆσαι
2467 4887 2818 4960 δυνηθῶμεν·
2871 4891 2920 4943 οἱ
2954 4889 3064 4963 γὰρ
3112 4889 3211 4960 τὴν
3240 4888 3509 4958 νέκρωσιν
3539 4885 3635 4941 τοῦ

2063 4979 2238 5051 Ἰησοῦ
2271 4983 2328 5034 ἐν
2372 4979 2450 5051 τῷ
2485 4980 2698 5052 σώματι
2736 4981 2968 5035 πάντοτε
2996 4981 3382 5056 περιφέροντες
3411 4980 3507 5034 καὶ
3535 4979 3637 5050 τὴν

362 5086 465 5142 per
502 5068 632 5127 Jesu
677 5067 1156 5126 mortiﬁcationem
1202 5071 1255 5124 in
1303 5086 1402 5127 suo
1439 5085 1670 5142 corpore
1700 5074 1940 5128 circum-

2047 5071 2192 5143 ζωὴν
2212 5072 2307 5125 τοῦ
2353 5071 2527 5142 Ἰησοῦ
2561 5073 2775 5142 ἐξουσιν
2807 5075 2866 5128 ἐν
2891 5077 3004 5138 τοῖς
3046 5074 3291 5146 σώμασιν
3311 5073 3492 5128 αὐτῶν
3524 5089 3632 5145 φα-

363 5165 570 5230 l‘eruut,
617 5167 782 5222 etiam
841 5167 1012 5239 ipsam
1035 5162 1164 5220 Jesu
1198 5163 1363 5217 vitam
1407 5163 1643 5218 habituri
1681 5165 1790 5236 37
1819 5175 1947 5221 sunt

365 5258 418 5309 in
450 5257 770 5326 corporibus
797 5257 1037 5328 ipsorum
1064 5254 1214 5310 clare
1249 5264 1621 5325 apparentem.

433 5347 525 5402 36.
557 5347 626 5402 Et
645 5348 761 5403 hazc
779 5349 999 5418 quidem
1031 5349 1148 5420 ipse
1172 5347 1240 5404 de
1281 5347 1458 5417 seipso
1487 5346 1716 5403 inlibris
1744 5347 1938 5404 Testa-

367 5440 540 5496 menti
567 5436 703 5494 Novi
735 5441 1062 5498 enuntiavit.
1103 5441 1260 5512 Apud
1294 5439 1491 5497 Isaiam
1518 5451 1703 5496 autem
1733 5441 1749 5472 ί
1784 5456 1943 5497 suum

455 5585 502 5618 ’³
534 5583 689 5639 Prov.
724 5599 844 5647 vttt,
870 5586 958 5639 22.
1071 5586 1118 5618 "
1143 5586 1298 5642 Joan.
1330 5606 1377 5650 ι,
1407 5588 1460 5648 5.
1485 5588 1536 5642 4.

391 5655 476 5717 17,
509 5655 591 5709 l8.
667 5655 712 5686 "
743 5655 785 5710 ll
809 5655 934 5710 Cor.
968 5672 1040 5718 Iv,
1075 5655 1157 5710 10.
1238 5659 1253 5688 ¹
1283 5674 1402 5728 cap.
1435 5675 1576 5720 xm,
1605 5674 1748 5712 vers.
1770 5655 1831 5716 ’2.
1865 5660 1918 5713 5.

1651 5588 1696 5618 ’⁸
1721 5588 1920 5656 Ephcs.
1949 5603 2009 5650 ll,
2034 5589 2123 5643 9.0.

2056 5183 2214 5237 νερου
2223 5167 2410 5237 μένην.

2125 5348 2215 5403 36.
2255 5314 2364 5402 Ιξαὶ
2394 5349 2565 5405 ταῦτα
2599 5351 2696 5422 μὲν
2723 5351 2832 5406 ἀπὸ
2863 5351 2968 5406 τῶν
2995 5352 3093 5424 τῆς
3115 5352 3325 5424 Καινῆς
3357 5351 3634 5425 Διαθήκης

2055 5440 2272 5511 βιϐλίων
2317 5440 2536 5511 ἐλέγετο
2565 5443 2657 5497 ὑπ’
2694 5444 2858 5498 αὑτοῦ
2910 5444 3038 5516 περὶ
3087 5445 3280 5499 ἐαυτοῦ
3300 5462 3313 5476 ·
3349 5447 3407 5499 ἐν
3453 5445 3512 5499 δὲ
3555 5445 3636 5518 τῷ

2234 5587 2479 5644 ’διευη
2513 5593 2700 5654 mea
2833 5591 2876 5622 "
2909 5590 3038 5649 ibid.
3095 5591 3183 5648 ts.
3272 5590 3516 5662 "Avoc-
3569 5601 3618 5660 ιι

461 5811 573 5873 (56)
605 5810 705 5867 Ἐν
734 5809 808 5877 τῷ
837 5806 1075 5879 σώματι.
1121 5810 1275 5866 Deest
1302 5812 1356 5864 in
1387 5811 1570 5868 codice
1597 5813 1906 5878 Bodleiano,

2044 5829 2117 5884 fue
2147 5817 2412 5873 redditum
2441 5826 2517 5873 est
2545 5815 2610 5870 ab
2639 5815 2931 5890 interprete
2965 5818 3228 5877 Ferrario.

1829 6095 1984 6148 ‘5
