4082 6224
493 234 564 288 85
1573 230 1917 285 (ἶυδιὶΙῈ-ῘΝΤ
1976 229 2033 283 ΙΝ

2138 228 2276 286 MN.
2317 229 2553 285 TOMUS
2593 230 2632 284 Ι.
3680 233 3759 281 κάς-

501 354 703 427 Ἦσαῖᾳ
737 354 971 424 ἔφασκεν
998 354 1101 408 ὑπὸ
1134 354 1225 407 τοῦ
1256 354 1468 425 Πατρός
1501 352 1776 406 τεθεῖσθαι
1812 352 1976 405 αὑτοῦ
2010 371 2033 405 τ

2138 396 2144 409 .
2174 349 2346 420 ipsius
2374 366 2435 405 os
2461 366 2491 404 a
2514 347 2930 417 Patrc'positum
2959 360 3093 401 esse
3111 345 3246 400 dixit
3268 384 3283 407 ,
3309 340 3472 398 veluti
3509 341 3749 413 gladium

494 447 668 519 στόμα
698 448 772 511 ὡς
806 448 1076 519 μάχαιραν
1113 448 1312 514 όξείαν,
1348 448 1441 500 καὶ
1474 446 1780 519 κεκρύφθαι
1815 446 1919 499 ὑπὸ
1968 447 2033 517 τὴ

2177 453 2421 507 acutum,
2451 448 2505 495 et
2536 456 2594 495 se
2619 440 2999 495 absconditum
3030 436 3194 491 fuisse
3209 436 3309 491 sub
3333 432 3524 488 tuubra
3555 448 3750 487 manus

494 542 699 613 σκέπην
730 542 827 611 τῆς
853 543 1033 613 χειρὸς
1082 541 1269 605 αὑτοῦ,
1305 541 1449 612 βέλει
1492 539 1733 610 ὲκλεκτῷ
1773 539 2033 610 ὡμοιωμέ

2178 535 2369 603 ipsius,
2400 534 2761 589 assimilatum
2794 531 3013 586 interim
3064 530 3276 601 sagitta:
3315 527 3524 591 electae,
3585 533 3641 580 et
3692 524 3748 577 in

489 650 596 696 νος,
634 633 728 687 καὶ
772 635 831 687 ὲν
870 638 937 705 τῇ
974 634 1223 705 φαρέτρα
1260 632 1355 687 τοῦ
1403 633 1617 705 Πατρὸς
1667 631 2033 703 κεκρυμμένος

2175 626 2355 681 Patris
2389 626 2645 697 pharetra
2670 625 3045 680 absconditum
3081 637 3335 679 :servum
3385 618 3477 674 Dei
3522 618 3746 672 uniter.

484 720 668 789 δοῦλος
694 724 789 779 τοῦ
830 724 965 779 Θεοῦ
1016 726 1125 779 τῶν
1171 725 1309 780 ὅλων
1349 726 1442 777 ὑπ’
1478 724 1643 778 αὑτοῦ
1700 723 2031 793 καλούμενος

2171 731 2357 770 surum
2389 717 2458 771 ab
2488 717 2602 786 ipso
2630 724 2902 781 vocatum,
2939 724 2994 769 et
3024 715 3299 775 lsraelem,
3329 722 3383 766 et
3409 714 3585 765 lucem
3616 723 3749 777 gen-

484 814 581 867 καὶ
637 814 882 888 Ἰσραὴλ,
934 818 1029 869 καὶ⁸
1084 816 1202 886 φῶς
1260 816 1448 869 ἐθνῶν.
1502 815 1760 885 Μάχαιρα
1822 814 1921 884 μὲν
1972 809 2030 867 οῦ

2174 808 2329 866 lium.
2360 808 2587 865 Gladius
2618 809 2797 879 itaque
2828 819 3020 862 acutus
3045 816 3129 862 est
3174 822 3237 861 os
3286 805 3406 860 Filii
3456 805 3568 869 Dei,
3610 817 3747 871 quo-

482 903 633 969 ὀξεῖά
664 905 783 959 ἐστι
828 908 892 960 τὸ
934 908 1109 978 στόμα
1140 904 1234 960 τοῦ
1276 906 1403 960 Υἰοῦ
1442 904 1536 959 τοῦ
1572 904 1731 971 Θεοῦ,
1775 906 1899 959 ἐπεὶ
1934 903 2033 959 Ζιῖκ

2171 900 2316 954 niam
2347 902 2492 955 vivus
2521 911 2594 956 est
2629 917 2799 956 sermo
2834 898 2951 965 Dei,
2998 910 3044 952 et
3077 900 3279 969 efﬁcax,
3312 908 3360 950 et
3389 895 3748 965 penetrantior

482 997 764 1067 τυγχάνει
805 1002 838 1053 ό
874 999 1055 1068 λόγος
1103 998 1208 1053 τοῦ
1257 998 1439 1063 Θεοῦ,
1488 997 1585 1051 καί
1634 996 1919 1066 ἐνεργὴς,
1962 1014 2033 1051 κα

2166 994 2350 1063 quovis
2371 992 2551 1063 gladio
2582 994 2826 1064 utrinque
2857 992 3141 1055 incidente,
3166 999 3215 1044 el
3238 989 3539 1057 pertingens
3577 1002 3741 1055 usque

482 1088 809 1157 τομώτερος
844 1087 995 1156 ὑπὲρ
1032 1088 1238 1145 πᾶσαν
1261 1089 1561 1161 μάχαιραν
1608 1089 1920 1158 δίστομον,
1962 1107 2033 1144 κα

2168 1086 2235 1137 ad
2259 1084 2570 1138 divisionem
2603 1085 2798 1138 anima:
2828 1084 2987 1138 simul
3030 1098 3094 1136 ac
3120 1082 3356 1150 spiritus.
3397 1093 3731 1148 compagum-

483 1178 899 1249 διικνούμενος
930 1182 1064 1251 ἄχρι
1091 1182 1384 1253 μερισμοῦ
1420 1180 1632 1251 ψυχῆς
1672 1181 1771 1234 καί
1803 1182 2033 1249 πνεύμα

2168 1190 2267 1243 que
2291 1183 2339 1228 et
2370 1174 2748 1238 medullarum,
2772 1182 2821 1227 et
2851 1174 3113 1227 discretor
3142 1171 3541 1240 cogitationum,
3570 1179 3617 1222 et
3644 1184 3737 1221 no-

483 1283 621 1337 τος,
664 1271 865 1341 ἁρμῶν
908 1290 971 1327 τε
1008 1273 1106 1328 καί
1148 1273 1414 1343 μυελῶν,
1456 1272 1557 1327 καί
1599 1271 1860 1340 κριτικὸς
1893 1272 2033 1327 ἐνθυ

2172 1266 2372 1318 tionum
2420 1266 2595 1320 cordis
2625 1268 2669 1330 ';
2717 1265 3021 1335 praesertim
3085 1278 3207 1317 cum
3264 1261 3492 1325 venerit,
3527 1276 3634 1314 non
3687 1270 3745 1313 ut

479 1360 724 1429 μήσεων
758 1363 855 1416 καὶ
883 1364 1132 1418 ἐννοιῶν
1158 1365 1409 1434 καρδίας
1426 1381 1440 1396 °
1478 1364 1654 1426 ἄλλως
1682 1380 1740 1415 τε
1773 1362 1865 1415 καὶ
1892 1362 2032 1416 ὲλθὼ

2172 1358 2342 1410 mittat
2375 1371 2563 1426 pacem
2598 1374 2763 1429 super
2791 1368 2993 1413 terram
3017 1358 3059 1420 ³,
3090 1357 3192 1411 hoc
3221 1363 3305 1410 est
3346 1355 3399 1408 in
3440 1367 3528 1409 res
3556 1366 3743 1421 corpu-

480 1452 581 1505 οὑκ
612 1454 830 1525 εἰρήνην
876 1456 967 1509 ἐπὶ
996 1457 1098 1528 τὴν
1141 1457 1269 1527 γῆν,
1314 1457 1591 1509 τουτέστιν
1637 1455 1728 1507 ἐπὶ
1759 1456 1825 1507 τὰ
1875 1471 2032 1524 σωμα

2170 1462 2291 1503 reas
2331 1457 2388 1502 et
2435 1450 2761 1515 seusibiles,
2815 1449 2909 1504 sed
2944 1448 3205 1519 gladium,
3255 1453 3310 1500 et
3349 1456 3411 1501 ut
3467 1443 3743 1499 discindat

477 1542 603 1597 τικά
645 1546 739 1598 καὶ
769 1545 1003 1617 αἰσθητά
1053 1547 1259 1617 βαλεῖν,
1300 1545 1438 1601 ἀλλά
1486 1545 1773 1618 μάχαιραν,
1807 1546 1900 1599 καὶ
1938 1546 2033 1599 δια·

2166 1545 2552 1611 perniciosam,
2621 1556 2678 1600 ut
2727 1548 2798 1601 ita
2831 1548 3038 1616 loquar,
3077 1545 3319 1614 corporis
3359 1542 3656 1598 amicitiam
3688 1550 3738 1596 ct

477 1633 694 1689 κόπτων
725 1636 845 1707 τὴν,
879 1638 948 1689 ἶν’
972 1637 1147 1701 οὕτως
1183 1640 1342 1703 εἴπω,
1374 1637 1634 1708 ὲπιόλαόῆ
1664 1637 1841 1707 φιλίαν
1875 1636 2033 1708 ψυχῆς

2162 1636 2377 1701 animm,
2407 1652 2518 1707 quo
2547 1639 2727 1692 anima
2758 1638 3083 1708 permittens
3109 1637 3347 1707 seipsam
3374 1633 3612 1706 spiritui,
3641 1634 3735 1704 (pi

476 1726 573 1779 καὶ
633 1724 913 1797 σώματος,
970 1727 1036 1779 ἶν’
1083 1729 1116 1797 ἠ
1166 1727 1331 1797 ψυχὴ,
1393 1725 1697 1780 έπιδιδοῦσα
1755 1726 1924 1796 αὐτὴν
1978 1727 2033 1797 τᾷ

2159 1729 2356 1784 militat
2376 1730 2639 1785 adversus
2667 1744 2914 1794 carnem,
2942 1728 3244 1783 amicitiam
3272 1742 3396 1782 cum
3426 1725 3536 1780 Deo
3568 1717 3737 1790 ineat;

477 1818 896 1889 στρατευομένῳ
941 1817 1084 1871 κατά
1128 1818 1225 1888 τῆς
1258 1818 1455 1889 σαρκὸς
1487 1817 1774 1889 πνεύματι,
1820 1819 2033 1891 φιλιωθῖ

2155 1820 2413 1891 gladium,
2444 1820 2527 1876 vel
2567 1830 2824 1891 tanquam
2880 1821 3117 1891 gladium
3168 1831 3387 1875 acutum
3435 1817 3625 1873 habuit
3670 1833 3738 1873 os

474 1907 557 1979 τῷ
586 1909 735 1977 Θεῷο
777 1908 1067 1981 μάχαιραν,
1100 1908 1131 1977 ἢ
1163 1908 1239 1971 ὡς
1266 1908 1537 1980 μάχαιραν
1574 1908 1752 1974 ὀξεῖαν
1784 1910 1928 1964 κατά
1965 1913 2033 1965 τοι

2150 1911 2301 1980 juxta
2328 1913 2708 1982 propheticum
2728 1928 3057 1967 sermonem.
3085 1911 3225 1979 Quin
3250 1912 3414 1967 etiatn
3440 1909 3737 1981 inspiciens

478 2001 815 2071 προςρητικδν
847 2000 997 2069 λόγον
1036 1999 1157 2069 έσχε
1195 1999 1257 2052 τὸ
1290 2000 1480 2070 στόμα.
1523 2000 1685 2053 Ἀλλὰ
1716 2002 1812 2054 καὶ
1844 2001 2033 2073 βλέπωε

2157 2004 2355 2072 aliquis
2388 2014 2469 2060 tot
2504 2005 2689 2060 divino
2714 2020 2903 2060 amore
2932 2006 3228 2069 sauciatos,
3264 2019 3369 2059 nou
3394 2017 3555 2059 secus
3574 2012 3739 2072 atque

474 2090 765 2155 τοσούτους
810 2089 1178 2161 τετρωμένους
1208 2093 1274 2160 τῇ
1330 2090 1452 2161 θείᾳ
1501 2091 1714 2164 ἀγάπῃ,
1744 2091 1944 2163 ὁμοίως
1988 2096 2033 2164 τῇ

2157 2103 2277 2150 erat
2299 2095 2412 2160 illa,
2439 2110 2559 2163 quae
2589 2096 2642 2149 in
2675 2095 2903 2151 Cantico
2929 2095 3267 2150 canticorum
3292 2108 3350 2148 se
3378 2093 3484 2147 hoc
3518 2107 3735 2161 passam

475 2179 807 2251 ὁμολογούσῃ
853 2177 1009 2232 τοῦτο
1059 2177 1387 2232 πεπονθέναι
1430 2179 1489 2229 ὲν
1545 2177 1625 2249 τῷ
1660 2178 1899 2248 ’ᾼσματι
1946 2178 2033 2231 τῶε

2156 2180 2447 2247 fatebatur,
2476 2182 2729 2252 inquiens
2755 2200 2770 2237 :
2803 2184 2995 2237 Amore
3019 2182 3297 2238 vulnerata
3338 2199 3431 2253 ego
3462 2200 3576 2235 sum
3600 2182 3655 2247 ⁸;
3691 2184 3741 2237 is

474 2270 730 2340 ᾀσμάτων
756 2267 844 2322 διὰ
887 2266 1067 2332 τοῦτο,
1106 2268 1219 2334 ὅτι,
1276 2267 1608 2337 τετρωμένη
1656 2267 1899 2342 ἀγάπης
1940 2269 2029 2340 (57

2152 2271 2397 2341 profecto
2425 2286 2529 2327 non
2568 2272 2733 2327 aliam
2786 2273 3108 2327 inventurus
3167 2281 3254 2327 est
3306 2273 3564 2344 sagittam
3625 2281 3742 2328 tam.

469 2359 604 2428 ἐγὼ,
635 2359 695 2413 τὸ
724 2359 944 2431 τρῶσαν
976 2358 1129 2430 βέλος
1157 2358 1257 2422 τάς
1287 2358 1396 2412 τῶν
1422 2358 1692 2415 τοσούτων
1721 2360 1802 2422 εἰς
1831 2358 2033 2431 ἀγάπηι

2151 2360 2443 2418 multorum
2493 2363 2706 2418 animas
2743 2377 2930 2418 amore
2982 2363 3078 2417 Dei
3131 2364 3532 2430 vulnerantem,
3567 2379 3732 2435 quam

463 2448 605 2503 Θεοῦ
652 2449 831 2521 ψυχὰς
877 2450 981 2504 οὐκ
1025 2451 1153 2505 ἀλλο
1199 2467 1252 2503 τι
1298 2450 1521 2522 εὑρήσει
1571 2449 1605 2521 ἢ
1642 2450 1735 2505 τὸν
1790 2450 2033 2507 εἰπόνταί

2149 2472 2272 2513 eum
2310 2457 2404 2529 qui
2429 2457 2562 2514 dicit
2598 2458 2620 2489 ⁸
2649 2473 2663 2511 :
2707 2454 2900 2512 Posuit
2927 2474 3006 2513 me
3036 2457 3173 2513 sicut
3199 2460 3449 2530 sagittam
3490 2459 3731 2515 electam.

469 2540 692 2609 Ἐ’θηκέ
713 2559 792 2610 με
822 2542 903 2609 ὡς
927 2541 1116 2609 βέλος
1142 2541 1447 2597 ἐιιεκτόν.

537 2629 626 2683 57.
675 2630 798 2683 Ἔτι
828 2630 886 2684 δὲ
916 2632 1023 2695 πᾶς
1063 2633 1092 2685 6
1125 2632 1326 2696 συνιεὶς
1376 2630 1494 2695 πῶς
1535 2633 1648 2697 τοῖς
1680 2632 2033 2706 μαθητευομέ-

2219 2638 2308 2693 37.
2373 2637 2454 2693 Ad
2490 2638 2608 2693 haec
2640 2637 2893 2708 quisquis
2925 2637 3255 2694 intellexerit
3296 2653 3529 2708 quonam
3571 2647 3731 2709 pacto

465 2735 580 2783 νοις
604 2722 633 2774 6
682 2721 890 2792 Ἰησοῦς
916 2724 1210 2795 γεγένηται
1236 2725 1334 2795 οὐχ
1360 2725 1435 2789 ὡς
1468 2727 1497 2780 6
1526 2727 1902 2798 ἀνακείμενος,
1934 2728 2033 2782 ἀλλ

2148 2729 2306 2787 Jesus
2339 2730 2513 2786 factus
2537 2732 2610 2785 sit
2637 2731 2919 2800 discipulis
2960 2746 3070 2786 non
3099 2741 3357 2801 tanquam
3383 2732 3727 2794 recumbens,

469 2808 548 2872 ὡς
582 2811 613 2862 ὁ
632 2809 915 2876 διακονῶν,
947 2815 1161 2885 μορφὴν
1193 2814 1379 2869 δούλου
1403 2817 1431 2869 6
1455 2816 1584 2881 Υἱὸς
1616 2817 1709 2871 τοῦ
1741 2818 1876 2873 Θεοῦ
1911 2820 2033 2891 ὑπεε

2151 2824 2245 2877 sed
2310 2831 2571 2891 tauquam
2609 2822 2953 2886 ministrans,
3006 2824 3209 2894 quippe
3257 2823 3505 2891 quicum
3561 2821 3730 2876 Filius

469 2900 787 2976 ἀλευθερίας
841 2905 951 2959 τῶν
996 2906 1397 2963 δουλευσάντων
1447 2912 1513 2981 τῇ
1557 2912 1803 2984 ἁμαρτίᾳ
1845 2913 2033 2977 λαϐὼνἶ

2152 2915 2245 2970 Dei
2276 2925 2442 2980 esset,
2479 2929 2579 2985 pro
2610 2914 2909 2970 liberandis
2943 2914 3009 2970 iis
3028 2915 3119 2985 qui
3144 2925 3368 2985 peccato
3391 2914 3727 2973 serviebant.

465 2995 571 3052 οὐκ
599 2997 855 3071 ἀγνοήσει
892 2999 1014 3055 τίνα
1044 2999 1244 3073 τρόπον
1270 3002 1299 3054 6
1324 3002 1517 3075 Πατήρ
1548 3020 1681 3073 φησι
1719 3004 1855 3077 πρὸς
1885 3006 2033 3061 αὐτοι

2150 3004 2379 3058 formam
2434 3004 2578 3060 servi
2621 3004 2951 3075 sumpserit,
2998 3020 3103 3057 non
3146 3004 3418 3075 ignorabit
3458 3003 3728 3074 quomodo

465 3091 558 3145 τό·
597 3091 823 3161 Δοῦλός
849 3111 969 3164 μου
1008 3091 1069 3150 εἴ
1098 3096 1211 3150 σύ·
1248 3094 1342 3149 καὶ
1376 3098 1493 3167 μετ’
1521 3096 1708 3165 ὀλίγα⁸
1743 3097 1909 3167 Μέγα
1944 3116 2033 3153 σοι

2149 3096 2217 3151 ad
2267 3095 2443 3166 ipsum
2495 3095 2659 3153 Pater
2710 3098 2902 3153 dicat:
2942 3096 3133 3152 Servus
3180 3113 3324 3150 metis
3375 3112 3428 3150 es
3483 3106 3537 3148 tu
3576 3096 3618 3155 ‘,
3660 3108 3727 3147 ac

465 3183 599 3239 ἐστι
654 3184 831 3239 τοῦτο
878 3187 1176 3257 κληθῆναί
1209 3203 1282 3242 σε
1324 3187 1507 3242 παῖδά
1550 3207 1690 3258 μου.
1735 3188 2033 3262 Τολμητέοη

2149 3201 2274 3243 ηιοι
2308 3206 2323 3243 :
2353 3186 2607 3259 Magnum
2648 3188 2744 3242 tibi
2772 3196 2873 3251 est,
2925 3199 2980 3243 ut
3037 3189 3231 3243 voceris
3285 3204 3467 3255 servus
3504 3203 3649 3240 meus
3680 3186 3722 3239 ⁷.

466 3274 575 3345 γὰρ
616 3277 788 3331 εἰπεῖν
822 3277 1061 3342 πλείονα,
1091 3280 1185 3333 καὶ
1215 3279 1513 3351 θειοτέραν,
1549 3281 1644 3335 καὶ
1673 3280 1890 3353 ἀληθῶς
1924 3283 2045 3335 κατ’

465 3366 648 3422 εἰκόνα
693 3368 788 3423 τοῦ
836 3371 1046 3441 Πατρὸς
1096 3372 1195 3444 τὴν
1250 3373 1562 3445 ἀγαθότητα
1610 3374 1895 3445 φαίνεσθαι
1948 3376 2042 3431 τοῦ

464 3459 699 3530 Χριστοῦ
719 3501 734 3525 ,
787 3462 877 3515 ὅτε
947 3463 1194 3517 Ἑαυτὸν
1256 3464 1625 3520 ἐταπείνωσε
1646 3506 1661 3530 ,
1723 3468 2043 3538 γενόμενος

460 3549 731 3617 ὑπήκοος
752 3551 928 3621 μέχρι
959 3551 1236 3619 θανάτου,
1280 3555 1537 3611 θανάτου
1570 3554 1642 3609 δὲ
1675 3558 1961 3627 σταυροῦ,
2006 3559 2039 3631 ἦ

461 3642 513 3693 εἰ
550 3642 841 3713 ἁρπαγμὸν
870 3646 1112 3716 ἡγήσατο
1137 3645 1198 3699 τὸ
1231 3642 1369 3701 εἶναι
1398 3648 1490 3701 ἴσα
1525 3648 1663 3719 Θεῷ,
1691 3650 1784 3703 καὶ
1814 3650 1888 3721 μὴ
1920 3650 2042 3721 βουο

462 3731 650 3803 ληθεὶς
688 3734 781 3787 ἐπὶ
804 3738 869 3806 τῇ
898 3736 991 3789 τοῦ
1023 3737 1229 3807 κόσμου
1260 3739 1509 3811 ,σωτηρίᾳ
1543 3739 1793 3807 γενέσθαι
1830 3740 2037 3806 δοῦλος.

463 3825 564 3879 Διά
610 3824 788 3890 τοῦτο,
829 3827 1035 3893 διδάξαι
1089 3831 1237 3901 ἡμᾶς
1303 3830 1621 3901 βουλόμενος
1669 3832 1811 3902 μέγα
1868 3833 2041 3903 δῶρον

464 3920 750 3991 εἰληφέναι
780 3922 887 3976 ἀπὸ
918 3922 1011 3977 τοῦ
1043 3924 1254 3995 Πατρὸς
1296 3922 1372 3993 τῷ
1416 3922 1589 3987 οῦτως
1622 3924 1730 3994 (38)
1764 3924 2041 3979 δεδουλευ-

461 4011 646 4075 κέναι,
683 4013 846 4085 φησί·
895 4014 1005 4069 Καὶ
1046 4018 1079 4069 ό
1120 4015 1267 4080 Θεός
1306 4032 1426 4083 μου
1472 4014 1644 4068 ἔσται
1684 4032 1787 4084 μοι
1821 4017 2036 4084 ἰσχύς·

459 4103 559 4157 καὶ
597 4100 727 4159 εἶπέ
751 4123 852 4174 μοι
871 4121 886 4136 ·
926 4108 1091 4177 Μέγα
1124 4106 1226 4161 σοί
1254 4106 1385 4161 ἐστι
1416 4106 1593 4161 τοῦτο
1625 4108 1929 4177 κληθῆναί
1963 4125 2038 4163 σε

458 4194 643 4249 παῖδά
700 4214 839 4265 μου.
889 4196 982 4268 Μὴ
1042 4198 1330 4268 γενόμενος
1378 4196 1489 4269 γὰρ
1540 4196 1759 4263 δοῦλος,
1818 4200 1917 4254 οὐκ
1968 4201 2035 4256 ἂν

2156 3278 2291 3333 Nam
2328 3280 2485 3335 nobis
2514 3280 2818 3336 audendum
2849 3289 2935 3335 est
2968 3280 3175 3348 dicere,
3204 3279 3463 3350 majorem
3490 3278 3725 3333 divinio-

2145 3384 2400 3440 remque,
2451 3378 2613 3441 atque
2668 3384 2797 3425 vere
2830 3370 3129 3425 sectmdum
3181 3368 3470 3439 imaginem
3522 3367 3722 3429 Patris,

2143 3460 2344 3517 Christi
2378 3461 2677 3519 bonitatem
2716 3478 2988 3534 apparere
3012 3501 3028 3527 ,
3058 3462 3275 3530 quando
3297 3461 3541 3515 humilem
3586 3476 3723 3529 prae-

2144 3556 2254 3608 buit
2286 3556 2641 3625 semetipsum,
2683 3555 2856 3624 factus
2896 3554 3139 3607 obediens
3181 3569 3342 3622 usque
3377 3552 3445 3603 ml
3476 3562 3718 3614 mortem,

2142 3656 2357 3701 mortem
2380 3656 2557 3701 autem
2588 3647 2760 3698 crucis
2790 3645 2833 3706 ⁸,
2859 3659 3047 3712 quam,
3075 3644 3120 3695 si
3152 3644 3393 3710 rapinam
3422 3642 3719 3694 arbitratus

2141 3755 2262 3793 esse
2291 3752 2348 3792 se
2376 3736 2642 3807 :equalem
2678 3737 2787 3790 Deo
2818 3736 2861 3799 ’,
2899 3735 3162 3788 noluisset
3199 3747 3294 3800 pro
3327 3733 3509 3785 mimdi
3545 3733 3721 3786 salute

2143 3828 2259 3883 ﬁeri
2311 3842 2519 3882 servus.
2574 3824 2657 3880 Ob
2704 3840 2823 3882 eam
2883 3838 3103 3879 causam
3141 3824 3327 3878 volens
3374 3838 3471 3877 nos
3521 3824 3720 3878 docere

2143 3933 2393 3989 maguum
2448 3919 2650 3974 donum
2696 3932 2758 3973 se
2805 3916 3028 3972 aPalrc
3085 3917 3385 3986 accepisse,
3436 3916 3581 3985 quod
3637 3916 3717 3969 Sit‘.

2140 4009 2410 4075 servierit,
2458 4008 2702 4081 inquit“
2738 4026 2752 4063 :
2791 4007 2860 4064 Et
2912 4008 3053 4062 Deus
3094 4024 3240 4063 meus
3292 4006 3405 4080 38
3453 4009 3550 4062 erit
3586 4007 3716 4061 mihi

2138 4103 2394 4173 fortitudo
2420 4120 2535 4157 mea
2560 4119 2578 4157 :
2603 4101 2673 4157 Et
2715 4104 2849 4158 dixit
2884 4103 3013 4156 mihi
3039 4100 3333 4171 :Maguum
3367 4102 3461 4154 tibi
3495 4113 3569 4156 est
3596 4141 3612 4166 ,
3657 4111 3714 4154 ut

2137 4197 2329 4252 voceris
2373 4212 2553 4251 servus
2582 4211 2763 4250 meus:
2790 4211 2912 4250 nam
2952 4209 3142 4249 servus
3197 4208 3301 4248 non
3354 4193 3571 4259 factus,
3606 4207 3711 4247 non

458 4286 654 4357 ἔστησε
682 4286 781 4351 τὰς
814 4288 986 4357 φυλὰς
1014 4287 1109 4341 τοῦ
1151 4287 1342 4341 Ἰακὼὸ
1374 4287 1506 4359 (59),
1536 4289 1658 4342 οὐδὲ
1686 4289 1784 4361 τὴν
1812 4290 2033 4346 διασπο-

2138 4289 2431 4365 excitasset
2459 4287 2650 4354 Jacob,
2681 4304 2856 4358 neque
2880 4288 3278 4358 dispersionem
3303 4285 3469 4341 Israel
3492 4300 3715 4342 conver-

459 4379 561 4452 ράν
597 4379 692 4434 τοῦ
728 4379 944 4453 Ἰσραὴλ
991 4380 1345 4452 ἐπέστρεψεν,
1384 4380 1496 4435 ἀλλ’
1526 4381 1646 4435 οὐδὲ
1681 4383 1923 4451 ἐγεγόνει
1964 4385 2031 4441 ἂν

2138 4385 2295 4441 tisset
2326 4400 2341 4438 :
2376 4384 2470 4439 sed
2506 4397 2685 4453 neque
2715 4382 2927 4437 futurus
2954 4390 3072 4437 erat
3122 4380 3174 4435 in
3227 4380 3403 4433 lucem
3448 4379 3709 4447 gentium.

456 4474 537 4536 εἰς
576 4472 691 4542 φῶς
728 4473 899 4526 ὲθνῶν
926 4473 1022 4527 τοῦ
1050 4470 1185 4528 εἶναι
1214 4474 1295 4536 εἰς
1340 4474 1615 4547 σωτηρίαν
1656 4474 1760 4538 ἕως
1799 4478 2026 4549 ἐσχάτου

454 4563 555 4633 τῆς
573 4563 695 4634 γῆς.
730 4565 837 4618 Καὶ
863 4565 1078 4637 μέτριόν
1100 4582 1164 4635 γε
1196 4566 1257 4618 τὸ
1284 4566 1468 4620 δοῦλον
1495 4567 1655 4621 αὑτὸν
1678 4568 1948 4636 γενέσθαι,
1978 4572 2029 4625 εἰ

458 4655 553 4709 καὶ
580 4656 721 4725 μέγα
750 4654 855 4707 ὑπὸ
887 4654 980 4708 τοῦ
1012 4653 1224 4727 Πατρδς
1266 4651 1403 4712 εἶναι
1434 4656 1592 4709 τοῦτο
1620 4656 1856 4726 λέγεται,
1900 4676 2031 4729 συγ-

456 4744 636 4817 κρίσει
678 4746 865 4818 ἀρνίου
913 4744 1120 4799 ἀκάκου
1165 4745 1260 4800 val.
1306 4744 1512 4817 ἀμνοῦ·
1562 4745 1638 4811 ὡς
1680 4745 1789 4819 γὰρ
1840 4749 2029 4821 ἀρνίον

452 4836 659 4891 ἄκακον
706 4836 998 4907 γεγένηται
1044 4836 1311 4907 ἀγόμενον
1348 4836 1443 4891 τοῦ
1495 4836 1716 4893 θύεσθαι
1756 4842 1784 4894 6
1832 4841 2029 4913 ’Δμνὸς

450 4927 546 4982 τοῦ
592 4926 751 4991 Θεοῦ,
802 4928 890 4982 ἵνα
939 4928 1046 5000 ἀρῃ
1094 4927 1193 4999 τὴν
1252 4928 1526 5001 ἁμαρτίαν
1574 4929 1670 4983 τοῦ
1719 4931 1948 5004 κόσμου,
1993 4934 2023 4987 6

450 5022 586 5075 πᾶσι
630 5019 727 5075 τοῦ
776 5020 934 5091 λόγου
973 5020 1225 5093 χορηγὸς,
1253 5019 1557 5092 ὠμοιωθεὶς
1589 5020 1748 5093 ἀμνῷ
1794 5021 2023 5080 ἐνώπιον

447 5111 545 5165 τοῦ
572 5112 845 5184 κείροντος
872 5111 1091 5183 ἀφώνῳ,
1117 5112 1267 5177 ὅπως
1304 5110 1383 5184 τῷ
1418 5112 1632 5184 θανάτῳ
1657 5114 1822 5169 αὑτοῦ
1862 5118 2024 5189 ἡμεῖς

447 5205 648 5268 πάντες
672 5204 1054 5277 καθαρθῶμεν,
1089 5204 1455 5278 ἀναδιδομένῳ
1487 5206 1688 5278 τρόπον
1727 5212 2019 5285 φαρμάκου

2135 4487 2194 4533 ut
2244 4490 2418 4547 usque
2467 4475 2534 4530 ad
2583 4484 2889 4529 extremum
2930 4483 3088 4529 terra:
3117 4469 3266 4526 salus
3297 4477 3463 4523 esset.
3524 4468 3590 4522 Et
3627 4485 3714 4524 res

2134 4569 2355 4638 quidem
2402 4581 2510 4623 non
2545 4581 2717 4637 usque
2755 4566 2891 4619 adeo
2932 4579 3123 4634 magna
3173 4567 3275 4624 est,
3331 4560 3473 4629 quod
3519 4573 3713 4615 servus

2137 4658 2252 4727 ipse
2282 4655 2443 4712 l'uerit
2461 4656 2656 4719 factus,
2672 4655 2922 4725 quamvis
2944 4668 2973 4706 a
3004 4653 3164 4706 Patre
3190 4650 3293 4704 hoc
3317 4664 3569 4719 magnum
3588 4666 3712 4706 esse

2136 4750 2372 4813 dicatur,
2403 4748 2448 4803 si
2491 4747 2811 4804 conferatur
2849 4758 2974 4799 cum
3009 4741 3244 4814 agnello,
3288 4750 3345 4796 et
3377 4756 3519 4812 agno
3547 4742 3708 4798 inno-

2134 4849 2297 4897 cente
2324 4857 2340 4895 :
2372 4850 2433 4895 ut
2456 4841 2601 4895 enim
2630 4835 2877 4908 agnellus
2923 4835 3223 4903 innocens,
3264 4833 3359 4907 qui
3392 4833 3611 4892 ducitur
3652 4844 3715 4890 ut

2132 4933 2477 4991 sacriﬁcetur
2502 4932 2572 4998 ¹¹,
2595 4930 2773 4989 factus
2794 4939 2880 4988 est
2906 4931 2998 4988 ille
3022 4930 3209 5003 Agnus
3247 4929 3364 4996 Dei,
3402 4938 3462 4983 ut
3495 4926 3711 4984 auferat

2130 5035 2417 5100 peccatum
2457 5024 2667 5092 mundi,
2700 5034 2752 5081 et
2778 5026 2869 5097 qui
2891 5023 3148 5081 omnibus
3171 5033 3479 5077 sermonem
3509 5034 3706 5090 suppe-

2131 5123 2288 5187 ditat,
2308 5122 2472 5177 etiam
2502 5118 2840 5176 assimilatus
2870 5127 2956 5173 est
2984 5114 3195 5185 agnello
3217 5112 3337 5167 sine
3362 5124 3493 5165 voce
3519 5124 3702 5167 coram

2133 5215 2415 5283 tondente,
2448 5221 2508 5269 ut
2541 5221 2719 5269 morte
2767 5209 2940 5281 ipsius
2973 5220 3164 5263 omnes
3197 5218 3297 5260 nos
3326 5200 3711 5275 puriﬂcemur,

517 5347 539 5378 ¹
577 5342 741 5415 Hebr.
782 5357 854 5415 ιγ.
884 5341 979 5398 1‘2.
1046 5341 1067 5376 ³
1098 5341 1495 5415 Mat_tlt.__x,56.
1563 5340 1920 5415 ‘C:llll.¥ll,5.
1989 5348 2033 5403 ⁵ξ

2157 5364 2304 5415 xm,
2326 5346 2381 5405 2.
2460 5345 2604 5401 ‘Isa.
2635 5358 2783 5409 χιιι,
2812 5341 2867 5397 ὅ.
2940 5340 2960 5370 ⁷
2993 5337 3125 5393 ibid.
3159 5336 3213 5391 6.
3290 5338 3312 5369 ⁸
3336 5337 3538 5412 Philip.
3564 5340 3707 5408 ",8.

446 5415 469 5447 ’
492 5415 624 5471 ibid.
652 5413 706 5469 6.
786 5413 830 5446 ⁸⁸
859 5414 962 5469 lsa.
997 5427 1144 5477 χιιι,
1184 5411 1240 5479 5,
1279 5411 1332 5465 6.
1411 5412 1451 5443 ¹¹
1480 5413 1583 5466 lsa.
1617 5427 1734 5478 ιιιι,
1762 5413 1815 5469 7.

520 5529 634 5599 ('57)
670 5525 944 5597 Ἁγάπης.
970 5526 1064 5584 Sic
1089 5527 1260 5585 codex
1283 5527 1648 5599 Bodleianus;
1691 5529 1919 5587 Huctius
1955 5529 2009 5585 in

450 5608 599 5656 textu
626 5599 834 5670 ἀγάπῃ.

2126 5527 2327 5594 lluetii,
2351 5529 2413 5581 τὸ
2431 5528 2625 5591 οὕτως.

2195 5593 2319 5669 (59)
2347 5595 2567 5669 ’laxdiq
2584 5605 2732 5669 recte
2750 5593 3114 5669 ,habetgcodex
3154 5593 3514 5661 Bodleianus;
3555 5594 3695 5649 male

526 5670 638 5740 (38)
676 5656 760 5735 Τῷ
787 5656 1007 5739 ’ὸῦτως.
1070 5668 1146 5725 lta
1193 5666 1354 5725 codd.
1407 5682 1567 5733 mss.;
1621 5670 1787 5727 editio
1835 5679 2016 5726 autem

2138 5656 2305 5725 autem
2334 5668 2500 5726 editio
2525 5664 2705 5725 Huetii
2746 5664 2985 5738 Ἰσραήλ.
