4040 6210
103 4153 112 4318 ἓ

315 209 378 264 89
1409 215 1765 274 COMMENT.
1807 217 1876 273 IN
1907 217 2100 274 JOAN.
2141 217 2382 275 TOMUS
2425 217 2465 272 I.
3503 227 3571 281 9)

317 323 401 381 ni
430 322 494 378 τὸ
529 322 850 396 ἱλαστήριον
870 342 882 356 ·
917 329 946 380 ὁ
997 329 1096 400 μὲν
1131 330 1482 404 παράκλητος
1527 335 1586 388 ὲν
1622 338 1689 407 τῇ
1728 336 1902 390 Ἰωάν-

2009 347 2115 413 tus,
2169 349 2220 391 et
2263 337 2598 407 pmpitiatio,
2649 348 2704 392 et
2760 339 3209 410 propitiatorzct
3254 343 3574 396 advocatum

317 433 400 470 νου
430 415 730 486 λεγόμενος
763 419 1072 491 Ἐπιστολῇ·
1108 423 1242 476 Ἐὰν
1262 420 1374 491 γάρ
1406 441 1496 489 τις
1523 424 1754 494 ἁμάρτῃ
1787 443 1898 480 πα-

309 507 605 577 ράκλητον
641 507 866 576 ἔχομεν
892 507 1047 577 πρὸς
1087 509 1193 563 τὸν
1223 512 1454 582 Πατέρα
1499 516 1734 584 Ἰησοῦν
1765 520 1897 586 Χρι-

315 602 468 656 στὸν
497 600 754 654 δίκαιον.
789 599 901 654 Καὶ
937 595 1118 668 οὗτος
1155 605 1412 673 ἱλασμός
1436 606 1566 661 ἐστι
1606 611 1736 678 περὶ
1781 608 1898 663 τῶν

317 691 611 761 ἁμαρτιῶν
653 690 840 760 ἡμῶν.
873 693 985 745 Καὶ
1026 694 1054 745 ὁ
1089 693 1318 766 ίλασμὸς
1367 697 1426 750 ἐν
1473 700 1540 769 τῇ
1586 698 1722 772 αὑτῇ
1751 703 1896 755 Ἐπι-

319 782 469 853 οτολῇ
511 783 803 853 λεγόμενος
836 781 1063 854 ίλασμὺς
1107 781 1246 839 εἶναι
1293 787 1423 860 περὶ
1453 789 1561 843 τῶν
1609 791 1895 862 ἁμαρτιῶν

315 872 488 944 ἡμῶν.
529 872 758 944 Ὁμοίως
799 873 858 929 δὲ
901 875 994 928 καὶ
1038 877 1096 930 ὲν
1139 878 1206 948 τῇ
1241 876 1378 950 πρὸς
1425 878 1745 950 Ῥωμαίους,
1786 882 1899 936 ἱλα-

317 968 566 1037 στήριονο
614 967 714 1019 Ὃν
763 966 1048 1034 προέθετο
1091 971 1124 1022 ό
1172 968 1316 1035 Θεὸς
1377 969 1733 1040 ἱλαστήριον
1798 972 1899 1026 διὰ

314 1059 599 1123 πίστεως·
645 1050 706 1111 οῦ
759 1058 1068 1131 ίλαστηρίου
1117 1062 1199 1124 είς
1243 1062 1312 1115 τά
1347 1062 1594 1118 ὲσώτατα
1647 1064 1758 1136 (44)
1804 1066 1898 1120 καὶ

315 1152 476 1218 Ἅγια
505 1150 618 1202 τῶν
653 1149 822 1219 ἁγίων
863 1153 993 1206 σκιά
1019 1169 1101 1216 τις
1130 1153 1391 1224 ἐτύγχανε
1423 1155 1484 1207 τὸ
1515 1155 1750 1227 χρυσοῦν
1789 1157 1899 1212 ίλα·

312 1242 560 1312 στήριον,
599 1243 938 1311 ἐπικείμενον
965 1246 1078 1307 τοῖς
1107 1244 1227 1298 δυσὶ
1261 1247 1544 1318 χερουϐίμ.
1581 1247 1707 1313 Πῶς
1755 1247 1801 1300 δ’
1831 1248 1899 1303 ἂν

312 1333 668 1404 παράκλητος
707 1335 796 1387 καὶ
841 1335 1067 1406 ἱλασμὸς
1105 1338 1202 1392 καὶ
1234 1337 1567 1411 ἱλαστήριον,
1597 1340 1770 1411 χωρὶς
1807 1340 1898 1393 δυ-

310 1426 533 1494 νάμεως
586 1425 718 1479 Θεοῦ
776 1427 1206 1500 ὲξαφανιζούσης
1259 1430 1416 1502 ἡμῶν
1470 1432 1569 1504 τὴν
1615 1432 1898 1488 ἀσθένειαν

313 1517 560 1586 γενέσθαι
595 1513 706 1584 οἶός
741 1537 801 1574 τε
831 1516 922 1592 ἦν,
941 1521 1300 1594 ἐπιρρεούσης
1327 1525 1448 1588 ταῖς
1475 1523 1586 1578 τῶν
1606 1525 1894 1580 πιστευόν-

1999 429 2217 499 quidem
2269 437 2547 496 nuncupat
2572 443 2696 483 eum
2721 427 2960 484 Joannes
2997 430 3048 484 in
3094 430 3336 498 Epistola
3367 447 3460 484 sua
3490 434 3576 485 di-

1999 533 2127 572 cens
2147 519 2190 549 ⁸⁰
2218 531 2232 570 :
2264 517 2323 572 Si
2349 519 2634 586 peccaverit
2657 519 2795 588 quis,
2821 520 3133 574 advocatum
3153 521 3401 575 [tabanus
3432 525 3573 590 apud

1999 607 2212 661 Patrem
2242 606 2425 661 Iesum
2456 607 2722 662 Christum
2744 609 2975 676 justum.
3004 610 3210 665 Dicitur
3242 613 3409 666 etiam
3444 629 3566 682 pro-

1999 696 2208 765 pitiatio
2242 699 2310 750 ab
2339 701 2526 752 eodem
2558 702 2609 753 in
2639 701 2830 756 eadem
2861 700 3096 769 Epistula
3129 702 3171 732 ¹¹
3205 718 3218 755 :
3250 701 3314 754 Et
3346 703 3429 755 hic
3452 719 3577 772 pro-

1997 789 2210 856 pitiatio
2243 800 2317 843 est
2347 807 2442 858 pro
2465 793 2693 860 peccatis
2714 793 2928 846 nostris.
2965 791 3228 848 Similiter
3262 793 3313 847 itt
3339 795 3577 862 Epistula

1998 877 2068 932 ad
2115 878 2385 934 Romanos
2425 883 2494 944 “,
2533 882 2904 952 propitiatur;
2939 899 3091 951 quem
3129 887 3403 952 proposuit
3439 885 3578 940 Deus

1995 971 2398 1038 propitiatarem
2438 989 2531 1042 per
2579 973 2762 1040 ﬁdem,
2823 974 2982 1042 cuius
3033 975 3400 1046 propitiatorii
3456 985 3580 1033 erat

2001 1061 2189 1115 umbra
2223 1064 2472 1130 quasdam
2502 1079 2724 1118 auremn
2747 1065 2874 1118 illud
2901 1065 3343 1135 pmpitiatorium
3365 1068 3578 1124 duobus

2001 1150 2315 1220 impositum
2346 1153 2627 1208 cherubim
2652 1155 2709 1207 in
2733 1155 2926 1210 intima
2955 1195 2972 1221 ,
3019 1167 3074 1211 et
3103 1156 3302 1212 Sancta
3355 1168 3577 1214 sancto-

2001 1257 2144 1297 rum.
2182 1243 2597 1310 Quomodonam
2637 1259 2762 1300 vero
2789 1248 3109 1313 advocatus,
3147 1257 3203 1304 et
3235 1250 3577 1320 propitiatio,

2003 1344 2114 1391 tum
2143 1337 2308 1391 etiam
2339 1337 2783 1406 propitiatorium
2823 1353 2945 1393 esse
2972 1349 3156 1407 posset
3179 1337 3339 1396 Jesus
3370 1341 3578 1412 absque

1999 1428 2094 1486 Dei
2132 1430 2375 1499 potentia
2404 1471 2419 1496 ,
2455 1445 2574 1500 qua;
2602 1439 2846 1483 nostram
2880 1432 3060 1487 abolet
3086 1433 3457 1489 inﬁrmitatem
3478 1475 3496 1500 ,
3522 1443 3582 1490 et

2003 1534 2125 1589 qua:
2152 1521 2204 1574 in
2235 1521 2574 1576 credentium
2602 1521 2814 1576 animos
2849 1523 3043 1588 inﬂuit,
3075 1533 3132 1578 et
3157 1538 3188 1576 a
3216 1521 3342 1578 Jesu
3371 1524 3583 1580 submi-

307 1628 412 1664 των
451 1611 678 1682 ψυχαῖς,
725 1614 832 1666 ὑπὸ
883 1613 1058 1684 Ἰησοῦ
1091 1614 1534 1688 διακονουμένης,
1581 1611 1650 1689 ἧς
1682 1617 1896 1689 πρῶτός

2007 1610 2284 1676 nistratur,
2316 1613 2408 1680 qui
2432 1627 2494 1667 ea
2525 1614 2675 1682 prior
2699 1620 2819 1676 est,
2865 1629 2990 1669 cum
3016 1615 3088 1670 sit
3117 1615 3232 1685 ipsa
3258 1616 3352 1672 Dei
3385 1626 3580 1687 poten-

307 1679 858 1777 ἑστιναὺτοδύναμις
881 1679 1041 1769 Θεοῦ,
1083 1707 1150 1760 δι’
1174 1706 1232 1762 ὃν
1261 1679 1406 1762 εἴποι
1695 1679 1900 1763 liqu

2007 1702 2095 1768 tia,
2128 1717 2225 1772 per
2251 1719 2412 1775 quem
2463 1679 2626 1759 etiam
2675 1704 2826 1760 dicat
2851 1705 3056 1774 aliquis
3099 1679 3154 1738 ’ί
3171 1725 3188 1764 :
3223 1679 3417 1762 Omnia
3454 1725 3581 1779 pos-

307 1796 498 1862 ισχύω
547 1795 620 1848 ὲν
666 1795 747 1861 τῷ
801 1795 1240 1866 ἐνδυναμοῦντί
1283 1816 1362 1870 με
1397 1798 1628 1868 Χριστῷ
1667 1801 1897 1868 Ἰησοῦ;

307 1886 514 1959 Διόπερ
547 1888 772 1958 Σίμωνα
813 1887 906 1940 τὸν
959 1888 1132 1958 μάγον
1164 1891 1327 1944 αὑτὸν
1367 1890 1766 1964 ἀναγορεύοντα
1805 1889 1897 1946 δύ-

308 1997 474 2050 ναμιν
501 1978 662 2042 Θεοῦ,
693 1980 794 2050 τὴν
820 1980 1158 2052 καλουμένην
1187 1982 1448 2054 μεγάλην,
1480 1981 1636 2054 ῐσμεν
1671 1984 1787 2054 ἅμα
1817 1983 1896 2055 τῷ

314 2069 562 2140 ἀργυρίῳ
607 2069 774 2122 αὑτοῦ
825 2071 907 2134 είς
951 2070 1168 2143 ὄλεθρον
1201 2073 1296 2126 καὶ
1337 2072 1611 2128 ἀπώλειαν
1651 2078 1900 2148 κεχωρη-

311 2159 500 2212 κέναιο
538 2161 775 2230 Χριστὸν
812 2161 872 2214 δὲ
921 2161 1310 2231 ὁμολογοῦντες
1355 2163 1572 2235 ἀληθῶς
1613 2160 1754 2220 εἶναι
1804 2167 1898 2220 δύ-

311 2270 476 2321 ναμιν
533 2252 703 2316 Θεοῦ,
765 2253 942 2307 πάντα
999 2253 1070 2307 τά
1140 2255 1274 2307 ὅπου
1331 2256 1461 2309 ποτὲ
1517 2257 1900 2330 δυναμούμενα

313 2344 570 2415 μετέχειν
635 2343 833 2411 αὑτοῦ,
890 2344 1026 2401 καθὸ
1086 2339 1316 2418 δύναμίς
1373 2348 1526 2415 ἐστι,
1599 2350 1899 2404 πεπιστεύ-

311 2455 510 2507 κάμεν.

381 2529 470 2585 59.
515 2531 608 2600 Μὴ
643 2529 1121 2603 παρασιωπηθήτω
1147 2531 1193 2584 δ’
1227 2533 1382 2604 ἡμῖν,
1419 2533 1554 2604 μηδὲ
1577 2533 1712 2587 Θεοῦ
1741 2534 1900 2604 σοφία

315 2623 557 2691 εὐλόγως
587 2623 894 2694 τυγχάνων,
922 2624 1019 2678 καὶ
1050 2623 1139 2678 διά
1171 2624 1328 2678 τοῦτο
1373 2624 1518 2680 τοῦτ’
1563 2623 1701 2680 εἶναι
1750 2626 1902 2696 λεγό-

319 2727 517 2783 μενος·
562 2713 626 2766 οὐ
670 2712 780 2784 γὰρ
827 2715 884 2766 ὲν
913 2712 1094 2784 ψιλαῖς
1138 2715 1465 2783 φαντασίαις
1506 2715 1602 2768 τοῦ
1637 2715 1772 2768 Θεοῦ
1805 2716 1900 2769 καὶ

321 2802 530 2872 [ἰατρὸς
557 2802 670 2856 τῶν
700 2803 835 2858 ὅλων
860 2804 960 2876 τὴν
989 2805 1286 2860 ὑπόστασιν
1311 2805 1424 2876 ἔχει
1453 2809 1486 2878 ἡ
1519 2807 1683 2876 σοφία
1709 2808 1897 2874 αὑτοῦ,

319 2895 456 2948 κατά
484 2894 558 2948 τὰ
605 2896 864 2965 ἀνάλογον
895 2900 1008 2960 τοῖς
1047 2896 1404 2969 ἀνθρωπίνοις
1435 2900 1729 2972 ἐννοήμασι
1769 2917 1903 2970 φαν-

1999 1813 2116 1851 sum
2145 1812 2241 1866 per
2273 1794 2567 1864 Christum,
2615 1798 2710 1868 qui
2740 1813 2822 1851 tne
2851 1799 3200 1852 corroborat?
3241 1801 3585 1870 Quapropter

2000 1886 2280 1942 Simonem
2315 1888 2534 1958 quidem
2566 1889 2716 1944 illum
2767 1889 2982 1960 Magum
3010 1892 3248 1961 seipsmn
3283 1893 3584 1962 pradican-

2002 1988 2111 2035 tem
2131 1992 2254 2035 esse
2273 1981 2571 2048 potentiam
2596 1980 2716 2048 Dei,
2741 1996 2862 2051 quae
2885 1993 3112 2038 vocatur
3137 1998 3352 2054 magna,
3377 1985 3584 2052 sq'mus

1999 2086 2106 2128 una
2146 2087 2268 2126 cum
2294 2088 2391 2129 suo
2429 2083 2656 2143 argento
2705 2074 2761 2130 in
2811 2075 3092 2130 interitum
3125 2085 3181 2132 et
3222 2077 3581 2146 perditionem

2000 2166 2200 2222 abiisse
2222 2167 2307 2230 ἐς
2342 2181 2440 2222 nos
2472 2182 2602 2222 vero
2635 2167 2920 2228 Christum
2969 2184 3100 2224 vere
3151 2168 3244 2224 Dei
3279 2169 3578 2236 potentiam

2001 2272 2120 2312 esse
2151 2257 2400 2323 fatentes,
2431 2273 2771 2330 quaecunque
2815 2275 2902 2315 res
2930 2262 2982 2314 vi
3014 2260 3241 2331 pollent,
3271 2261 3440 2332 ipsius
3461 2276 3585 2317 esse

2002 2347 2300 2416 participes
2321 2362 2650 2416 persuasum
2681 2350 2968 2412 habemus.

2039 2527 2162 2594 .59.
2231 2529 2364 2584 Illud
2420 2539 2600 2586 autem
2662 2529 2884 2588 silentio
2947 2545 3054 2584 non
3119 2535 3585 2601 praetereundum,

2000 2617 2186 2673 Jesum
2212 2617 2306 2673 Dei
2343 2619 2668 2687 sapientiam
2703 2619 2903 2674 merito
2929 2620 3218 2686 exsistere,
3250 2628 3308 2676 et
3343 2621 3486 2678 hanc
3515 2625 3588 2679 ob

2002 2722 2224 2764 causam
2250 2707 2354 2764 hoc
2379 2709 2598 2764 nomine
2629 2711 2894 2779 appellari
2923 2729 2937 2765 :
2973 2713 3172 2782 quippe
3209 2727 3333 2767 cum
3365 2728 3474 2768 non
3524 2715 3580 2770 in

2003 2801 2165 2856 nudis
2193 2801 2504 2858 visionibus
2527 2803 2620 2858 Dei
2648 2813 2702 2857 et
2734 2803 2912 2862 Patris
2934 2806 3311 2861 universorum
3338 2805 3590 2861 substan-

1973 2939 1975 2942 ι
2005 2893 2134 2948 tiam
2164 2894 2362 2948 habeat
2411 2896 2680 2964 sapientia
2716 2896 2909 2966 ipsius,
2954 2897 3184 2966 perinde
3216 2906 3380 2967 atque
3411 2898 3588 2968 phan-

319 2987 589 3056 τάσματα.
617 2987 682 3040 Ei
709 2986 765 3040 δέ
791 3005 876 3053 τις
903 2982 1013 3052 οἷός
1034 2988 1095 3041 τέ
1118 2989 1266 3042 ἐστιν
1289 2988 1578 3061 ἀσώματον
1605 2992 1901 3046 ὑπόστασιν

2009 2993 2238 3039 tasmata
2286 2986 2681 3054 cogitationum
2739 2989 3127 3042 humanarum.
3181 2988 3336 3055 Quod
3386 2990 3432 3044 si
3465 2990 3591 3058 quis

325 3079 580 3134 ποικίλων
626 3081 1019 3154 θεωρημάτων,
1057 3081 1420 3153 περιεχόντων
1463 3083 1589 3146 τοὺς
1619 3083 1727 3137 τῶν
1766 3085 1903 3138 ὅλων

323 3171 530 3241 λόγους,
569 3172 774 3238 ζῶσαν,
821 3172 918 3225 καὶ
944 3172 1105 3226 οἱονεὶ
1133 3173 1375 3244 ἔμψυχον
1419 3174 1676 3237 ἐπινοεῖν,
1701 3176 1904 3230 εἴσεται

323 3266 415 3337 τὴν
447 3267 586 3338 ὑπὲρ
615 3267 796 3319 πᾶσαν
823 3265 997 3318 κτίσιν
1033 3265 1223 3334 σοφίαν
1254 3265 1350 3320 τοῦ
1385 3265 1518 3320 Θεοῦ
1552 3267 1734 3330 καλῶς
1777 3267 1906 3340 περὶ

326 3357 492 3427 αὐτῆς
531 3357 798 3424 λέγουσαν
817 3372 833 3388 ο
879 3356 934 3409 Ὀ
973 3355 1116 3422 Θεὸς
1144 3356 1348 3411 ἐκτισέ
1387 3375 1468 3424 με
1504 3357 1704 3428 ἀρχὴν
1745 3358 1903 3412 όδῶν

325 3448 508 3504 αὐτοῦ
536 3453 626 3516 εις
657 3448 802 3518 ἔργα
832 3448 1041 3512 αὑτοῦ,
1073 3447 1139 3502 δι’
1162 3449 1228 3520 ἦν
1265 3447 1443 3503 κτίσιν
1485 3448 1770 3521 δεδύνηται
1813 3451 1907 3504 καὶ

330 3541 475 3594 πᾶσα
515 3541 692 3604 κτίσις
738 3539 1056 3610 ὑφεστάναι,
1100 3540 1200 3594 οὑκ
1251 3539 1532 3611 ἀνένδοχος
1574 3536 1708 3594 οὖσα
1754 3539 1906 3606 Θείας

331 3638 516 3705 σοφίας
548 3637 674 3691 καθ’
717 3637 784 3707 ἢν
834 3635 1160 3706 γεγένηται⁸
1196 3633 1403 3689 Πάντα
1456 3635 1586 3708 γὰρ,
1622 3635 1765 3690 κατά
1815 3637 1906 3690 τὸν

329 3731 612 3801 προφήτην
669 3728 869 3791 Δαυῒδ,
920 3729 991 3782 ἐν
1035 3727 1220 3796 σοφίᾳ
1281 3728 1574 3796 ἐποίησεν
1635 3733 1669 3784 ό
1733 3731 1902 3796 Θεός.

342 3821 500 3875 Ἀλλά
533 3821 707 3876 πολλὰ
741 3822 840 3893 μὲν
873 3823 1073 3892 μετοχῇ
1121 3819 1312 3888 σοφίας
1351 3819 1666 3892 γεγένηται,
1697 3821 1797 3874 οὑκ
1822 3821 1911 3876 ἀν-

330 3915 768 3987 τιλαμϐανόμενα
814 3913 987 3984 αὑτῆς
1088 3912 1364 3966 ἔκτισται·
1403 3912 1610 3983 σφόδρα
1653 3911 1712 3966 δὲ
1754 3911 1909 3980 ὀλίγα

328 4007 386 4059 οὐ
420 4006 580 4078 μόνον
609 4005 708 4077 τὴν
737 4004 866 4077 περὶ
890 4003 1071 4058 αὑτῶν
1095 4003 1502 4075 καταλαμϐάνει
1536 4003 1749 4072 σοφίαν,
1772 4003 1910 4058 ἀλλά

330 4097 583 4169 καὶπερὶ
631 4096 840 4150 πολλῶν
891 4096 1090 4166 ἑτέρων
1135 4094 1370 4166 Χριστοῦ
1415 4094 1518 4165 τῆς
1552 4095 1734 4166 πάσης
1778 4110 1910 4164 τυγ-

331 4187 579 4254 χάνοντος
620 4187 829 4256 σοφίας.
862 4186 1134 4250 Ἕκαστος
1173 4185 1232 4239 δὲ
1275 4183 1384 4238 τῶν
1419 4186 1598 4254 σοφῶν
1630 4183 1752 4239 καθ’
1786 4185 1910 4238 ὅσον

333 4286 496 4355 χωρεῖ
520 4282 738 4352 σοφίας,
763 4279 1014 4335 τοσοῦτον
1043 4279 1260 4351 μετέχει
1286 4276 1547 4350 Χριστοῦ,
1577 4276 1714 4331 καθὸ
1749 4277 1911 4347 σοφία

2007 3084 2188 3145 potest
2211 3075 2588 3145 incorpoream
2623 3079 2984 3133 substantiam
3032 3079 3311 3134 variarum
3338 3079 3591 3150 specula-

2009 3168 2241 3232 tionum,
2285 3182 2406 3236 qua:
2428 3168 2678 3223 onmium
2712 3168 2958 3222 rationes
2982 3169 3286 3234 continent,
3317 3169 3590 3224 viventem

2006 3268 2062 3314 et
2094 3257 2205 3332 ω
2231 3257 2398 3314 veluti
2425 3260 2726 3314 animatam
2762 3259 3116 3316 considerare
3134 3301 3158 3344 ,ι
3192 3262 3238 3316 is
3261 3260 3421 3330 plane
3456 3261 3594 3316 sciet

2006 3351 2104 3408 Dei
2144 3353 2468 3422 sapientiam
2520 3355 2669 3408 omni
2705 3365 2954 3409 creatura
3006 3345 3166 3422 longe
3221 3363 3590 3424 praestantem,

2007 3459 2071 3498 ac
2095 3443 2232 3500 bene
2271 3445 2336 3498 de
2373 3445 2550 3514 seipsa
2579 3445 2799 3500 dicere:
2827 3445 2972 3500 Deus
3020 3446 3214 3500 creavit
3256 3462 3337 3500 me
3381 3447 3594 3500 initium

2007 3539 2214 3591 viarum
2246 3554 2488 3604 suarum,
2539 3539 2609 3592 ad
2641 3555 2800 3608 opera
2839 3538 2954 3607 ejus
2990 3538 3065 3605 ³⁸,
3107 3553 3202 3606 per
3240 3553 3402 3607 quam
3434 3549 3592 3591 crea-

2010 3631 2211 3684 tionem
2258 3632 2436 3697 potuit
2494 3630 2702 3699 quaevis
2751 3640 3004 3684 creatura
3055 3628 3382 3693 subsistere,
3447 3627 3591 3680 haud

2011 3735 2209 3788 expers
2248 3722 2523 3776 exsistcns
2551 3720 2745 3774 divinat
2773 3720 3078 3787 sapientizc,
3117 3733 3215 3789 per
3249 3735 3411 3788 quam
3445 3719 3589 3775 facta

2008 3812 2610 3881 est;quaudoquidem,
2660 3821 2802 3868 teste
2847 3811 3047 3868 Davide
3088 3812 3159 3878 ’⁸,
3216 3810 3286 3867 In
3328 3812 3590 3884 sapientia

2009 3905 2136 3975 fecit
2159 3904 2336 3958 omnia
2362 3904 2528 3960 Deus.
2561 3903 2670 3960 Sed
2705 3904 2876 3961 multa
2917 3904 3140 3974 quidem
3165 3904 3588 3976 participatione

2008 3999 2293 4071 sapientiae
2319 4010 2440 4054 orta
2471 4009 2622 4066 sunt,
2657 4016 2780 4072 quae
2813 3999 3054 4056 vicissim
3087 4017 3192 4057 non
3217 4009 3588 4072 assequuntur

2009 4105 2131 4148 eam
2165 4105 2271 4160 qua
2305 4099 2490 4145 creata
2519 4100 2680 4157 sunt;
2721 4105 2998 4162 perpauca
3039 4101 3222 4148 autem
3268 4101 3419 4155 sunt,
3475 4105 3596 4160 qua:

2011 4199 2118 4239 non
2153 4184 2314 4238 modo
2337 4193 2458 4239 eam
2499 4198 2622 4253 qua:
2666 4183 2736 4239 ad
2795 4199 2878 4251 se,
2928 4201 3120 4242 verum
3164 4185 3331 4240 etiam
3375 4181 3594 4253 quazad

2015 4274 2184 4328 multa
2223 4273 2328 4329 alia
2374 4283 2614 4346 spectat,
2655 4278 2981 4344 sapientiam
3039 4286 3426 4346 assequuntur,
3470 4291 3592 4331 cum

331 4375 503 4430 ἐστίν’
539 4375 733 4446 ὥσπερ
768 4375 1000 4438 ἕκαστος
1042 4372 1152 4426 τῶν
1193 4371 1419 4442 δύναμιν
1448 4371 1678 4442 ἑχόντων
1725 4371 1903 4443 κρείτ-

2014 4370 2267 4426 Christus
2314 4371 2388 4426 sit
2459 4372 2715 4428 universa
2773 4373 3062 4444 sapientia.
3115 4373 3352 4440 Quilibet
3413 4381 3595 4425 autem

333 4485 458 4524 τονα
486 4471 609 4524 ὅσον
645 4467 833 4539 εῐληχε
871 4466 971 4537 τῆς
1013 4465 1314 4537 δυνάμεως,
1347 4463 1598 4518 τοσοῦτον
1643 4460 1904 4534 Χριστοῦ,

339 4563 466 4617 καθὸ
509 4563 743 4633 δύναμίς
784 4563 930 4627 ἐστι,
974 4556 1361 4631 κεκοινώνηκε.
1411 4557 1484 4611 Τὸ
1532 4556 1911 4628 παραπλήσιον

335 4653 390 4707 δὲ
433 4656 528 4710 καὶ
559 4655 692 4728 περὶ
745 4652 1017 4723 ἀγιασμοῦ
1049 4652 1145 4706 καὶ
1190 4649 1621 4723 ἀπολυτρώσεως
1666 4651 1905 4722 νοητέον.

335 4746 499 4810 Αὐτὸς
538 4747 641 4816 μὲν
680 4743 791 4815 γὰρ
822 4741 1112 4812 ἁγιασμὸς,
1138 4739 1260 4793 ὅθεν
1292 4740 1341 4793 οἱ
1371 4738 1516 4808 ἆγιοι
1556 4736 1907 4806 άγιάζονται,

334 4839 457 4906 ἡμῖν
485 4840 514 4890 ὁ
545 4835 756 4906 Ἰησοῦς
788 4834 1077 4904 γεγένηται
1104 4832 1199 4886 καὶ
1235 4829 1612 4902 ἀπολύτρωσις
1631 4847 1645 4860 ·
1680 4829 1912 4893 ἕκαστος

331 4927 384 4982 ἃ
419 4930 579 5002 ἡμῶν
633 4929 830 5000 ἐκείνῳ
872 4926 954 4998 τῷ
997 4923 1254 4996 ἁγιασμῷ
1301 4924 1618 4992 ἁγιάζεται,
1666 4922 1760 4976 καὶ
1793 4923 1916 4975 κατ’

331 5023 542 5095 ἐκείνην
599 5021 978 5094 ἀπολύτρωσιν
1027 5017 1444 5090 ἀπολυτροῦται.
1505 5015 1828 5086 Ἐπίστησον
1859 5013 1918 5068 δὲ

329 5115 372 5166 εί
404 5115 482 5184 μὴ
515 5114 698 5185 μάτην
751 5112 814 5165 τὸ
841 5110 990 5184 ἡμῖν
1018 5110 1168 5182 παρά
1217 5108 1298 5180 τῷ
1333 5107 1640 5177 Ἀποστόλῳ
1670 5122 1916 5177 προσκα-

326 5204 496 5260 λεῖται
528 5205 670 5276 (45),
703 5204 912 5272 λέγοντι
935 5219 950 5234 ο
992 5205 1086 5268 Ὃς
1117 5201 1370 5270 ἐγενήθη
1408 5200 1596 5270 σοφία
1616 5199 1761 5268 ἡμῖν
1797 5197 1915 5253 ἀπὸ

393 5345 666 5402 "Hoan.
706 5345 847 5408 ",1.
938 5343 981 5375 ¹¹
1005 5342 1134 5396 ibid.
1169 5341 1224 5395 2.

326 5434 438 5484 sm,
475 5418 573 5474 22.
657 5416 707 5450 “
729 5413 876 5468 Ρεοι.
906 5426 1024 5476 cm,
1051 5411 1143 5465 24.

394 5535 503 5604 (ﬂ)
538 5535 645 5600 Εἷς
671 5533 745 5586 τὰ
772 5530 1062 5604 ὲσῴτατα.
1112 5529 1204 5604 Sic
1238 5538 1384 5581 recte
1417 5542 1570 5591 mss.,
1612 5527 1749 5583 male
1785 5541 1913 5580 vero

321 5598 492 5662 editio
518 5598 697 5658 linetii
725 5605 809 5664 είς
835 5601 908 5654 τὰ
937 5600 1066 5663 ἔσω,
1105 5598 1192 5653 τά.

397 5677 505 5748 [45)
534 5675 706 5746 Παρὰ
729 5672 814 5740 τῷ
853 5672 1188 5738 Ἀποστόλῳ
1211 5668 1657 5739 προσκαλεῖται.
1681 5666 1909 5724 Codices

1325 5341 1370 5372 ²¹
1395 5355 1513 5410 cap.
1547 5353 1633 5402 Ill,
1662 5352 1809 5392 vers.
1839 5336 1930 5391 25.

2011 4460 2250 4530 sapiens,
2283 4471 2556 4531 quatenus
2600 4463 2926 4532 sapientiam
2967 4464 3137 4534 capit,
3172 4463 3231 4516 ﬁt
3267 4461 3514 4524 Christi,
3542 4460 3595 4514 in

2015 4565 2281 4616 quantum
2324 4563 2408 4608 est
2436 4554 2703 4623 sapientia
2726 4593 2744 4620 ,
2785 4555 3059 4626 particeps
3090 4575 3104 4610 :
3137 4554 3594 4625 quemadmodum

2015 4644 2392 4714 unusquisque
2445 4645 2654 4701 viribus
2708 4645 2868 4716 longe
2921 4647 3276 4716 praecellens,
3333 4654 3596 4716 quantum

2015 4739 2292 4809 particeps
2321 4747 2406 4794 est
2435 4741 2728 4810 potentia},
2769 4739 3104 4793 tantumdem
3151 4740 3320 4795 etiam
3365 4738 3596 4803 Christi,

2021 4838 2292 4900 quatenus
2331 4839 2415 4884 est
2458 4827 2724 4898 potentia,
2773 4839 2859 4882 est
2902 4826 3198 4897 particeps.
3250 4830 3402 4893 Quod
3453 4825 3598 4880 idem

2019 4921 2190 4975 etiam
2219 4920 2285 4974 de
2313 4917 2766 4980 sanctiﬁcatione,
2791 4927 2846 4972 et
2875 4917 2941 4971 de
2969 4917 3336 4987 redemptione
3357 4915 3600 4970 sentien-

2021 5012 2146 5066 dum
2177 5022 2281 5067 est.
2331 5010 2452 5082 Ipsa
2483 5009 2752 5080 siquidem
2787 5010 3149 5066 sanctiﬁcatio
3179 5051 3192 5074 ,
3232 5009 3375 5064 unde
3421 5005 3600 5060 sancti

2019 5111 2244 5160 sumunt
2290 5103 2828 5166 sanctiﬁcationem,
2882 5113 2937 5158 et
2989 5101 3291 5171 redemptio
3347 5098 3600 5152 Christus

2021 5196 2178 5252 nobis
2212 5197 2393 5251 factus
2439 5205 2522 5251 est
2548 5211 2566 5255 :
2595 5197 2968 5265 unusquisque
3015 5203 3196 5247 autem
3240 5201 3483 5246 nostrum
3513 5187 3604 5242 illa

2019 5338 2065 5368 ⁸³
2096 5334 2296 5404 Philip.
2328 5349 2402 5399 tv,
2431 5333 2518 5388 13.
2599 5331 2643 5364 “
2664 5333 2785 5385 Act.
2819 5345 2936 5392 vni,
2967 5328 3022 5391 9,
3057 5327 3144 5391 10,
3175 5324 3267 5380 20.
3349 5323 3395 5354 ³⁸
3432 5322 3595 5378 Prov.

2024 5521 2226 5588 Regius
2260 5527 2314 5572 et
2350 5515 2703 5588 Bodieiapns.
2729 5510 2858 5588 περὶ
2891 5509 2968 5579 τῷ
3013 5511 3319 5588 Ἀποστόλῳ
3349 5523 3594 5588 προσκα-

2021 5581 2218 5651 λεῖται,
2252 5588 2346 5642 sed
2378 5587 2549 5641 codex
2576 5583 2906 5636 Barhcrinus
2933 5591 3076 5634 reete
3107 5583 3266 5635 habet
3295 5581 3360 5634 ad
3398 5581 3596 5644 margi-

2017 5679 2140 5718 nem
2176 5657 2325 5730 παρά
2355 5655 2434 5728 τῷ
2473 5652 2779 5724 Ἀποστόλῳ
2807 5651 3145 5724 πρόσκειται.
