4082 6224
486 213 554 266 ω
1931 204 2089 259 υιιιυ
2099 203 2181 256 ΕΝ
2191 205 2251 257 IS

3672 192 3766 249 9'2

489 317 921 374 sanctiﬁcatione
985 318 1368 374 sanetillcatur
1425 327 1480 374 et
1545 317 1636 374 illa
1694 317 2064 390 redemptione

2177 319 2336 383 Θεοῦ,
2367 316 2719 384 δικαιοσύνη
2749 331 2833 380 τε,
2877 316 2972 368 καὶ
3015 311 3327 384 ἁγιασμῦς,
3371 309 3470 365 καὶ
3509 311 3758 366 ἀπο.ἑύ-

493 409 798 464 re'dimitur.
849 409 1093 464 Observa
1118 419 1301 466 autem
1333 426 1400 464 an
1435 407 1755 480 particulam
1783 411 1930 464 nobis
1963 411 2064 464 mi-

494 500 641 555 nime
692 500 895 554 frustra
952 500 1222 556 addiderit
1259 501 1570 570 Apostolus,
1620 501 1806 556 dicens
1843 501 1886 534 "
1918 518 1931 555 :
1961 501 2064 566 Qui

495 589 665 660 factus
690 599 766 646 est
789 591 936 646 nobis
966 593 1226 661 sapientia
1250 611 1282 647 ιι
1308 592 1438 656 Deo,
1461 604 1509 647 et
1535 592 1772 663 justitia,
1799 602 1845 647 et
1875 595 2068 647 sancti-

494 682 699 752 ﬁcatio,
730 694 780 738 ct
813 686 1123 753 redemptio.
1155 685 1454 756 Itidemque
1479 688 1706 741 observa
1748 685 2065 756 Apostolunt

495 789 604 831 non
666 778 734 832 ab
787 792 846 834 re
894 777 1024 833 alibi
1085 779 1290 835 dixisse
1339 778 1588 834 absolute
1628 779 1920 839 Christum,
1972 777 2065 833 Dei

492 868 842 938 sapientiam,
867 878 921 925 et
960 870 1052 926 Dei
1084 871 1406 942 potentiam,
1443 881 1711 942 quatenus
1741 871 1974 940 potentia
2014 878 2069 924 et

494 958 764 1028 sapientia
795 969 898 1025 est,
950 959 1162 1014 etiamsi
1188 976 1286 1016 nos
1309 960 1774 1016 existimassemus
1802 977 1924 1016 eum
1960 974 2064 1014 nou

493 1061 616 1102 esse
646 1048 943 1117 potentiam
966 1049 1083 1116 Dei,
1105 1063 1284 1120 neque
1309 1050 1629 1120 sapientiam
1655 1052 1706 1105 in
1727 1051 2065 1116 universum,

493 1140 588 1193 sed
621 1139 798 1194 nobis.
857 1139 1011 1196 Nunc
1049 1150 1226 1196 autem
1275 1141 1461 1196 Jesum
1495 1142 1742 1198 scribens
1775 1141 2068 1210 Apostolus

495 1231 821 1300 sapientiam
863 1245 986 1287 esse
1044 1247 1109 1288 ac
1137 1233 1472 1304 potentiam,
1509 1233 1795 1304 aliquoties
1835 1233 2070 1288 vocabu-

2165 425 2412 480 τρωσις·
2443 409 2537 462 καὶ
2560 409 2608 460 εί
2645 407 2719 480 μὴ
2746 410 2805 462 ἐν
2836 406 3015 469 ἀλλοις
3052 407 3180 477 περὶ
3211 405 3304 458 τοῦ
3335 406 3571 477 Χριστοῦ
3606 407 3772 460 καθὺν

2166 503 2330 573 σοφία
2373 503 2522 556 ἐστὶν
2579 501 2994 572 ἀπολελυμένως
3044 498 3277 568 ἐλέγετο,
3325 499 3421 552 καὶ
3468 498 3606 553 καθὸ
3652 500 3756 553 δύ-

2164 612 2354 666 ναμις,
2396 595 2478 648 ὅτι
2541 593 2774 664 Χριστὸς
2821 591 2955 646 Θεοῦ
2999 591 3225 664 δύναμίς
3270 593 3417 656 ἐστι,
3470 593 3566 646 καὶ
3603 591 3767 646 Θεοῦ

2167 687 2361 756 σοφία,
2403 686 2505 742 κᾶν
2553 687 2928 758 ὑπενοήσαμεν
2969 684 3043 756 μὴ
3092 683 3344 750 καθάπαξ
3394 683 3556 738 αὑτὸν
3601 681 3756 738 εἶναι

2167 777 2379 847 σοφίαν,
2413 777 2547 849 μηδέ
2588 777 2816 847 δύναμιν
2855 774 3012 841 Θεοῦ,
3041 775 3176 830 ἀλλά
3214 776 3367 847 ἡμῖν.
3400 775 3513 830 Νῦν
3553 776 3611 830 δὲ
3653 779 3756 831 ἐπὶ

2171 867 2270 939 μὲν
2309 869 2409 938 τῆς
2450 869 2640 938 σοφίας
2682 869 2775 922 καὶ
2824 867 3104 939 δυνάμεως
3155 868 3292 939 πρὸς
3321 866 3400 938 τῷ
3448 868 3593 938 ἡμῖν
3650 870 3755 923 καὶ
3803 930 3810 936 _

2166 959 2229 1012 τὸ
2274 958 2539 1012 ἀπόλυτον
2595 960 3046 1032 ἀναγέγραπται,
3097 958 3190 1012 ἐπὶ
3234 959 3290 1014 δὲ
3323 959 3416 1013 τοῦ
3471 960 3751 1031 ἀγιασμοῦ

2169 1051 2265 1103 καί
2307 1050 2407 1122 τῆς
2435 1051 2864 1125 ἀπολυτρώσεως
2894 1053 2928 1123 ἡ
2966 1052 3104 1125 αὕτη
3149 1051 3423 1122 ἀπόφασις
3454 1053 3554 1106 οὐκ
3593 1053 3747 1124 εἴρη-

2167 1157 2277 1194 ται.
2323 1141 2522 1214 Διόπερ
2569 1144 2689 1216 ὅρα,
2742 1144 2872 1198 ἐπεὶ
2914 1147 2948 1198 ὀ
2997 1142 3248 1214 ἁγιάζων
3281 1143 3378 1197 καὶ
3420 1146 3476 1198 οι
3517 1143 3749 1214 ἁγιαζό-

2163 1251 2335 1305 μενοι
2375 1235 2447 1300 ἐξ
2495 1235 2639 1301 ἐνὸς
2691 1235 2944 1304 πάντες,
2995 1237 3044 1290 εἰ
3100 1235 3265 1291 αὑτοῦ
3325 1234 3420 1290 τοῦ
3475 1237 3752 1308 ἡμετέρου

495 1323 604 1376 ltntt
641 1326 789 1378 nobis
814 1325 983 1392 addit,
1020 1325 1309 1395 aliquoties
1337 1342 1442 1380 non
1471 1326 1640 1390 addit,
1673 1326 1918 1381 absolute
1945 1341 2066 1380 eum

2177 1327 2442 1400 ἀγιασμοῦ
2477 1329 2745 1400 ἀγιασμός
2775 1330 2922 1383 ἐστιν
2950 1331 2979 1382 6
3009 1331 3202 1402 Πατήρ
3221 1346 3234 1360 ·
3271 1328 3459 1401 ὥσπερ
3506 1327 3754 1400 Χριστοῦ

495 1415 847 1484 sapientiam,
873 1427 928 1471 et
957 1419 1253 1486 potentiam
1295 1421 1564 1484 scribens,
1589 1434 1713 1474 cum
1743 1419 1882 1472 idem
1929 1419 2072 1473 iute-

2177 1421 2323 1484 δντος
2365 1420 2640 1492 ἡμετέρας
2681 1421 2954 1492 κεφαλῆς,
2992 1424 3021 1476 6
3055 1421 3244 1494 Πατὴρ
3275 1419 3438 1475 αὑτοῦ
3490 1421 3606 1473 ἐστι
3652 1438 3752 1475 κε-

497 1507 602 1560 rint
637 1522 742 1562 non
778 1507 974 1572 faciat,
1000 1508 1248 1563 scribens
1275 1525 1399 1563 eum
1435 1525 1555 1565 esse
1582 1509 2068 1565 sanetilicationem

2177 1512 2336 1583 φαλή.
2374 1512 2771 1584 ’Δπολύτρωσις
2813 1513 2870 1568 δὲ
2901 1513 3058 1586 ἡμῶν
3086 1515 3115 1566 6
3144 1512 3380 1585 Χριστὸς
3417 1511 3528 1566 τῶν
3555 1512 3643 1567 διὰ
3689 1514 3756 1567 τὺ

494 1608 554 1651 et
605 1599 1056 1668 redemptionem.
1129 1597 1396 1666 Quocirca
1445 1601 1587 1664 vide,
1650 1604 1902 1670 quoniam
1974 1602 2065 1670 qui

2177 1602 2628 1674 ᾐχμαλωτεῦσθαι
2688 1604 3117 1677 ἀπολυτρώσεως
3167 1605 3523 1678 δεδεημένων.
3573 1607 3755 1661 Αὐτοῦ

495 1688 822 1756 sanctiﬁcat,
861 1697 914 1742 et
957 1691 1050 1760 qui
1085 1691 1508 1759 .sanctiﬁcantur
1543 1707 1609 1746 ea:
1651 1708 1756 1746 uno
1793 1708 1970 1746 omnes
2001 1693 2070 1760 ’⁸,

2177 1692 2232 1746 δὲ
2275 1693 2376 1765 τὴν
2424 1693 2800 1765 ἀπολύτρωσιν
2841 1695 2903 1748 οὐ
2949 1693 3116 1766 ζητῶ,
3164 1694 3270 1750 τοῦ
3317 1697 3754 1768 πεπειραμένον

497 1793 568 1832 an
597 1780 789 1849 ipsius,
819 1781 909 1850 qui
941 1789 1026 1836 est
1052 1789 1238 1836 nostra
1268 1782 1638 1838 sanctiﬁcatio
1659 1822 1675 1847 ,
1709 1782 2072 1838 sanctiﬁcatio

2178 1784 2330 1838 κατὰ
2353 1783 2551 1838 πάντα
2577 1786 2705 1840 καθ’
2740 1787 3056 1856 ὁμοιότητα
3099 1788 3279 1858 χωρίς
3308 1789 3616 1858 ἁμαρτίας,
3658 1791 3764 1845 καὶ⁵

495 1870 574 1923 sit
626 1868 829 1936 Pater;
877 1871 1336 1940 quemadmodum
1389 1871 1558 1940 ipsius
1586 1872 1813 1938 Christi,
1851 1872 1942 1941 qui
1989 1881 2074 1927 est

2181 1876 2449 1948 μηδέποτε
2479 1877 2584 1930 ὑπὸ
2624 1878 2731 1933 τῶν
2772 1878 2980 1951 ἐχθρῶν
3023 1881 3104 1944 είς
3134 1880 3510 1952 αἰχμαλωσίαν
3551 1899 3756 1955 κεκρα-

500 1971 752 2016 nostrum
781 1972 988 2031 caput,
1019 1969 1184 2032 caput
1209 1973 1295 2017 est
1317 1961 1496 2015 Pater.
1535 1960 1630 2016 Est
1655 1971 1836 2016 autem
1863 1961 2074 2017 redem-
2178 1965 2438 2036 τημένου.

499 2059 612 2126 ptio
634 2068 816 2112 nostra
840 2056 1111 2124 Christus,
1137 2071 1204 2111 eo
1224 2056 1369 2124 quod
1393 2057 1446 2110 in
1473 2057 1840 2124 captivitatem
1864 2055 2082 2112 abducti
2113 2074 2250 2129 opus
2277 2061 2564 2119 habuimus
2596 2062 2980 2134 redemptione.
3005 2061 3114 2120 Nec
3141 2064 3308 2134 ipsius
3329 2067 3752 2138 redemptionem

497 2167 702 2222 quaero.
727 2155 818 2222 qui
840 2161 1070 2208 tentatus
1091 2161 1168 2208 cst
1197 2169 1292 2222 per
1317 2151 1497 2207 omnia
1528 2153 1689 2224 juxta
1723 2152 2129 2209 similitudinem
2155 2157 2350 2227 absque
2375 2169 2588 2226 peccato
2619 2160 2688 2226 ",
2729 2159 2824 2215 sed
2856 2173 3130 2230 nunquam
3167 2161 3237 2216 ab
3281 2159 3530 2218 hostibus
3576 2161 3756 2219 factus

497 2246 766 2316 captivus.

571 2338 663 2392 40.
687 2338 824 2394 Cum
861 2337 1032 2393 semel
1072 2344 1257 2393 autem
1295 2335 1708 2392 distinxerimus
1731 2335 1875 2392 inter
1900 2351 2076 2392 vocu-

502 2433 608 2486 Iam
634 2429 784 2484 nobis
806 2438 864 2484 et
895 2427 1144 2484 voculatu
1169 2427 1506 2498 simpliciter,
1537 2427 1782 2484 dicentes
1805 2441 1914 2483 non
1943 2429 2077 2484 sim-

502 2519 721 2591 pliciter
753 2518 1249 2575 sanctilicationem
1277 2528 1334 2574 et
1365 2519 1795 2589 redemptionem
1841 2518 2008 2574 scribi
2043 2534 2077 2576 a

503 2611 672 2667 Paulo
719 2626 844 2668 esse
893 2610 1197 2677 Christum,
1229 2609 1325 2666 sed
1355 2625 1478 2666 cum
1517 2611 1888 2667 additamento
1928 2611 2077 2667 nobis

503 2702 675 2777 (cum
721 2702 965 2771 potentia
1019 2712 1077 2757 et
1124 2701 1392 2772 sapientia
1444 2701 1679 2766 dicatur,
1713 2708 1770 2756 et
1817 2715 1941 2756 cum
1984 2701 2084 2755 ad-

504 2795 809 2849 ditamento
832 2793 938 2866 ιι
975 2795 1146 2860 nobis,
1169 2802 1225 2850 et
1255 2792 1575 2862 simpliciter
1604 2793 1722 2848 sine
1753 2792 1944 2848 vocula
1981 2807 2080 2848 no-

507 2884 636 2955 bis),
670 2900 777 2940 non
818 2886 1003 2940 sinere
1036 2883 1300 2940 debemus
1331 2884 1727 2954 inexploratum
1772 2897 2080 2940 sermonem

505 2977 576 3032 de
598 2976 828 3046 justitia.
858 2977 926 3032 Et
955 2978 1098 3048 quod
1126 2977 1344 3046 quidem
1374 2975 1588 3046 justitia
1633 2975 1793 3032 nobis
1822 2975 1896 3030 sit
1915 2973 2079 3030 Chri-

512 3081 621 3135 tus,
649 3047 997 3141 perspicuum
1029 3079 1114 3126 est
1140 3085 1208 3124 ex
1237 3085 1302 3126 eo
1336 3087 1353 3126 :
1384 3069 1487 3136 Qui
1523 3069 1695 3138 [actus
1717 3079 1791 3124 est
1820 3068 1965 3123 nobis
1988 3084 2078 3122 sa-
2107 3047 2152 3107 c-

508 3162 707 3232 pirntia
730 3179 762 3216 a
798 3161 928 3228 Deo,
952 3170 1002 3217 ct
1032 3161 1284 3232 justitia,
1314 3171 1363 3217 et
1391 3161 1764 3230 sanctiﬁcatio,
1796 3169 1846 3214 et
1883 3159 2083 3213 redem-

510 3255 620 3323 ptio
661 3253 730 3307 ⁸³.
780 3253 933 3321 Quod
980 3254 1025 3308 si
1074 3269 1179 3309 non
1232 3254 1542 3308 invenimus
1591 3253 1768 3323 ipsum
1809 3250 2081 3318 justitiam

510 3346 838 3416 simpliciter
865 3345 995 3412 dici,
1026 3346 1481 3416 quemadmodum
1511 3345 1836 3415 simpliciter
1865 3345 2084 3415 sapien-

514 3439 613 3500 tia,
647 3447 704 3492 et
749 3437 988 3506 potentia
1038 3437 1134 3491 Dei
1189 3436 1410 3503 dicitur,
1457 3435 1839 3505 inquirendum
1892 3444 1977 3492 est
2013 3450 2084 3491 an

513 3531 621 3600 ipsi
649 3529 890 3596 Christo,
917 3527 1370 3598 quemadmodum
1398 3527 1763 3584 sanctiﬁcatio
1789 3535 1874 3583 est
1897 3526 2086 3594 Pater,

517 3621 594 3678 ita
630 3621 793 3678 etiam
841 3620 1051 3690 justitia
1084 3621 1151 3677 sit
1184 3621 1367 3678 Pater.
1411 3621 1596 3692 Neque
1633 3620 1777 3677 enim
1818 3620 2086 3691 injustitia

514 3721 603 3769 est
644 3713 782 3784 apud
819 3713 985 3769 Deum
1021 3713 1090 3779 ³¹,
1127 3722 1182 3768 et
1205 3712 1385 3782 justus
1426 3720 1483 3768 et
1525 3719 1748 3768 sanctus
1785 3719 1869 3766 est
1902 3709 2086 3766 Domi-

517 3817 661 3868 nus,
707 3815 764 3858 et
799 3802 853 3856 in
903 3803 1116 3873 justitia
1168 3803 1371 3873 judicia
1405 3803 1522 3874 ejus
1557 3801 1625 3856 ³⁸.
1667 3798 1855 3858 Justus
1902 3809 2083 3855 autem

517 3910 642 3950 cum
665 3896 754 3959 sit,
773 3892 918 3963 juste
946 3893 1130 3949 omnia
1167 3895 1466 3962 dispensat.
1501 3892 1655 3960 Quod
1682 3903 1861 3948 autem
1895 3893 2090 3948 attinet

519 3988 589 4042 ad
621 3988 672 4041 id
701 3987 844 4058 quod
877 3985 1119 4042 haeretici
1149 3986 1358 4049 dicunt,
1405 3986 1677 4042 diversum
1728 3984 1940 4039 scilicet
1969 3998 2090 4038 esse

517 4079 720 4146 justum
753 4093 784 4132 a
819 4078 978 4140 bono.
1028 4078 1122 4132 sed
1160 4077 1304 4146 quod
1345 4076 1443 4147 ipsi
1492 4091 1597 4130 non
1633 4076 1948 4142 explanant.
1975 4076 2090 4130 exi-

2247 2338 2336 2392 40.
2381 2337 2565 2404 Ἀπαξ
2617 2338 2676 2392 δέ
2735 2337 3126 2394 διασταλέντων
3168 2337 3263 2391 τοῦ
3315 2338 3478 2408 ἡμῖν,
3521 2338 3615 2392 καὶ
3656 2338 3758 2392 τοῦ

2177 2430 2386 2498 ἁπλῶς
2403 2446 2418 2462 °
2445 2430 2590 2500 ἡμῖν
2618 2431 2741 2500 μὲν,
2765 2431 2861 2486 καὶ
2887 2431 2986 2500 οὐχ
3017 2429 3205 2494 ἀτελῶς
3233 2429 3327 2484 τοῦ
3359 2429 3631 2501 ἀγιασμοῦ
3658 2430 3758 2486 καὶ

2178 2520 2279 2591 τῆς
2301 2518 2749 2592 ἀπολυτρώσεως·
2769 2521 2864 2574 καὶ
2884 2520 3028 2588 ἡμῖν
3045 2519 3102 2573 δέ
3122 2520 3216 2574 καὶ
3242 2520 3426 2584 ἁπλῶς
3445 2520 3546 2592 τῆς
3562 2520 3756 2591 σοφίας

2180 2613 2396 2684 καὶτῆς
2428 2611 2729 2683 δυνάμεως,
2768 2612 2867 2665 οὐκ
2902 2611 3254 2676 ἀνεξέταστον
3284 2611 3469 2664 ἐατέον
3500 2610 3592 2665 τὸν
3625 2611 3758 2684 περὶ

2180 2702 2283 2773 τῆς
2311 2700 2654 2774 δικαιοσύνης
2681 2701 2856 2771 λόγον.
2885 2701 2995 2755 Καὶ
3023 2702 3107 2755 ὅτι
3135 2700 3232 2772 μὲν
3269 2701 3400 2772 ἡμῖν
3443 2700 3754 2772 δικαιοσύνη

2183 2793 2439 2866 Χριστὸς,
2490 2791 2648 2862 δῆλον
2677 2793 2742 2844 ἐκ
2762 2789 2886 2844 τοῦ·
2924 2792 3022 2857 Ὃς
3072 2788 3325 2862 ἐγενήθη
3381 2791 3568 2860 σοφία
3612 2789 3758 2859 ἡμῖν

2183 2885 2302 2942 ἀπὸ
2329 2886 2498 2949 Θεοῦ,
2526 2884 2881 2953 δικαιοσύνη
2905 2900 2992 2948 τε,
3014 2882 3113 2937 καί
3139 2882 3452 2953 ἁγιασμὸς,
3483 2881 3580 2937 καί
3617 2883 3758 2938 ἀπο-

2180 2980 2496 3048 λύτρωσιςο
2531 2977 2624 3031 ἐὰν
2639 2977 2696 3030 δὲ
2715 2975 2788 3048 μὴ
2805 2975 3146 3048 εὑρίσκωμεν
3161 2973 3345 3038 ἁπλῶς
3371 2973 3532 3028 αὑτὸν
3555 2973 3756 3028 δικαιο-

2183 3071 2348 3144 σύνην
2366 3113 2381 3137 ,
2420 3071 2607 3142 ὥσπερ
2639 3069 2824 3133 ἀπλῶς
2857 3068 3050 3139 σοφίαν
3075 3068 3170 3122 καλ⁵
3203 3067 3428 3138 δύναμιν
3459 3065 3594 3119 Θεοῦ
3615 3105 3630 3130 ,
3661 3065 3760 3136 βα-

2184 3163 2461 3218 σανιστέον
2484 3164 2534 3220 εί
2562 3163 2655 3217 καὶ
2683 3159 2832 3232 αὑτῷ
2859 3159 2936 3232 τῷ
2964 3157 3182 3232 Χριστῷ
3204 3198 3220 3223 ,
3249 3157 3438 3229 ὥσπερ
3486 3155 3756 3227 ἁγιασμὸς

2181 3258 2211 3310 6
2242 3256 2452 3328 Πατὴρ,
2484 3254 2626 3308 οῦτω
2648 3255 2743 3308 καὶ
2770 3252 3080 3325 δικαιοσύνη
3105 3255 3134 3307 6
3161 3253 3368 3323 Πατήρ.
3386 3251 3497 3305 Καὶ
3523 3251 3632 3324 γὰρ
3657 3251 3756 3304 οὐκ

2183 3347 2368 3403 ἀδικία
2400 3347 2553 3420 παρά
2572 3347 2650 3420 τῷ
2682 3346 2822 3420 Θεῷ,
2847 3348 2942 3402 καὶ
2971 3345 3177 3410 δίκαιος
3217 3345 3314 3400 καὶ
3347 3346 3492 3408 ὅσιος
3531 3345 3756 3416 Κύριος,

2184 3443 2287 3497 καὶ
2309 3442 2367 3495 ἐν
2388 3439 2700 3512 δικαιοσύνῃ
2732 3440 2802 3494 τά
2829 3440 3070 3512 κρίματα
3096 3437 3262 3492 αὑτοῦ
3281 3454 3294 3468 ·
3319 3436 3526 3501 δίκαιος
3561 3437 3617 3490 δέ
3659 3436 3756 3502 ὢν,

2183 3527 2409 3592 δικαίως
2453 3527 2522 3582 τά
2573 3527 2753 3582 πάντα
2803 3528 2998 3582 διέπει.
3040 3527 3114 3582 Τὸ
3153 3526 3212 3581 δὲ
3249 3526 3278 3580 6
3310 3521 3380 3598 ἦν
3405 3525 3473 3581 ἂν
3497 3527 3623 3591 τοὺς
3651 3526 3760 3582 ἀπὸ

2184 3619 2294 3673 τῶν
2327 3618 2436 3690 (46)
2464 3619 2728 3689 αἱρέσεων
2761 3621 2841 3683 είς
2880 3619 2942 3674 τὸ
2983 3620 3168 3691 ἕτερον
3209 3619 3382 3672 εἰπεῖν
3426 3619 3516 3672 τὸν
3556 3617 3759 3672 δίκαιον

2186 3708 2278 3762 τοῦ
2300 3707 2525 3779 ἀγαθοῦ,
2564 3708 2638 3780 μὴ
2660 3708 2935 3780 τρανωθέν
2954 3709 3011 3762 δὲ
3036 3711 3166 3780 παρ’
3201 3709 3401 3774 αὐτοῖς,
3432 3707 3659 3780 οἰηθεῖσι
3677 3708 3756 3762 δί-

2188 3817 2340 3856 καιον
2376 3801 2473 3872 μὲν
2496 3795 2634 3854 εἶναι
2661 3800 2752 3854 τὸν
2785 3800 3141 3873 δημιουργὸν,
3186 3799 3386 3868 ἀγαθὸν
3429 3800 3488 3853 δέ
3530 3799 3622 3854 τὸν
3666 3800 3760 3854 τοῦ

2187 3891 2425 3965 Χριστοῦ
2448 3892 2688 3964 Πατέρα,
2722 3888 2873 3963 οἶμαι
2902 3893 3020 3963 μετ’
3052 3891 3351 3956 ἐξετάσεως
3383 3891 3492 3962 (47)
3519 3891 3762 3963 ἀκριϐῶς

2191 3983 2515 4055 βασανισθέν
2544 3983 2803 4038 δύνασθαι
2833 3983 3086 4052 λέγεσθαι
3139 3985 3231 4037 ἐπὶ
3280 3983 3374 4036 τοῦ
3411 3984 3626 4055 Πατρὸς
3665 3985 3761 4036 καὶ

2189 4074 2283 4128 τοῦ
2311 4074 2440 4128 Υἱοῦ
2460 4091 2473 4106 ⁸
2502 4074 2595 4129 τοῦ
2631 4076 2729 4146 μὲν
2757 4075 2886 4129 Υίοῦ
2914 4076 3271 4148 τυγχάνοντος
3295 4075 3639 4146 δικαιοσύνης
3658 4117 3672 4140 ,
3704 4076 3762 4140 ὃς

519 4169 808 4222 stitnantrs
847 4166 1048 4235 justum
1105 4167 1323 4236 quidem
1373 4179 1495 4220 esse
1545 4165 1729 4220 tnuudi
1783 4164 2080 4236 Opificem,

2190 4167 2380 4222 ἐλαϐεν
2405 4168 2650 4234 ἐξουσίαν
2679 4169 2857 4241 κρίσιν
2890 4173 3094 4234 ποιεῖν,
3132 4169 3253 4224 Ὅτι
3291 4169 3421 4236 Υἱὸς
3451 4169 3763 4238 ἀνθρώπου

519 4258 726 4316 Christi
755 4268 936 4314 autem
976 4258 1190 4313 Patrem
1219 4259 1414 4314 bonum
1443 4297 1459 4324 ,
1490 4273 1607 4312 mea
1661 4258 1966 4322 sententia,
1999 4274 2080 4312 ac-

2190 4259 2344 4326 ἐστὶ,
2374 4260 2473 4314 καὶ
2493 4261 2686 4330 κρινεῖ
2712 4261 2826 4331 τὴν
2861 4261 3221 4333 οἰκουμένην
3261 4262 3331 4316 ἐν
3370 4262 3724 4332 δικαιοσύνῃ
3744 4280 3761 4294 ·

521 4359 713 4407 curate
752 4350 1128 4406 examinatum
1170 4359 1352 4421 posset
1381 4349 1486 4404 dici
1517 4349 1585 4404 de
1615 4349 1774 4404 Patre
1819 4358 1874 4404 ct
1907 4348 2080 4414 Filio,

2191 4347 2286 4401 τοῦ
2315 4347 2372 4401 δέ
2400 4349 2611 4422 [ἰατρὸς
2641 4350 2769 4414 τοὺς
2789 4352 2848 4404 ἐν
2885 4355 2950 4423 τῇ
2980 4351 3297 4425 δικαιοσύνῃ
3333 4351 3427 4406 τοῦ
3467 4351 3598 4406 Υἱοῦ
3638 4369 3766 4406 παι-

524 4444 664 4502 Filio
693 4445 910 4515 quidem
932 4442 1479 4512 exsistentejustitia,
1506 4442 1593 4512 qui
1622 4445 1828 4512 accepit
1853 4451 2080 4512 potesta-

2191 4439 2476 4504 δευθέντας
2512 4441 2649 4512 μετά
2671 4443 2768 4514 τὴν
2783 4443 3017 4516 Χριστοῦ
3043 4443 3316 4516 βασιλείαν
3332 4443 3762 4516 εὐεργετοῦντος,

525 4547 635 4592 tetu
693 4536 924 4592 faciendi
976 4535 1291 4606 judicium,
1346 4535 1594 4604 quoniam
1643 4531 1816 4587 Filius
1865 4533 2080 4587 homini:

2193 4531 2291 4603 τὴν
2356 4533 2581 4603 ἀγαθὸς
2618 4536 2988 4608 προσηγορίαν
3016 4536 3195 4608 ἔργοις
3219 4538 3502 4605 δείξοντος,
3524 4538 3652 4590 ὅταν
3679 4533 3768 4605 γέ-

522 4639 598 4682 cst
619 4628 756 4693 “,et
786 4627 1041 4693 iudicabit
1067 4630 1243 4680 orbem
1266 4636 1523 4680 terrarum
1553 4627 1606 4678 in
1624 4625 1837 4696 justitia
1875 4625 1954 4692 “;
1989 4625 2080 4679 Pa-

2195 4639 2353 4694 νηται
2381 4625 2409 4678 6
2436 4623 2567 4688 Θεὸς
2595 4624 2662 4678 τὰ
2692 4626 2868 4680 πάντα
2889 4627 2946 4680 ἐν
2979 4627 3132 4681 πᾶσι.
3171 4626 3282 4680 Καὶ
3311 4627 3451 4697 τάχα
3490 4627 3556 4698 τῇ
3601 4621 3764 4678 αὐτοῦ

526 4729 612 4774 tre
642 4734 770 4774 vero
792 4723 908 4788 (eos
939 4723 1030 4790 qui
1051 4723 1103 4775 itt
1124 4720 1240 4775 Filii
1271 4718 1484 4789 justitia
1519 4719 1714 4773 eruditi
1749 4718 1947 4774 fuerint
1969 4730 2080 4788 post

2197 4714 2508 4789 δικαιοσύνῃ
2548 4717 2578 4768 6
2611 4717 2798 4790 Σωτὴρ
2834 4717 3141 4790 εὐτρεπίζει
3179 4718 3248 4773 τά
3307 4719 3514 4782 πάντα,
3559 4717 3766 4787 καιροῖς

527 4814 728 4869 Christi
762 4830 984 4886 regnum
1018 4815 1284 4871 beneﬁcio
1314 4813 1742 4882 alliciente)bnui
1772 4814 2080 4868 vocabulum

2199 4807 2542 4879 ἐπιτηδείοις,
2573 4809 2666 4862 καὶ
2688 4809 2852 4882 λόγῳ,
2893 4811 2988 4864 καὶ
3027 4810 3200 4877 τάξει,
3229 4811 3324 4866 καὶ
3357 4809 3608 4866 κολάσεσι
3631 4847 3647 4870 ,
3675 4805 3768 4860 καὶ

528 4905 788 4976 operibus
830 4916 1118 4961 ostensum
1142 4945 1157 4970 ,
1188 4907 1402 4974 quando
1432 4906 1596 4960 fuerit
1651 4905 1791 4958 Deus
1821 4905 2000 4958 omnia
2038 4904 2080 4958 in

2199 4901 2333 4967 τοῖς,
2361 4899 2428 4952 ἵν’
2460 4898 2634 4963 οὕτως
2671 4899 2838 4966 εῐπω,
2879 4905 3265 4973 πνευματικοῖς
3301 4900 3465 4956 αὐτοῦ
3508 4897 3768 4969 ἰατρικοῖς

527 4997 780 5054 omnibus
817 4997 888 5052 ³³.
922 4996 1094 5066 Cujus
1131 4995 1377 5050 fortassis
1423 4994 1636 5062 iustitia
1697 4995 1956 5049 Servatur
2012 4995 2080 5048 itt-

2205 4991 2532 5062 βοηθήμασιν
2559 4990 2693 5062 πρὸς
2717 4991 2777 5044 τὸ
2801 4992 3050 5064 χωρῆσαι
3070 4994 3162 5048 ἐπὶ
3177 4994 3319 5048 τέλει
3339 4993 3438 5064 τὴν
3460 4988 3770 5059 ἀγαθότητα

529 5090 694 5146 struit
716 5077 922 5156 omnia,
953 5087 1284 5159 temporibus
1313 5087 1539 5152 idoneis,
1568 5094 1622 5140 et
1655 5087 1885 5147 ratione.
1927 5097 1980 5139 et
2009 5100 2080 5140 or-

2201 5083 2295 5137 τοῦ
2325 5081 2559 5154 Πατρὸς,
2583 5083 2775 5154 ἥντινα
2822 5086 3019 5157 νοήσας
3049 5087 3187 5158 πρὸς
3225 5086 3317 5139 τὸν
3363 5079 3641 5151 Μονογενῆ
3687 5075 3768 5130 λέ-

601 5252 646 5283 ¹⁷
677 5251 692 5306 Ι
725 5251 853 5306 Cor.
887 5267 924 5312 ι.
952 5249 1042 5314 ⁸50,
1117 5248 1164 5282 ’⁵
1193 5249 1354 5304 llebr.
1387 5264 1446 5313 ll,
1485 5248 1568 5301 ll.
1613 5247 1693 5318 βξ
1721 5245 1880 5318 l_l_ebr.
1916 5262 1988 5311 tv,
2022 5245 2080 5318 ιε

2177 5246 2213 5278 ’θ
2241 5246 2255 5299 Ι
2285 5247 2410 5302 Cor.
2441 5259 2480 5311 t,
2516 5242 2606 5302 50.
2679 5247 2725 5280 ³⁸
2747 5246 2908 5306 Joan.
2939 5266 3036 5317 vn,
3062 5249 3148 5308 18.
3220 5248 3267 5281 ³¹
3299 5249 3466 5318 Apoc.
3498 5257 3612 5304 va,
3633 5237 3688 5301 ὅ,
3712 5236 3766 5290 7.

531 5319 578 5352 ⁸³
609 5319 765 5375 Joau.
793 5338 848 5388 ν,
869 5321 963 5379 27.
1032 5313 1086 5354 ⁷³⁵
1120 5319 1260 5374 Psal.
1293 5333 1454 5381 xcvu,
1480 5319 1534 5374 9.
1609 5316 1655 5348 ⁸⁵
1681 5316 1700 5371 ι
1725 5313 1852 5374 Cor.
1897 5331 1986 5381 xv,
2016 5315 2106 5371 28.

604 5455 717 5528 (66)
759 5455 829 5528 Td
853 5457 922 5511 δὲ
944 5457 976 5513 ὃ
1008 5455 1088 5528 ἦν
1110 5458 1188 5513 ἂν
1211 5460 1372 5526 τούς,
1402 5467 1507 5512 etc.
1532 5455 1840 5528 Legendutn
1873 5453 2080 5510 fortass

2214 5453 2412 5528 tingui,
2451 5453 2545 5528 sed
2573 5451 2702 5510 illud
2741 5460 3130 5524 repraesentant
3174 5449 3396 5508 codices
3452 5443 3768 5502 Bodleianus

524 5522 940 5597 τδίδέκινῇσαν
969 5522 1116 5593 τοὺς,
1150 5540 1254 5584 etc.
1328 5522 1342 5526 ⁷
1509 5583 1515 5590 _
1611 5522 1636 5528 ⁷
1703 5591 1726 5597 _
1858 5595 1868 5597 _

2211 5533 2266 5581 ct
2290 5522 2638 5581 Barberiuus.

603 5595 716 5667 (47)
759 5591 928 5666 Οῖλιαι
957 5591 1088 5665 μειβ
1108 5597 1454 5666 ἐξετάσεως.
1480 5598 1637 5656 Deest
1674 5591 1826 5667 οἶμαι
1857 5595 1910 5653 in
1943 5602 2091 5652 textu
