4082 6224
304 249 380 306 9‘5
1402 245 1761 305 COMIIEN'I‘.
1802 242 1869 301 IN
1907 241 2099 301 .IOAN.
2141 240 2382 299 TOMUS
2418 241 2457 296 l.
3518 241 3601 299 95

314 380 505 432 γοντα,
534 362 870 419 Διδάσκαλε
899 361 1081 435 ἀγαθέ
1099 378 1112 393 ·
1150 360 1305 434 φησὶ,
1336 362 1399 417 Τί
1422 380 1499 434 με
1535 362 1734 434 λέγεις
1761 362 1904 433 ἀγα-

2009 361 2137 416 dine
2160 401 2176 426 ,
2208 370 2262 416 et
2294 358 2672 431 punitionibus
2696 397 2714 427 ,
2751 366 2806 415 et
2835 357 3209 431 spiritualibus
3233 399 3248 424 ,
3291 366 3349 412 nt
3398 358 3471 413 ita
3502 359 3594 415 ιο-

311 459 460 522 θόν;
496 458 705 524 Οὐδεὶς
743 456 963 528 ἀγαθὸς
992 459 1046 511 εἰ
1071 456 1159 527 μὴ
1194 451 1303 523 εἷς,
1352 460 1385 511 ὀ
1436 457 1582 524 Θεὸς
1615 460 1648 512 ὁ
1677 453 1899 523 Πατήρ.

313 550 390 604 T6
417 551 463 604 δ’
495 552 677 622 ὅμοιον
704 552 762 604 ἐν
789 551 996 622 ἑτέροις
1028 550 1333 623 ἐδείξαμεν,
1375 551 1471 605 καὶ⁵
1511 551 1604 605 ἐπὶ
1633 548 1729 603 τοῦ
1785 548 1904 620 μεί-

315 642 448 708 ζονά
476 660 599 696 τινα
618 639 756 696 εἶναι
775 641 869 696 τοῦ
893 642 1250 716 δημιουργοῦ,
1267 642 1600 715 δημιουργὸν
1620 642 1721 713 μὲν
1747 641 1906 695 ἐκλα-

315 734 501 798 ϐόντες
523 734 617 788 τὸν
636 734 893 807 Χριστὸν,
923 735 1147 807 μείζονα
1192 737 1249 790 δέ
1293 736 1484 791 τούτου
1527 737 1617 791 τὸν
1661 738 1905 809 Πατέρα.

326 824 480 897 Ἐπεὶ
511 825 575 897 δὴ
608 828 637 880 6
662 826 731 880 :6
765 826 1008 882 τοσαῦτα
1039 828 1324 900 τυγχάνων
1351 869 1365 893 ,
1405 829 1434 881 6
1466 828 1842 900 παράκλητος,
1877 832 1906 883 6

315 917 564 989 ἰλασμὸς.
597 918 659 972 :6
685 920 1022 993 ἱλαστήριον,
1060 922 1422 994 συμπαθήσας
1446 925 1567 986 ταῖς
1599 921 1907 984 ἀσθενείαις

314 1009 495 1081 ἡμῶν,
518 1011 599 1083 τῷ
643 1013 1012 1085 πεπειρᾶσθαι
1060 1013 1201 1068 κατὰ
1250 1015 1429 1069 πάντα
1472 1014 1541 1068 τὰ
1591 1011 1907 1087 ἀνθρώπινα

315 1100 441 1155 καθ’
475 1102 775 1175 ὁμοιότητα
800 1106 969 1176 χωρὶς
987 1104 1289 1176 ἁμαρτιας,
1328 1104 1501 1176 μέγας
1535 1104 1685 1158 ἐστὶν
1721 1105 1910 1176 ἀρχιε-

320 1193 469 1262 ρεὺς,
492 1193 592 1264 οὐχ
615 1194 757 1265 ὑπὲρ
780 1194 1079 1267 ἀνθρώπων
1121 1194 1300 1267 μόνων
1320 1235 1336 1259 ,
1390 1194 1529 1249 ἀλλὰ
1564 1195 1662 1250 καὶ
1708 1195 1911 1260 παντὸς

314 1281 541 1352 λογικοῦ
571 1324 586 1349 ,
635 1284 734 1357 τὴν
764 1285 909 1352 ἅπαξ
955 1286 1146 1341 θυσίαν
1202 1287 1661 1359 προσενεχθεῖσαν
1719 1286 1911 1341 ἐαυτὸν

317 1375 659 1444 ἀνενεγκὼψ
702 1376 888 1446 Χωρὶς
920 1377 1029 1450 γὰρ
1070 1378 1224 1433 Θεοῦ
1266 1378 1421 1447 ὑπὲρ
1472 1378 1702 1444 παντὸς
1745 1378 1912 1448 ἐγεύ-

318 1482 471 1520 σατο
517 1465 775 1521 θανάτου
808 1467 981 1539 (ὅπερ
1011 1467 1069 1522 ἐν
1108 1486 1221 1522 τισι
1253 1470 1432 1522 κεῖται
1476 1466 1588 1539 (48)
1629 1470 1744 1532 τοῖς
1774 1467 1910 1540 πρὸς

330 1557 615 1630 Ἐϐραίους
641 1557 1055 1630 ἀντιγράφοις),
1090 1560 1287 1629 χάριτι
1314 1559 1463 1614 Θεοῦ
1482 1578 1495 1593 ’
1525 1558 1636 1613 εἴτε
1656 1559 1713 1612 δὲ
1739 1559 1909 1631 χωρὶς

317 1652 453 1707 Θεοῦ
486 1652 627 1725 ὑπὲρ
655 1652 857 1717 παντὸς
883 1654 1145 1722 ἐγεύσατο
1183 1651 1414 1707 θανάτου
1436 1692 1452 1718 ,
1477 1652 1536 1705 οὐ
1575 1651 1733 1723 μόνον
1761 1650 1903 1722 ὑπὲρ

317 1718 620 1814 ἀνθρώπων
650 1718 945 1806 ἀπέθανεν,
976 1740 1113 1795 ἀλλὰ
1145 1741 1237 1795 καὶ
1263 1741 1404 1813 ὑπὲρ
1430 1741 1538 1795 τῶν
1573 1718 1777 1795 λοιπῶν
1816 1718 1905 1796 λό-
1932 1718 1980 1774 Β

317 1833 490 1902 γικῶν
509 1850 523 1864 ·
558 1833 670 1887 εἴτε
702 1834 889 1906 χάριτι
915 1832 1050 1887 Θεοῦ
1081 1832 1341 1902 ἐγεύσατο
1378 1831 1472 1887 τοῦ
1515 1832 1656 1905 ὑπὲρ
1699 1834 1905 1900 παντὸς

317 1925 572 1992 θανάτου,
599 1927 742 1999 ὑπὲρ
766 1926 982 1980 πάντων
1013 1926 1182 1997 χωρὶς
1213 1925 1349 1980 Θεοῦ
1401 1926 1677 1983 ἀπέθανε*
1722 1928 1906 1999 χάριτι

319 2018 428 2090 γὰρ
454 2017 591 2072 Θεοῦ
616 2018 755 2090 ὑπὲρ
782 2017 979 2082 παντὸς
1024 2016 1304 2087 ἐγεύσατο.
1336 2017 1602 2073 θανάτου·
1656 2018 1751 2072 καὶ
1798 2016 1909 2091 γὰρ

318 2111 522 2165 ἄτοπον
556 2110 695 2181 ὑπὲρ
714 2109 1067 2183 ἀνθρωπίνων
1112 2110 1215 2183 μὲν
1245 2110 1409 2166 αὐτὸν
1453 2112 1685 2181 φάσκειν
1723 2111 1908 2184 ἁμαρ-

316 2199 579 2269 τημάτων
626 2198 916 2268 γεγεῦσθαι
969 2199 1083 2271 (49)
1135 2200 1369 2254 θανάτου
1395 2240 1411 2266 ,
1455 2201 1557 2255 οὐκ
1599 2200 1681 2255 ἐτι
1725 2200 1910 2256 δὲκαὶ

317 2290 459 2361 ὑπὲρ
485 2289 645 2344 ἄλλου
670 2290 813 2355 τινὸς
838 2291 990 2365 παρά
1012 2291 1106 2345 τὸν
1131 2289 1419 2364 ἄνθρωπον
1447 2293 1507 2346 ἐν
1545 2293 1909 2365 ἁμαρτήμασι

317 2381 685 2454 γεγενημένου
702 2400 714 2412 ·
735 2376 847 2436 οἷον
867 2382 1009 2457 ὑπὲρ
1032 2383 1246 2456 ἄστρων
1260 2383 1395 2456 (50)⁶
1418 2383 1541 2438 ούδέ
1562 2384 1672 2438 τῶν
1693 2386 1908 2457 ἄστρων

320 2474 536 2537 πάντως
568 2473 828 2547 καθαρῶν
852 2474 1020 2528 ὅντων
1049 2474 1280 2530 ἐνώπιον
1311 2474 1405 2530 τοῦ
1435 2475 1593 2542 Θεοῦ,
1637 2476 1714 2540 ὡς
1742 2477 1804 2531 ἐν
1829 2474 1909 2547 τῷ

330 2558 452 2612 Ἰὼϐ
481 2560 799 2632 ἀνέγνωμεν
824 2579 837 2592 ·
884 2563 1116 2632 ’Ἄστρα
1146 2563 1215 2617 δὲ
1261 2566 1335 2619 οὐ
1386 2566 1616 2635 καθαρὰ
1651 2565 1911 2621 ἐνώπιον

317 2651 527 2719 αὑτοῦ,
555 2653 605 2706 εἰ
649 2652 724 2725 μὴ
762 2654 869 2726 ἄρα
903 2654 1274 2731 ὑπερϐολικῶς
1326 2655 1485 2711 τοῦτο
1516 2658 1752 2730 εῐρηται.
1810 2659 1909 2714 Διὰ

317 2744 480 2799 τοῦτο
509 2745 682 2817 μέγας
707 2747 855 2803 ἐστὶν
878 2747 1189 2820 ἀρχιερεὺς,
1222 2749 1523 2823 ἐπειδήπερ
1567 2753 1744 2807 πάντα
1776 2753 1911 2807 ἁπο-

320 2835 611 2909 καθίστησι
634 2840 703 2910 τῇ
726 2838 819 2892 τοῦ
847 2840 1063 2911 Πατρὸς
1088 2840 1354 2913 βασιλείᾳ,
1404 2842 1706 2914 οἰκονομῶν
1749 2844 1818 2898 :6
1849 2847 1909 2900 ἐν

319 2928 536 3001 ἑκάστῳ
563 2928 674 2984 τῶν
710 2930 955 3001 γενητῶν
1001 2931 1193 3003 ἐλλιπῆ
1232 2933 1734 3007 ἀναπληρωθῆναι,
1769 2936 1909 3009 πρὸς

316 3021 381 3075 τδ
401 3021 650 3093 χωρῆσαι
673 3021 830 3087 δόξαν
854 3024 1144 3096 πατρικήν.
1177 3020 1345 3089 Οὗτος
1375 3027 1404 3079 6
1435 3027 1725 3099 ἀρχιερεὺς
1764 3029 1906 3083 κατά

2006 468 2167 523 qnar,
2204 452 2424 508 auxiliis
2455 451 2570 506 suis
2620 450 3036 507 medicinalibus
3071 451 3138 504 ad
3169 451 3499 520 capiendum
3528 453 3582 505 in

2007 546 2113 603 line
2150 546 2330 602 Patris
2356 546 2675 601 bonitatem.
2708 543 2875 612 Cujus
2906 544 3015 598 vim
3046 544 3215 612 probe
3242 553 3433 597 tenens
3459 542 3589 598 Ser—

2007 651 2166 694 vator
2197 637 2276 693 illi
2328 637 2419 709 qui
2468 637 2571 693 sibi
2605 634 2895 707 Unigenito
2924 634 3141 689 dicebat
3177 632 3243 697 ³⁶,
3286 631 3590 704 Praeceptor

2007 732 2161 794 bone,
2199 728 2312 784 Cur
2372 745 2480 796 me,
2525 728 2721 800 inquit,
2748 726 2983 797 appellas
3022 724 3213 779 bonum
3239 726 3265 781 2
3294 722 3465 778 Nemo
3494 727 3589 779 bo-

2007 840 2104 877 nus
2136 824 2243 877 uisi
2277 839 2436 890 unus,
2467 836 2665 892 nempe
2712 820 2805 876 ille
2854 818 3018 883 Deus,
3050 817 3141 873 ille
3180 815 3365 871 Pater.
3397 814 3589 871 Simile

2006 930 2138 970 vero
2169 915 2334 970 etiam
2382 915 2435 970 in
2487 913 2610 969 aliis
2643 911 3015 977 ostendimus,
3049 918 3161 964 tum
3190 922 3320 963 vero
3349 907 3590 963 maxime

2006 1007 2061 1063 in
2092 1007 2197 1063 hoc
2230 1006 2377 1078 quod
2425 1006 2614 1060 dicunt
2651 1002 2915 1071 majorem
2963 1016 3087 1057 esse
3132 999 3368 1070 aliquem
3400 998 3586 1054 mundi

2008 1098 2212 1168 Opillce
2234 1137 2251 1166 ,
2303 1112 2398 1169 per
2426 1096 2610 1151 mundi
2663 1096 2928 1166 Opilicem
2974 1091 3400 1160 interpretantes
3425 1088 3589 1144 Chri-

2009 1197 2149 1246 stum
2180 1228 2197 1254 ,
2239 1203 2337 1259 per
2388 1188 2492 1244 hoc
2522 1202 2654 1243 vero
2682 1185 2947 1253 majorem
2992 1182 3238 1237 Patrem.
3293 1171 3590 1249 Hic’igitur

2010 1280 2103 1350 qui
2142 1289 2218 1336 tot
2260 1278 2572 1335 nominibus
2623 1286 2992 1347 nuncupatur,
3026 1275 3324 1329 advocatus
3346 1311 3362 1339 ,
3395 1270 3585 1341 propi-

2014 1373 2207 1439 tiatio,
2262 1371 2704 1442 propitiatorium
2734 1410 2751 1437 ,
2802 1379 3121 1438 compassus
3174 1364 3590 1419 inﬁrmitatibus

2009 1465 2235 1529 nostris,
2268 1471 2510 1519 tentatus
2532 1462 2585 1517 in
2621 1461 2877 1517 omnibus
2918 1458 3171 1513 humanis
3210 1456 3363 1525 juxta
3394 1455 3592 1511 simili.
3626 1482 3649 1509 ι

2009 1559 2250 1614 tudinem
2282 1557 2400 1612 sine
2429 1564 2657 1627 peccato
2686 1554 2754 1619 ³⁷,
2802 1568 3033 1623 magnus
3064 1563 3150 1608 est
3171 1551 3444 1618 Pontifex,
3477 1567 3587 1608 non

2009 1650 2172 1705 modo
2201 1663 2299 1719 pro
2326 1647 2661 1712 hominibus,
2699 1646 2793 1701 sed
2823 1646 2986 1701 etiam
3020 1659 3117 1715 pro
3146 1645 3294 1699 omni
3320 1643 3468 1715 quod
3499 1659 3589 1699 ra-

2008 1742 2174 1797 tionis
2217 1751 2299 1798 est
2347 1754 2542 1810 capax,
2593 1738 2828 1794 hostiam
2860 1737 3030 1793 semel
3071 1737 3311 1793 oblatam
3342 1736 3587 1808 seipsu'm

2006 1832 2238 1888 oll'erens
2282 1850 2296 1886 :
2330 1829 2461 1887 Sine
2504 1829 2615 1885 Deo
2661 1827 2831 1894 enim,
2874 1827 2958 1882 vel
2996 1843 3091 1897 per
3116 1830 3346 1897 gratiam
3377 1827 3475 1882 Dei
3507 1826 3591 1899 (ut

2006 1925 2063 1982 in
2092 1924 2419 1997 quibusdam
2466 1921 2875 1992 exemplaribus
2918 1920 3176 1990 Epistola:
3215 1920 3286 1975 ad
3322 1919 3581 1978 Hebraeos

2008 2013 2275 2088 ponitur),
2306 2030 2402 2086 pro
2430 2014 2570 2069 omni
2592 2013 2817 2083 gustavit
2836 2021 3058 2065 mortem
3077 2011 3121 2043 ⁸⁸
3155 2027 3171 2065 :
3203 2010 3299 2066 sed
3324 2011 3439 2067 sive
3471 2011 3591 2067 sine

2010 2108 2124 2163 Deo
2156 2122 2258 2178 pro
2306 2104 2454 2160 omni
2507 2104 2751 2176 gustavit
2780 2116 3011 2158 mortem
3038 2140 3054 2167 ,
3105 2100 3213 2173 42
3256 2116 3361 2156 non
3413 2101 3588 2156 solum

2008 2214 2107 2272 pro
2145 2197 2460 2254 hominibus
2502 2204 2750 2250 mortuus
2796 2204 2900 2258 est,
2943 2208 3130 2248 verum
3163 2194 3327 2248 etiam
3356 2207 3457 2265 pro
3485 2207 3593 2248 ca:-

2011 2292 2144 2349 teris
2180 2289 2412 2346 rationis
2441 2287 2734 2358 capacibus
2770 2304 2784 2341 :
2818 2286 2935 2342 sive
2961 2299 3060 2356 per
3104 2286 3336 2355 gratiam
3365 2286 3459 2341 Dei
3492 2300 3594 2355 pro

2008 2384 2159 2442 omni
2188 2381 2427 2454 gustavit
2450 2390 2706 2445 mortem,
2744 2394 2843 2449 pro
2874 2376 3128 2432 omnibus
3155 2378 3276 2433 sine
3309 2378 3417 2433 Deo
3440 2391 3590 2432 mor-

2012 2487 2138 2533 tuus
2168 2484 2292 2531 est:
2324 2489 2422 2544 per
2450 2472 2685 2543 gratiam
2720 2485 2957 2542 namque
3010 2471 3103 2526 Dei
3152 2484 3254 2539 pro
3295 2468 3445 2524 omni
3493 2485 3593 2539 gu-

2009 2567 2184 2626 stavit
2211 2576 2443 2622 mortem
2474 2565 2718 2620 :etenim
2769 2564 3064 2619 absurdum
3101 2574 3185 2618 est
3217 2577 3317 2632 pro
3348 2564 3591 2633 peccatis

2009 2659 2233 2729 quidem
2275 2656 2530 2713 humanis
2560 2655 2745 2711 dicere
2769 2669 2893 2710 eum
2922 2666 3154 2710 mortem
3178 2661 3443 2724 gustasse,
3479 2674 3586 2714 non

2011 2753 2086 2807 ita
2120 2764 2251 2805 vero
2296 2763 2395 2819 pro
2439 2747 2867 2818 quibuscunque
2919 2748 3084 2802 etiam
3121 2745 3243 2800 aliis
3270 2745 3361 2815 qui
3394 2754 3591 2815 praeter

2010 2844 2282 2900 hominem
2314 2842 2368 2896 in
2396 2840 2635 2911 peccatis
2658 2824 3032 2905 essent,verbi
3062 2840 3239 2910 gratia
3267 2853 3365 2908 pro
3399 2839 3587 2901 astris,

2009 2934 2267 2992 nimirum
2321 2946 2496 3000 neque
2544 2931 2709 2985 astris
2762 2930 2992 2985 omnino
3037 2944 3223 2985 coram
3283 2929 3394 2984 Deo
3437 2928 3590 2998 puris

2021 3026 2437 3092 exsistentibus,
2459 3025 2627 3081 veluti
2653 3025 2881 3094 legimus
2910 3024 3050 3095 apud
3080 3024 3185 3079 .Iob
3208 3022 3254 3056 ³⁸
3278 3040 3293 3077 :
3325 3024 3478 3077 Astra
3499 3040 3592 3076 au-

318 3130 443 3166 τινα
473 3113 666 3186 ἑτέραν
686 3114 837 3186 παρὰ
864 3113 934 3168 τὰ
958 3115 1224 3187 εἰρημένα
1252 3115 1496 3171 ἐπίνοιαν
1542 3118 1741 3183 Ἰούδας
1790 3120 1906 3175 ὀνο-

2009 3134 2114 3178 tem
2155 3138 2257 3176 non
2297 3130 2419 3175 sunt
2467 3118 2663 3173 munda
2701 3118 2757 3171 in
2788 3127 3066 3186 conspectu
3109 3117 3261 3187 ejus,
3305 3115 3415 3171 nisi
3451 3114 3591 3170 forte

322 3207 575 3278 μάζεται,
610 3208 697 3261 ἵνα
724 3209 773 3261 οί
796 3210 853 3262 ἐν
875 3208 1103 3279 κρυπτῷ
1146 3210 1390 3264 Ἰουδαῖοι
1422 3211 1497 3282 μὴ
1520 3211 1629 3265 61:6
1656 3212 1748 3266 τοῦ
1772 3214 1902 3267 Υἰοῦ

333 3298 526 3354 Ἰακὼϐ
568 3300 737 3355 Ἰούδα
766 3301 1009 3354 Ἰουδαῖοι
1037 3317 1142 3372 χρη
1152 3302 1469 3372 ματίζωσιν,
1496 3303 1629 3358 ἀλλὰ
1649 3305 1757 3358 61:6
1780 3305 1905 3359 τού-

318 3410 436 3459 του,
464 3394 615 3458 δντες
647 3393 812 3448 αὐτοῦ
841 3392 1083 3463 ἀδελφοὶ,
1116 3394 1211 3447 καὶ
1243 3394 1520 3460 αἰνοῦντες
1544 3397 1725 3462 αὐτὸν,
1757 3398 1906 3452 ἀντι-

319 3482 718 3557 λαμϐανόμενοι
740 3488 838 3559 τῆς
862 3487 1177 3561 ἐλευθερίας
1197 3530 1212 3554 ,
1239 3490 1307 3560 ἣν
1354 3491 1762 3564 ἐλευθεροῦνται
1807 3493 1901 3547 ὑπ’

319 3577 509 3642 αὐτοῦ,
544 3578 830 3649 ῥυσθέντες
859 3581 967 3634 61:6
992 3581 1099 3634 τῶν
1130 3580 1340 3652 ἐχθρῶν
1372 3581 1562 3648 αὐτοῦ,
1593 3582 1692 3648 τὰς
1716 3586 1905 3656 χεῖρας

317 3667 489 3721 αὐτοῦ
515 3668 594 3739 τῷ
622 3668 774 3741 νώτῳ
800 3672 976 3725 αὐτῶν
1006 3672 1342 3737 ἐπιτιθέντος
1360 3713 1375 3738 ,
1404 3675 1497 3727 καὶ
1539 3676 1904 3743 ὑποτάξαντος

316 3759 541 3824 αὐτούς.
582 3760 738 3815 Ἀλλὰ
766 3765 860 3816 καὶ
892 3764 1184 3836 πτερνίσας
1202 3764 1302 3837 τὴν
1333 3766 1715 3837 ἀντικειμένην
1750 3768 1904 3841 ἐνέρ-

2011 3216 2115 3271 hoc
2151 3211 2503 3285 hyperbolice
2539 3211 2746 3265 dictum
2776 3218 2885 3265 est.
2918 3208 3000 3265 Ob
3044 3222 3165 3265 eam
3196 3222 3421 3263 causam
3472 3221 3591 3261 ma-

2010 3323 2148 3379 gnus
2178 3315 2264 3360 est
2297 3301 2572 3367 Pontifex,
2598 3300 2859 3371 quoniam
2890 3314 3059 3370 regno
3085 3298 3267 3353 Patris
3287 3296 3469 3353 omnia
3497 3312 3589 3353 re-

2009 3400 2203 3466 stituit,
2242 3397 2447 3453 faciens
2475 3409 2537 3450 ea
2563 3394 2763 3465 repleri
2802 3409 2923 3463 qua:
2972 3394 3026 3447 in
3073 3407 3401 3464 unoquoque
3442 3406 3591 3447 mor-

2013 3492 2199 3548 talium
2246 3491 2463 3552 desunt,
2494 3496 2551 3541 ut
2578 3486 2798 3555 capiant
2832 3494 3117 3556 paternam
3152 3485 3405 3555 gloriam.
3438 3482 3589 3537 Sane

2007 3585 2097 3640 hic
2130 3597 2356 3651 magnus
2396 3577 2646 3633 Pontifex
2673 3576 2827 3645 juxta
2889 3575 3054 3629 aliam
3096 3574 3588 3629 considerationem

2005 3674 2175 3730 Iudas
2205 3680 2453 3734 vocatur,
2484 3678 2543 3722 ut
2568 3668 2660 3736 qui
2689 3668 2743 3720 in
2774 3665 2990 3719 occulto
3018 3673 3146 3718 sunt
3173 3662 3347 3717 Judaai
3379 3662 3447 3729 ⁸ο,
3480 3679 3588 3717 non

2008 3782 2038 3820 a
2070 3763 2211 3820 Iuda
2242 3761 2412 3816 Jacob
2438 3759 2551 3813 lilio
2584 3757 2960 3822 nominentur,
2986 3755 3081 3810 sed
3105 3752 3175 3808 ab
3201 3755 3325 3821 hoc,
3353 3753 3592 3809 existen-

318 3869 497 3923 γειαν,
532 3853 693 3926 μόνος
715 3872 774 3908 τε
799 3856 940 3928 ὁρῶν
967 3856 1058 3910 τὸν
1084 3856 1323 3929 Πατέρα,
1351 3858 1447 3912 καὶ
1478 3859 1567 3912 ὅτε
1620 3859 1907 3931 ἄνθρωπος

2009 3868 2091 3912 tes
2123 3855 2293 3926 ipsius
2332 3851 2534 3906 Iratres
2557 3889 2573 3915 ,
2621 3861 2676 3905 et
2704 3848 2991 3904 laudantes
3020 3862 3145 3902 eum
3176 3846 3242 3916 “,
3279 3848 3589 3917 adipiscen-

319 3946 636 4019 γεγένηται,
683 3948 874 4002 Ἰακώϐ
901 3951 1018 4002 ἐστι
1042 3951 1138 4004 καὶ
1172 3950 1419 4022 Ἰσραὴλ,
1466 3952 1561 4021 ἀφ’
1582 3944 1643 4005 οῦ
1664 3992 1679 4016 ,
1719 3951 1906 4025 ὥσπερ

2012 3957 2094 4002 tes
2143 3945 2473 4007 libertatem,
2520 3957 2625 4011 qua
2668 3940 2970 3998 liberantur
2999 3939 3069 3995 ab
3113 3942 3255 4008 ipso,
3281 3950 3336 3998 et
3367 3941 3587 3998 liberati

320 4040 587 4112 γινόμεθα
620 4041 754 4111 φῶς,
787 4042 965 4112 φωτὸς
1007 4042 1160 4109 ὄντος
1185 4044 1280 4098 τοῦ
1316 4046 1550 4117 κόσμου,
1594 4045 1766 4111 οὕτως
1798 4048 1902 4101 Ἰα-

2012 4042 2082 4096 ab
2114 4037 2363 4095 hostibus
2388 4036 2524 4100 suis,
2576 4034 2694 4105 ipso
2723 4033 2937 4089 scilicet
2965 4049 3161 4090 manus
3208 4050 3338 4091 suas
3383 4037 3438 4090 in
3468 4035 3588 4090 illo-

322 4133 459 4201 κὼϐ,
485 4135 821 4206 καλουμένου
862 4134 1076 4204 Ἰακὼϐ,
1110 4137 1205 4191 καὶ
1232 4138 1469 4211 Ἰσραὴλ,
1503 4138 1904 4212 ὀνομαζομένου

2013 4150 2131 4189 rum
2156 4133 2373 4190 dorsum
2397 4131 2705 4201 imponente
2736 4138 2793 4184 et
2817 4128 3145 4199 subjiciente
3170 4129 3587 4201 ipsos.Przeter-

334 4227 567 4301 Ἰσραήλ.
2014 4244 2078 4286 ea
2110 4242 2233 4284 cum
2288 4222 2723 4295 supplantaverit
2754 4222 3024 4278 actionem
3054 4223 3383 4293 oppositam,
3408 4233 3463 4280 et
3496 4238 3586 4279 so-

322 4318 409 4375 lus
434 4321 613 4377 videat
642 4320 861 4377 Patrem
898 4323 1084 4392 (etiam
1114 4323 1335 4393 quando
1361 4324 1524 4379 homo
1554 4324 1732 4382 factus
1753 4327 1883 4398 est),
1919 4323 2087 4383 Iacob
2116 4328 2201 4379 est
2247 4327 2304 4374 et
2351 4317 2544 4383 Israel,
2585 4333 2617 4373 a
2660 4330 2767 4385 quo
2794 4324 2986 4370 vocato
3013 4313 3180 4372 Iacob
3207 4326 3262 4370 et
3290 4315 3481 4380 Israel,
3514 4314 3588 4369 ita

322 4430 583 4472 vocamur
609 4416 773 4472 etiam
802 4432 904 4472 nos
934 4414 1104 4472 Jacob
1128 4427 1182 4473 et
1207 4416 1396 4483 Israel,
1426 4428 1487 4473 ιιι
1512 4420 1580 4474 ah
1614 4420 1752 4489 ipso,
1788 4422 1881 4490 qui
1908 4430 1991 4476 est
2023 4419 2113 4473 lux
2147 4413 2357 4478 mundi,
2381 4411 2470 4467 lux
2504 4412 2669 4468 etiam
2703 4424 3099 4480 nuncupamur.

392 4510 480 4565 41.
530 4510 682 4564 Ἐπεὶ
703 4510 763 4565 δὲ
794 4510 1213 4582 παραλαμϐάνει
1246 4511 1343 4583 τὴν
1378 4512 1653 4583 βασιλείαν
1683 4514 1790 4567 ἀπὸ
1814 4514 1907 4585 βα-

2081 4514 2173 4567 Μ.
2202 4509 2475 4577 Quoniam
2497 4513 2679 4560 autem
2708 4504 2905 4572 accipit
2929 4516 3157 4573 regnum
3188 4515 3217 4555 a
3253 4515 3403 4569 rege,
3425 4511 3588 4569 quem

324 4603 540 4667 σιλέως,
563 4604 621 4656 δν
649 4605 862 4666 ἐαυτοῖς
894 4603 1249 4658 ἐϐασίλευσαν
1284 4605 1334 4658 οἰ
1370 4605 1479 4658 υἱοὶ
1526 4606 1743 4678 Ἰσραὴλ
1766 4647 1781 4670 ,
1809 4610 1905 4662 καὶ

2009 4606 2113 4660 sibi
2147 4600 2507 4672 praal'ecerant
2538 4598 2633 4653 lilii
2664 4596 2850 4661 Israel,
2876 4598 3079 4664 cuique
3131 4594 3447 4660 imperium,
3480 4591 3591 4646 Deo

322 4694 385 4749 ού
417 4693 505 4748 διὰ
529 4693 623 4747 τοῦ
647 4693 783 4747 Θεοῦ
805 4693 1070 4766 ἄρξαντες
1102 4694 1280 4756 αὐτὸν,
1310 4694 1405 4748 καὶ
1436 4694 1510 4767 μὴ
1538 4697 1905 4768 γνωρίσαντες

2010 4695 2327 4762 neutiquam
2360 4698 2656 4754 annuente,
2692 4688 3033 4741 tradiderant
3058 4726 3073 4750 ,
3105 4699 3281 4754 neque
3316 4685 3423 4739 Deo
3451 4699 3588 4739 con-

323 4784 402 4856 τῷ
433 4784 572 4857 Θεῷ,
595 4784 863 4856 πολέμους
893 4802 957 4839 τε
978 4783 1075 4837 τοῦ
1101 4784 1313 4856 Κυρίου
1340 4785 1593 4856 πολεμῶν
1624 4786 1905 4857 ἐτοιμάζει

2011 4788 2368 4850 eiliaverant;
2417 4791 2473 4836 et
2520 4780 2777 4847 quoniam
2820 4777 2959 4832 bella
3010 4778 3219 4832 Domini
3249 4792 3448 4848 gerens
3474 4777 3590 4833 lilio

324 4880 546 4950 εἰρήνην
571 4878 650 4949 τῷ
684 4877 785 4949 υίῷ
803 4876 971 4931 αὐτοῦ
1002 4877 1138 4949 λαῷ,
1170 4878 1310 4949 τάχα
1340 4879 1397 4932 δέ
1420 4878 1509 4932 διά
1547 4878 1705 4933 τοῦτο
1743 4880 1907 4935 Δαυῒδ

2012 4896 2112 4936 suo
2140 4882 2358 4946 (nempe
2391 4871 2609 4943 populo)
2638 4885 2822 4940 pacem
2853 4881 3152 4942 comparat,
3179 4871 3593 4927 fortassisbanc

324 4970 784 5043 προσαγορεύεται
806 4987 821 5001 ·
857 4970 951 5024 καὶ
984 4971 1122 5042 μετὰ
1136 4969 1311 5026 ταῦτα
1333 4972 1546 5041 ῥάϐδος,
1574 4974 1688 5036 τοῖς
1720 4972 1907 5045 δεομέ-

2013 4972 2085 5029 ob
2133 4983 2352 5025 causam
2384 4964 2554 5022 David
2600 4973 2828 5020 vocatur
2858 4983 2873 5021 :
2911 4965 3106 5022 deinde
3137 4965 3288 5034 virga
3322 4964 3367 4998 δ’
3424 4963 3594 5017 ιιίιηί-

391 5086 438 5116 ³⁶
463 5083 650 5137 Matth.
684 5102 800 5150 xix,
830 5083 919 5148 l6,
947 5084 1036 5139 I7.
1112 5086 1155 5117 ³⁷
1186 5084 1351 5142 Hebr.
1383 5102 1459 5152 tv,
1485 5087 1574 5144 I5.
1629 5087 1674 5119 ³⁸
1711 5085 1875 5142 Hebr.
1903 5104 1907 5141 ι

391 5172 473 5211 ιι.
503 5154 557 5210 8.
634 5153 679 5188 δ’
708 5155 812 5211 Isa.
842 5172 918 5211 ιι.
953 5157 1005 5211 I.

2008 5087 2042 5142 ἰ.
2114 5085 2158 5117 ³³
2184 5084 2316 5156 Cap.
2342 5099 2470 5153 xxv,
2502 5099 2644 5143 vers.
2674 5083 2730 5140 5.
2804 5081 2853 5114 δ’
2880 5080 3033 5137 Rom.
3061 5093 3124 5146 ιι,
3148 5078 3242 5133 29.
3308 5080 3351 5109 δι
3386 5076 3584 5136 Genes.

326 5172 473 5219 XLII,
503 5172 557 5210 δ.
634 5172 679 5188 ’⁸
708 5172 812 5211 158.
842 5172 918 5222 XI,
953 5172 1005 5211 1ο

397 5247 526 5320 (68),
542 5248 721 5317 Ὅπερ
742 5248 815 5302 ἐν
838 5262 957 5303 τισι
988 5249 1194 5312 κεῖται,
1216 5260 1323 5305 etc.
1355 5247 1551 5320 [ρξεθῆ
1580 5248 1737 5320 ὅπερ.
1775 5249 1897 5320 Ori-

324 5335 490 5385 genes
518 5319 655 5373 inl'ra
683 5330 815 5373 tom.
840 5335 1033 5376 xxvnt.
1073 5337 1128 5373 ιι.
1164 5321 1252 5382 I3,
1275 5319 1329 5373 in
1361 5319 1524 5373 Joan.
1554 5335 1627 5379 ιιι.
1653 5319 1743 5382 49,
1773 5319 1859 5377 50.
1888 5338 1901 5375 ε

326 5391 435 5461 Καὶ
466 5392 833 5461 συγχρήσεται
869 5390 967 5460 τῷ.
1006 5390 1154 5461 ὅπως
1191 5390 1397 5461 χάριτι,
1429 5387 1485 5459 ἢ,
1546 5389 1716 5461 χωρὶς
1765 5388 1903 5443 Θεοῦ

325 5460 466 5531 ὑπὲρ
499 5459 700 5525 παντὸς
723 5459 980 5529 γεύσεται
1013 5459 1902 5531 Oav6:ou.Posterioreniﬂnoqne

326 5528 469 5601 hanc
498 5528 787 5601 lectionem
827 5532 1077 5601 sequitur
1100 5529 1425 5601 Ambrosius
1459 5528 1551 5583 lib.
1570 5544 1623 5601 _|_l
1650 5528 1729 5582 De
1770 5530 1896 5601 ﬁde,

326 5600 396 5671 ad
418 5597 753 5671 Gratianum,
790 5597 1003 5671 capIgI.
1033 5599 1308 5654 Immerito
1355 5599 1517 5671 igitur
1567 5597 1903 5671 Nestorinnis

328 5668 433 5723 loci
467 5670 629 5739 hujus
652 5668 1099 5738 depravationem
1139 5671 1329 5724 tribuit
1354 5669 1577 5726 Graecus
1610 5669 1698 5723 ille
1737 5670 1900 5723 scho-

331 5740 517 5795 Iinstcs
539 5756 700 5811 quem
746 5740 930 5798 laudat
962 5740 1125 5810 Beza,
1162 5749 1342 5811 utpote
1401 5757 1523 5811 qua:
1568 5740 1679 5811 jam
1741 5740 1900 5809 longe

2001 5257 2127 5306 ante
2152 5248 2465 5304 Nestorium
2488 5256 2753 5303 exstaret.
2780 5245 3043 5302 Ηυετιιτε.

2076 5320 2192 5402 (ιιι)
2223 5319 2579 5402 Γεγεῦσίζαι.
2625 5317 2716 5402 Sic
2766 5318 2963 5402 codex,
2996 5311 3380 5402 Bodleian't‘ts."
3396 5312 3585 5402 AIZIditio

2003 5383 2227 5451 Hu‘etii,
2267 5383 2588 5457 γεύσασθαι.
2660 5385 2781 5457 Mox
2828 5386 2971 5439 idem
3029 5384 3201 5457 codex
3245 5383 3577 5457 Bodleianns

2003 5469 2153 5515 recte
2184 5453 2347 5528 habet
2370 5456 2523 5528 παρὰ
2540 5456 2632 5509 τὸν
2670 5454 2976 5527 ἄνθρωπον,
3018 5456 3158 5511 male
3195 5455 3360 5511 editio
3398 5453 3586 5515 Huetii

2001 5530 2153 5601 παρά
2164 5527 2285 5601 Δτῶν
2315 5528 2412 5601 ἀνθ
2420 5526 2640 5601 ρῴπων.

2070 5593 2183 5669 (50)
2213 5593 2353 5652 Οῖον
2382 5593 2536 5669 ὑπὲρ
2571 5594 2834 5669 ἄστρων.Δ
2852 5593 2933 5669 In__
2961 5594 3299 5666 Origeniam's
3351 5594 3587 5669 quaestio

2000 5670 2066 5726 de
2102 5666 2277 5727 merle
2309 5684 2336 5723 a
2368 5668 2592 5724 Christo
2624 5682 2721 5736 pro
2755 5666 3027 5724 sideribus
3060 5669 3205 5721 nhilzt
3261 5668 3593 5733 ventilatur-
