4082 6224
217 288 303 344 97
1333 281 1693 338 COMMENT.
1733 280 1796 336 tu
1836 279 2028 337 .lt).~\l\’.
2070 280 2309 340 TOMUS
2348 283 2389 338 ι.
3429 291 3502 346 93

225 403 375 456 κατὰ
430 401 688 472 ἀλήθειαν
731 399 980 467 λογικοὺς
1032 399 1480 464 κατασκευάζων,
1517 401 1693 454 πάντα
1745 400 1821 462 είς

1929 400 2011 450 Itis
2043 411 2124 451 est
2167 417 2195 450 ιι
2229 401 2441 452 ratione
2487 399 2722 452 alienum
2757 415 2982 467 prorsus
3012 401 3287 464 auferens.
3323 412 3377 456 et
3403 421 3504 456 nos

225 495 395 562 δόξαν
423 494 560 547 Θεοῦ
587 494 942 563 πράττοντας,
988 492 1148 564 μέχρι
1187 491 1281 544 τοῦ
1306 492 1504 545 ἐσθίειν
1523 534 1541 558 ,
1587 493 1685 545 καὶ
1723 491 1818 545 τοῦ

1926 507 2242 562 prst‘paratts
2275 493 2669 546 convenienter
2698 493 2916 545 veritati
2947 532 2960 553 ,
3004 493 3233 548 rationis
3279 495 3506 562 partici-

229 588 436 650 πίνειν,
455 588 534 650 είς
558 586 716 649 δόξαν
737 585 871 638 Θεοῦ
901 585 1280 650 ἐπιτελοῦντας
1305 587 1393 641 διά
1419 588 1511 640 τὸν
1530 588 1701 656 Λόγον
1730 589 1821 642 καὶ

1925 598 2018 647 pec
2051 598 2194 646 esse,
2229 585 2407 636 omnia
2437 585 2561 636 vitae
2602 599 2766 650 opera
2797 593 2906 635 tmn
2951 584 3211 654 vulgaria,
3245 596 3354 639 tttm
3379 602 3505 656 pcr-

228 680 304 733 τὰ
339 678 774 751 κοινωνικώτερα
805 681 899 732 καὶ
939 679 1248 751 τελειότερα
1280 679 1376 733 τοῦ
1404 679 1520 750 βίου
1567 680 1724 751 ἔργα,
1759 681 1818 734 Ε.

228 773 341 844 γὰρ
381 771 700 842 μετέχοντες
746 773 911 826 αὑτοῦ
938 773 1278 844 ἀνιστάμεθα
1321 774 1416 827 καὶ
1454 772 1818 843 φωτιζόμεθα,

224 862 371 933 τάχα
398 863 452 918 δὲ
475 865 569 917 καὶ
594 865 998 936 ποιμαινόμεθα
1027 866 1058 936 ἦ
1087 865 1499 936 βασιλευόμεθα,
1533 865 1712 932 δῆλον,
1736 867 1820 919 ὅτι

226 956 327 1006 καὶ
361 953 560 1018 ὲνθέως
589 954 799 1022 λογικοὶ
842 956 1108 1026 γινόμεθα
1151 956 1219 1008 τὰ
1248 958 1306 1008 ὲν
1346 957 1477 1026 ἡμῖν
1521 953 1691 1022 ἄλογα
1723 954 1819 1008 καὶ

226 1047 330 1116 τὴν
376 1047 680 1118 νεκρότητα
730 1048 1085 1116 ἀφανίζοντος
1109 1048 1274 1102 αὑτοῦ
1329 1048 1463 1102 καθὸ
1503 1047 1660 1115 λόγος
1703 1048 1824 1100 ἐστὶ

227 1140 328 1192 καὶ
360 1139 677 1204 ἀνάστασις.
726 1141 1049 1212 Ἐπίστησον
1073 1140 1130 1194 δὲ
1162 1141 1210 1193 si
1245 1140 1534 1212 μετέχουσί
1580 1157 1699 1204 πως
1726 1141 1825 1193 αὐ-

227 1230 326 1284 τοῦ
364 1231 566 1295 πάντες
591 1231 886 1304 ἄνθρωποι,
917 1232 1050 1287 καθὸ
1095 1232 1272 1302 Λόγος
1303 1232 1442 1288 ἐστι.
1486 1231 1690 1301 Διόπερ
1725 1230 1822 1301 ζη-

227 1322 446 1378 τεῖσθαι
477 1325 577 1378 ούκ
613 1324 718 1390 ἔξω
738 1324 842 1378 τῶν
872 1323 1178 1395 ζητούντων
1193 1325 1300 1378 ὑπὸ
1318 1323 1427 1377 τῶν
1455 1323 1637 1394 εὑρεῖν
1659 1322 1822 1376 αὑτὸν

229 1415 680 1488 προαιρουμένων
712 1415 950 1470 διδάσκει
997 1419 1146 1487 ἡμᾶς
1184 1418 1216 1470 6
1269 1413 1587 1478 ’Δπύστολος
1613 1413 1818 1482 λέγων·

230 1507 332 1575 Μὴ
359 1507 538 1576 εἴπῃς
564 1508 636 1560 έν
665 1507 740 1576 τῇ
769 1509 985 1578 καρδίᾳ
1007 1526 1154 1564 σου·
1190 1510 1288 1575 Τίς
1330 1508 1693 1574 ἀναϐήσεται
1734 1510 1822 1574 εἰς

229 1599 342 1652 τὸν
375 1602 671 1669 οὐρανόν;
698 1600 974 1655 τουτέστι
1011 1601 1276 1669 Χριστὸν
1327 1601 1677 1670 καταγαγεῖν
1693 1619 1708 1634 ·
1755 1601 1816 1669 ἢ,

235 1691 336 1757 Τίς
366 1691 764 1760 καταϐήσεται
794 1693 885 1757 εις
908 1690 1024 1758 τὴν
1052 1689 1366 1754 ἄϐυσσον;
1386 1690 1656 1744 τουτέστι
1681 1693 1813 1759 Χριο

1922 672 2178 736 fectiura,
2203 686 2422 743 propter
2459 677 2601 730 hunc
2630 675 2803 744 Λόγον
2847 674 3274 749 [rationemque]
3301 679 3368 734 ad
3407 679 3504 734 Dei

1932 764 2166 836 gloriam
2196 777 2438 835 agentes,
2471 770 2604 823 adeo
2636 779 2692 822 ut
2720 769 2802 823 vel
2832 770 3210 824 manducando
3257 769 3370 842 Μ
3417 772 3504 826 vel

1922 861 2152 916 bibendo
2190 861 2376 930 gloria:
2410 863 2502 918 Dei
2543 866 2878 918 Studeamus.
2911 863 3042 919 Nam
3093 864 3136 918 si
3166 864 3344 934 ipsum
3375 879 3501 934 par-

1925 955 2214 1022 ticipantcs
2271 956 2665 1010 resuscitamur
2715 957 3212 1026 illtuninamurquc,
3247 957 3504 1012 fortassis

1927 1058 2108 1100 autem
2142 1049 2417 1115 poscimur
2441 1047 2605 1101 etiam
2643 1047 2726 1101 vel
2755 1049 3012 1119 regimur,
3043 1050 3164 1116 quis
3190 1064 3294 1101 non
3321 1049 3512 1103 videat.

1925 1139 2150 1191 rationis
2174 1153 2403 1206 capaces
2435 1154 2531 1193 nos
2576 1141 2836 1196 divinitus
2879 1140 3019 1196 efﬁci
3057 1141 3178 1210 ipso
3213 1139 3374 1211 Λόγῳ
3399 1141 3504 1195 hoc

1925 1239 2008 1283 est
2036 1229 2174 1284 Filio
2201 1231 2316 1296 Dei,
2346 1243 2512 1302 atque
2541 1234 2654 1302 ipsa
2706 1234 2938 1299 ratione,
2967 1242 3163 1287 cuncta
3196 1232 3247 1285 in
3275 1232 3434 1286 nobis
3468 1247 3500 1285 a

1927 1321 2142 1377 ratione
2170 1323 2371 1387 aliena,
2404 1337 2570 1395 atque
2618 1326 3094 1380 mortiﬁcationem
3133 1326 3322 1394 ipsam,
3367 1339 3504 1394 qua-

1926 1425 2089 1471 tenus
2124 1419 2266 1474 ratio
2306 1428 2390 1473 est
2427 1430 2482 1473 ct
2512 1423 2865 1488 resurrectio,
2895 1421 3193 1477 abolente?
3235 1421 3502 1488 Quocirca

1924 1508 2134 1577 inspice
2191 1525 2264 1564 an
2311 1511 2718 1579 quodammodo
2766 1514 2972 1582 ipsius,
3025 1524 3296 1581 quatenus
3325 1512 3504 1581 Λόγος

1921 1597 2050 1669 [hoc
2077 1612 2162 1655 est
2189 1600 2355 1674 ratio]
2387 1611 2490 1665 est,
2534 1604 2830 1672 participes
2863 1603 2973 1658 sint
3001 1619 3200 1659 omnes.
3226 1607 3496 1660 homines.

1921 1688 2105 1758 itaque
2146 1703 2270 1745 eum
2307 1692 2478 1761 quaeri
2513 1707 2618 1747 non
2663 1703 2815 1748 extra
2851 1710 2946 1749 eos
2973 1695 3063 1765 qui
3114 1708 3388 1764 quaerunt,
3429 1697 3501 1752 ab

227 1781 388 1835 στὸν
431 1782 502 1836 ἐκ
551 1781 784 1850 νεκρῶν
837 1782 1190 1851 ἀναγαγεῖν·
1242 1781 1401 1836 ἀλλὰ
1457 1781 1515 1834 τι
1562 1781 1724 1850 λέγει
1773 1784 1811 1850 ἠ

1924 1781 1986 1835 iis
2017 1782 2109 1850 qui
2139 1797 2262 1836 eum
2297 1783 2544 1840 invenire
2564 1786 2920 1852 constituant,
2945 1802 3046 1842 nos
3075 1790 3235 1843 docet
3267 1786 3498 1859 Aposto-

231 1873 483 1944 Γραφή;
517 1875 726 1945 Ἐγγύς
757 1889 876 1928 σου
902 1874 968 1928 τὸ
995 1871 1158 1942 ῥῆμά
1181 1873 1314 1927 ἐστι
1347 1873 1584 1942 σφόδρα
1628 1875 1698 1927 ἐν
1737 1873 1816 1941 τῷ

223 1968 490 2037 στόματί
510 1982 649 2032 σου,
671 1969 767 2022 καὶ
801 1968 871 2022 ἐν
898 1965 974 2036 τῇ
996 1965 1210 2035 καρδίᾳ
1241 1981 1379 2031 σου,
1411 1967 1488 2030 ὡς
1511 1967 1606 2020 τοῦ
1651 1968 1817 2020 αὐτοῦ

225 2057 388 2122 ὄντος
421 2058 659 2130 Χριστοῦ
694 2060 786 2112 καὶ
821 2061 1065 2130 ῥήματος
1108 2058 1203 2111 τοῦ
1255 2059 1608 2129 ζητουμένου.
1661 2057 1821 2111 Ἀλλὰ

225 2151 331 2204 καὶ
385 2151 476 2204 ὅτε
517 2149 679 2214 αὐτός
732 2167 894 2220 φησιν
941 2151 969 2203 ό
1001 2148 1207 2221 Κύριος
1231 2165 1246 2180 °
1279 2151 1350 2203 El
1371 2147 1458 2217 μὴ
1480 2145 1692 2218 ἦλθον,
1720 2147 1820 2202 καὶ

226 2239 514 2307 ἐλάλησα
540 2237 771 2305 αὐτοῖς,
819 2239 1116 2309 ἁμαρτίαν
1150 2240 1263 2293 οὐκ
1296 2233 1466 2307 εἶχον
1507 2237 1649 2308 (57)·
1702 2238 1820 2292 νῦν

227 2331 302 2386 δὲ
318 2333 626 2401 πρόφασιν
643 2333 753 2387 οὐκ
771 2331 984 2400 έχουσι
1002 2331 1137 2399 περὶ
1155 2331 1268 2400 τῆς
1291 2331 1580 2400 ἁμαρτίας
1599 2328 1818 2396 αὐτῶν,
1841 2357 1846 2362 -

227 2426 334 2478 οὐκ
359 2424 485 2479 ἄλλο
512 2424 730 2495 νοητέον
756 2425 789 2495 ἢ
817 2425 900 2478 ὅτι
927 2427 956 2478 6
978 2424 1135 2492 λόγος
1157 2425 1320 2496 φησὶν
1347 2418 1429 2487 οἷς
1454 2423 1662 2477 οὐδέπω
1687 2439 1819 2494 συμ-

231 2518 612 2589 πεπλήρωται,
655 2517 730 2590 μὴ
766 2512 904 2571 εἶναι
931 2517 1226 2588 ἁμαρτίαν,
1265 2514 1487 2580 τούτους
1520 2515 1578 2570 δὲ
1602 2515 1818 2586 ὲνόχους

231 2611 405 2682 αὐτῆς
457 2611 747 2682 τυγχάνειν
769 2649 784 2674 ,
835 2611 886 2663 οἳ
928 2610 994 2662 ἂν
1057 2609 1455 2680 μετεσχηκότες
1494 2609 1596 2680 ἥδη
1653 2606 1816 2662 αὐτοῦ

231 2705 516 2776 πράττωσι
543 2701 692 2774 παρὰ
724 2703 822 2766 τὰς
858 2701 1065 2767 ἐννοίας
1089 2702 1189 2766 τὰς
1209 2700 1269 2768 ἐξ
1304 2694 1379 2756 ὧν
1419 2697 1574 2764 οὗτος
1604 2701 1660 2754 ἐν
1687 2702 1820 2772 ἡμῖν

235 2795 676 2869 συμπληροῦται,
709 2797 804 2850 καὶ
843 2795 1020 2866 μόνως
1063 2795 1234 2858 οὕτως
1271 2793 1469 2866 ἀληθὲς
1512 2795 1599 2847 τό·
1623 2794 1691 2846 El
1729 2791 1818 2862 μὴ

234 2885 447 2958 ἦλθον,
482 2889 580 2943 καὶ
608 2887 889 2956 ἐλάλησα
905 2886 1139 2952 αὐτοῖς,
1166 2887 1461 2957 ἁμαρτίαν
1485 2889 1596 2941 οὐκ
1629 2880 1816 2956 εἶχον.

236 2982 371 3054 Φέρε
396 2982 505 3054 γὰρ
534 2982 625 3036 ἐπὶ
661 2981 835 3054 Ἰησοῦ
868 2980 964 3034 τοῦ
989 2980 1208 3054 ὁρατοῦ,
1224 2981 1300 3045 ὠς
1325 2982 1375 3034 οἱ
1397 2981 1582 3036 πολλοὶ
1605 2983 1817 3054 οἰήσον-

1917 1872 2020 1936 lus,
2054 1873 2244 1929 dicens
2280 1875 2325 1906 ⁸⁷
2361 1873 2488 1928 :Ne
2517 1877 2711 1931 dixeris
2740 1879 2796 1931 in
2835 1879 2990 1933 corde
3011 1889 3128 1936 tuo:
3149 1882 3280 1947 Quis
3314 1900 3500 1939 ascen-

1916 1965 2002 2016 det
2051 1964 2106 2017 in
2134 1964 2322 2019 ctutum
2354 1968 2377 2021 ?
2408 1968 2508 2020 hoc
2544 1978 2620 2021 est
2662 1966 2932 2022 Christum
2955 1985 3022 2023 ea;
3050 1972 3157 2024 alto
3190 1975 3446 2040 deducere
3479 1993 3501 2040 ,°

1919 2065 2034 2106 aut:
2063 2054 2196 2120 Quis
2223 2058 2496 2111 descendet
2523 2059 2575 2112 in
2601 2061 2848 2128 abyssum
2866 2060 2892 2111 .’
2913 2063 3009 2116 hoc
3034 2074 3109 2118 est
3137 2063 3408 2120 Christum
3435 2084 3502 2122 ea:

1919 2145 2146 2198 mortuis
2187 2147 2457 2210 reducere.
2487 2147 2598 2204 Sed
2631 2153 2758 2222 quid
2802 2155 2927 2206 dicit
2967 2154 3242 2221 Scriptura
3266 2154 3290 2191 ’
3329 2156 3503 2225 PrOpe

1919 2242 1966 2284 te
1992 2234 2203 2287 verbum
2231 2245 2308 2289 est
2350 2238 2501 2294 valde
2545 2241 2599 2296 in
2628 2259 2718 2298 ore
2746 2255 2854 2309 tuo,
2884 2255 2932 2298 et
2965 2246 3018 2298 in
3042 2248 3198 2301 corde
3227 2257 3338 2312 tuo,
3377 2265 3500 2318 per-

1922 2323 2048 2381 inde
2102 2342 2169 2382 ae
2201 2331 2244 2383 si
2289 2329 2405 2400 ipse
2447 2332 2694 2390 Christus
2736 2337 2900 2390 etiam
2929 2349 3076 2392 esset
3104 2341 3329 2394 verbum
3356 2344 3530 2411 quod-

1919 2418 2200 2485 quazritur.
2247 2421 2387 2487 Quin
2411 2427 2578 2480 etiam
2609 2428 2828 2496 quando
2873 2428 2984 2496 ipse
3014 2428 3273 2486 Dominus
3321 2433 3520 2502 loqui--

1922 2516 2008 2562 tur
2041 2509 2088 2541 ⁸⁸
2119 2527 2133 2565 :
2167 2509 2294 2566 Nisi
2323 2520 2600 2584 venissem,
2629 2529 2679 2574 et
2717 2520 2926 2574 locutas
2947 2520 3164 2589 fuissem
3193 2523 3289 2588 eis,
3317 2539 3501 2582 pecca-

1924 2611 2035 2655 tum
2091 2621 2198 2660 non
2244 2606 2536 2673 haberent;
2564 2626 2703 2664 nunc
2757 2621 2932 2666 autem
2977 2627 3082 2664 non
3123 2613 3318 2668 hatent
3360 2617 3532 2685 quod~

1919 2704 2214 2763 praetexunt
2263 2713 2478 2768 peccato
2521 2718 2655 2768 suo;
2703 2704 2836 2758 nihil
2887 2704 3034 2758 aliud
3088 2705 3500 2777 intelligendum

1922 2795 2004 2840 est
2069 2783 2227 2857 λόγον
2288 2789 2416 2862 [hoc
2482 2804 2567 2848 est
2619 2793 2908 2867 rationem]
2960 2797 3142 2853 dicere
3193 2814 3354 2864 quam
3407 2815 3502 2855 eos

1921 2877 2122 2945 quibus
2161 2881 2395 2937 nondum
2451 2881 2613 2954 λόγος
2647 2884 2726 2958 [id
2773 2897 2857 2942 est
2896 2887 3060 2961 ratio]
3091 2891 3360 2960 completa
3389 2903 3498 2958 est,

1923 2983 2204 3039 peccatum
2258 2991 2364 3028 non
2412 2976 2645 3042 habere,
2695 2980 2790 3033 sed
2835 2980 2955 3035 illos
3009 2990 3218 3036 tantum
3273 2995 3500 3055 peccato

236 3091 350 3138 ται,
398 3073 544 3127 τοῦτ’
574 3071 937 3138 ἐξεταζέσθω,
993 3072 1112 3137 πῶς
1141 3072 1198 3126 δὲ
1250 3071 1450 3143 ἀληθὲς
1480 3072 1543 3125 τδ
1580 3073 1653 3143 μὴ
1677 3072 1820 3144 ἐχειν

1924 3063 2192 3120 obnoxios
2219 3081 2340 3121 esse
2383 3070 2474 3137 qui
2507 3069 2802 3140 participes
2831 3071 3009 3128 effecti
3055 3075 3168 3145 jam
3210 3076 3382 3147 ipsius
3410 3093 3533 3133 ra--

233 3167 511 3238 ἁμαρτίαν
553 3166 775 3231 τούτους
811 3161 893 3231 οἷς
926 3167 1027 3221 οὐκ
1069 3166 1326 3238 ὲλήλυθε;
1366 3166 1574 3230 Πάντες
1612 3166 1722 3239 γὰρ
1769 3168 1822 3220 οἱ

236 3255 344 3327 πρὸ
369 3255 470 3326 τῆς
509 3256 806 3327 ἐπιδημίας
845 3255 940 3310 τοῦ
989 3255 1243 3328 Σωτῆρος
1274 3256 1488 3311 ἔσονται
1546 3257 1824 3329 ἁμαρτίας

238 3348 420 3418 πάσης
451 3347 860 3420 ἀπολελυμένοι,
897 3350 1021 3402 επεὶ
1045 3349 1144 3403 οὐκ
1173 3349 1421 3422 ἐληλύθει
1441 3353 1469 3403 ό
1489 3350 1822 3422 βλεπόμενος

237 3442 379 3496 κατὰ
402 3442 579 3514 σάρκα
627 3442 852 3515 Ἰησοῦς.
897 3443 1056 3496 Ἀλλὰ
1101 3443 1197 3497 καὶ
1228 3444 1429 3508 πάντες
1458 3438 1539 3508 οἷς
1569 3445 1822 3516 οὐδαμῶς

234 3531 508 3604 ἀνηγγέλη
534 3533 658 3603 περὶ
681 3532 868 3596 αὑτοῦ,
890 3533 988 3603 οὐχ
1019 3531 1228 3597 ἕξουσιν
1255 3535 1551 3606 ἁμαρτίαν.
1589 3536 1697 3588 Καὶ
1721 3536 1819 3606 δῆ-

238 3623 348 3688 λον,
369 3627 452 3678 ὅτι
478 3627 525 3677 οἱ
563 3625 635 3695 μὴ
660 3625 875 3696 ἔχοντες
901 3625 1180 3696 ἁμαρτίαν
1207 3628 1388 3696 κρίσει
1436 3628 1534 3698 οὐχ
1567 3628 1821 3681 ὑπόκειν-

235 3731 344 3768 ται.
374 3716 545 3782 Λόγος
575 3715 630 3768 δὲ
656 3717 684 3768 ό
711 3717 768 3768 ἐν
793 3713 1122 3786 ἀνθρώποις,
1155 3707 1216 3767 οὗ
1242 3715 1489 3786 μετέχειν
1517 3717 1820 3788 εἰρήκαμεν

236 3807 296 3860 τὸ
327 3808 483 3876 γένος
507 3807 685 3880 ἡμῶν,
706 3807 869 3878 διχῶς
895 3807 1144 3876 λέγεται’
1193 3807 1312 3876 ἦτοι
1354 3807 1496 3861 κατὰ
1534 3809 1634 3877 τὴν
1679 3825 1819 3879 συμ-

238 3901 518 3972 πλήρωσιν
544 3899 650 3953 τῶν
681 3898 920 3965 ἐννοιῶν,
951 3899 1074 3970 ἥτις
1096 3900 1155 3952 ὲν
1202 3898 1368 3952 παντὶ
1400 3897 1479 3968 τῷ
1513 3898 1823 3969 ὑπερϐεϐη-

238 3997 354 4050 κότι
384 3997 476 4050 τὸν
517 3991 682 4046 παῖδα
709 3991 990 4063 τυγχάνει,
1023 3989 1505 4061 ὑπεξαιρουμένων
1527 3987 1636 4042 τῶν
1663 3989 1822 4062 τεράμ-

235 4108 344 4144 των
363 4106 377 4119 ·
419 4089 453 4160 ἢ
495 4085 640 4142 κατὰ
675 4085 772 4156 τὴν
814 4083 1128 4156 ἀκρότητα,
1151 4083 1274 4152 ἥτις
1291 4083 1350 4135 ὲν
1383 4081 1564 4152 μόνοις
1590 4083 1704 4144 τοῖς
1735 4097 1823 4134 τε·

237 4183 402 4246 λείοις
431 4180 770 4253 εὑρίσκεται.
804 4175 964 4231 Κατὰ
995 4176 1093 4248 μὲν
1114 4171 1210 4230 οῦν
1238 4175 1300 4229 τὸ
1323 4176 1589 4250 πρότερον
1622 4177 1683 4230 τὸ
1703 4215 1717 4240 ,
1749 4178 1822 4230 El

236 4272 318 4342 μὴ
346 4269 566 4344 ἦλθον,
614 4273 728 4327 καὶ.
756 4272 1034 4341 ἐλάλησα
1078 4271 1284 4338 αὐτοῖς
1303 4311 1317 4335 ,
1377 4271 1671 4341 ἁμαρτίαν
1707 4273 1819 4325 οὐκ

1925 3154 2111 3218 tionis,
2145 3166 2313 3227 agnt'tt
2350 3168 2551 3226 praeter
2589 3162 2850 3227 rationes,
2881 3178 2949 3219 ex
2984 3167 3182 3236 quibus
3213 3170 3328 3226 haec
3356 3171 3530 3230 ratio:

1924 3244 1980 3298 in
2004 3245 2160 3300 nobis
2183 3247 2509 3316 completur,
2547 3249 2600 3303 in
2631 3266 2790 3319 quem
2820 3267 3040 3309 sensum
3069 3265 3280 3313 tantum
3309 3275 3500 3317 verum

1923 3343 2007 3393 est
2062 3336 2193 3391 illud
2229 3355 2244 3393 :
2278 3336 2403 3392 Nisi
2454 3341 2706 3396 venissem
2733 3383 2750 3409 ,
2787 3352 2839 3398 et
2884 3344 3089 3401 locutus
3128 3348 3345 3418 fuissem
3383 3353 3456 3406 eis
3481 3393 3498 3419 ,

1921 3441 2195 3497 peccatum
2224 3448 2328 3486 non
2348 3432 2625 3487 haberent.
2650 3435 2763 3504 Age
2801 3437 2945 3493 enim
2982 3439 3050 3493 de
3082 3437 3209 3494 .lesu
3250 3454 3502 3510 aspecta-
3531 3503 3539 3514 ,

1919 3521 2038 3590 bili,
2085 3533 2144 3578 ut
2187 3523 2438 3593 vulgares
2492 3526 2907 3594 existimabunt,
2968 3531 3072 3586 hoc
3119 3537 3538 3602 expendatur,‘

1921 3615 2196 3683 quomodo
2236 3615 2350 3684 jam
2385 3631 2577 3670 verum
2608 3618 2681 3672 sit
2706 3634 2823 3684 eos,
2856 3620 2920 3673 ad
2964 3635 3102 3688 quos
3131 3637 3239 3676 non
3269 3625 3499 3691 venerit,

1922 3722 2029 3761 non
2082 3707 2284 3761 habere
2329 3717 2636 3776 peccatum.
2670 3709 2916 3778 Namque
2945 3726 3137 3767 omnes
3177 3713 3269 3782 qui
3302 3713 3503 3770 fuerint

1923 3808 2052 3852 ante
2094 3797 2403 3852 Servatoris
2454 3798 2771 3863 adventum,
2820 3799 2890 3854 ab
2926 3801 3080 3857 omni
3127 3813 3352 3875 peccato
3396 3806 3501 3860 im-

1924 3903 2115 3945 munes
2144 3889 2308 3944 futuri
2336 3898 2480 3953 sunt,
2519 3889 2778 3959 quoniam
2815 3905 2920 3945 non
2952 3895 3162 3949 venerit
3192 3897 3498 3966 aspectabi-
3603 3897 3606 3902 ’

1923 3984 1990 4039 lis
2026 3982 2186 4053 juxta
2221 3997 2440 4038 carnem
2471 3981 2654 4040 Jesus.
2681 3983 2822 4051 Quin
2849 3985 3018 4040 etiam
3055 4001 3247 4044 omnes
3302 3991 3503 4060 quibus

1923 4077 1990 4130 de
2029 4089 2095 4128 eo
2130 4073 2435 4128 nuntiatum
2469 4088 2575 4128 non
2609 4073 2796 4140 fuerit,
2841 4085 3125 4146 peccatum
3173 4093 3278 4133 non
3332 4081 3502 4136 liabe-
3533 4135 3540 4146 ,

1924 4166 2081 4220 bunt.
2119 4164 2271 4221 Unde
2296 4179 2486 4235 aperte
2535 4167 2782 4236 sequitur
2832 4169 3000 4223 etiam
3051 4179 3336 4239 peccatum
3393 4187 3540 4241 non.

1923 4258 2228 4321 habentes,
2279 4259 2715 4318 condetnnatioui
2763 4277 2867 4320 non
2917 4261 3138 4336 subjici.
3211 4264 3282 4319 At
3343 4261 3502 4332 λόγος

237 4362 432 4436 εἴχον-
481 4365 599 4419 νῦν
645 4364 714 4419 δὲ
756 4365 1062 4434 πρόφασιν
1106 4367 1218 4419 οὐκ
1263 4365 1477 4432 έχουσι
1522 4362 1654 4431 περὶ
1708 4361 1819 4430 τῆς

1925 4344 2001 4422 [id
2044 4358 2129 4403 est.
2158 4348 2321 4422 ratio]
2352 4365 2473 4421 qua:
2498 4360 2584 4407 est
2633 4353 2684 4408 in
2717 4353 3055 4421 hominibus,
3095 4354 3254 4425 cujus
3275 4355 3499 4422 partici-

237 4422 526 4529 ἁμαρτίας
569 4422 812 4523 adnitar;
845 4422 914 4512 {at
953 4457 1096 4529 ῥητὰ
1139 4422 1450 4511 ἐκλεκτέον·
1504 4422 1644 4508 κατὰ
1666 4453 1724 4507 δὲ

1924 4462 2052 4516 pare
2076 4463 2250 4519 genus
2281 4455 2527 4501 nostrum
2561 4445 2818 4508 diximus,
2853 4445 3106 4501 bifariam
3145 4445 3386 4505 dicitur;
3417 4442 3502 4496 vel

237 4553 514 4623 δεύτερον,
543 4553 772 4618 Πάντες
817 4551 951 4606 ὅσοι
1003 4549 1117 4619 πρὸ
1155 4549 1298 4620 ἐμοῦ
1323 4545 1518 4619 ἦλθον
1565 4546 1817 4601 κλέπται

1924 4539 2074 4609 juxta
2121 4539 2610 4610 complementum,
2648 4539 2791 4608 quod
2817 4539 2964 4594 omni
3015 4539 3156 4592 inest
3187 4534 3284 4605 qui
3322 4533 3504 4602 pueri-

239 4643 356 4698 εισι
377 4681 393 4700 .
444 4643 542 4696 καὶ
583 4643 806 4711 λῃσταὶ
832 4681 848 4706 ,
893 4641 991 4695 καὶ
1041 4641 1154 4694 οὐκ
1193 4637 1472 4706 ἤκουσαν
1511 4635 1710 4691 αὐτῶν
1746 4635 1820 4690 τὰ

244 4737 526 4804 πρόϐατα.
556 4735 671 4805 Πρὸ
706 4735 815 4806 γὰρ
835 4734 936 4805 τῆς
957 4730 1289 4794 τελειώσεως
1319 4728 1414 4783 τοῦ
1445 4729 1604 4797 λόγου
1647 4729 1826 4783 πάντα

240 4828 415 4896 ψεκτὰ
457 4828 526 4882 τὰ
577 4830 637 4881 ὲν
691 4825 1000 4898 ἀνθρώποις
1030 4866 1045 4889 ,
1098 4825 1194 4879 ἅτε
1249 4822 1402 4893 ἐνδεῆ
1450 4822 1545 4875 καὶ
1593 4819 1781 4892 ἐλλιπῆ
1809 4859 1825 4885 ,

241 4914 321 4983 οἷς
346 4919 569 4983 τελείως
613 4919 713 4990 οὐχ
747 4917 1011 4974 ὑπακούει
1048 4916 1117 4971 τά
1155 4917 1214 4968 ὲν
1255 4917 1388 4985 ἡμῖν
1429 4912 1632 4981 ἄλογα,
1687 4913 1820 4982 πρό-

241 5014 384 5068 ϐατα
423 5013 829 5085 τροπικώτερον
867 5008 1150 5082 εἰρημένα.
1199 5007 1308 5062 Καὶ
1351 5006 1492 5076 τάχα
1537 5005 1680 5058 κατὰ
1721 5003 1820 5074 μὲν

241 5104 305 5158 τὸ
347 5105 614 5176 πρότερον
633 5143 648 5168 ,
698 5106 728 5157 ό
767 5103 926 5172 λόγος
971 5100 1107 5172 σὰρξ
1157 5099 1374 5168 ἐγένετο
1396 5115 1410 5128 ·
1462 5097 1602 5150 κατὰ
1646 5095 1705 5150 δὲ
1759 5096 1822 5150 τὸ

242 5199 514 5270 δεύτερον,
549 5197 682 5260 Θεὸς
720 5192 788 5268 ἦν
815 5198 844 5249 6
869 5194 1046 5264 λόγος.
1081 5193 1266 5265 Τούτῳ
1298 5192 1343 5246 δ’
1371 5190 1662 5246 ἀκόλουθόν
1706 5192 1823 5245 ἐστι.

245 5291 428 5362 ζητεῖν
455 5292 570 5346 ἐστι
597 5289 797 5362 μεταξὺ
820 5288 913 5344 τοῦ
937 5288 1072 5360 (58),
1110 5289 1164 5342 ὀ
1184 5289 1376 5356 Λόγος
1389 5283 1547 5354 σὰρξ
1567 5283 1825 5354 ἐγένετο,

245 5381 340 5434 καὶ
372 5380 516 5447 Θεὸς
531 5377 611 5450 ἦν
633 5384 666 5435 ὀ
700 5382 907 5450 Λόγος,
932 5381 990 5432 ὲν
1019 5380 1134 5441 τοῖς
1164 5375 1525 5448 ἀνθρωπίνοις
1545 5375 1694 5439 ἰδεῖν,
1715 5369 1827 5429 οἷον

245 5471 786 5543 ἁναστοιχειουμένου
817 5471 912 5525 τοῦ
942 5471 1114 5539 Λόγου
1142 5468 1250 5523 ἀπὸ
1276 5466 1371 5520 τοῦ
1415 5466 1696 5535 γεγονέναι
1728 5465 1828 5520 αὒο

318 5591 360 5622 ⁸⁷
392 5592 546 5646 Rotn.
578 5608 633 5654 χ,
665 5590 774 5645 6-8.
855 5588 898 5623 ⁸⁸
921 5587 1078 5644 Joan.
1113 5602 1202 5650 xv,
1229 5584 1322 5639 22.
1383 5584 1428 5616 δ’
1458 5583 1614 5639 Joan.
1646 5600 1700 5649 ι,
1725 5585 1780 5640 8.

317 5705 428 5776 (57)
463 5702 666 5776 Εἶχον.
737 5703 830 5759 Sic
880 5703 1046 5760 codex
1102 5700 1453 5767 Bodleianus;
1507 5699 1712 5770 Regius
1754 5709 1808 5755 ct

247 5775 594 5844 Barberinus,
626 5776 861 5844 εἰχοσαν.

1928 4633 2031 4684 lem
2085 4630 2419 4685 transcendit
2474 4641 2732 4693 aetatem,
2775 4627 3032 4683 detractis
3084 4624 3375 4696 prodigiis;
3419 4623 3504 4680 vel

1923 4720 2079 4790 juxta
2113 4734 2381 4773 summam
2411 4719 2826 4789 perfectionem,
2857 4731 2976 4785 qua:
3007 4715 3060 4770 in
3084 4715 3215 4772 solis
3244 4715 3500 4785 perfectis

1931 4814 2226 4867 invenitur.
2252 4811 2607 4881 ltuquejuxta
2647 4811 3125 4882 priorentseusum
3160 4809 3502 4880 intelligenda

1927 4912 2054 4958 sunt
2091 4906 2204 4957 Itmc
2235 4903 2396 4957 verba
2431 4920 2444 4956 :
2483 4901 2608 4955 Nisi
2643 4903 2915 4968 venissem,
2956 4913 3003 4956 et
3037 4904 3244 4957 locutus
3281 4901 3503 4970 fuissem

1929 4998 2034 5062 eis,
2064 5006 2336 5065 peccatum
2368 5012 2473 5050 non
2492 4997 2741 5051 haberent
2775 5010 2796 5052 :
2818 4996 2974 5066 juxta
3007 4996 3306 5051 secundum
3331 5006 3460 5046 vero
3486 5009 3500 5044 :

1933 5089 2151 5154 Omnes,
2189 5099 2441 5162 quotquot
2493 5102 2614 5146 ante
2646 5107 2725 5146 me
2761 5100 3010 5146 venerunt
3036 5130 3052 5155 ,
3087 5090 3233 5159 [ures
3281 5092 3403 5141 sunt
3453 5090 3503 5135 et

1929 5184 2180 5248 latrones,
2205 5193 2382 5238 etnon
2410 5185 2692 5239 audierunt
2717 5199 2806 5238 eos
2829 5200 2946 5237 oues
2964 5182 3030 5236 δ’.
3052 5180 3184 5235 Nam
3211 5187 3503 5247 antequam

1931 5279 2245 5349 perﬁciatur
2277 5277 2440 5342 ratio,
2467 5278 2648 5332 omnia
2671 5289 2791 5345 qua:
2826 5275 3010 5329 insunt
3053 5271 3388 5337 hominibus,
3417 5271 3502 5324 vi-

1938 5374 2257 5442 tuperabilia
2288 5383 2436 5438 sum,
2469 5373 2598 5441 quia
2644 5371 2754 5426 sint
2806 5370 2987 5437 indiga
3011 5407 3026 5430 ,
3079 5375 3132 5422 et
3162 5364 3504 5435 imperfecta,

1935 5466 2130 5535 quibus
2158 5464 2325 5518 etiam
2374 5462 2615 5532 perfecte
2661 5474 2766 5514 non
2813 5460 3191 5528 obtemperant
3234 5471 3296 5510 ea
3323 5494 3342 5522 ,
3385 5467 3507 5524 quae

1988 5688 2490 5764 (Ei8)_ansir_6qut
2512 5686 3038 5764 usta£b__roﬁ,_etc.
3067 5685 3206 5757 Lege
3230 5699 3353 5739 cum
3375 5681 3508 5738 Fer-

1936 5757 2095 5820 rario'
2107 5757 2292 5831 ζητεῖν
2311 5759 2426 5814 εῐτί
2449 5757 2564 5815 ἐστι
2596 5760 2799 5828 μεταξὺ
2826 5757 2944 5822 τοῦ,
2965 5768 3071 5816 etc.
