4040 6210
591 360 662 416 99
2038 353 2362 412 οιιιοεκιε

3746 361 3849 418 100

589 489 719 534 sunt
769 478 824 533 in
878 476 1034 532 nobis
1073 476 1286 532 ratione
1334 475 1582 532 carentia
1608 514 1625 542 ,
1679 475 1888 546 tropice
1916 490 2047 531 oves
2077 475 2156 528 di-

2260 473 2352 528 τὸν
2373 475 2571 546 σάρκα,
2596 474 2691 528 καὶ
2722 473 2864 529 κατὰ
2897 473 3072 548 βραχὺ
3100 475 3522 549 λεπτυνομένου,
3559 477 3663 544 ἓως
3689 486 3848 555 γένη-

588 581 700 626 cla.
759 571 837 624 Ac
886 568 1122 624 fortasse
1173 568 1327 638 juxta
1382 569 1616 639 primum
1667 582 1887 622 sensum
1921 606 1938 632 ,
1988 566 2163 635 Λόγος

590 663 669 735 [id
730 670 816 716 est
871 657 1032 732 ratio]
1086 658 1229 715 facta
1288 668 1373 715 est
1421 674 1593 725 caro;
1651 657 1809 729 juxta
1863 659 2158 714 secundum

585 752 698 828 ‘5
724 767 876 818 vero,
912 750 1054 808 Deus
1083 762 1203 806 erat
1232 750 1323 806 ille
1352 749 1524 818 Λόγος
1572 748 1702 821 [hoc
1729 758 1814 804 est
1843 748 1932 804 illa
1973 747 2162 822 ratio].

598 845 737 902 Huic
787 854 969 900 autem
996 858 1342 913 consequens
1373 850 1458 898 est
1495 854 1744 910 quaerere
1776 856 1904 896 num
1931 856 2164 897 cernere

588 936 862 1004 possimus
893 933 1128 989 medium
1165 931 1387 1002 aliquod
1424 932 1477 985 iu
1509 930 1827 985 hominibus
1854 930 1999 986 inter
2024 931 2166 985 hanc

587 1026 936 1095 particulam,
971 1021 1113 1075 ratio
1159 1019 1306 1088 facta
1347 1030 1424 1074 est
1464 1036 1590 1074 caro
1618 1019 1687 1085 “,
1719 1026 1774 1072 et
1816 1019 1960 1074 inter
1999 1019 2163 1086 lianc,

587 1119 729 1172 Dens
761 1125 879 1171 erat
921 1115 1018 1168 illa
1051 1116 1192 1170 ratio
1229 1114 1302 1178 ",
1338 1113 1594 1169 videlicet
1629 1111 2044 1176 reelementata.
2078 1121 2165 1167 at-

585 1223 692 1277 que
723 1208 776 1261 in
812 1205 955 1277 idem
982 1207 1251 1262 redeunte
1270 1205 1482 1259 ratione
1509 1204 1626 1266 illa,
1653 1212 1943 1273 postquam
1978 1202 2165 1259 luerat

588 1275 730 1351 facta
788 1275 919 1351 (δοῖ-ο
964 1297 1232 1366 tantisper
1283 1295 1510 1350 inferior
1563 1295 1728 1357 facta,
1768 1295 1943 1348 donec
1987 1294 2162 1362 ﬁeret,

583 1387 728 1457 quod
759 1397 881 1442 erat
908 1386 962 1441 in
991 1387 1260 1458 principio
1289 1385 1468 1458 [apud
1507 1386 1673 1440 Deum
1713 1385 1858 1441 Deus
1884 1385 2078 1454 Λόγος,
2113 1386 2165 1439 id

583 1477 702 1551 est]
738 1479 878 1533 ratio
911 1479 1000 1534 illa
1030 1479 1170 1550 apud
1205 1477 1419 1534 Patrem
1446 1496 1462 1534 :
1491 1477 1648 1548 cujus
1677 1477 1853 1548 Λόγου
1907 1477 2003 1551 [et
2040 1478 2162 1533 Filii

584 1570 720 1644 Dei]
759 1572 986 1640 gloriam
1017 1572 1154 1627 vidit
1189 1569 1431 1626 Joannes
1466 1587 1595 1626 vere
1641 1569 1943 1642 Unigeniti,
1992 1570 2161 1627 veluti

581 1680 616 1720 a
645 1664 810 1720 Patre
843 1664 916 1719 ⁸³.
949 1663 1134 1720 Potest
1165 1674 1350 1719 autem
1381 1663 1550 1718 Filius
1590 1663 1758 1717 etiam
1801 1679 1986 1720 sermo
2019 1679 2159 1731 esse,

2266 586 2356 623 ται
2383 571 2519 641 ὅπερ
2554 570 2665 640 (59)
2698 565 2766 641 ἦν
2795 571 2853 623 ἐν
2880 571 3021 641 ἀρχῇ
3046 569 3178 634 Θεὸς
3199 570 3370 640 Λόγος
3400 572 3429 624 ό
3453 572 3590 643 πρὸς
3621 572 3713 626 τὸν
3743 576 3849 629 Πα-

2264 661 2419 733 τέρα,
2454 656 2515 716 οὗ
2541 663 2715 732 Λόγου
2753 662 2854 734 τὴν
2877 661 3035 729 δόξαν
3088 659 3226 716 εἶδεν
3260 664 3290 716 ό
3327 663 3608 737 Ἰωάννης,
3639 666 3849 737 ἀληθῶς

2264 751 2623 821 Μονογενοῦς,
2658 751 2734 815 ὡς
2761 751 2869 805 ἀπὸ
2898 751 3130 822 Πατρός.
3164 751 3393 806 Δύναται
3419 754 3477 808 δὲ
3501 755 3594 808 καὶ
3618 758 3648 810 ό
3687 757 3850 825 Λόγος

2267 843 2393 908 Υἱὸς
2412 840 2551 899 εἶναι
2586 844 2740 918 παρὰ
2769 843 2847 915 τῷ
2874 843 3239 913 ἀπαγγέλλειν
3272 845 3341 899 τά
3365 845 3572 918 κρύφια
3597 847 3694 901 τοῦ
3745 851 3849 904 Πα-

2265 933 2391 1006 τρδς
2413 935 2645 1000 ἐκείνου,
2681 935 2943 1004 ἀνάλογον
2967 935 3044 1005 τῷ
3071 935 3388 1008 καλουμένῳ
3421 938 3533 1009 Υίῷ
3571 941 3729 1012 Λόγῳ
3759 937 3888 996 νοῦι

2263 1024 2643 1094 τυγχάνοντος.
2688 1026 2775 1089 Ὠς
2794 1025 2904 1098 γάρ
2934 1027 2963 1078 ό
2988 1025 3118 1097 παρ’
3149 1028 3280 1098 ἡμῖν
3300 1027 3456 1096 λόγος
3473 1030 3705 1098 άγγελός
3737 1034 3848 1088 ἐστι

2263 1113 2372 1169 τῶν
2402 1115 2506 1169 ὑπὸ
2532 1114 2626 1168 τοῦ
2652 1115 2745 1170 νοῦ
2777 1116 3106 1188 ὁρωμένων,
3123 1117 3296 1183 οὑτως
3335 1121 3364 1172 ό
3390 1119 3483 1174 τοῦ
3509 1121 3644 1176 Θεοῦ
3683 1124 3848 1193 Λόγος

2263 1205 2518 1273 ἐγνωκὼς
2542 1207 2634 1260 τὸν
2666 1206 2886 1279 Πατέρα
2943 1207 3178 1276 (οὐδενὸς
3208 1209 3316 1263 τῶν
3343 1212 3586 1283 γενητῶν
3613 1215 3849 1286 προιιϐα⁴

2268 1299 2372 1350 λεῖν
2403 1295 2552 1368 αὑτῷ
2589 1299 2758 1371 χωρὶς
2777 1299 2973 1370 ὁδηγοῦ
3000 1300 3344 1374 δυναμένου),
3387 1303 3761 1360 ἀποκαλύπτει
3792 1308 3848 1362 ὃν

2263 1386 2405 1455 ἔγνω
2441 1389 2678 1461 Πατέρα.
2714 1390 2904 1454 Οὐδεὶς
2931 1390 3041 1463 γάρ
3085 1392 3225 1460 ἔγνω
3271 1394 3361 1447 τὸν
3393 1395 3607 1467 Πατέρα
3632 1399 3685 1450 εἰ
3721 1398 3794 1469 μὴ
3821 1402 3848 1453 ό

2263 1475 2411 1542 Υἱὸς,
2441 1479 2537 1532 καὶ
2559 1473 2604 1547 ᾧ
2631 1478 2698 1532 ἃν
2719 1479 2847 1543 Υίὸς
2878 1480 3231 1555 ἀποκαλύψῃ,
3259 1483 3350 1536 καὶ
3366 1484 3501 1538 καθὸ
3528 1486 3701 1553 Λόγος
3716 1488 3845 1550 ἐστὶ,

2257 1567 2528 1639 μεγάλης
2553 1569 3071 1641 τυγχάνειβουλῆς
3099 1571 3353 1641 ἅγγελος
3379 1573 3474 1639 ὢν,
3503 1571 3564 1630 οὑ
3591 1577 3848 1647 ἐγενήθη

2261 1663 2301 1729 ἡ
2343 1660 2500 1730 ἀρχὴ
2533 1661 2632 1716 ἐπὶ
2658 1663 2766 1716 τοῦ
2804 1663 2966 1732 ὤμου
3011 1663 3219 1718 αὐτοῦ’
3255 1665 3570 1721 ἐϐασίλευσε
3597 1668 3710 1740 γὰρ
3765 1668 3848 1724 διὰ

582 1773 651 1815 eo
703 1759 848 1830 quod
899 1758 1176 1813 renuntiet
1223 1755 1439 1811 occulta
1484 1753 1666 1810 Patris
1710 1755 1820 1823 sui,
1863 1755 1953 1824 qui
2008 1771 2156 1810 mens

2260 1751 2356 1806 τοῦ
2388 1753 2716 1808 πεπονθέναι
2742 1755 2834 1809 τὸν
2867 1758 3118 1830 σταυρόν.
3160 1758 3249 1812 Ἐν
3266 1759 3321 1813 δὲ
3351 1763 3416 1830 τῇ
3454 1761 3846 1832 Ἀποκαλύψει

580 1825 798 1907 exsistit
850 1851 1082 1922 perinde
1119 1857 1286 1920 atque
1312 1846 1508 1910 Filius,
1551 1847 1641 1917 qui
1677 1856 1902 1902 vocatur
1940 1846 2156 1902 Sermo.

2260 1847 2353 1899 ἐπὶ⁸
2399 1845 2592 1900 λευκοῦ
2623 1848 2794 1901 ἵππου
2825 1825 3152 1914 καθέζεσθαι
3194 1825 3415 1921 λέγεταί
3453 1853 3609 1922 λόγος
3657 1825 3846 1918 πιστὸς

585 1943 655 1999 Ut
682 1943 829 1998 enim
858 1944 1003 2012 apud
1029 1956 1128 1997 nos
1151 1954 1333 1996 sermo
1359 1939 1586 1994 nuntius
1621 1949 1707 1994 est
1736 1953 1930 1994 earum
1975 1953 2155 1992 rerum

580 2049 700 2104 qua
723 2050 750 2087 a
787 2042 970 2087 mente
994 2041 1316 2097 cernuntur,
1345 2031 1427 2086 sic
1453 2029 1543 2084 ille
1567 2029 1664 2086 Dei
1691 2029 1909 2095 Sermo,
1936 2029 2030 2099 qui
2053 2027 2160 2082 Pa-

582 2135 720 2180 trem
770 2124 992 2194 agnovit
1045 2122 1290 2195 (nemine
1349 2120 1554 2191 alioqui
1598 2122 1910 2176 mortalium
1953 2123 2160 2192 absque

579 2216 720 2271 duce
757 2216 810 2269 in
849 2230 972 2270 eum
1019 2213 1304 2270 intendere
1343 2212 1616 2280 valente),
1660 2212 1877 2268 Patrem
1915 2217 2158 2284 agnitum

577 2306 807 2364 revelat.
851 2305 1044 2361 Nullus
1078 2307 1224 2362 enim
1275 2307 1497 2376 agnovit
1543 2305 1759 2360 Patrem
1812 2307 1916 2362 nisi
1962 2307 2156 2374 Filius,

577 2410 678 2456 aut
736 2399 827 2455 ille
875 2400 963 2454 cui
1016 2399 1189 2454 Filius
1247 2398 1515 2453 revelabit
1571 2397 1640 2462 ⁵³,
1687 2406 1742 2453 et
1789 2399 1841 2454 in
1894 2411 2158 2470 quantum

587 2490 786 2546 Sermo
835 2497 940 2552 est,
983 2487 1163 2558 magni
1211 2487 1405 2541 existit
1447 2485 1656 2540 consilii
1692 2484 1972 2541 Nuntius:
2004 2488 2158 2560 cujus

580 2582 909 2654 principatus
927 2579 1100 2649 [actus
1117 2588 1194 2633 est
1219 2595 1380 2648 super
1399 2579 1675 2632 humerum
1688 2578 1864 2648 ejus.“
1875 2595 1896 2645 ;
1914 2581 2158 2650 regnavit

576 2675 724 2732 enim
756 2687 822 2729 eo
847 2672 994 2742 quod
1028 2671 1081 2727 in
1111 2687 1330 2726 crucem
1373 2669 1600 2727 suﬂixus
1637 2679 1746 2727 est.
1792 2671 2063 2727 Caeterum
2101 2671 2153 2726 in

2259 1936 2353 1990 καὶ
2375 1936 2646 2008 ἀληθινὸς,
2670 1937 2746 2002 ὡς
2773 1935 2946 2010 οἶμαι,
2986 1943 3257 2014 παριστᾷν
3295 1942 3406 2014 (60)
3435 1944 3495 1997 τὸ
3526 1946 3698 2013 σαφὲς
3752 1946 3845 2014 τῆς

2260 2027 2444 2097 φωνῆς
2474 2026 2503 2079 ὃ
2525 2028 2782 2098 ὴχείταιό
2810 2030 2941 2100 ἡμῖν
2975 2030 3256 2102 ἐπιδημῶν
3277 2031 3534 2102 ἀληθείας
3563 2033 3742 2102 λόγος.
3773 2033 3842 2089 ού

2257 2116 2352 2172 τοῦ
2404 2119 2669 2191 παρόντος
2707 2119 2765 2174 δὲ
2801 2120 2996 2193 καιροῦ
3039 2121 3232 2187 δεῖξαι,
3279 2124 3362 2176 ὃτι
3399 2125 3490 2177 ἐπὶ
3531 2124 3632 2194 τῆς
3661 2125 3846 2197 φωνῆς

2260 2207 2527 2279 πολλαχοῦ
2559 2210 2657 2280 τῆς
2686 2210 2925 2282 Γραφῆς,
2950 2213 3008 2264 ἐν
3092 2212 3208 2265 ἐστι
3237 2212 3307 2266 τά
3341 2215 3683 2286 προκείμενα
3711 2215 3842 2286 (6|),

2257 2298 2324 2352 δι’
2357 2294 2433 2354 ὧν
2479 2300 2835 2372 ὠφελούμεθα
2873 2302 3034 2357 θείων
3092 2304 3430 2376 μαθημάτων
3480 2306 3843 2378 ἀκροώμενοι,

2257 2393 2434 2446 κεῖται
2464 2393 2498 2463 ἡ
2530 2393 2714 2459 ἵππος
2731 2394 3090 2466 προσηγορία.
3123 2395 3297 2450 Μόνον
3321 2396 3377 2450 δὲ
3397 2397 3513 2462 ἐνὸς
3541 2399 3634 2451 κα)⁵
3658 2399 3846 2454 δευτέο

2261 2501 2356 2557 ρου
2388 2485 2780 2558 ὑπομνηστέον,
2801 2485 2918 2539 τοῦ·
2943 2486 3182 2556 Ψευδὴς
3199 2488 3384 2556 ἵππος
3412 2492 3498 2556 είς
3518 2491 3846 2559 σωτηρίαν

2258 2577 2370 2633 καίο
2405 2573 2581 2634 0ὗέοι
2612 2579 2684 2633 ἐν
2700 2579 2944 2650 ἅρμασι,
2975 2580 3072 2634 καὶ
3110 2576 3276 2637 οὗτοι
3304 2581 3376 2635 ἐν
3415 2583 3638 2649 ἵπποις,
3672 2583 3848 2654 ἡμεῖς

2257 2668 2326 2723 δὲ
2360 2669 2433 2724 ἐν
2458 2672 2700 2742 ὀνόματι
2738 2671 2963 2741 Κυρίου
3003 2673 3152 2727 Θεοῦ
3197 2672 3368 2743 ἡμῶν
3388 2677 3847 2745 μεταλυνθησόι

575 2766 900 2838 Λροαιιιρεί
930 2765 978 2798 ⁸⁸
1027 2779 1210 2821 sermo
1243 2763 1417 2820 ﬁdelis
1441 2775 1500 2820 et
1527 2779 1691 2820 verus
1729 2764 1921 2819 sedere
1959 2763 2156 2819 dicitur

2259 2767 2424 2833 μεθα.
2443 2763 2516 2816 To
2541 2763 2618 2816 δέ·
2651 2763 3047 2832 Ἐξηρεύξατο
3069 2765 3104 2833 ὴ
3125 2764 3340 2834 καρδία
3361 2783 3480 2834 μου
3505 2769 3691 2838 λόγον
3710 2769 3848 2840 dra-

579 2861 641 2918 in
675 2876 820 2930 equo
841 2860 988 2924 albo,
1017 2873 1136 2914 mea
1170 2858 1437 2913 sententia
1487 2859 1754 2913 denotans
1797 2855 1948 2912 vocis
1989 2855 2160 2910 clari-

581 2960 772 3019 tatem,
830 2967 992 3020 quam
1047 2949 1266 3004 insonat
1312 2949 1380 3002 ad
1438 2965 1538 3003 nos
1590 2950 1863 3003 acccdcns
1913 2948 2158 3003 veritatis

578 3060 784 3100 sermo.
815 3042 931 3098 Non
977 3051 1062 3098 est
1113 3051 1297 3095 autem
1348 3041 1634 3109 prtesentis
1669 3041 1930 3110 temporis
1975 3051 2158 3094 osten-

2257 2853 2386 2919 θόν,
2411 2855 2567 2924 λέγω
2587 2855 2703 2926 ἐγὼ
2730 2857 2801 2911 τὰ
2831 2856 2978 2926 ἔργα
2998 2875 3118 2926 μου
3156 2855 3239 2922 τῷ
3251 2858 3523 2923 βασιλεῖ,
3565 2861 3624 2912 ἐν
3647 2860 3730 2931 τῷ
3765 2862 3845 2934 μδν

2255 2945 2457 3018 ψαλμῷ
2471 2946 2964 3018 ἀναγεγραμμένον
2983 2947 3346 3018 συνεχέστατα
3367 2948 3473 3000 ὑπὸ
3499 2948 3609 3001 τῶν
3633 2950 3847 3005 πολλῶν

2258 3038 2558 3111 φερόμενον
2583 3038 2659 3101 ὡς
2687 3037 3029 3109 νενοημένον,
3048 3039 3200 3109 ’ἡμῖν
3225 3039 3325 3092 οὑκ
3359 3038 3720 3094 ἀϐασάνιστον
3754 3044 3848 3096 ἐαο

577 3137 708 3192 dere
727 3133 1053 3190 vocabulum
1081 3147 1256 3201 equus
1276 3131 1589 3201 frequenter
1608 3131 1734 3201 poni
1769 3131 1820 3185 in
1850 3145 1985 3185 voce
2009 3129 2156 3185 Scri-

2259 3133 2399 3188 τέον·
2435 3133 2576 3186 ἔστω
2606 3131 2715 3203 γὰρ
2744 3131 2837 3185 τὸν
2865 3130 3086 3200 Πατέρα
3111 3131 3285 3186 ταῦτα
3316 3130 3514 3199 λέγειν,
3561 3130 3646 3195 τίς
3673 3129 3770 3187 οὖν
3813 3137 3846 3205 η

576 3239 754 3302 ptum
785 3227 805 3301 [
822 3228 876 3283 iu
908 3243 1011 3297 qua
1042 3222 1476 3297 proponuntur],
1516 3237 1639 3292 qua:
1669 3221 1822 3277 nobis
1859 3223 1971 3277 sint
2005 3220 2158 3288 adju-

584 3331 775 3378 mento
829 3321 1044 3374 divinas
1105 3316 1423 3386 disciplinas
1495 3315 1861 3369 audientibus.
1923 3311 2156 3368 Tantum

579 3435 746 3490 unius
769 3443 861 3489 aut
887 3431 1110 3487 alterius
1132 3430 1232 3486 loci
1260 3431 1683 3485 submoneamus
1707 3445 1723 3482 :
1753 3425 1937 3494 hujus,
1960 3422 2160 3478 Fallax

575 3543 742 3600 equus
771 3537 844 3580 est
871 3526 940 3579 ad
969 3523 1200 3579 salutem
1247 3523 1294 3554 "
1322 3541 1335 3588 ;
1367 3532 1421 3577 et
1448 3521 1592 3576 illius
1631 3535 1645 3572 :
1689 3517 1762 3573 Hi
1799 3519 1852 3572 in
1894 3517 2156 3584 curribus,

574 3629 626 3675 et
653 3621 704 3674 hi
731 3620 785 3673 in
823 3619 995 3688 equis,
1053 3632 1146 3669 nos
1179 3624 1352 3669 autem
1383 3613 1440 3666 in
1468 3613 1674 3666 nomine
1708 3609 1803 3664 Dei
1833 3609 2000 3664 nostri
2045 3625 2160 3662 ma-

574 3712 950 3783 gniﬁcabimur
982 3709 1054 3764 δ”.
1090 3707 1263 3764 Porro
1300 3705 1442 3776 quod
1497 3705 1548 3760 itt
1597 3714 1796 3774 quarto
1833 3713 1890 3758 et
1917 3702 2156 3771 quadra—

576 3804 787 3873 gesimo
842 3802 1052 3872 psalmo
1109 3809 1194 3855 est
1256 3799 1518 3868 scriptum
1567 3795 1614 3827 ³⁸
1659 3811 1674 3849 :
1737 3793 2012 3848 Eructavit
2069 3808 2159 3846 cor

574 3911 751 3949 meum
797 3909 1090 3947 sermonem
1125 3891 1340 3956 bonum,
1373 3889 1494 3942 dico
1529 3904 1622 3957 ego
1670 3903 1829 3960 opera
1874 3901 1990 3938 mea
2024 3884 2158 3954 regi,

576 3981 1023 4052 frequentissime
1073 3979 1364 4048 repetitum
1401 3991 1433 4028 a
1484 3976 1668 4029 multis
1719 3975 1944 4044 perinde
1988 3989 2055 4028 ac
2109 3973 2154 4028 si

577 4074 971 4142 intelligerent,
1016 4069 1159 4125 haud
1205 4070 1473 4123 intactum
1525 4065 1680 4120 nobis
1719 4065 2154 4134 praetereundum

573 4172 677 4219 est.
731 4162 860 4216 Esto
907 4160 1052 4214 enim
1109 4159 1324 4213 Patrem
1362 4159 1478 4213 haec
1511 4156 1714 4218 dicere,
1745 4155 2022 4224 quodnam
2058 4154 2146 4207 di-

574 4263 698 4310 cent
726 4268 848 4309 esse
878 4253 1049 4322 ipsius
1075 4264 1194 4314 cor,
1222 4259 1282 4303 ut
1307 4262 1489 4304 sermo
1518 4246 1768 4300 videatur
1809 4246 1986 4298 bonus
2012 4258 2150 4298 cou-

573 4356 867 4420 sequenter
895 4344 1100 4402 cordi?
1138 4343 1196 4399 Si
1245 4341 1390 4398 enim
1449 4339 1566 4394 haec
1599 4352 1702 4392 vox
1740 4337 1898 4406 λόγος
1929 4334 2022 4408 [id
2071 4344 2155 4390 est

574 4443 716 4500 ratio
749 4441 833 4497 vel
862 4436 1083 4510 sermo]
1127 4434 1590 4506 interpretatione
1639 4447 1746 4485 non
1791 4441 1935 4500 eget,
1981 4437 2040 4483 ut
2075 4428 2151 4483 illi

2260 3222 2459 3297 καρδία
2485 3221 2672 3285 αὑτοῦ,
2702 3221 2790 3274 ἵνα
2823 3219 3133 3284 ἀκολούθως
3159 3223 3226 3292 τῇ
3255 3220 3454 3292 καρδίᾳ
3481 3221 3731 3289 όάγαθὸς
3761 3223 3849 3276 λό-

2258 3331 2354 3383 γος
2381 3314 2559 3382 navi];
2605 3311 2666 3364 Ei
2705 3310 2813 3382 γὰρ
2851 3311 2881 3362 ό
2914 3309 3072 3379 λόγος
3099 3311 3160 3364 οὑ
3197 3310 3369 3364 δεῖται
3399 3311 3723 3381 διηγήσεως,
3774 3313 3851 3377 ὡς

2260 3406 2456 3459 ἐκεῖνοι
2489 3401 2952 3473 ὑπολαμϐάνουσι,
2979 3400 3222 3472 δηλονότι
3249 3401 3358 3456 οὐδ’
3379 3404 3413 3473 η
3452 3403 3666 3475 καρδία,
3709 3405 3850 3478 ὅπερ

2259 3497 2405 3552 ἐστὶν
2452 3493 2822 3557 ἀτοπώτατον,
2856 3493 3098 3565 νομίζειν
3127 3493 3228 3565 τὴν
3270 3493 3496 3566 καρδίαν
3535 3495 3737 3565 ὁμοίως
3771 3495 3852 3566 τῷ

2259 3590 2316 3643 ἐν
2365 3590 2616 3660 ἡμετέρῳ
2672 3586 2885 3658 σώματι
2928 3580 3068 3640 εἶναι
3129 3587 3296 3660 μέρος
3345 3586 3438 3641 τοῦ
3487 3587 3642 3641 Θεοῦ.
3706 3588 3850 3641 Ἀλλ’
3929 3645 3934 3649 _

2259 3681 2636 3753 ὑπομνηστέον
2681 3680 2899 3745 αὑτοὺς,
2945 3681 3052 3745 ὅτι,
3104 3677 3296 3752 ὥσπερ
3328 3680 3452 3752 χεὶρ
3485 3680 3580 3734 καὶ
3609 3679 3850 3751 βραχίων

2260 3773 2356 3828 καὶ
2379 3772 2638 3835 δάκτυλος
2669 3770 2998 3843 ὀνομάζεται
3027 3769 3186 3835 Θεοῦ,
3220 3773 3321 3825 οὑκ
3355 3771 3669 3842 ἐρειδόντων
3687 3773 3719 3842 ἡ
3730 3773 3850 3842 μῶν

2261 3867 2359 3940 τὴν
2376 3867 2614 3922 διάνοιαν
2633 3867 2711 3930 είς
2731 3866 2892 3938 ψιλὴν
2911 3866 3014 3938 τὴν
3029 3864 3194 3930 λέξιν,
3213 3865 3326 3920 ἀλλ’
3354 3864 3711 3929 ἐξεταζόντων
3729 3865 3854 3932 πῶς

2257 3957 2434 4013 ταῦτα
2471 3958 2640 4028 ὑγιῶς
2669 3958 3034 4030 ἐκλαμϐάνειν
3065 3959 3160 4012 καὶ
3190 3955 3356 4022 ἀξίως
3387 3955 3523 4009 Θεοῦ
3546 3955 3647 4019 δεῖ,
3673 3956 3854 4023 οὑτως

2259 4053 2355 4106 καὶ
2392 4051 2489 4122 τὴν
2530 4051 2757 4122 καρδίαν
2794 4050 2886 4104 τοῦ
2930 4050 3062 4104 Θεοῦ
3113 4051 3212 4121 τὴν
3259 4049 3517 4122 νοητικὴν
3554 4049 3718 4104 αὑτοῦ
3755 4051 3853 4104 καὶ

2259 4142 2588 4214 προθετικὴν
2620 4142 2749 4214 περὶ
2779 4141 2887 4196 τῶν
2907 4142 3046 4197 ὅλων
3066 4142 3296 4214 δύναμιν
3329 4141 3644 4212 ἔκληπτέον·
3677 4140 3772 4194 τὸν
3793 4142 3852 4197 δὲ

2255 4232 2414 4300 λόγον
2435 4231 2544 4285 τῶν
2576 4233 2633 4284 ὲν
2663 4232 2849 4304 ἐκείνῃ
2888 4232 2951 4286 τὸ
2989 4231 3412 4300 ἀπαγγελτικόν.
3449 4231 3546 4294 Τίς
3572 4231 3630 4284 δὲ
3663 4231 3851 4301 ἀπαγ-

2256 4321 2435 4391 γέλλει
2479 4321 2577 4394 τὴν
2631 4321 2824 4394 βουλὴν
2881 4321 2974 4376 τοῦ
3027 4321 3241 4394 Πατρός
3282 4322 3396 4384 τοῖς
3443 4319 3553 4373 τῶν
3603 4319 3853 4392 γενητῶν

2255 4414 2430 4480 ἀξίοις
2482 4416 2577 4469 καί
2629 4416 2760 4488 παρ’
2821 4417 3019 4479 αὑτοὺς
3070 4414 3460 4485 γεγενημένοις
3490 4413 3524 4484 ἢ
3557 4415 3586 4466 ὁ
3618 4413 3851 4484 Σωτήρὶ

573 4535 909 4599 existimant,
931 4505 1150 4587 abunde
1170 4505 1388 4584 constat
1412 4540 1588 4594 neque
1613 4523 1800 4578 cordis
1823 4520 2149 4578 vocabulum

2259 4509 2412 4579 Τάχα
2437 4509 2496 4562 δὲ
2541 4509 2636 4563 καὶ
2666 4511 2726 4562 οὑ
2763 4508 2942 4581 μάτην
2971 4509 3051 4572 τὸ,
3097 4507 3483 4576 ὲξηρεύξατο·
3524 4505 3692 4577 μυρία
3739 4505 3853 4578 γὰρ

575 4623 1025 4694 interpretatione
1057 4635 1240 4689 egere,
1288 4618 1340 4672 id
1371 4619 1516 4686 quod
1551 4625 1638 4670 est
1668 4613 2146 4676 absurdissimum,

575 4715 888 4771 existimare
931 4713 1139 4769 scilicet
1163 4726 1268 4766 non
1313 4723 1472 4765 secus
1517 4721 1614 4763 cor
1640 4716 1850 4777 partem
1885 4704 1978 4759 Dei
2006 4718 2146 4767 esse,

573 4815 737 4876 atque
771 4815 856 4860 est
891 4805 944 4860 in
980 4813 1170 4860 nostro
1202 4817 1452 4874 corpore.
1503 4799 1610 4855 Sed
1654 4798 1978 4854 admonendi
2022 4807 2150 4852 sunt

574 4898 653 4953 illi
695 4900 840 4968 quod
871 4896 1329 4967 quemadmodum
1360 4908 1576 4954 manus,
1615 4901 1670 4946 et
1714 4891 2020 4951 brachium,
2059 4899 2146 4942 at-

573 5006 683 5062 que
722 4990 886 5045 etiam
929 4988 1132 5059 digitus
1174 4986 1268 5040 Dei
1319 4987 1544 5049 dicitur,
1581 4985 1780 5038 nudum
1827 4979 2146 5036 vocabulum

575 5083 695 5139 acie
739 5082 935 5138 mentis
980 5079 1139 5136 nobis
1187 5093 1293 5132 non
1327 5075 1766 5144 dispicientibus,
1799 5073 1891 5128 sed
1935 5073 2146 5127 exami-

577 5175 837 5229 nantibus
858 5187 1095 5243 quonam
1126 5177 1286 5240 pacto
1318 5167 1434 5221 haec
1463 5177 1615 5227 sane,
1648 5174 1700 5215 et
1731 5172 1790 5216 ut
1820 5163 1929 5214 Deo
1952 5170 2036 5216 est
2067 5162 2146 5216 di-

574 5279 764 5334 gnum,
813 5264 923 5318 sint
971 5257 1306 5332 accipienda,
1350 5257 1422 5311 ita
1459 5254 1625 5308 etiam
1681 5266 1778 5304 nos
1839 5250 2145 5320 intelligere

643 5381 690 5413 ⁵⁸
719 5379 873 5436 Joau.
907 5393 950 5438 ι,
979 5377 1064 5433 Η.
1160 5374 1202 5407 ⁸⁸
1233 5372 1388 5428 Joan.
1424 5385 1461 5431 I,
1496 5368 1548 5422 l.

574 5451 622 5483 "‘
655 5431 797 5505 l’sal.
824 5431 1001 5510 xiiii;
1044 5447 1128 5510 Π,
1202 5445 1245 5476 ⁵⁷
1276 5440 1417 5496 Psal.
1449 5454 1561 5500 six,
1599 5438 1652 5490 8.
1729 5434 1774 5465 "'
1807 5431 1959 5486 Vers.
1993 5433 2046 5490 l.

646 5565 757 5638 (59)
790 5566 986 5632 Ὅπερ.
1010 5562 1103 5638 S_ic
1128 5559 1296 5638 codex
1323 5556 1644 5638 Dodlciatms
1668 5550 1927 5622 ;.Begius,
1955 5549 2146 5618 ὅσπερ.

648 5625 759 5702 ltiti)
797 5625 1122 5703 Ilapig'tér.
1148 5631 1290 5703 Lego
1325 5625 1619 5703 παριστὰς.

649 5689 758 5778 (61)
783 5777 789 5778 γ
812 5689 914 5759 Ἐἷ-
1000 5689 1130 5778 circa
1157 5689 1630 5778 τὰῒπροκὲίμενα,
1659 5703 1776 5778 etc._
1796 5689 1924 5778 nlla-3:

579 5779 632 5830 in
653 5759 902 5830 ‘eili’tiune
932 5759 1241 5837 Ιῖιιοιιί,εοι1
1268 5759 1596 5824 revocantur
1625 5779 1654 5814 ρ
1677 5761 1836 5817 codd.
1865 5759 2154 5813 Bodleiano

575 5859 630 5901 et
661 5846 976 5902 Barbertno.

1619 5366 1664 5396 δ’
1687 5362 1842 5418 Joan.
1880 5375 1920 5422 ι,
1955 5362 2034 5416 14.
2121 5365 2169 5397 ⁸³
2203 5366 2392 5420 Matth.
2424 5381 2498 5426 ιι.
2524 5363 2614 5417 27.

2257 4602 2421 4675 ἔτερα
2463 4603 2683 4658 ἐδύνατο
2733 4603 2988 4672 λέγεσθαι
3035 4603 3154 4656 ἀντὶ
3198 4601 3310 4672 (62)
3337 4600 3433 4655 τοῦ
3456 4597 3848 4667 ὲξηρεύεατο.

2258 4695 2566 4768 Προέϐαλεν
2602 4696 2635 4766 ἡ
2668 4694 2862 4768 καρδία
2904 4711 3004 4764 μου
3041 4693 3198 4762 λόγον
3233 4690 3470 4760 ἀγαθόν·
3504 4689 3765 4760 ἐλάλησεν
3813 4689 3850 4760 ἠ

2258 4789 2455 4862 καρδία
2503 4807 2602 4860 μου
2660 4788 2817 4856 λόγον
2867 4786 3092 4857 ἀγάθόν.
3152 4784 3312 4838 Ἀλλά
3366 4784 3598 4855 μήποτε,
3657 4781 3851 4852 ὥσπερ

2257 4881 2565 4953 πνεύματός
2585 4897 2728 4944 τινος
2757 4878 3077 4950 ἀποκρύφου
3107 4877 3219 4948 (65)
3251 4879 3332 4940 είς
3363 4873 3594 4948 φανερὸν
3622 4870 3850 4942 πρόοδός

2254 4975 2402 5026 ἐστιν
2438 4975 2471 5043 ἡ
2503 4957 2675 5043 ἐρυγὴ
2721 4970 2814 5024 τοῦ
2858 4971 3244 5043 ἐρευγομένου,
3308 4968 3472 5022 οἱονεὶ
3517 4965 3606 5019 διὰ
3652 4961 3847 5016 τούτου

2257 5067 2637 5128 ἀναπνέοντος,
2670 5063 2813 5118 οὕτω
2866 5064 2934 5116 τὰ
2985 5063 3086 5132 τῆς
3117 5060 3376 5132 ἀληθείας
3418 5057 3754 5128 θεωρήματα
3783 5053 3847 5107 οὑ

2257 5159 2495 5230 συνέχων
2521 5160 2551 5211 ό
2569 5159 2759 5228 Πατὴρ
2781 5156 3086 5228 ἐρεύγεται,
3123 5155 3218 5210 καὶ
3251 5156 3396 5208 ποιεῖ
3425 5153 3516 5205 τὸν
3546 5149 3716 5204 τύπον
3745 5146 3851 5200 αὑ-

2255 5253 2364 5306 τῶν
2392 5256 2449 5306 ἐν
2476 5251 2554 5324 τῷ
2589 5252 2752 5322 λόγῳ,
2781 5251 2875 5304 καὶ
2899 5251 2987 5304 διὰ
3015 5249 3175 5302 τοῦτο
3207 5249 3375 5302 είκόνι
3398 5243 3715 5314 καλουμένῳ
3745 5237 3847 5294 τοῦ

2719 5364 2768 5396 ⁸⁸
2799 5365 2904 5416 isa.
2943 5380 3017 5429 ix,
3047 5365 3099 5418 6.
3177 5363 3224 5395 ⁸⁸
3252 5364 3386 5432 Cap.
3423 5377 3538 5424 xix,
3575 5371 3720 5410 vers.
3749 5356 3842 5410 ll.

2332 5548 2666 5624 (62)"Asftl.
2703 5547 3134 5624 Deesthiirtertu
3164 5541 3366 5606 lluctii,
3405 5541 3500 5596 sed
3539 5540 3734 5611 legitur
3780 5537 3842 5595 in

2257 5616 2433 5674 ϐοείη(
2456 5621 2746 5673 Botllciauo
2772 5627 2824 5669 et
2851 5616 3170 5670 llarbcriuo.

2329 5691 2438 5761 (63)
2475 5689 2861 5761 Ἄποιρύςρου.
2894 5685 2986 5740 Sic
3011 5684 3181 5740 codex
3217 5681 3581 5750 Bodleianus;
3614 5678 3839 5734 "uetitis

2263 5761 2316 5815 in
2339 5758 2517 5824 texit",
2555 5758 2929 5831 ἀποκρύπτου.
