4082 6224
569 353 670 416 ιοδ
2043 356 2117 413 οι

2223 355 2369 412 ENIS
3719 352 3822 412 l0!

565 479 760 524 cratera
807 467 1064 526 inferiora
1112 487 1125 524 :
1176 478 1402 541 propter
1445 486 1607 540 quam
1661 468 2025 525 dill‘erentiam
2075 488 2117 523 at

2239 473 2304 541 τῇ
2332 471 2493 542 ἀρχῇ·
2523 469 2698 523 πάντα
2732 469 2840 539 γὰρ
2883 470 2939 522 ὲν
2975 467 3136 540 σοφίᾳ
3161 471 3187 522 ὁ
3214 467 3346 532 Θεὸς
3383 469 3522 523 κατὰ
3545 468 3636 522 τδν
3660 472 3831 524 Anuli

565 563 933 630 praestantiam
980 562 1214 618 dicimus
1255 565 1420 618 etiam
1473 565 1669 620 ctelnm
1707 564 1908 618 eximie
1951 564 2117 617 divin:

2239 563 2482 633 ἐποίησε.
2527 563 2637 614 Καὶ
2665 561 2743 614 ἔτι
2777 563 2855 624 εἰς
2869 561 2931 614 τὸ
2962 560 3368 633 παραδέξασθαι
3395 559 3505 633 (Ἠ)
3542 561 3634 616 τὸν
3665 563 3828 630 λόγον

566 651 774 705 ratione
819 651 1037 706 ﬁrmata
1071 652 1258 708 fuisse.
1296 654 1564 721 Quoniam
1619 654 1784 724 igitur
1815 656 2117 724 proponitur:

2243 655 2376 708 ἰδίαν
2409 655 2757 725 περιγραφὴν
2790 654 3002 724 ἔχοντα,
3041 649 3149 708 οἷον
3181 655 3517 724 τυγχάνοντα
3568 654 3668 728 ζῇν
3698 657 3828 710 καθ’

474 813 480 818 _
563 753 622 798 ut
651 752 840 811 aperte
861 744 1226 814 intelligamus
1250 747 1352 801 hoc
1377 746 1582 800 dictum
1612 764 1626 800 :
1653 745 1719 800 In
1738 747 1997 815 principio
2019 762 2117 800 era.

2239 747 2450 810 ἑαυτὸν,
2499 746 2718 800 λεκτέον
2754 747 3005 818 καὶπερὶ
3047 746 3350 816 δυνάμεων,
3387 747 3449 801 οὐ
3479 747 3636 818 μόνον
3659 750 3828 805 δυνά-

560 835 753 905 Λότος
792 837 840 869 ⁸⁸
874 835 1017 909 [hoc
1047 846 1131 892 est
1161 853 1362 902 sermo,
1405 841 1520 895 sive
1551 841 1691 894 ratio
1709 838 1753 911 ],
1810 839 2117 908 principiun

2245 856 2408 910 μεωςο
2439 837 2583 894 Τάδε
2609 837 2771 908 λέγει
2804 839 3016 907 Κύριος
3044 837 3161 892 τῶν
3188 837 3520 908 δυνάμεων,
3553 839 3825 910 πολλαχοῦ

559 941 695 982 vero
727 930 1052 997 sapientiam
1083 931 1188 986 dici
1215 932 1540 1002 explicatum
1571 941 1675 996 est,
1702 931 2030 985 testimoniis
2061 945 2117 985 et

2241 933 2436 993 κεῖται,
2475 928 2706 998 λογικῶν
2739 947 2900 983 τινων
2933 929 3092 982 Θείων
3125 927 3278 992 ζώων
3305 929 3584 1000 δυνάμεων
3624 929 3828 1000 ὀνομα-

559 1017 872 1076 Proverbiis
906 1024 1158 1092 sumptis,
1192 1025 1681 1095 consideraturque
1705 1024 1969 1093 sapientia
1999 1031 2117 1076 ante

2237 1019 2497 1090 ζομένων,
2534 1013 2608 1072 ὧν
2661 1021 2695 1082 ἡ
2722 1019 2977 1090 ἀνωτέρω
3009 1020 3104 1073 καὶ
3150 1017 3414 1090 κρείττων
3451 1019 3685 1091 Χριστὸς
3729 1015 3822 1091 ἦν,

559 1124 868 1167 sermonem
919 1114 1092 1182 ipsam
1128 1119 1570 1180 annuntiantem,
1617 1115 1983 1186 intelligamus
2031 1128 2117 1168 ne-

2232 1109 2293 1162 οὐ
2325 1109 2486 1180 μόνον
2514 1110 2676 1180 σοφία
2702 1108 2859 1174 Θεοῦ,
2891 1109 3026 1164 ἀλλὰ
3051 1110 3146 1164 καὶ
3165 1110 3393 1182 δύναμις
3421 1110 3825 1182 προσαγορευό-

555 1216 712 1258 οέεεθ
747 1212 851 1270 est,
895 1219 1198 1262 sermonem
1235 1209 1287 1263 in
1322 1209 1611 1278 principio,
1654 1207 1760 1262 hoc
1791 1215 1878 1261 est
1916 1206 2117 1274 sapien-

2236 1216 2417 1270 μενος·
2444 1200 2633 1272 ὥσπερ
2660 1199 2752 1254 οὖν
2795 1201 3055 1272 δυνάμεις
3091 1201 3228 1255 Θεοῦ
3258 1199 3505 1265 πλείονές
3537 1204 3695 1265 εἰσιν,
3745 1195 3827 1254 ὧν

555 1293 652 1358 tia,
687 1309 904 1360 semper
933 1311 1076 1360 esse,
1112 1313 1349 1370 cumque
1392 1301 1463 1355 sit
1495 1301 1546 1352 in
1584 1299 1846 1368 sapientia
1877 1311 1998 1366 qua:
2033 1310 2129 1350 vo-

554 1392 711 1437 catur
736 1385 1085 1458 principium,
1135 1405 1240 1444 non
1282 1391 1556 1460 prohiberi
1592 1404 1714 1444 esse
1754 1388 1896 1458 apud
1936 1387 2126 1454 Deum,

553 1487 677 1527 cum
724 1475 796 1530 sit
836 1478 1004 1532 etiam
1037 1483 1152 1548 ipse
1191 1481 1370 1536 Deus:
1406 1497 1506 1535 nec
1549 1481 1689 1550 apud
1721 1478 1886 1533 Deum
1922 1477 2126 1546 simpli-

2233 1292 2439 1361 ἑκάστη
2459 1292 2598 1346 κατὰ
2612 1293 2980 1364 περιγραφὴν,
2997 1287 3072 1347 ὧν
3093 1293 3336 1366 διαφέρει
3363 1295 3392 1346 ό
3416 1294 3624 1366 Σωτὴρ,
3648 1294 3826 1359 οὕτως

2231 1383 2326 1435 καὶ
2353 1383 2528 1450 λόγος,
2568 1387 2616 1437 εί
2646 1386 2784 1439 καὶό
2805 1388 2936 1456 παρ’
2965 1387 3095 1456 ἡμῖν
3119 1388 3220 1440 οὐκ
3247 1387 3364 1438 ἔστι
3388 1388 3530 1441 κατὰ
3555 1405 3816 1460 περιγραο

2233 1475 2340 1546 φὴν
2358 1475 2514 1538 ἐκτὸς
2531 1475 2705 1547 ἡμῶν,
2723 1476 3045 1547 νοηθήσεται
3073 1479 3100 1530 ὁ
3133 1477 3364 1550 Χριστὸς
3385 1477 3472 1530 διὰ
3495 1479 3566 1531 τὰ
3591 1480 3792 1551 προεξη
3809 1510 3824 1519 -

553 1566 692 1618 citer
725 1577 804 1620 est
865 1569 1004 1636 ipse,
1041 1571 1134 1624 sed
1169 1573 1438 1625 exsistens
1475 1573 1524 1624 in
1557 1571 1826 1640 principio
1861 1569 2117 1639 (similiter

2232 1567 2498 1637 τασμένα,
2533 1567 2590 1619 ὲν
2605 1567 2746 1638 ἀρχῇ
2775 1569 2842 1638 τῇ
2867 1567 3030 1639 σοφίᾳ
3057 1569 3155 1640 τὴν
3176 1568 3474 1623 ὑπόστασιν
3498 1569 3657 1638 ἔχων.
3676 1571 3824 1624 Ταῦ--

552 1657 816 1725 sapientia
861 1659 927 1730 ⁴⁵⁷)
965 1669 1045 1714 est
1094 1662 1234 1731 apud
1284 1663 1448 1715 Deum
1483 1678 1500 1726 ;
1536 1661 1813 1730 subiungit
1853 1659 1996 1714 enim
2021 1699 2038 1725 ,
2075 1668 2117 1713 et

2233 1673 2302 1710 τα
2330 1660 2464 1729 ἡμῖν
2497 1659 2589 1710 ἐπὶ
2622 1657 2716 1711 τοῦ
2765 1656 3032 1730 παρόντος
3063 1658 3288 1731 ἀρκέσει
3317 1661 3397 1724 εἰς
3429 1659 3506 1712 τό·
3547 1661 3642 1713 Ἐν
3660 1659 3824 1730 ἀρχῇ

554 1749 776 1819 inquit;
811 1749 915 1804 llic
944 1762 1055 1806 erat
1087 1753 1144 1806 in
1179 1753 1435 1821 principio
1477 1753 1616 1820 apud
1667 1753 1856 1806 Deum.
1901 1749 2127 1805 Poterat
2158 1748 2200 1803 Β
2229 1745 2308 1819 ἦν
2331 1752 2363 1803 ό
2400 1750 2611 1818 Λόγος.

550 1840 697 1894 enim
749 1842 976 1897 dicere:
1011 1843 1112 1898 Hic
1154 1853 1273 1898 erat
1313 1843 1455 1912 apud
1505 1843 1691 1898 Deum.
1742 1842 1848 1895 Sed
1887 1840 2342 1909 quemadmodum
2375 1849 2495 1892 erat
2543 1841 2594 1892 in
2642 1839 2930 1908 principio,
2983 1839 3062 1895 sic
3093 1849 3148 1895 et
3195 1839 3334 1910 apud
3382 1838 3547 1893 Deum
3581 1839 3633 1893 in
3667 1839 3821 1908 prin-

549 1931 694 2000 cipio
725 1941 845 1987 erat
871 1950 884 1998 ;
916 1944 965 1988 et
995 1935 1173 1988 omnia
1203 1952 1296 2003 per
1317 1937 1487 2004 ipsum
1518 1935 1657 2003 facta
1685 1944 1807 1987 sunt
1837 1933 1906 1997 “,
1939 1934 2290 1986 exsistentem
2326 1932 2378 1984 in
2407 1933 2678 2000 principio
2705 1948 2720 1998 ;
2757 1934 2938 1988 omnia
2975 1935 3119 1987 enim
3150 1933 3290 1988 Deus
3317 1935 3482 2004 (teste
3513 1933 3716 1987 Davide
3751 1933 3820 1997 ")

553 2025 607 2080 in
639 2029 904 2098 sapientia
931 2029 1083 2086 fecit.
1120 2033 1200 2086 Ad
1236 2033 1352 2086 haec
1385 2041 1444 2085 ut
1484 2030 1852 2099 intelligamus
1884 2029 2210 2086 Sermonem
2242 2030 2516 2099 propriam
2562 2029 2764 2084 habere
2827 2027 3266 2098 inscriptionem,
3317 2027 3469 2081 velut
3509 2031 3605 2096 qui
3651 2027 3817 2079 vitam

549 2133 648 2188 per
684 2135 743 2174 se
769 2133 1118 2190 asseq-uatur,
1151 2123 1438 2176 dicendum
1464 2121 1630 2176 etiam
1661 2131 1746 2176 est
1776 2121 1842 2176 de
1882 2123 2160 2192 potentiis,
2213 2137 2319 2177 non
2367 2121 2434 2175 de
2480 2121 2746 2190 potentia.
2796 2117 2928 2174 Haec
2969 2119 3100 2173 dicit
3142 2118 3396 2173 Dominus
3438 2121 3816 2189 potentiamm,

549 2212 736 2269 multis
761 2214 816 2269 in
845 2216 980 2270 locis
1020 2216 1264 2286 ponitur,
1295 2215 1513 2270 nomine
1543 2216 1912 2284 potentiarum
1949 2214 2239 2270 intellectis
2269 2213 2591 2283 quibusdam
2616 2213 2814 2268 divinis
2861 2212 3252 2277 animantibus,
3286 2225 3408 2281 quae
3441 2212 3666 2266 rationis
3693 2222 3820 2266 sunt

549 2307 799 2377 capacia,
829 2307 1024 2374 quibus
1055 2309 1302 2379 superior
1329 2318 1384 2362 et
1411 2307 1754 2377 praestantior
1779 2306 2031 2362 Christus
2056 2315 2161 2371 est,
2195 2321 2301 2360 non
2334 2314 2540 2362 tantum
2572 2305 2839 2373 sapientia
2881 2303 2994 2370 Dei,
3021 2304 3115 2358 sed
3146 2303 3310 2358 etiam
3341 2305 3580 2373 potentia
3617 2303 3816 2358 dictus.

549 2397 625 2455 Ut
673 2401 836 2470 igitur
881 2404 1112 2454 virtutes
1139 2401 1446 2469 complures
1481 2408 1630 2463 sunt,
1683 2413 1913 2468 quarum
1962 2398 2190 2468 singulae
2227 2397 2649 2465 descriptionem
2691 2397 2915 2463 habent,
2949 2397 3150 2468 quibus
3195 2395 3377 2451 diﬂ‘ert
3419 2395 3700 2462 Servator,
3735 2397 3820 2454 sic

548 2493 714 2548 etiam
747 2494 775 2544 6
807 2491 979 2560 Λόγος
1014 2490 1092 2564 [id
1124 2503 1207 2547 est
1242 2493 1330 2548 ille
1365 2493 1536 2548 Filius
1567 2493 1682 2557 Dei,
1716 2491 1804 2547 illa
1825 2489 2002 2563 'ratio]
2039 2490 2226 2562 (etiam
2260 2491 2305 2545 si
2338 2491 2430 2544 illa
2479 2491 2636 2553 ratio,
2671 2506 2792 2560 qua:
2837 2491 2888 2545 in
2928 2491 3080 2544 nobis
3110 2500 3215 2554 est,
3247 2504 3353 2543 non
3380 2487 3576 2544 habeat
3602 2489 3823 2542 descri-

549 2587 790 2656 ptionem
825 2594 974 2640 extra
1016 2589 1136 2657 nos)
1178 2587 1511 2657 intelligetur
1557 2586 1827 2652 Christus,
1864 2587 2018 2658 juxta
2050 2602 2111 2640 ea
2142 2601 2262 2655 quae
2294 2595 2453 2641 antea
2495 2585 2888 2656 indagavimus,
2919 2584 3253 2656 hypostasim
3313 2586 3517 2640 habens
3564 2584 3618 2638 in
3667 2583 3824 2654 prin-

549 2681 718 2750 cipio,
747 2682 852 2738 hoc
886 2692 969 2739 est
1003 2685 1054 2738 in
1084 2683 1372 2756 sapientia.
1414 2683 1522 2740 Sed
1555 2686 1818 2739 hactenus
1853 2685 1919 2738 de
1947 2698 2012 2737 eo
2039 2683 2181 2752 quod
2211 2690 2319 2749 cst,
2349 2679 2420 2736 In
2446 2682 2706 2753 principio
2735 2691 2848 2736 erat
2881 2680 3088 2736 Sermo.

553 2841 3814 2875 MM

1713 2995 2663 3130 ΩΡΙΓΕΝΟΥΣ

1162 3213 1300 3267 ΊὩΝ
1331 3213 1460 3266 ΕΙΣ
1501 3213 1580 3264 T0
1619 3213 1807 3264 ΚΑΤΑ
1848 3207 2184 3263 [ΩΑΝΝΗΝ
2213 3207 2704 3262 ΕΥΑΓΓΕΛΙΟΝ
2737 3205 3210 3263 ΕΞΗΓΗΠΚΩΝ

1900 3323 2284 3421 ΤΟΜΟΣ
2357 3330 2470 3418 B'.

1779 3531 2585 3727 ORIIGENlS

970 3795 1711 3859 EXPLANATIONUM
1750 3793 1850 3857 ΙΝ
1886 3789 2456 3855 EVANGELIUM
2486 3791 2944 3854 SECUNDUM
2981 3789 3400 3854 JOANNEM

1879 3929 2290 4022 TOMUS
2343 3933 2472 4017 ll.

618 4222 730 4294 ΑΒ
761 4223 805 4274 l.
836 4238 852 4269 ι
877 4219 945 4272 Ει
968 4217 1188 4271 verbum
1219 4224 1334 4267 erat
1363 4215 1504 4282 apud
1535 4213 1722 4271 Deum.
1753 4222 1808 4264 ct
1831 4213 1971 4265 Deus
1997 4225 2114 4268 erat.

2295 4227 2346 4278 l.
2390 4244 2409 4276 ι
2441 4226 2600 4279 Καὶὸ
2631 4227 2800 4296 Λόγος
2831 4223 2902 4299 ἦν
2937 4231 3073 4301 πρὸς
3109 4231 3201 4284 τὸν
3225 4231 3377 4294 Θεὸν,
3409 4234 3502 4285 καὶ
3524 4231 3658 4298 Θεὸς
3685 4228 3756 4305 ἦν
3783 4237 3815 4287 ό

552 4311 865 4370 Verbum".
888 4329 906 4359 ι
932 4309 1074 4363 Satis
1101 4324 1196 4376 pro
1216 4307 1420 4360 viribus
1432 4304 1652 4370 nostris,
1671 4319 1826 4359 sacer
1839 4301 2110 4374 Ambrosi,

2224 4317 2397 4387 Λόγος
2427 4318 2559 4387 (7'2).
2593 4339 2610 4368 ι
2655 4321 2954 4392 Λύτάρκως
2985 4322 3125 4376 κατὰ
3145 4323 3244 4394 τὴν
3261 4325 3538 4396 παροῦσαν
3558 4301 3811 4398 δύναμιν,

556 4413 807 4475 idemque
841 4404 1012 4458 frater
1041 4402 1338 4473 Evangelio
1380 4404 1693 4468 conformis,
1723 4419 1847 4460 cum
1887 4409 2117 4462 antehac

2223 4410 2331 4481 ἱερὲ
2366 4409 2560 4479 ἀδελφὲ
2613 4412 2922 4482 ’Λμϐρόσιε,
2956 4414 3050 4466 καὶ
3077 4416 3219 4467 κατὰ
3251 4415 3310 4467 τὸ
3338 4416 3666 4485 Εὐαγγέλιον
3709 4435 3810 4488 με·

551 4499 977 4552 disserucrimus
1019 4498 1149 4566 quid
1193 4499 1265 4553 sit
1293 4497 1663 4566 Evangelium,
1709 4507 1763 4551 et
1813 4499 1955 4568 quod
1987 4516 2117 4570 qna-

2223 4501 2564 4574 μορφωμένε,
2607 4503 2663 4555 ὲν
2689 4508 2798 4568 τοῖς
2843 4505 2949 4576 πρὸ
2969 4504 3174 4558 τούτων
3195 4505 3538 4570 διαλαϐόντες
3569 4506 3621 4560 τί
3661 4508 3811 4560 ἐστιν

548 4589 667 4644 leve
707 4589 1058 4659 principium,
1083 4591 1134 4643 in
1161 4604 1268 4658 quo
1303 4597 1418 4642 erat
1447 4589 1660 4656 Sermo,
1692 4599 1747 4643 et
1769 4591 2019 4659 quisnam
2047 4593 2122 4648 sit

547 4680 638 4734 ille
687 4678 882 4736 Sermo
941 4681 1030 4750 qui
1082 4690 1203 4735 erat
1262 4679 1314 4734 in
1371 4679 1662 4750 principio.
1709 4681 2120 4752 Consequenter

544 4787 690 4828 nunc
723 4775 1134 4832 consideremus
1167 4790 1402 4846 quonam
1442 4785 1600 4846 pacto
1632 4777 1824 4830 Sermo
1870 4777 1958 4831 ille
2002 4786 2124 4832 erat

543 4866 684 4936 apud
722 4867 909 4924 Deum.
957 4869 1096 4942 Ergo
1147 4871 1278 4926 utile
1318 4870 1425 4924 erit
1469 4870 1536 4922 ad
1584 4869 1688 4924 hoc
1735 4870 2116 4939 explicandum

539 4957 792 5029 colligere
817 4975 1123 5014 sermonem
1174 4963 1264 5030 qui
1310 4962 1547 5030 scriptus
1589 4972 1673 5016 est
1717 4961 1919 5016 factum
1949 4959 2118 5016 fuisse

543 5049 612 5104 ad
646 5051 931 5119 quosdam.
967 5049 1126 5106 Verbi
1177 5053 1349 5122 gratia
1377 5071 1391 5108 :
1421 5072 1440 5105 ι
1479 5055 1674 5109 Sermo
1702 5051 1911 5105 Domini
1944 5051 2116 5107 factus

538 5152 623 5195 est
663 5141 732 5196 ad
761 5142 898 5197 Osee
929 5142 1098 5195 tilium
1149 5143 1299 5196 Beeri
1327 5143 1414 5206 ";
1455 5161 1472 5193 ι
1522 5151 1596 5205 et,
1645 5159 1662 5190 ι
1696 5139 1888 5194 Sermo
1941 5139 2117 5193 factus

538 5239 625 5284 est
653 5233 720 5284 ad
761 5231 974 5298 Isaiam,
1004 5233 1172 5288 lilium
1215 5234 1405 5296 Amos,
1437 5233 1503 5287 de
1531 5229 1744 5293 .Iuilma,
1771 5240 1823 5284 et
1855 5231 1920 5284 de
1955 5227 2116 5284 Jeru-

537 5322 729 5387 salem,
760 5325 809 5354 "
838 5345 857 5379 r
885 5338 960 5393 et,
997 5348 1013 5378 ι
1055 5327 1248 5381 Sct‘ttto
1299 5325 1471 5380 factu-5
1501 5337 1586 5379 est
1613 5327 1678 5377 ad
1703 5321 1998 5379 Jcremiam
2047 5322 2114 5377 de

2217 4591 2568 4660 Εὑαγγέλιον,
2594 4597 2692 4648 καὶ
2721 4596 2807 4660 τίς
2831 4597 2863 4666 ἡ
2895 4597 3061 4669 ἁρχὴ,
3098 4599 3156 4650 ἐν
3257 4593 3326 4669 ἦν
3353 4599 3382 4650 ὁ
3419 4598 3610 4667 Λόγος,
3641 4599 3723 4661 τίς
3750 4616 3810 4653 τε

2213 4680 2242 4733 ό
2275 4680 2446 4749 Λόγος
2476 4683 2504 4734 ὁ
2526 4684 2582 4735 ὲν
2612 4685 2781 4757 ἀρχῇ,
2813 4688 3120 4750 ἀκολούθως
3145 4687 3240 4741 νῦν
3262 4687 3668 4760 ἐπισκοποῦμεν
3692 4687 3812 4752 πῶς

2217 4775 2245 4827 ὁ
2279 4774 2451 4843 Λόγος
2479 4771 2546 4845 ἦν
2577 4778 2710 4849 πρὸς
2747 4781 2842 4832 τὸν
2865 4780 3016 4833 Θεόν.
3051 4780 3336 4853 Χρήσιμον
3363 4781 3544 4834 τοίνυν
3572 4797 3811 4848 συναγα-

2220 4861 2336 4935 γεῖν
2366 4868 2444 4930 εἰς
2466 4867 2624 4922 τοῦτο
2667 4868 2821 4940 λόγον
2847 4873 3338 4944 ἀναγεγραμμένον
3360 4874 3643 4944 γεγονέναι
3674 4875 3812 4946 πρός

2219 4974 2390 5023 τινας·
2435 4957 2566 5014 οἷονο
2603 4981 2621 5012 ‹
2671 4965 2840 5032 Λόγος
2870 4965 3075 5037 Κυρίου
3105 4965 3164 5030 ὃς
3194 4967 3432 5038 ἐγενήθη
3473 4967 3608 5037 πρὸς
3652 4967 3811 5039 Ὠσηὲ

2218 5051 2310 5103 τὸν
2339 5053 2431 5106 τοῦ
2474 5053 2693 5125 Βεηρείο
2733 5077 2750 5108 ι
2795 5059 2906 5124 καὶ,
2946 5077 2964 5110 ι
3019 5059 3078 5113 '0
3103 5059 3261 5128 λόγος
3291 5062 3319 5112 ό
3352 5059 3642 5130 γενόμενος
3677 5059 3812 5131 πρὸς

2229 5141 2456 5196 ⁹Ησαῖαν
2501 5145 2626 5201 υἱὸν
2677 5147 2876 5218 ’Λμὼς,
2912 5152 3039 5221 περὶ
3066 5151 3164 5222 τῆς
3229 5151 3508 5218 Ἰουδαίας,
3559 5153 3652 5206 καὶ
3687 5153 3814 5224 περὶ

2231 5230 2613 5308 Ἰερουσαλήμ·
2667 5259 2684 5292 r
2745 5242 2858 5306 καὶ,
2904 5263 2922 5294 ι
2974 5243 3033 5297 '0
3073 5244 3230 5312 λόγος
3268 5246 3298 5298 ὁ
3336 5245 3627 5316 γενόμενος
3675 5243 3812 5314 πρὸς

2228 5320 2496 5396 Ἱερεμίαν
2524 5331 2654 5403 περὶ
2682 5331 2781 5404 τῆς
2803 5333 3084 5407 ἁϐροχίας.
3119 5356 3138 5388 ι
3165 5336 3291 5402 Πῶς
3311 5333 3404 5392 οὖν
3421 5337 3578 5406 λόγος
3607 5336 3811 5406 Κυρίου

611 5454 658 5487 ⁸⁸
682 5453 840 5511 σιοιιη.
876 5473 924 5522 1,,
949 5459 995 5512 Ι.
1073 5461 1116 5492 ⁵⁷
1150 5460 1278 5515 ibid.
1317 5459 1372 5514 2.
1451 5459 1496 5491 ⁵⁸
1527 5459 1659 5513 ibid.
1711 5457 1765 5513 5.
1844 5458 1888 5491 ⁵⁸
1918 5457 2059 5512 Psal.
2088 5475 2117 5513 c

2230 5459 2352 5517 24.‘
2399 5464 2455 5498 τ’
2486 5467 2643 5525 Joan.
2675 5485 2714 5537 ι,
2748 5471 2799 5524 1.
2879 5471 2921 5502 ⁷³
2950 5472 3074 5527 Ose.
3114 5489 3154 5539 ι,
3186 5471 3237 5526 1.
3316 5473 3364 5504 ⁷⁸
3391 5471 3518 5526 lsai.
3545 5487 3587 5538 ι,
3613 5471 3665 5525 1.

607 5592 722 5661 (71)
760 5591 871 5666 καὶ
897 5593 984 5648 ἔτι
1010 5598 1097 5662 εὶς
1122 5597 1186 5650 τὸ
1217 5596 1688 5666 παραδέξασθαι.
1725 5608 1832 5652 ctc.
1859 5597 1939 5652 Ad
1972 5613 2114 5651 mar-

539 5665 718 5739 ginem
745 5664 950 5739 codicis
987 5664 1410 5739 llarberiuiluuc
1451 5671 1704 5739 leguntur
1758 5685 1773 5724 :
1827 5668 2112 5739 Φλυαρεῖς,

543 5735 740 5820 μάταιε
775 5735 1038 5828 alpes-ms:
1232 5738 1342 5821 γὸιρ
1395 5735 1623 5828 καιῆνκ
1655 5739 1785 5828 (rei,
1814 5739 1911 5822 καὶ
1951 5735 2115 5828 adeo;

540 5808 684 5858 ἐστιν
763 5805 920 5875 σοφία
941 5822 952 5835 ·
987 5807 1083 5858 οὐκ
1114 5805 1244 5876 ἄλλη
1277 5805 1318 5876 ἡ
1347 5809 1504 5877 σοφία
1538 5805 1632 5861 καὶ
1661 5809 1822 5875 αὐτὸς
1855 5811 1914 5862 ἐν
1951 5811 2086 5882 αὐτῇ

2219 5600 2357 5680 ρρτε
2383 5603 2502 5675 μὴν
2524 5607 2817 5680 σύγκρισιν
2852 5607 2988 5680 πρὸς
3015 5608 3112 5680 τὰς
3135 5607 3361 5680 λογικὰς
3384 5606 3645 5677 δυνάμεις
3689 5604 3812 5658 ἑπι-

2218 5672 2460 5750 δέχεται,
2510 5672 2625 5732 ἀλλ⁵
2658 5672 2830 5750 οὕτως
2859 5672 3057 5749 Ἕλλην
3083 5672 3369 5750 ὑπάρχεις.

2221 5744 2560 5870 Romanae!
2593 5749 2738 5816 Θεὸς
2764 5749 2843 5818 ἦν
2862 5753 2895 5803 ό
2923 5744 3131 5819 Λόγος.
3163 5744 3286 5805 nae
3315 5750 3512 5804 desunt
3543 5749 3596 5805 in
3621 5745 3811 5804 codice
