4040 6210
254 426 361 482 105

1364 417 1720 476 COMMENT.
1764 414 1828 471 IN
1865 412 2063 471 JOAN.
2103 411 2344 469 TOMUS
2376 409 2440 467 ll.

3408 411 3514 465 ιοει

251 514 479 588 ἐγενήθη
518 514 659 586 πρὸς
695 513 875 585 Ὠσηὲ,
907 513 1002 567 καὶ
1054 514 1084 566 6
1122 511 1277 581 λόγος
1320 513 1467 568 ἐστὶν
1494 515 1523 566 6
1548 510 1835 582 γενόμενος

1940 506 2184 562 siccitate
2203 504 2348 558 ’⁸·⁶⁸.
2384 522 2402 555 1
2439 502 2719 570 Quomodo
2737 517 2868 572 ergo
2890 518 3070 560 sermo
3096 506 3308 562 Domini
3336 506 3513 561 fat-tus

256 604 391 677 πρὸς
430 604 662 657 Ἡσαΐαν
715 602 829 655 υἱὸν
869 602 1071 672 ’Λμῶς,
1114 603 1209 656 καὶ
1247 600 1410 656 πάλιν
1448 603 1476 655 6
1509 601 1668 670 λόγος
1704 601 1840 673 πρὸς

267 692 534 766 Ἰερεμίαν
569 693 699 764 περὶ
742 689 847 762 τῆς
889 692 1171 765 ἀϐροχίας,
1206 692 1624 763 ὲπισκοπητέον,
1657 694 1723 747 ἶν’
1764 694 1841 756 ὡς

254 783 656 855 παρακείμενον
679 782 971 854 εὑρεθῆναι
997 782 1198 856 δυνηθῇ
1226 782 1344 849 πῶς
1365 786 1394 838 6
1421 785 1593 853 Λόγος
1621 780 1689 857 ἦν
1706 785 1840 857 πρὸς

250 874 340 929 τὸν
376 876 538 930 Θεόν.
579 875 638 931 Ὀ
666 875 767 947 μὲν
794 872 892 930 οὖν
936 877 1105 941 πολὺς
1148 877 1515 949 ἁπλούστερον
1546 877 1841 949 ἐπιλήψεται

250 967 319 1021 τὶ
352 967 485 1037 περὶ
514 966 622 1022 τῶν
657 967 954 1040 προφητῶν
993 969 1280 1041 εἰρημένα,
1308 971 1385 1035 ὼς
1417 970 1576 1040 λόγου
1610 970 1837 1043 Κυρίου,

248 1058 283 1130 ἢ
327 1057 425 1113 τοῦ
463 1058 625 1128 λόγου
657 1058 951 1131 γενομένου
989 1060 1126 1133 πρὸς
1157 1060 1374 1126 αὐτούς.
1406 1063 1635 1134 Μήποτε
1672 1062 1730 1117 δὲ
1763 1061 1840 1127 ὥς

248 1168 430 1221 φαμεν
462 1151 620 1207 τόνδε
660 1150 783 1205 τινὰ
808 1151 948 1223 πρὸς
987 1150 1137 1206 τόνδε
1176 1153 1442 1223 γίνεσθαι,
1481 1152 1655 1219 οὕτως
1695 1152 1840 1208 όνῦν

246 1236 673 1311 θεολογούμενος
704 1239 833 1304 Υἱὸς
860 1240 1031 1310 Λόγος
1062 1241 1293 1315 ἐγενήθη
1327 1243 1465 1315 πρὸς
1504 1242 1682 1315 Ὠσηὲ,
1708 1243 1841 1298 ἀπο-

248 1331 469 1396 σταλεὶς
499 1332 607 1384 ὑπὸ
650 1330 744 1385 τοῦ
774 1331 989 1404 Πατρὸς
1028 1332 1164 1406 πρὸς
1203 1333 1385 1388 αὐτόν⁸
1419 1333 1560 1389 κατὰ
1594 1335 1692 1406 μὲν
1739 1335 1840 1408 τὴν

244 1420 495 1496 ἱστορίαν
521 1425 658 1496 πρὸς
695 1423 787 1480 τὸν
820 1425 938 1479 υἱὸν
964 1426 1058 1480 τοῦ
1088 1426 1284 1498 Βεηρεὶ
1329 1428 1617 1499 προφήτην
1658 1428 1835 1498 Ὠσηὲ,

246 1516 392 1569 κατὰ
424 1515 483 1569 δὲ
511 1517 778 1587 μυστικὸν
812 1516 971 1587 λόγον
1005 1517 1143 1590 πρὸς
1180 1516 1270 1572 τὸν
1298 1515 1612 1590 Σωζόμενον
1647 1518 1838 1591 (Ὠσηὲ

241 1605 350 1679 γὰρ
396 1608 767 1680 ἑρμηνεύεται
807 1607 1142 1679 σωζόμενος
1171 1606 1324 1685 [73])
1365 1610 1481 1664 υἱὸν
1520 1611 1734 1683 Βεηρεὶ,
1780 1611 1839 1674 ὃς

240 1698 614 1770 ἑρμηνεύεται
657 1699 922 1771 φρέατα·
964 1700 1151 1773 πηγῆς
1193 1702 1303 1775 γάρ
1346 1704 1412 1756 ὲκ
1464 1700 1659 1772 βάθους
1709 1702 1841 1756 ἁνα-

238 1787 673 1862 6λυσταινούσης
706 1790 902 1861 σοφίας
931 1790 1088 1859 Θεοῦ,
1109 1790 1340 1855 ἕκαστος
1370 1790 1479 1845 τῶν
1513 1789 1838 1863 σωζομένων

240 1882 357 1947 υίὸς
368 1882 602 1952 γίνεται.
626 1883 738 1937 Καὶ
750 1882 904 1936 οὐδὲν
923 1881 1233 1955 θαυμαστὸν
1257 1882 1431 1947 οὔτως
1449 1882 1564 1937 υἱὸν
1586 1881 1836 1955 φρεάτων

240 1968 380 2027 εἶναι
408 1973 506 2028 τὸν
548 1974 708 2042 άγιον
739 1973 849 2028 άπὸ
884 1973 992 2028 τῶν
1031 1973 1536 2048 ἀνδραγαθημάτων
1567 1972 1834 2046 πολλαχοῦ

242 2064 357 2118 υἱὸν
383 2065 814 2136 ὀνομαζόμενον,
853 2064 1004 2137 παρὰ
1034 2065 1132 2137 μὲν
1166 2064 1228 2119 τὸ
1253 2065 1492 2138 λάμπειν
1548 2064 1714 2122 αὑτοῦ
1769 2064 1838 2119 τά

242 2158 382 2229 ἔργα
420 2158 734 2232 ἔμπροσθεν
788 2158 901 2213 τῶν
938 2158 1262 2230 ἀνθρώπων,
1327 2158 1538 2228 φωτός·
1589 2157 1740 2230 παρὰ
1779 2156 1838 2210 δὲ

243 2248 307 2300 τὸ
340 2247 485 2319 ἔχειν
537 2249 640 2320 τὴν
687 2250 916 2322 είρήνην
971 2249 1068 2303 τοῦ
1121 2248 1258 2304 Θεοῦ
1305 2250 1404 2322 τὴν
1463 2248 1838 2321 ὑπερέχουσαν

248 2339 427 2394 πάντα
456 2339 606 2408 νοῦν,
640 2342 888 2412 εἰρήνης·
931 2340 1011 2395 ἔτι
1037 2340 1095 2396 δὲ
1131 2340 1220 2395 διά
1250 2341 1348 2414 τὴν
1377 2342 1486 2396 άπὸ
1513 2340 1613 2413 τῆς
1644 2340 1839 2411 σοφίας

243 2431 536 2501 ὠφέλειαν,
574 2433 767 2487 τέκνον
814 2435 1028 2503 σοφίας·
1081 2452 1102 2485 ι
1170 2431 1495 2505 Ἐδικαιώθη
1547 2432 1679 2503 γὰρ,
1729 2450 1837 2505 ‘P‘i’

250 2520 356 2583 σιν,
406 2523 444 2592 ἡ
490 2522 653 2593 σοφία
693 2523 803 2578 άπὸ
837 2523 947 2579 τῶν
979 2523 1184 2579 τέκνων
1224 2510 1414 2596 αὐτῆς.
1458 2544 1477 2577 1
1516 2524 1704 2590 Οὕτως
1744 2521 1839 2579 οῦν

248 2615 279 2665 6
321 2614 505 2668 πάντα
540 2615 774 2685 ἐρευνῶν
815 2615 946 2689 θείῳ
988 2615 1261 2689 [ῐνεύματι
1302 2616 1395 2671 καὶ
1446 2616 1516 2671 τὰ
1554 2615 1691 2690 βάθη
1741 2613 1837 2670 τοῦ

250 2706 403 2773 Θεοῦ,
436 2707 583 2762 ὥστε
613 2707 1060 2779 ἀποφθέγξασθαι
1085 2708 1281 2765 αὐτόν’
1319 2729 1338 2762 ι
1374 2710 1438 2763 Ὦ
1473 2710 1635 2782 βάθος
1674 2709 1840 2765 πλού-

251 2815 342 2854 του
383 2800 483 2854 καὶ
523 2800 714 2870 σοφίας
764 2801 862 2855 καὶ⁸
903 2799 1156 2871 γνώσεως
1181 2799 1357 2855 Θεοῦί
1397 2821 1415 2855 1
1448 2801 1671 2856 δύναται
1700 2799 1839 2858 εἶναι

253 2892 502 2965 φρεάτων
561 2892 698 2957 υἱὸς,
737 2892 878 2966 πρὸς
932 2893 993 2949 ὸν
1039 2894 1069 2948 6
1120 2892 1277 2963 λόγος
1334 2893 1540 2966 Κυρίου
1603 2894 1836 2964 γίνεται.

261 2984 493 3055 Ὁμοίως
519 2984 679 3055 λόγος
708 2986 804 3040 καὶ
850 2985 987 3057 πρὸς
1028 2985 1256 3040 Ἡσαΐαν
1307 2985 1524 3058 ἔρχεται
1572 2974 1839 3040 διδάσκων

252 3074 317 3128 τά
352 3077 411 3128 ὲν
451 3075 712 3147 ἐσχάταις
759 3074 995 3148 ἡμέραις
1034 3076 1458 3148 ἀπαντησόμενα
1499 3079 1565 3149 τῇ
1609 3077 1839 3150 Ἰουδαίᾳ

256 3168 344 3220 καὶ
395 3167 793 3240 Ἰερουσαλήμ’
843 3168 1103 3233 ὡσαύτως
1143 3169 1201 3223 δὲ
1246 3169 1342 3223 καὶ
1380 3169 1516 3242 πρὸς
1566 3171 1837 3243 Ἰερεμίαν

253 3259 376 3332 θείῳ
405 3260 772 3334 μετεωρισμῷ
801 3261 1108 3336 ἐπαρθέντα
1127 3279 1142 3294 ο
1184 3262 1569 3336 (ἑρμηνεύεται
1609 3264 1718 3337 γὰρ
1734 3282 1839 3336 με·

256 3353 573 3423 τεωρισμὸς
600 3348 913 3427 ’1αώ[74].)
952 3354 1111 3410 Ἀλλά
1134 3355 1273 3428 πρὸς
1316 3355 1416 3427 μὲν
1453 3356 1580 3422 τοὺς
1623 3355 1839 3431 ἀνθρὼ-

256 3462 403 3508 πους,
435 3445 704 3519 πρότερον
733 3445 795 3499 ού
824 3444 1134 3520 χωροῦντας
1156 3446 1254 3520 τὴν
1281 3446 1376 3501 τοῦ
1405 3446 1538 3501 Υίοῦ
1567 3447 1662 3502 τοῦ
1701 3447 1837 3502 Θεοῦ

251 3534 421 3605 Λόγου
483 3538 845 3610 τυγχάνοντος
895 3538 1187 3611 ἐπιδημίαν
1214 3578 1229 3604 ,
1285 3541 1315 3593 6
1363 3540 1537 3610 Λόγος
1589 3542 1797 3611 γίνεται
1821 3557 1834 3571 ·

251 3628 384 3700 πρὸς
412 3627 473 3681 δὲ
502 3628 599 3683 τὸν
635 3628 771 3682 Θεὸν
801 3629 865 3683 ού
904 3630 1149 3700 γίνεται,
1191 3631 1268 3695 ὡς
1309 3630 1574 3704 πρότερον
1619 3632 1720 3685 οὐκ
1761 3630 1838 3685 ὢν

252 3725 383 3796 πρὸς
405 3725 594 3780 αὐτόν’
628 3728 780 3801 παρά
824 3727 883 3782 δὲ
924 3728 987 3782 τὸ
1025 3729 1113 3784 ἀεὶ
1141 3732 1379 3785 συνεῖναι
1417 3729 1496 3802 τῷ
1525 3731 1718 3802 Πατρὶ,
1747 3731 1836 3785 λέ-

247 3832 403 3885 γεται
423 3835 440 3849 ·
472 3839 491 3872 ι
530 3819 646 3875 Καὶ
678 3823 708 3874 6
751 3820 925 3891 Λόγος
954 3816 1023 3893 ἦν
1069 3820 1206 3893 πρὸς
1235 3821 1327 3875 τὸν
1367 3822 1499 3876 Θεόν
1523 3840 1537 3853 ·
1582 3843 1602 3876 ›
1635 3824 1698 3877 ού
1727 3823 1837 3894 γάρ

246 3912 463 3981 ἐγένετο
482 3914 621 3985 πρὸς
640 3914 735 3967 τὸν
754 3914 908 3979 Θεὸν,
927 3916 1019 3970 καὶ
1042 3914 1238 3970 ταυτὸν
1284 3915 1437 3988 ῥῆμα
1478 3915 1539 3970 τὸ
1565 3936 1583 3966 ι
1607 3911 1675 3988 ἦν
1700 3934 1719 3967 1
1742 3916 1836 3971 τοῦ

246 3998 424 4067 Λόγου
454 4004 873 4072 κατηγορεῖται,
916 4004 998 4057 ὃτι
1035 4005 1094 4057 ὲν
1140 4004 1282 4076 ἀρχῇ
1310 4000 1380 4075 ἦν
1419 4004 1515 4057 καὶ
1552 4005 1640 4058 ὅτε
1699 4006 1838 4077 πρὸς

244 4092 335 4143 τὸν
356 4090 494 4144 Θεὸν
520 4087 591 4165 ἧν
613 4136 635 4158 ,
663 4091 787 4148 οὔτε
828 4094 927 4166 τῆς
951 4096 1126 4169 ἀρχῆς
1162 4096 1529 4169 χωριζόμενος
1550 4137 1565 4159 ,
1590 4096 1711 4151 οὕτε
1741 4096 1836 4152 τοῦ

246 4182 463 4255 Πατρὸς
490 4185 946 4259 άπολειπόμενος’
988 4191 1080 4243 καὶ
1122 4189 1284 4243 πάλιν
1316 4188 1439 4243 οὔτε
1486 4190 1594 4244 άπὸ
1620 4189 1713 4245 τοῦ
1756 4191 1831 4263 μὴ

244 4266 384 4327 εἶναι
430 4276 489 4329 ὲν
530 4275 676 4348 ἀρχῇ
719 4278 1002 4347 γινόμενος
1032 4281 1089 4333 ὲν
1130 4280 1302 4351 ἀρχῇ,
1332 4278 1456 4333 οὔτε
1495 4280 1605 4334 ἀπὸ
1632 4280 1723 4334 τοῦ
1761 4280 1837 4353 μὴ

244 4367 532 4437 τυγχάνειν
564 4368 702 4440 πρὸς
729 4370 822 4424 τὸν
845 4369 978 4425 Θεὸν
1003 4372 1095 4426 ἐπὶ
1122 4370 1203 4443 τῷ
1232 4371 1365 4444 πρὸς
1407 4372 1499 4426 τὸν
1531 4372 1663 4428 Θεὸν
1695 4369 1834 4429 εἶναι

245 4457 527 4528 γινόμενος
550 4475 567 4489 -
595 4458 706 4530 1:96
731 4458 843 4530 γὰρ
870 4460 1072 4525 παντὸς
1105 4462 1295 4533 χρόνου
1352 4462 1447 4516 καὶ
1490 4462 1689 4528 αἰῶνος
1718 4483 1738 4517 ι
1776 4466 1835 4519 ἐν

1941 606 2024 652 est
2061 595 2129 650 ad
2152 597 2350 652 Oseam
2384 604 2439 649 et
2472 608 2658 648 sermo
2696 596 2766 649 ad
2814 593 3010 651 Isaiam
3045 598 3211 652 lilium
3235 599 3427 662 Amos,
3460 610 3515 651 et

1943 701 2136 742 rursus
2176 685 2244 740 ad
2289 683 2581 739 Jeremiam
2616 684 2685 739 de
2733 684 3006 754 siccitate,
3053 690 3515 745 considerandum

1939 788 2046 843 est,
2080 787 2138 833 ut
2170 778 2273 841 sic,
2320 776 2616 831 collatione
2660 776 2837 844 facta,
2879 778 3108 834 inveniri
3159 781 3330 851 possit
3375 797 3515 851 qum

1941 886 2067 925 nam
2119 880 2280 941 pacto
2333 870 2527 924 Sermo
2587 867 2677 924 ille
2727 878 2849 924 erat
2899 872 3041 942 apud
3098 871 3290 928 Deum.
3342 876 3519 945 Atque

1940 962 2190 1031 equidem
2243 959 2436 1033 vulgus
2478 960 2782 1031 simplicius
2840 972 3078 1033 exponet
3128 964 3516 1035 prophetarum

1940 1050 2106 1116 dicta,
2158 1050 2325 1105 veluti
2380 1063 2636 1106 sermone
2672 1050 2912 1117 Domini,
2953 1052 3037 1107 rei
3072 1067 3326 1109 sermone
3370 1053 3520 1111 facto

1941 1142 2007 1197 ad
2041 1142 2207 1214 ipsos.
2243 1142 2324 1197 Tu
2366 1158 2498 1200 vero
2543 1143 2687 1212 tide,
2733 1161 2804 1201 ne
2850 1143 2990 1200 forte
3015 1155 3073 1199 ut
3110 1146 3343 1202 dicimus
3376 1147 3520 1202 hune

1940 1233 2006 1288 ad
2049 1235 2193 1290 hunc
2233 1234 2371 1299 ﬁeri,
2424 1236 2505 1291 sic
2548 1236 2905 1306 etiamnunc
2949 1253 2979 1290 a
3021 1237 3179 1293 nobis
3211 1238 3518 1310 theologicae

1939 1326 2324 1395 consideratus
2358 1326 2550 1395 Filius,
2589 1342 2771 1384 sermo
2820 1329 2996 1385 factus
3042 1329 3116 1384 sit
3165 1328 3232 1383 ad
3283 1329 3518 1395 Oscam,

1941 1416 2142 1472 missus
2175 1416 2242 1471 ad
2275 1417 2450 1487 ipsum
2482 1434 2512 1472 a
2545 1417 2710 1473 Patre
2739 1436 2753 1473 :
2785 1419 2929 1488 quod
2966 1419 3033 1473 ad
3069 1419 3355 1479 historiam
3392 1422 3519 1490 qui»

1941 1510 2062 1564 dem
2113 1511 2332 1574 attinet,
2379 1513 2444 1564 ad
2502 1514 2819 1580 prophetam
2873 1509 3071 1567 Oscam
3122 1512 3292 1567 tilium
3342 1513 3518 1577 Beeri.

1938 1605 2202 1665 quantum
2257 1612 2385 1652 vero
2436 1600 2502 1651 ad
2558 1601 2844 1669 mysticam
2879 1601 3174 1666 rationem,
3211 1603 3278 1657 ad
3316 1602 3511 1659 Serva.

1942 1692 2052 1737 tum
2088 1686 2272 1755 (sonat
2315 1686 2459 1741 enim
2491 1686 2684 1753 Oseas,
2719 1689 2764 1744 si
2815 1689 3214 1761 interpreteris,
3261 1699 3520 1763 servatus)

1941 1775 2110 1830 tilium
2145 1776 2324 1842 Beeri,
2355 1793 2477 1848 qua:
2510 1794 2614 1835 vox
2645 1790 2829 1850 puteos
2865 1792 3025 1838 sonat
3060 1799 3076 1838 :
3108 1783 3346 1841 eﬂicitur
3373 1788 3519 1843 enim

1871 1861 1913 1917 Β
1950 1867 2181 1937 quilibet
2219 1882 2407 1925 eorum
2437 1874 2527 1940 qui
2562 1884 2874 1939 servantur,
2896 1875 3043 1945 putei
3078 1876 3242 1942 ﬁlius,
3270 1879 3399 1948 quia
3431 1894 3521 1933 sa.

1937 1959 2141 2030 pientia
2176 1960 2271 2014 Dei
2311 1976 2376 2016 ετ
2405 1963 2678 2032 profundo
2724 1967 2980 2020 scaturit.
3012 1965 3123 2023 Nec
3159 1968 3356 2024 mirum
3385 1986 3520 2027 sane

1937 2060 2021 2105 est
2048 2059 2333 2119 puteorum
2368 2052 2542 2107 tilium
2571 2054 2653 2110 sic
2679 2071 2798 2112 esse
2828 2065 3104 2124 sanctum,
3138 2059 3228 2128 qui
3264 2076 3329 2115 ex
3379 2070 3519 2116 stre-

1939 2156 2044 2196 nue
2089 2140 2249 2198 factis
2301 2142 2624 2214 frequenter
2675 2146 2819 2201 illius
2875 2134 3194 2205 nominatur
3241 2167 3259 2204 :
3314 2152 3520 2209 idcirco

1936 2234 2154 2303 quidem
2183 2236 2311 2303 quia
2338 2234 2556 2292 luceant
2571 2253 2736 2308 opera
2754 2237 2877 2307 eius
2899 2257 3087 2296 coram
3111 2242 3428 2299 hominibus
3451 2246 3518 2305 εθ,

1941 2323 2085 2379 [ilius
2131 2324 2270 2380 lucis
2313 2336 2659 2395 nuncupatus
2700 2332 2879 2401 :quia
2915 2347 3050 2387 vero
3094 2333 3288 2388 haheat
3332 2349 3519 2404 pacem

1940 2413 2059 2482 Dei,
2094 2428 2517 2488 exsuperantem
2552 2435 2773 2477 omnem
2805 2423 3221 2495 intelligentiam
3255 2426 3332 2491 ’°,
3379 2428 3521 2483 tilius

1947 2510 2105 2578 pacis
2131 2528 2146 2565 :
2180 2520 2345 2582 atque
2374 2510 2540 2567 etiam
2572 2522 2799 2583 propter
2822 2515 3106 2585 sapientia:
3137 2516 3430 2571 utilitatem
3461 2518 3519 2569 ti-

1941 2600 2046 2658 lius
2071 2601 2388 2672 sapientize:
2415 2621 2436 2654 ι
2459 2601 2764 2659 Justitlcata
2790 2614 2872 2660 est
2893 2606 3060 2670 enim,
3085 2606 3282 2678 inquit.
3307 2609 3520 2679 sapien-

1942 2693 2013 2748 tia
2035 2708 2065 2748 a
2087 2692 2213 2751 ﬁliis
2229 2694 2347 2749 suis
2378 2695 2444 2751 ⁷¹.
2475 2714 2494 2747 ι
2531 2695 2689 2750 ῐΙιιιιε
2711 2697 2874 2766 igitur
2894 2692 3196 2753 in'modum
3232 2699 3322 2755 ille
3354 2702 3520 2756 etiam

1940 2783 2032 2855 qui
2081 2783 2194 2857 49
2242 2785 2424 2840 divino
2486 2785 2687 2856 Spiritu
2733 2788 2915 2842 omnia
2948 2787 3213 2857 profunda
3257 2789 3349 2845 Dei
3400 2807 3521 2860 per-

1940 2888 2240 2942 scrutatur,
2285 2885 2344 2933 ut
2379 2877 2555 2949 eloqui
2582 2880 2754 2950 possit
2785 2895 2800 2933 :
2833 2879 2915 2936 ιο
2937 2880 3273 2949 profunditas
3302 2883 3522 2939 divitia-

1944 2978 2162 3035 rum,et
2181 2970 2482 3040 sapientiae,
2507 2982 2558 3027 et
2590 2972 2920 3042 cognitionis
2941 2973 3034 3030 Dei
3068 2976 3136 3040 ⁷⁸,
3160 2993 3180 3028 1
3202 2985 3379 3044 potest
3399 2993 3522 3033 esse

1941 3071 2229 3132 puteorum
2283 3062 2449 3128 ﬁlius,
2495 3063 2563 3118 ad
2609 3079 2769 3135 quem
2813 3081 2995 3121 sermo
3023 3067 3118 3123 (lat
3159 3068 3392 3124 Domini.
3427 3072 3519 3127 Sir.

1944 3168 2125 3208 sermo
2156 3154 2322 3210 etiam
2351 3155 2421 3209 ad
2450 3155 2642 3210 Isaiam
2670 3156 2817 3210 venit
2843 3157 3044 3213 docens
3073 3172 3194 3228 quae
3228 3160 3281 3215 iu
3315 3162 3521 3216 ultimis

1866 3214 1911 3275 c
1945 3246 2138 3304 diebus
2160 3256 2420 3302 eventura
2454 3257 2612 3301 erant
2642 3258 2757 3302 tum
2782 3247 3008 3314 Judaeze,
3039 3214 3152 3305 ιιιίιι
3177 3250 3476 3309 Jerusalem
3504 3270 3518 3308 :

1943 3336 2136 3393 eodem
2179 3337 2341 3392 modo
2376 3346 2431 3392 et
2462 3337 2527 3391 ad
2571 3334 2864 3393 Jeremiam
2908 3341 3091 3395 divina
3141 3342 3378 3399 elatione
3408 3344 3520 3398 ela-

1945 3438 2053 3483 tuut
2115 3428 2261 3502 (nam
2323 3428 2714 3500 interpretatur
2745 3430 2904 3486 elatio
2948 3431 3091 3503 Jao).
3140 3434 3248 3490 Sed
3298 3436 3366 3491 ad
3421 3435 3520 3490 Ito-

1943 3522 2118 3575 mines
2157 3522 2410 3591 quidem,
2459 3522 2550 3590 qui
2597 3522 2748 3592 prius
2804 3537 3037 3593 capaces
3065 3540 3173 3581 non
3219 3539 3382 3582 erant
3425 3534 3519 3582 ad-

1940 3645 2134 3691 ventus
2166 3634 2286 3691 Filii
2347 3633 2463 3700 Dei,
2515 3635 2609 3704 qui
2651 3646 2737 3691 est
2788 3637 3003 3702 Sermo,
3058 3639 3120 3693 ιιι
3176 3655 3394 3706 sermo;
3452 3647 3520 3696 ad

1941 3727 2106 3783 Deum
2135 3742 2264 3783 vero
2308 3742 2414 3782 non
2447 3729 2526 3797 lit,
2570 3730 2725 3797 quasi
2751 3730 2842 3799 qui
2878 3738 3036 3783 antea
3078 3745 3186 3785 non
3225 3734 3517 3790 exs’steret

1939 3820 2081 3888 apud
2110 3819 2309 3889 ipsum,
2338 3820 2434 3873 sed
2458 3832 2523 3871 eo
2551 3819 2695 3888 quod
2722 3818 2793 3873 sit
2817 3832 3037 3889 semper
3062 3834 3185 3875 cum
3220 3820 3402 3889 Patre,
3430 3825 3517 3880 di-

1939 3907 2083 3961 citur
2116 3923 2129 3960 :
2166 3925 2186 3959 ι
2221 3906 2290 3961 Ει
2317 3906 2512 3962 Sermo
2543 3915 2666 3961 erat
2696 3909 2836 3977 apud
2865 3905 3029 3962 Deum
3062 3908 3139 3976 ⁷³;
3182 3929 3201 3963 1
3233 3928 3340 3968 non
3368 3913 3516 3971 enim

1939 3998 2115 4054 factus
2140 4009 2222 4055 est
2248 4001 2391 4070 apud
2427 4000 2617 4070 Deum,
2641 4008 2696 4055 et
2745 4001 2886 4055 idem
2919 4002 3142 4057 verbum
3181 4021 3201 4055 ι
3239 4013 3360 4060 erat
3390 4024 3411 4060 ο
3452 4010 3517 4062 de

1939 4089 2201 4148 Sermone
2247 4092 2592 4163 praedicatur,
2639 4093 2895 4164 quoniam
2952 4095 3004 4149 iu
3076 4096 3347 4167 principio
3395 4110 3515 4155 erat

1937 4184 2099 4239 etiam
2127 4192 2238 4239 tum
2264 4199 2388 4240 cum
2413 4186 2554 4255 apud
2588 4183 2758 4239 Deum
2787 4194 2925 4253 erat,
2962 4199 3135 4256 neque
3187 4203 3218 4242 a
3248 4190 3517 4261 principio

1938 4283 2242 4345 separatus,
2280 4289 2455 4345 neque
2502 4274 2722 4330 Patrem
2767 4275 3027 4331 deserens
3067 4292 3081 4330 :
3112 4287 3170 4333 et
3199 4295 3389 4336 rursus
3428 4296 3517 4336 ne-

1937 4380 2045 4437 que
2069 4382 2135 4423 eo
2160 4366 2305 4438 quod
2344 4383 2451 4420 non
2484 4366 2556 4420 sit
2587 4367 2639 4421 iu
2671 4367 2938 4438 principio
2987 4369 3184 4436 factus,
3221 4371 3276 4424 in
3303 4373 3512 4440 princi-

1941 4457 2053 4528 pio,
2087 4474 2261 4527 neque
2306 4472 2373 4512 eo
2422 4458 2565 4528 quod
2601 4473 2704 4514 non
2734 4458 2807 4512 sit
2850 4457 2991 4526 apud
3025 4458 3216 4524 Deum,
3250 4459 3425 4515 [actus
3457 4474 3514 4515 ut

246 4549 390 4618 ἀρχῇ
418 4543 488 4620 ἦν
529 4551 561 4603 6
596 4550 792 4619 Λόγος,
825 4551 920 4605 καὶ
948 4553 977 4605 6
1008 4552 1181 4621 Λόγος
1211 4548 1280 4625 ἦν
1323 4553 1463 4627 πρὸς
1494 4554 1587 4609 τὸν
1617 4555 1769 4610 Θεόν.
1810 4575 1829 4606 1

1937 4560 2083 4605 esset
2111 4552 2252 4621 apud
2281 4551 2446 4605 Deum
2483 4561 2651 4607 :aote
2691 4565 2853 4605 omne
2882 4552 3026 4606 enim
3069 4559 3281 4621 tempus
3328 4560 3385 4606 et
3413 4567 3513 4607 sm-

258 4637 413 4691 ’E1:s‘t
441 4640 624 4695 τοίνυν
651 4641 732 4705 είς
759 4640 977 4713 εὕρεσιν
1004 4643 1119 4708 τοῦ,
1155 4663 1175 4695 ι
1212 4645 1322 4698 Καὶ
1350 4647 1380 4698 6
1402 4645 1573 4714 Λόγος
1600 4641 1669 4717 ἦν
1694 4647 1832 4719 πρὸς

244 4729 339 4784 τὸν
357 4730 512 4798 Θεὸν,
553 4752 572 4785 1
598 4731 950 4804 παρεθέμεθα
980 4733 1153 4798 λέξεις
1180 4736 1546 4807 προφητικὰς,
1579 4736 1695 4801 πῶς
1717 4736 1833 4805 ἐγέ-

246 4839 367 4876 νετο
394 4824 536 4896 1:96;
575 4824 756 4896 Ὠσηὲ,
783 4827 879 4880 καὶ
918 4826 1143 4881 Ἡσαΐαν
1166 4868 1180 4891 ,
1213 4828 1307 4881 καὶ
1341 4828 1628 4900 Ἰερεμίαν,
1691 4846 1833 4901 παρ-

246 4915 597 4986 ττηρήσαμέν
626 4933 688 4969 τε
705 4916 766 4969 οὐ
786 4915 885 4987 τὴν
904 4917 1173 4989 τυχοῦσαν
1205 4918 1469 4992 διαφοράν
1496 4918 1611 4984 τοῦ,
1653 4938 1672 4970 ι
1710 4922 1831 4989 ἐγε-

247 5004 382 5077 νηθη
413 5024 434 5057 1
453 5006 548 5059 καὶ
597 5023 619 5058 ι
650 5006 868 5075 ἐγένετο
891 5026 910 5059 1
948 5008 1086 5079 πρὸς
1128 5008 1188 5062 τὸ
1211 5030 1228 5060 ι
1250 5005 1340 5080 ἦν,
1364 5029 1382 5061 1
1428 5008 1829 5081 προσθήσομεν,

1938 4640 2143 4704 ειιΙιιιιι,
2186 4658 2207 4693 ι
2260 4641 2313 4696 in
2349 4642 2617 4713 principio
2648 4651 2771 4695 erat
2809 4640 3027 4707 Sermo,
3065 4649 3124 4695 et
3174 4640 3368 4696 Sermo
3396 4654 3512 4697 erat

1939 4733 2079 4802 apud
2114 4732 2306 4787 Deum.
2348 4752 2368 4786 1
2405 4734 2671 4801 Quoniam
2709 4732 2870 4801 igitur
2894 4741 2954 4785 ιιι
2987 4731 3357 4789 inveniremus
3390 4749 3512 4789 sett-

1938 4840 2057 4879 sum
2085 4825 2372 4880 verborum
2408 4826 2638 4890 illorum,
2692 4843 2712 4875 ι
2749 4832 2806 4878 ει
2849 4822 3044 4879 Sermo
3090 4823 3177 4880 ille
3205 4835 3325 4880 erat
3371 4827 3511 4903 apud

1940 4916 2126 4982 Πιιιιιιι,
2166 4935 2185 4969 1
2227 4917 2576 4988 apposuimus
2627 4917 2793 4971 verba
2841 4917 3193 4988 prophetica,
3240 4919 3511 4989 quomodo

1940 5009 2118 5065 factus
2154 5008 2226 5063 sit
2276 5023 2460 5064 sermo
2484 5010 2551 5062 ad
2612 5008 2830 5076 Oscam,
2887 5018 2944 5063 et
3000 5010 3219 5076 Isaiam,
3278 5008 3509 5064 etJere-

314 5123 437 5156 ""'
464 5122 668 5185 Jerem.
704 5141 813 5192 xlv,
837 5128 890 5182 1.
966 5127 1011 5159 ⁶⁹
1033 5127 1221 5182 Matth.
1254 5144 1307 5193 γ,
1338 5128 1423 5182 l6.
1499 5129 1547 5160 τ’
1580 5127 1774 5197 Philip.
1800 5145 1835 5182 ιι

1943 5167 1958 5184 .
2032 5129 2079 5160 '”
2114 5128 2306 5184 Matth.
2336 5146 2413 5196 σι,
2446 5129 2533 5187 19.
2611 5130 2657 5162 ⁷⁸
2688 5127 2845 5186 Rom.
2880 5147 2955 5195 xl,
2981 5129 3069 5209 '55.
3145 5127 3419 5194 ".loan.t,
3453 5126 3505 5183 1.

315 5241 433 5309 (7'5)
484 5242 664 5311 Ὠσηὲ
690 5241 801 5313 γὰρ
831 5244 1214 5316 ἑρμηνεύεται
1250 5241 1589 5316 ἃυζόμενος,
1619 5253 1730 5316 etc.
1785 5244 1826 5297 A

244 5319 385 5394 vim,
413 5316 660 5379 servavit,
692 5317 752 5368 ιιι
777 5319 952 5397 vm't,
975 5315 1137 5376 Osi-zz,
1180 5316 1321 5383 quod
1371 5314 1825 5383 signiﬁcationem

246 5404 481 5458 activam
510 5405 750 5470 postulat
770 5408 948 5475 potius
973 5422 1136 5477 quam
1166 5405 1457 5477 passivam.
1485 5406 1667 5477 Daem
1698 5419 1826 5459 vero

243 5486 345 5534 est.
378 5480 549 5545 hau,
586 5491 619 5527 a
646 5474 786 5537 Ὦ,
816 5474 1024 5545 puteus.
1072 5474 1624 5544 ’Λναϐλυστανούση;,
1682 5490 1714 5543 τι

242 5544 517 5617 sequitur,
563 5557 772 5617 rectum
818 5556 919 5617 est.
967 5547 1226 5617 Ilesych.,
1264 5545 1687 5617 άναὸλυστάνειν
1732 5545 1826 5598 καὶ

241 5613 564 5688 άναόλύσαι.
590 5615 769 5688 Quam
796 5616 1048 5688 Ilesychti
1078 5613 1271 5670 'voceut
1301 5615 1576 5670 immerito
1603 5632 1829 5684 suspec-

243 5697 365 5755 tant
390 5686 554 5755 habet
585 5684 920 5755 Stephanus.
957 5686 1218 5743 Ιιυιετιυε.

312 5754 431 5829 Πρ)
456 5827 465 5829 Α
485 5753 901 5829 Ἑρμηιλεύετρι
936 5758 1046 5826 γὰρ
1087 5772 1317 5829 μετεωρι
1329 5753 1493 5829 σμὸςΔ
1509 5753 1648 5809 Ἰαὼ.
1664 5753 1822 5829 “llaec

240 5826 507 5890 proclivia
540 5823 713 5885 sunt.
747 5838 803 5880 ct
843 5823 1287 5880 Fet-rarii'tatneu
1339 5823 1403 5878 ac
1460 5823 1696 5878 Periouii
1729 5841 1819 5877 ca-

1930 5253 2062 5307 rm.

2110 5247 2251 5316 quod
2313 5244 2596 5300 Samaritae
2654 5260 2752 5315 per
2810 5244 3015 5316 Ἰαϐαί,
3075 5242 3341 5298 Eusehius
3410 5260 3511 5316 per

1942 5312 2539 5385 Ὶευιῦίτιιεοιιυτειιιε
2590 5312 2688 5384 per
2726 5315 2872 5377 ’Λῖά,
2915 5316 3088 5368 Graeci
3135 5325 3373 5385 veteres
3411 5312 3511 5385 per

1943 5383 2066 5437 ἰαώ
2116 5385 2763 5455 exprinwbant.i\otum
2821 5386 2948 5438 illud
3005 5384 3268 5455 Apollinis
3335 5383 3504 5442 cum

1930 5458 2071 5521 apud
2110 5456 2439 5509 Macrobittnt
2470 5472 2484 5509 ι
2516 5454 2743 5510 Saturn.
2774 5468 2790 5505 :

2002 5543 2218 5613 σφάζεο
2243 5543 2361 5598 τῶν
2395 5544 2637 5600 πάντων
2669 5545 2902 5599 ὕπατον
2941 5545 3080 5600 θεὸν
3105 5546 3293 5616 ἔμμεν
3324 5545 3470 5669 l‘luu'i.

3350 5633 3401 5669 o.

3350 5633 3401 5671 ι).

1934 5730 2065 5783 Vide
2100 5744 2293 5801 novam
2331 5726 2462 5782 edit.
2507 5726 2673 5795 Oper.
2712 5728 2770 5782 S.
2804 5728 3137 5801 Hieronymi,
3170 5740 3300 5801 tom.
3349 5729 3423 5793 ll,
3452 5741 3509 5796 ρ.

1928 5802 2029 5863 ili,
2056 5828 2123 5839 -—
2147 5799 2404 5857 editionis
2463 5810 2664 5854 nostra:
2716 5813 2846 5855 tom.
2883 5798 2956 5869 ll,
2997 5798 3103 5855 col.
3137 5800 3265 5866 8'13,
3305 5809 3419 5852 not.
3455 5807 3507 5850 σε.

240 5870 1313 5968 ςί.ῑ;ι;“ιιλῖςεῑδ;ῑ;ειέέιιξξεέιῆξθ,
1339 5870 1820 5962 ῖείηνιτῑέῑδῇεξξι

560 5990 837 6051 Panos.
885 5989 998 6049 lin.
1050 5988 1215 6050 XIV.

3154 5982 3191 6041 Ι.
