4082 6224
598 215 637 246 ο

498 409 600 466 107

1983 410 2303 467 ΟΒΙΟΕΝΙΞ

3666 412 3768 467 108

495 526 683 587 iniam,
715 523 1230 591 obscrvaviumsque
1257 537 1369 576 non
1399 537 1588 591 parum
1620 521 1836 578 dili‘erre
1865 541 1883 574 ι
1913 524 2015 578 fuit
2048 544 2066 576 ι

2176 527 2256 578 ὅτι
2280 526 2335 577 ἐν
2371 523 2468 594 μὲν
2512 524 2589 594 τῷ
2621 523 2754 595 πρὸς
2784 525 2908 586 τοὺς
2954 525 3234 596 προφήτας
3276 525 3518 595 γίνεσθαι
3546 527 3770 595 φωτίζει

494 628 549 673 et
583 636 602 669 ι
638 616 812 671 factus
859 625 940 670 est
985 633 1004 666 ι
1040 629 1071 669 a
1127 615 1292 669 verbo
1327 635 1344 666 ι
1392 625 1530 683 erat,
1571 635 1591 668 ι
1627 615 1910 681 addemus,
1944 618 2072 671 dum

495 711 562 765 ad
610 709 900 778 prophetas
933 721 1112 761 sermo
1146 705 1224 771 tit,
1258 705 1578 762 Sermonem
1618 708 1908 776 pmphetas
1947 709 2070 762 illu-

495 813 673 858 strare
727 800 846 855 luce
900 799 1253 869 cognitionis,
1328 799 1617 854 facientem
1645 813 1761 863 eos,
1813 808 2069 868 tanquam

494 909 677 949 curam
731 892 994 957 videntes,
1020 906 1083 944 ea
1147 890 1334 946 videre
1367 907 1487 962 qua:
1523 907 1630 946 non
1673 891 2069 954 intellexerant,

491 993 783 1053 antequam
843 983 998 1037 iieret
1028 982 1096 1035 ad
1135 995 1229 1036 eos
1263 996 1446 1037 sermo
1509 982 1659 1051 ipse;
1714 982 1853 1050 apud
1907 982 2070 1034 Deum

493 1090 622 1130 vero
649 1074 817 1129 Deum
845 1087 987 1138 esse,
1013 1087 1076 1126 ex
1108 1088 1173 1127 eo
1209 1074 1350 1142 quod
1380 1073 1451 1128 sit
1490 1073 1630 1141 apud
1665 1073 1858 1142 ipsum.
1887 1070 2073 1141 Itaque

493 1166 726 1220 fortasse
755 1164 916 1220 talem
943 1163 1233 1233 quemdam
1265 1163 1510 1218 ordinem
1564 1163 1789 1217 intuitus
1836 1159 2072 1215 Joannes

485 1261 544 1313 in
575 1273 826 1313 sermone
876 1273 983 1312 non
1031 1256 1346 1326 pra‘posuit,
1381 1273 1400 1308 ι
1438 1257 1578 1310 Deus
1621 1265 1739 1310 erat
1797 1255 2009 1320 Sermo,
2047 1273 2065 1306 ι

492 1352 598 1406 illis
631 1351 831 1414 verbis,
888 1368 907 1400 ι
949 1349 1142 1405 Sermo
1171 1357 1288 1403 erat
1313 1349 1454 1416 apud
1494 1348 1686 1409 Deum,
1721 1366 1740 1399 ι
1779 1345 1908 1400 nihil
1938 1345 2072 1399 alio-

487 1445 603 1514 qui,
637 1443 779 1512 quod
818 1442 884 1494 ad
920 1441 1325 1496 enuntiationes
1384 1437 1599 1500 attinet.
1643 1435 1896 1491 obfutura
1930 1436 2072 1490 serie

491 1535 557 1590 ad
614 1533 1016 1605 intelligendam
1077 1533 1184 1585 vim
1239 1545 1485 1586 seorsum
1553 1528 1920 1597 cujuscunque
1951 1541 2071 1595 pro-

489 1625 724 1680 nuntiati
761 1643 774 1679 :
832 1640 996 1678 unum
1053 1638 1293 1690 namque
1341 1621 1758 1692 pronuntiatum
1787 1629 1869 1672 est
1905 1635 1920 1672 :
1959 1635 1978 1668 ι
2012 1616 2072 1671 In

487 1719 750 1789 principio
780 1727 902 1772 erat
937 1717 1027 1771 ille
1055 1715 1288 1776 Sermo;
1326 1733 1345 1766 ι
1378 1715 1608 1768 alterum
1647 1727 1663 1765 :
1696 1730 1714 1762 ι
1749 1711 1839 1766 ille
1879 1710 2072 1766 Sermo

483 1821 601 1869 erat
629 1812 771 1882 apud
800 1811 994 1875 Deum,
1024 1829 1042 1863 ι
1074 1818 1128 1865 et
1158 1810 1412 1878 deinceps
1443 1825 1456 1862 :
1493 1826 1511 1860 ι
1548 1807 1611 1860 Et
1650 1806 1789 1860 Deus
1827 1812 1946 1859 erat
1979 1802 2069 1856 ille

2175 617 2300 678 τοὺς
2328 617 2610 687 προφήτας
2636 616 2712 686 τῷ
2740 617 2878 686 φωτὶ
2909 617 3004 686 τῆς
3040 617 3313 685 γνώσεως,
3351 620 3518 672 ποιῶν
3571 621 3769 684 αὐτοὺς

2176 706 2270 759 ἆτε
2305 708 2609 779 ἔμπροσθεν
2644 707 2940 777 βλέποντας
2967 710 3096 778 όρᾷν
3125 708 3159 762 δι
3194 711 3299 780 πρὸ
3325 711 3488 764 αὑτοῦ
3533 712 3593 764 οὐ
3633 730 3768 764 κατ-

2175 799 2394 852 ενόουν⁹
2460 800 2596 871 πρὸς
2647 799 2703 852 δὲ
2755 800 2846 852 τὸν
2895 799 3026 854 Θεὸν
3051 801 3110 854 τὸ
3141 801 3272 866 Θεός
3334 803 3449 854 ἐστι
3485 805 3769 873 τυγχάνων

2175 889 2398 943 ἀπὸτοῦ
2447 885 2586 944 εἶναι
2626 890 2761 962 πρὸς
2803 891 2983 945 αὐτόν.
3018 891 3127 944 Καὶ
3169 894 3310 962 τάχα
3350 893 3604 966 τοιαύτην
3646 896 3770 948 τινὰ

2173 981 2324 1046 τάξιν
2359 985 2387 1035 6
2425 982 2676 1052 Ἰωάννης
2730 985 2786 1036 ἐν
2825 983 2902 1053 τῷ
2943 983 3086 1054 λόγῳ
3133 983 3254 1037 ἰδὼν
3282 986 3342 1037 οὑ
3376 985 3640 1056 προέταξε
3667 985 3758 1047 τό,

2181 1092 2198 1124 ι
2225 1072 2356 1137 Θεὸς
2375 1067 2443 1144 ἦν
2460 1075 2487 1126 6
2506 1075 2694 1142 Λόγος,
2719 1093 2738 1126 ι
2758 1073 2873 1137 τοῦ,
2895 1094 2912 1125 ι
2935 1075 2992 1126 ’0
3012 1076 3181 1144 Λόγος
3202 1071 3269 1146 ἦν
3294 1077 3426 1148 πρὸς
3451 1077 3543 1129 τὸν
3569 1077 3722 1142 Θεὸν,
3742 1092 3760 1128 ι

2175 1167 2297 1220 ὅσον
2345 1167 2438 1219 ἐπὶ
2475 1170 2594 1230 ταῖς
2638 1166 2976 1236 ἀποφάσεσιν
3018 1168 3169 1221 οὐδὲν
3209 1168 3276 1222 ἂν
3305 1170 3638 1235 κωλυθέντος
3669 1173 3765 1226 τοῦ

2175 1258 2368 1329 εἱρμοῦ
2399 1259 2534 1330 πρὸς
2566 1259 2628 1312 τὸ
2654 1258 2774 1312 καθ’
2801 1260 2932 1312 αὐτὸ
2967 1260 3094 1313 ἰδεῖν
3118 1260 3348 1314 ἑκάστου
3373 1262 3482 1316 τῶν
3513 1263 3762 1334 ἀξιωμά-

2173 1367 2282 1403 των
2310 1349 2407 1420 τὴν
2450 1350 2676 1421 δύναμιν
2699 1367 2712 1380 °
2747 1350 2803 1402 ἓν
2838 1351 2947 1422 γάρ
2988 1351 3205 1423 ἀξίωμα
3233 1354 3314 1418 τὸ,
3338 1372 3356 1404 ‹
3381 1355 3465 1408 Ἑν
3506 1355 3647 1426 ἀρχῇ
3695 1352 3764 1426 ἦν

2174 1443 2203 1494 6
2233 1443 2423 1511 Λόγος,
2464 1463 2481 1494 ι
2513 1444 2606 1496 καὶ
2627 1443 2874 1516 δεύτερον
2920 1450 3002 1507 τό,
3039 1461 3058 1495 ι
3098 1444 3154 1497 Ὀ
3185 1445 3357 1513 Λόγος
3393 1441 3461 1516 ἦν
3504 1448 3640 1517 πρὸς
3674 1453 3766 1501 τὸν

2175 1532 2326 1597 Θεὸν,
2360 1553 2377 1585 ›
2411 1535 2502 1588 καὶ
2531 1534 2683 1606 ἑξῆς·
2722 1555 2740 1586 ι
2761 1535 2867 1591 Καὶ
2891 1535 3020 1599 Θεὸς
3052 1530 3119 1606 ἦν
3143 1535 3172 1587 6
3196 1536 3387 1604 Λόγος.
3435 1557 3453 1587 ι
3473 1536 3613 1590 Ἀλλ’
3641 1540 3767 1592 ἐπεὶ

2173 1625 2313 1695 τάχα
2347 1625 2499 1690 τάξιν
2527 1626 2650 1679 τινὰ
2679 1627 2828 1697 δηλοῖ
2857 1627 2918 1679 τὸ
2953 1627 3170 1698 πρῶτον
3199 1627 3455 1698 τετάχθαι
3491 1629 3552 1682 τό
3576 1647 3587 1659 ·
3631 1650 3649 1681 ι
3675 1631 3765 1682 Ἐν

2175 1715 2314 1785 ἀρχῇ
2345 1710 2412 1786 ἦν
2457 1717 2484 1768 ὁ
2525 1715 2729 1783 Λόγος,
2770 1735 2788 1768 ι
2825 1715 2967 1770 κατὰ
3006 1717 3068 1769 τὸ
3099 1715 3270 1781 οὕτως
3304 1717 3432 1789 ἑξῆς
3476 1720 3565 1771 τόν
3603 1739 3620 1769 ‹
3655 1721 3766 1774 Καὶ

2175 1807 2203 1858 6
2232 1806 2404 1874 Λόγος
2439 1802 2505 1877 ἦν
2531 1807 2668 1879 πρὸς
2714 1807 2806 1860 τὸν
2854 1808 3020 1861 Θεόνο
3059 1828 3076 1859 ι
3111 1809 3204 1862 καὶ
3249 1809 3428 1881 τρίτον
3461 1811 3523 1862 τό
3547 1827 3558 1838 ·
3601 1830 3619 1860 ‹
3657 1811 3768 1864 Καὶ

485 1907 700 1962 Sermo.
740 1923 760 1957 ι
793 1903 899 1959 Sed
936 1903 1194 1974 quoniam
1229 1903 1463 1955 fortasse
1500 1897 1745 1954 ordinem
1775 1895 2066 1967 quemdam

2170 1892 2302 1956 Θεὸς
2339 1890 2407 1964 ἦν
2440 1897 2468 1948 6
2496 1894 2701 1963 Λόγος,
2744 1914 2762 1946 ι
2794 1895 2882 1949 διὰ
2919 1895 3107 1960 τοῦτο,
3143 1897 3230 1949 ἴνα
3269 1898 3471 1970 δυνηθῇ
3516 1901 3624 1953 ἀπὸ
3667 1899 3766 1953 τοῦ

485 1997 748 2062 declarat,
785 1996 912 2063 quia
945 1995 1179 2064 positum
1209 1993 1283 2047 sit
1333 1991 1512 2060 primo
1543 1989 1660 2042 loco
1689 1988 1792 2041 boc
1825 2001 2066 2056 pronun-

487 2091 700 2153 tiatum,
761 2106 780 2138 ι
819 2086 878 2140 lu
909 2085 1179 2158 principio
1204 2091 1324 2137 erat
1356 2080 1446 2136 ille
1477 2079 1690 2144 Sermo,
1737 2097 1756 2129 >
1791 2078 1944 2146 juxta
1983 2085 2064 2132 ta-

485 2183 590 2236 lem
640 2181 861 2246 seriem,
930 2196 949 2230 ι
989 2177 1055 2231 Ει
1109 2175 1303 2231 Sermo
1355 2180 1475 2227 erat
1531 2170 1671 2239 apud
1733 2170 1920 2232 Deum,
1966 2187 1985 2221 ι
2021 2177 2077 2224 et

2173 1987 2310 2058 πρὸς
2329 1988 2420 2041 τὸν
2443 1987 2575 2041 Θεὸν
2602 1985 2740 2042 εἶναι
2768 1991 2796 2041 ὁ
2817 1989 2987 2057 Λόγος
3016 1990 3270 2060 νοηθῆναι
3301 1992 3580 2062 γινόμενος
3608 1993 3762 2057 Θεὸς,

2171 2077 2385 2148 λέγεται
2411 2098 2423 2110 ο
2467 2098 2486 2132 ι
2523 2081 2633 2133 Καὶ
2662 2082 2689 2133 6
2710 2081 2882 2148 Λόγος
2907 2075 2976 2152 ἦν
3008 2081 3141 2152 πρὸς
3172 2081 3261 2134 τὸν
3290 2081 3442 2148 Θεόν,
3477 2103 3494 2134 ι
3551 2081 3762 2148 ἔπειτα,

2190 2189 2208 2222 ι
2247 2172 2356 2225 Καὶ
2383 2171 2515 2235 Θεὸς
2547 2167 2614 2242 ἦν
2645 2173 2672 2225 6
2697 2173 2886 2240 Λόγος.
2921 2191 2939 2223 ι

488 2278 646 2329 tertio
697 2273 838 2337 loco,
877 2290 896 2323 ι
927 2270 996 2325 Ει
1029 2270 1166 2325 Deus
1192 2275 1313 2323 erat
1359 2265 1574 2324 Sermo.
1610 2283 1628 2316 ι
1667 2264 1874 2317 idcirco
1923 2261 2161 2316 dicitur:
2205 2281 2224 2315 ι
2262 2265 2328 2318 Ει
2370 2265 2458 2320 ille
2506 2264 2698 2320 Seruio
2747 2274 2866 2320 erat
2909 2264 3051 2334 apud
3093 2263 3285 2330 Deum,
3318 2283 3336 2317 ι
3370 2265 3562 2322 deinde
3594 2282 3608 2318 :
3643 2285 3662 2318 ι
3695 2265 3765 2322 Ei

486 2371 630 2424 Deus
659 2376 776 2422 erat
805 2364 896 2420 ille
924 2362 1140 2428 Sermo,
1185 2379 1204 2412 ι
1240 2369 1296 2414 ιιι
1326 2358 1414 2413 ille
1456 2357 1651 2411 Sermo
1702 2353 1927 2426 intelligi
1965 2355 2134 2423 possit
2161 2371 2283 2412 esse
2307 2358 2473 2424 Deus,
2502 2357 2627 2427 quia
2657 2357 2727 2411 sit
2755 2358 2895 2426 apud
2929 2355 3116 2412 Deum.

555 2462 662 2532 50
688 2460 744 2513 2.
798 2457 1066 2512 Cmternin
1128 2468 1321 2522 magna
1349 2450 1732 2508 observatione
1783 2449 1910 2522 (non
1949 2462 2066 2502 tan-

483 2564 648 2620 quam
682 2561 788 2600 non
840 2544 1048 2600 callens
1097 2544 1439 2600 elaboratum
1495 2544 1808 2601 Graecorum
1851 2545 2062 2602 dicendi

483 2639 676 2710 genus)
709 2637 837 2692 alibi
877 2635 1099 2707 quidem
1134 2635 1380 2692 articulis
1411 2653 1540 2694 usus
1559 2646 1641 2693 est
1671 2637 1932 2704 Joannes,
1961 2637 2064 2693 ali-

481 2733 536 2788 bi
591 2746 718 2786 vero
774 2729 1035 2784 reticuit:
1068 2727 1118 2781 in
1154 2743 1286 2782 voce
1329 2743 1566 2796 namque
1607 2729 1880 2784 Sermonis
1932 2731 2065 2784 arti-

484 2822 664 2877 culum
701 2835 823 2875 cum
850 2818 1141 2882 addiderit,
1170 2817 1222 2871 in
1262 2817 1355 2872 Dei
1392 2818 1659 2874 vocabulo
1685 2818 1983 2888 aliquando
2011 2819 2064 2873 id

484 2914 661 2984 ponit,
711 2913 1005 2983 aliquando
1033 2911 1358 2967 diﬂ'ercntia:
1417 2911 1596 2982 gratia
1652 2912 1706 2967 id
1756 2928 1859 2968 non
1891 2911 2064 2981 ponit.

487 3007 622 3062 Nam
649 3021 771 3062 cum
804 3006 897 3062 Dei
932 3005 1253 3061 vocabulum
1291 3005 1512 3076 ponitur
1561 3004 1626 3059 de
1662 3004 1902 3075 ingenito
1943 3005 2065 3058 uni-

483 3113 768 3155 versorum
797 3104 1040 3163 auctore,
1087 3098 1379 3152 articulum
1410 3096 1582 3166 punit,
1615 3095 1848 3151 reticens
1912 3096 2066 3158 illud.

2239 2447 2292 2505 2.
2324 2451 2473 2504 Πάνυ
2499 2451 2555 2503 δὲ
2591 2449 3129 2522 παρατετηρημένως
3152 2489 3167 2515 ,
3199 2451 3292 2505 καὶ
3321 2449 3420 2521 οὐχ
3455 2449 3529 2515 ὡς
3571 2451 3761 2524 Ἕλλη-

2168 2541 2323 2614 νικὴν
2351 2541 2732 2615 ἀκριϐολογίαν
2759 2541 2860 2594 οὐκ
2884 2541 3264 2611 ἐπιστάμενος,
3285 2542 3312 2594 6
3346 2541 3598 2614 Ἰωάννης
3621 2544 3760 2595 ὅπου

2173 2635 2271 2706 μὲν
2299 2638 2411 2700 τοῖς
2453 2635 2677 2707 ἄρθροις
2706 2635 3006 2706 ἐχρήσατο,
3034 2635 3168 2686 ὅπου
3209 2634 3265 2687 δὲ
3310 2634 3484 2688 ταῦτα
3520 2636 3762 2689 ἀπεσιώ-

2171 2749 2364 2803 πησεν,
2396 2731 2487 2784 ἑπὶ
2532 2731 2628 2802 μὲν
2669 2731 2763 2784 τοῦ
2801 2733 2994 2801 Λόγου
3026 2729 3338 2804 προστιθεὶς
3369 2730 3447 2794 τὸ,
3482 2734 3537 2795 ό,
3567 2731 3658 2783 ἐπὶ
3689 2730 3749 2784 δὲ

2169 2823 2272 2893 τῆς
2317 2825 2461 2888 Θεός
2510 2823 2879 2894 προσηγορίας
2943 2823 3080 2875 ὅπου
3127 2822 3226 2892 μὲν
3269 2822 3460 2887 τιθεὶς,
3507 2823 3641 2876 ὅπου
3689 2825 3750 2878 δὲ

2171 2915 2408 2986 διαιρῶν.
2445 2914 2636 2985 Τίθησι
2669 2915 2768 2986 μὲν
2803 2916 2911 2986 γὰρ
2939 2915 2998 2968 τὸ
3026 2913 3246 2987 ἄρθρον,
3275 2915 3360 2968 ὅτε
3397 2916 3506 2987 (75}
3538 2917 3570 2987 ἡ
3604 2918 3751 2983 Θεός

2171 3007 2429 3077 ὀνομασία
2458 3007 2548 3060 ἐπὶ
2573 3006 2666 3060 τοῦ
2694 3008 2957 3080 ἀγενήτου
2985 3008 3240 3061 τάσσεται
3262 3009 3369 3062 τῶν
3391 3008 3526 3062 ὅλων
3550 3009 3746 3063 αἰτίουο

2175 3100 2354 3170 σιωπᾷ
2382 3099 2437 3151 δὲ
2470 3099 2620 3162 αὐτὸ,
2650 3099 2738 3151 ὅτε
2772 3099 2800 3150 6
2829 3099 3002 3167 Λόγος
3031 3098 3162 3163 Θεός
3188 3100 3531 3170 ὀνομάζεται.
3572 3102 3659 3166 Ὠς
3690 3099 3750 3155 δὲ

489 3206 614 3246 cum
647 3189 733 3244 ille
761 3189 956 3244 Sermo
993 3189 1139 3244 Deus
1167 3189 1502 3244 nominatur.
1540 3186 1780 3244 Proinde
1814 3188 1959 3257 vide,
1999 3204 2066 3246 ne

2172 3190 2415 3261 διαφέρει
2442 3188 2582 3244 κατὰ
2607 3189 2826 3254 τούτους
2847 3191 2971 3252 τοὺς
3001 3190 3198 3256 τόπους
3219 3195 3252 3246 ό
3275 3194 3436 3258 Θεός,
3463 3193 3556 3246 καὶ
3580 3195 3748 3260 Θεός,

490 3284 632 3339 forte
688 3290 747 3335 ut
799 3279 853 3335 in
885 3280 970 3334 his
1000 3278 1133 3334 locis
1161 3277 1343 3334 dill‘ert
1378 3280 1520 3334 Deus
1569 3294 1691 3334 cum
1727 3279 1984 3344 articulo,
2015 3288 2070 3334 et

486 3377 632 3434 Deus
665 3375 784 3430 sine
815 3372 1068 3438 articulo,
1098 3372 1180 3428 sic
1237 3371 1453 3426 differat
1483 3371 1645 3427 ctiam
1683 3373 1712 3424 ό
1767 3371 1957 3440 Λόγος,
1990 3370 2069 3444 [id

467 3479 572 3525 est
625 3467 714 3524 ille
768 3465 984 3529 Sermo,
1035 3463 1117 3519 vel
1151 3463 1242 3518 illa
1275 3461 1469 3534 ratio,]
1518 3478 1640 3518 cum
1700 3461 1954 3529 articulo,
2012 3471 2069 3520 et

483 3563 678 3632 Λόγος,
717 3559 796 3632 [id
834 3567 918 3615 est
945 3557 1160 3622 Sermo,
1187 3556 1303 3612 sive
1338 3554 1528 3627 ratio,]
1561 3555 1678 3611 sine
1703 3554 1958 3610 articulo.
2000 3554 2071 3610 Ut

481 3638 628 3711 enim
661 3654 802 3708 Deus
854 3651 965 3718 ille,
993 3651 1084 3720 qui
1111 3649 1282 3728 estin
1342 3647 1618 3713 omnibus,
1655 3647 1743 3702 ille
1784 3646 1928 3703 Deus
1951 3657 2060 3715 est,

485 3742 634 3815 [cum
663 3741 944 3815 articulo,]
971 3752 1025 3798 et
1044 3757 1152 3798 non
1170 3740 1492 3811 simpliciter
1511 3739 1670 3804 Deus,
1698 3738 1838 3812 [sine
1862 3739 2068 3795 articu-

481 3831 590 3904 lo,]
627 3833 708 3887 sic
729 3832 851 3887 fons
878 3831 1108 3887 rationis
1134 3832 1276 3902 (quae
1303 3831 1596 3901 unicuique
1626 3831 1854 3887 rationis
1879 3831 2065 3903 capaci

481 3922 824 3990 inest),ratio
851 3921 940 3975 illa
976 3929 1080 3988 est,
1111 3919 1258 3992 [cum
1291 3919 1519 3975 articulo
1539 3918 1581 3990 ;]
1609 3934 1732 3974 cum
1752 3919 1950 3990 alioqui
1979 3935 2067 3974 ra-

483 4017 585 4081 tio,
612 4029 734 4084 qua:
759 4015 811 4068 in
845 4027 1170 4082 unoquoque
1227 4014 1388 4079 inest,
1421 4029 1528 4068 non
1565 4013 1793 4083 perinde
1821 4013 2062 4084 proprie,

482 4115 646 4177 atque
674 4107 761 4163 illa
793 4106 932 4162 ratio
963 4107 1159 4176 prima,
1209 4104 1398 4178 [quam
1438 4107 1643 4160 fontem
1701 4104 1860 4174 hujus
1889 4103 2062 4176 dico,]

557 4221 670 4305 ('15)
714 4223 920 4305 Τζθησι
966 4219 1082 4291 μὲν
1118 4219 1228 4305 γὰρ
1263 4219 1331 4274 τὸ
1381 4220 1625 4302 ἄρθρον,
1658 4217 2066 4305 {intentami-

467 4289 708 4354 -stinctio
760 4295 874 4346 hare
935 4289 1320 4345 nonnullorum
1369 4291 1616 4346 convicia
1660 4291 1712 4343 in
1767 4289 2062 4354 Urigenem

473 4363 803 4422 concitavit.
841 4362 972 4416 Eam
1013 4362 1230 4430 quidem
1265 4361 1685 4431 Clirysostomus
1725 4357 1912 4431 lio‘miI.
1944 4357 2062 4431 5pm

481 4437 670 4499 Joan.,
707 4429 1049 4488 dissimulato
1089 4432 1330 4485 auctoris
1381 4429 1620 4494 immine,
1669 4429 1931 4498 explodit.
1967 4429 2064 4482 At.

487 4506 790 4588 tendissent
829 4503 1100 4588 quomodo
1143 4502 1196 4556 in
1246 4501 1602 4588 sequentibus
1626 4502 1908 4588 'explicttta
1941 4499 2058 4588 siti:
2090 4531 2140 4588 Β

469 4580 668 4637 Pater,
706 4567 912 4640 inquit.
944 4573 1089 4641 quod
1129 4588 1198 4627 ex
1234 4586 1294 4626 se
1325 4567 1471 4626 Deus
1501 4572 1593 4631 sit,
1626 4567 1730 4626 hoc
1762 4579 1869 4641 est,
1901 4567 2064 4623 αὐτό-

483 4648 628 4710 θεος,
669 4645 699 4697 ὁ
731 4639 864 4707 Θεός
908 4639 1258 4713 appellatur:
1301 4641 1491 4707 Filius,
1542 4641 1794 4713 quoil__sit
1840 4639 1985 4713 Dens
2033 4655 2066 4693 a

483 4716 671 4778 Patre,
707 4709 1124 4783 Deusﬂde'Deo,
1173 4721 1229 4767 ut
1272 4713 1514 4783 loquitur
1545 4709 1838 4767 Concilium
1888 4709 2065 4765 Nicat-

487 4800 639 4848 num,
665 4783 798 4845 Θεός
827 4782 1088 4837 dicendus
1116 4792 1221 4840 est.
1254 4782 1516 4838 ιιυετιυς.

559 4854 672 4928 (76)
698 4852 1086 4928 ,Ὃν-,τρόπον’
1115 4853 1227 4928 τὰρ
1255 4853 1437 4928 ό-ἐπὶ,
1481 4862 1585 4928 etc.
1626 4849 1908 4928 Sententia
1949 4850 2066 4904 hinc

487 4921 579 4984 est
613 4921 780 4978 tutius
811 4921 1238 4988 disputationis:
1288 4922 1753 4988 Quemadmodum
1793 4937 1821 4974 a
1874 4921 2062 4986 Patre,

487 4997 580 5066 qui
617 5003 702 5052 est
728 4991 1028 5066 _ab_rdoao;,
1054 4994 1228 5066 habet
1258 4992 1427 5066 Filius
1459 5003 1518 5046 ut
1561 4992 1633 5066 sit
1672 4992 1842 5066 Deus,
1879 4998 1932 5045 et
1959 5005 2065 5066 ca:-

489 5061 590 5124 tcri
649 5064 740 5135 qui
793 5063 869 5135 dii
911 5063 1275 5135 appellantur,
1331 5064 1456 5135 quia
1511 5061 1837 5135 principium
1874 5062 2063 5135 totius

488 5129 790 5192 divinitatis
825 5129 1132 5200 Pater'est;
1165 5132 1237 5186 ita
1267 5148 1297 5186 a
1329 5133 1487 5194 Filio.
1512 5129 1624 5200 'qui
1669 5129 1751 5185 est
1794 5132 1822 5183 6
1857 5129 2058 5198 Λόγος,

487 5208 646 5272 ratio,
678 5215 734 5260 et
767 5204 890 5260 fons
922 5204 1088 5260 totius
1132 5204 1378 5269 rationis,
1413 5203 1611 5256 habent
1643 5201 1683 5272 ii
1725 5200 1814 5269 qui
1851 5202 2063 5272 ratione

491 5270 716 5331 utuntur
745 5287 807 5330 ut
839 5275 952 5330 sint
986 5274 1211 5330 rationis
1254 5273 1577 5344 participes:
1617 5270 1782 5344 Igitur
1830 5280 1888 5323 ut
1919 5271 2057 5344 divi-

490 5348 716 5402 nitatem
765 5361 919 5398 suam
968 5345 1106 5399 Filio
1149 5341 1514 5400 communicat
1550 5341 1729 5406 Pater,
1769 5341 1842 5394 ita
1893 5342 2058 5394 ratio-

491 5431 613 5471 nem
668 5415 741 5486 iis
785 5416 874 5482 qui
913 5416 1138 5486 rationis
1190 5415 1482 5486 participes
1513 5422 1643 5486 sunt
1690 5411 2058 5486 comtnttnicat

488 5486 682 5548 Filius.
713 5479 875 5538 Pater
910 5479 1238 5554 principium
1270 5495 1353 5541 est
1378 5479 1676 5539 divinitatis
1709 5481 1855 5546 Filii,
1887 5479 2057 5535 Filius

479 5555 816 5626 principium
843 5565 920 5611 εει
966 5554 1195 5610 rationis
1222 5571 1406 5611 eorum
1430 5554 1798 5626 qui_rationis_
1829 5565 2058 5626 capaces

485 5621 632 5683 sunt.
663 5621 842 5694 Atque
872 5638 938 5677 eo
977 5638 1138 5678 sensu
1176 5634 1234 5678 ut
1264 5641 1322 5680 se
1353 5621 1514 5679 habet
1544 5623 1706 5678 Pater
1733 5623 1802 5676 ad
1835 5621 2054 5694 Filium,

488 5699 560 5750 ita
609 5691 780 5751 Filius
823 5694 890 5747 ad
926 5707 987 5747 ea
1030 5707 1150 5762 qua:
1186 5695 1394 5748 ratione
1434 5695 1656 5763 pollent.
1705 5691 2055 5763 Comparatio

485 5781 614 5835 ergo
660 5767 774 5820 lucc
825 5771 939 5835 est,
983 5774 1146 5832 atque
1181 5779 1245 5817 ca
1293 5761 1609 5834 imperfecta
1651 5772 1724 5835 et_
1759 5763 1814 5817 in
1869 5761 2055 5816 multis

485 5833 818 5893 claudicans.
873 5833 1034 5891 l’atcr
1075 5844 1275 5903 autem,
1321 5833 1446 5905 quia
1501 5833 1825 5904 principium
1871 5840 1953 5889 est
1998 5841 2051 5886 et

2173 3280 2344 3344 οὕτως
2368 3283 2574 3353 μήποτε
2597 3281 2824 3369 διαφέρῃ
2844 3283 2876 3335 ὁ
2894 3285 3082 3352 Λόγος
3103 3285 3198 3338 καὶ
3215 3285 3419 3353 Λόγος.
3435 3287 3528 3338 Ὃν
3550 3285 3749 3357 τρόπον

2173 3372 2282 3444 γὰρ
2304 3373 2331 3424 ὁ
2351 3371 2441 3425 ἐπὶ
2465 3373 2484 3441 ί
2486 3372 2576 3442 76)
2598 3373 2730 3426 πᾶσι
2753 3372 2884 3436 Θεὸς
2899 3377 2930 3427 ό
2951 3376 3114 3440 Θεός,
3135 3376 3228 3428 καὶ
3250 3375 3347 3445 οὐχ
3373 3375 3557 3438 ἁπλῶς
3580 3376 3745 3440 Θεός,

2176 3461 2346 3526 οὕτως
2375 3463 2409 3532 ἠ
2442 3461 2590 3532 πηγὴ
2629 3463 2722 3515 τοῦ
2753 3462 2811 3515 ἑν
2846 3462 3059 3535 ἑκάστῳ
3095 3465 3204 3517 τῶν
3243 3463 3477 3534 λογικῶν
3508 3464 3686 3534 λόγου,
3715 3466 3750 3517 ὁ

2177 3551 2385 3619 Λόγος,
2425 3550 2517 3604 τοῦ
2554 3554 2610 3605 ἑν
2641 3552 2856 3622 ἑκάστῳ
2882 3553 3038 3622 λόγου
3069 3554 3170 3607 οὐκ
3208 3555 3273 3608 ἂν
3315 3556 3519 3626 κυρίως
3549 3553 3749 3625 ὁμοίως

2177 3641 2254 3712 τῷ
2276 3641 2474 3714 πρώτῳ
2501 3642 2893 3714 ὀνομασθέντος
2914 3645 3006 3698 καὶ
3033 3643 3332 3715 λεχθέντος,
3359 3650 3391 3700 ό
3408 3648 3614 3715 Λόγος.
3639 3649 3751 3701 Καὶ

2170 3735 2233 3788 τὸ
2259 3733 2486 3797 πολλοὺς
2510 3731 2788 3802 φιλοθέους
2820 3725 2958 3782 εἶναι
2985 3729 3311 3800 εὐχομένους
3337 3730 3628 3802 ταράσσον,
3659 3729 3752 3782 εὑ-

2172 3824 2536 3896 λα6ουμένους
2561 3821 2652 3875 δύο
2689 3819 3051 3892 ἀναγορεῦσαι
3076 3818 3252 3882 θεοὺς,
3288 3820 3379 3872 καὶ
3409 3821 3560 3893 παρὰ
3597 3819 3755 3874 τοῦτο

2175 3917 2602 3989 περιπίπτοντας
2626 3914 2839 3984 ψευδέσι
2887 3913 2980 3966 καὶ
3023 3910 3240 3966 ἀσεϐέσι
3286 3912 3587 3983 δόγμασινο
3634 3915 3753 3986 ἦτοι

2174 4010 2536 4084 ἀρνουμένους
2599 4005 2834 4076 ἰδιότητα
2859 4005 2971 4073 (77)
3027 4002 3157 4056 Υἱοῠ
3217 4003 3410 4074 ἑτέραν
3458 4003 3607 4075 rupi
3655 4005 3755 4076 τὴν

2169 4103 2263 4157 τοῦ
2304 4101 2548 4172 ΙΙατρὸς,
2602 4096 2996 4170 ὁμολογοῦντας
3043 4095 3174 4150 Θεὸν
3237 4090 3375 4149 εἷναι
3437 4095 3530 4148 τὸν
3589 4094 3754 4168 μέχρι

2175 4215 2299 4271 fons
2343 4211 2641 4268 divinitatis
2677 4210 2865 4275 totius,
2897 4210 3020 4265 inde
3048 4224 3168 4262 eum
3199 4208 3452 4279 ἀληθινὸν
3498 4208 3632 4279 Θεὸν
3663 4194 3754 4276 πιέν.

2173 4285 2436 4356 pellavit;
2487 4281 2678 4356 reliqui
2730 4291 2910 4356 autem
2960 4279 3071 4333 Θεοὶ
3117 4281 3184 4350 τῇ
3225 4278 3440 4356 ,μετοχῇ
3487 4278 3581 4356 τοῦ
3615 4279 3752 4332 Θεοῦ

2169 4350 2466 4425 γινόμενοι,
2511 4351 2682 4407 Filius
2717 4351 2998 4425 nimirum,
3044 4358 3100 4404 et
3147 4351 3236 4418 qui
3271 4351 3352 4425 dii
3385 4350 3750 4425 appellantur.

2169 4419 2239 4480 Ᾰι
2271 4419 2612 4479 divinitatem
2647 4437 2674 4474 a
2722 4419 2885 4476 Patre
2935 4436 3042 4475 non
3087 4435 3192 4474 uno
3229 4420 3392 4475 modo
3442 4421 3750 4490 recipiunt;

2171 4495 2341 4550 Filius
2371 4497 2514 4550 enim
2551 4494 2622 4546 ita
2655 4492 2796 4547 Deus
2821 4501 2903 4545 est
2941 4507 2969 4544 a
3000 4490 3182 4557 Patre,
3215 4501 3272 4544 ut
3303 4504 3407 4544 una
3443 4491 3750 4558 eademque

2172 4565 2456 4622 divinitate
2504 4561 2667 4618 Pater
2713 4571 2770 4617 et
2808 4560 2978 4616 Filius
3013 4560 3293 4628 polleant:
3329 4558 3522 4629 reliqui
3559 4569 3741 4629 autem

2170 4637 2269 4702 dii,
2305 4637 2540 4699 diversa,
2576 4633 2773 4702 dispari
2819 4641 2874 4685 et
2923 4627 3174 4699 inaequali
3210 4627 3497 4686 divinitate
3533 4627 3749 4702 praediti

2170 4697 2306 4762 sint.
2340 4703 2417 4760 Ne
2452 4697 2782 4775 quemquam
2837 4702 2998 4775 igitur
3042 4697 3257 4775 inoveat
3290 4714 3395 4775 vox
3442 4697 3745 4775 γινόμενοι,

2095 4775 2135 4819 ⁸
2169 4793 2292 4846 quae
2330 4777 2396 4830 iis
2439 4769 2692 4831 o'innibus
2726 4769 2985 4846 convenit
3037 4769 3127 4846 qui
3179 4769 3248 4823 ab
3286 4770 3393 4824 alio
3441 4769 3644 4846 habent
3691 4778 3748 4822 ut

2168 4840 2299 4912 sint,
2327 4847 2441 4902 sive
2468 4861 2564 4915 per
2593 4843 3026 4911 generationem,
3054 4841 3169 4915 sive
3193 4853 3291 4915 per
3319 4840 3746 4915 processionem,

2167 4908 2296 4972 sive
2316 4931 2414 4986 per
2455 4908 2809 4978 creationem,
2859 4921 2915 4965 ut
2952 4910 3110 4986 paulo
3152 4908 3297 4986 infra
3323 4908 3751 4986 demonstrabi-

2169 4979 2330 5040 musf
2367 4985 2769 5052 Nonnunquam
2829 4979 2966 5052 vero:
3008 4979 3350 5052 simpliciter,
3405 4996 3424 5029 ι
3452 4980 3746 5052 exsistere,

2164 5071 2307 5121 esse,
2333 5075 2351 5108 ι
2394 5049 2682 5122 significat.
2730 5053 2908 5122 Atque
2953 5050 3068 5106 hinc
3099 5049 3315 5122 quidem
3351 5049 3620 5122 posterior
3651 5064 3747 5102 no-

2167 5118 2304 5180 tatio
2336 5118 2468 5180 huic
2497 5124 2599 5194 ipsi
2642 5122 2762 5178 loco
2805 5118 3016 5194 videtur
3046 5118 3362 5194 tribuenda.’
3399 5118 3600 5194 llisita
3640 5131 3747 5194 cg-

2163 5197 2404 5266 plieatis,
2452 5188 2768 5266 rfa'cileviri
2821 5192 3104 5266 cujusdam
3157 5188 3522 5266 eruditissimi
3575 5188 3740 5266 rete}:

2165 5257 2351 5321 luntur
2381 5257 2815 5326 criminationes,
2845 5257 2936 5332 qui
2973 5276 3041 5316 ex
3075 5261 3177 5332 hoc
3214 5259 3336 5332 loco
3372 5259 3588 5332 violata:
3617 5257 3742 5311 Filii

2161 5336 2450 5408 dignitatis
2481 5349 2631 5390 reum
2660 5330 2950 5408 Origenem
2983 5330 3224 5408 peragit,
3262 5330 3392 5386 licet
3423 5330 3558 5384 alias
3599 5342 3746 5399 smpe

2161 5400 2438 5462 inveodem
2469 5400 2788 5475 argumento
2819 5400 3002 5472 lapsus
3035 5401 3125 5456 sit.
3163 5400 3238 5454 In.

2233 5498 2350 5570 (7'7)
2395 5499 2556 5554 Ἤτοι
2597 5493 3347 5570 ἀρνουμένους-ἰδιότητα,
3389 5503 3498 5547 etc.
3531 5489 3606 5546 Ea
3644 5487 3747 5544 fuit

2159 5566 2338 5626 Nocti
2367 5569 2588 5624 haeresis
2627 5566 2794 5623 circa
2823 5566 3072 5637 Origenis
3118 5575 3334 5637 atatem
3373 5573 3562 5616 exorta
3587 5574 3748 5637 ,__nec

2162 5641 2333 5696 multo
2365 5648 2539 5707 posta
2572 5639 2812 5694 Sabellio
2837 5630 3194 5705 amplificata.
3233 5633 3372 5688 Male
3399 5643 3579 5707 autem
3614 5630 3745 5685 ἰδιό-

2157 5729 2296 5783 τητα
2311 5703 2504 5835 ﬂvertit|
2525 5707 2809 5766 Ferrarius
2844 5703 3256 5778 proprietatem,
3289 5703 3430 5776 quod
3463 5714 3746 5772 personam

2159 5785 2301 5835 signi
2348 5791 2457 5835 cat.
2511 5795 2563 5834 D.

2159 5782 2457 5854 significat.
2491 5782 2563 5835 In.
