4082 6224
328 424 434 480 100

1421 426 1779 482 (ΣΟΜΜΕΝΤ.
1824 428 1889 481 IN
1931 425 2120 482 JOAN.
2167 427 2403 482 TOMUS
2445 428 2508 483 ΙΙ.

3471 426 3575 481 110

315 544 578 612 ὀνόματος
633 540 760 608 παρ’
817 537 995 601 αὐτοῖς
1060 539 1184 592 Υίὸν
1243 541 1804 612 πφσαγορευόμενονο
1863 541 1889 612 ἦ

2006 542 2315 595 nominetur
2344 542 2665 609 dicaturque
2691 542 2781 596 illa
2812 542 2972 610 ratio,
3001 540 3150 614 {cum
3192 543 3473 619 articulo.]
3511 551 3577 606 Ει

317 629 683 701 ἀρνουμένους
722 629 820 699 τὴν
859 628 1088 700 θεότητα
1131 630 1265 700 (73)
1311 630 1406 683 τοῦ
1452 631 1616 694 Υἱοῦ,
1658 631 1901 696 τιθέντας

313 723 370 774 δὲ
398 719 563 773 αὑτοῦ
591 720 690 791 τὴν
725 719 960 791 ἰδιότητα
992 723 1086 775 καὶ
1109 722 1208 793 τὴν
1237 722 1425 775 οὐσίαν
1463 723 1602 776 κατὰ
1632 741 1896 794 περιγρα-

311 811 422 880 φὴν
447 810 818 880 τυγχάνουσαν
849 812 1040 882 ἑτέραν
1067 811 1160 864 τοῦ
1209 812 1420 882 Πατρὸς
1443 851 1456 874 ,
1484 811 1730 865 ἐντεῦθεν
1775 813 1896 866 λύε-

313 903 438 955 σθαι
467 901 709 956 δύναται.
739 903 973 955 Λεκτέον
1002 903 1111 974 γὰρ
1144 903 1354 965 αὐτοῖς,
1390 903 1470 954 ὅτι
1509 901 1628 955 τότε
1662 902 1760 974 μὲν
1801 904 1892 956 αὐ-

249 1037 264 1069 ,
311 994 497 1058 τόθεος
525 997 554 1048 ό
583 993 718 1058 Θεός
749 997 866 1048 ἐστι
889 1035 904 1060 ,
936 994 1127 1066 διόπερ
1150 994 1241 1048 καὶ
1267 995 1294 1046 6
1325 995 1519 1066 Σωτήρ
1553 1012 1716 1065 φησιν
1745 997 1806 1048 ἐν
1828 998 1896 1067 τῇ

311 1088 449 1158 πρὸς
473 1087 563 1140 τὸν
591 1087 813 1158 Πατέρα
834 1087 966 1157 εὐχῇ
987 1101 1003 1118 ·
1033 1104 1052 1138 ι
1074 1087 1191 1140 ἰνα
1205 1085 1518 1156 γινώσκωσί
1541 1103 1597 1138 σε
1620 1085 1711 1140 τὸν
1740 1086 1898 1156 μόνον

307 1178 568 1248 ἀληθινὸν
595 1179 732 1232 Θεόν
753 1196 767 1210 ο
798 1197 817 1232 ι
853 1181 958 1232 πᾶν
983 1178 1038 1232 δὲ
1070 1177 1130 1231 τὸ
1157 1178 1306 1250 παρὰ
1328 1179 1389 1232 τὸ
1412 1178 1667 1242 αὑτόθεος
1698 1181 1899 1248 μετοχῇ

310 1270 407 1339 τῆς
433 1269 642 1324 ἐκείνου
677 1269 924 1341 θεότητος
954 1268 1369 1339 θεοποιοῦμενον
1396 1269 1494 1339 οὐχ
1524 1271 1552 1323 6
1576 1267 1731 1333 Θεὸς,
1766 1268 1900 1321 ἀλλὰ

307 1361 444 1426 Θεὸς
483 1360 818 1434 κυριώτερον
853 1361 918 1415 ἂν
952 1361 1161 1432 λέγοιτο
1189 1359 1324 1432 (79),
1353 1353 1396 1427 ᾧ
1429 1361 1648 1422 πάντως
1680 1361 1708 1413 ό
1736 1360 1894 1430 Πρω-

306 1453 525 1518 τότοκος
560 1453 740 1524 πάσης
795 1455 1027 1518 κτίσεως
1047 1493 1061 1518 ,
1104 1454 1200 1507 ἅτε
1249 1452 1466 1523 πρῶτος
1507 1452 1587 1522 τῷ
1626 1451 1762 1525 πρὸς
1808 1450 1900 1504 τὸν

306 1543 440 1598 Θεὸν
465 1540 624 1609 εἶναι,
647 1545 859 1610 σπάσας
883 1547 984 1617 τῆς
1008 1545 1265 1615 θεότητος
1297 1547 1376 1608 εἰς
1410 1544 1619 1609 ἑαυτὸν,
1650 1543 1764 1597 ἔστι
1788 1543 1896 1614 (80)

307 1637 634 1710 τιμιώτερος
658 1641 771 1702 τοῖς
799 1638 1007 1702 λοιποῖς
1042 1639 1172 1709 παρ’
1198 1636 1358 1690 αὐτὸν
1381 1636 1541 1700 θεοῖς.
1583 1629 1659 1689 ὧν
1701 1637 1730 1688 6
1765 1635 1898 1699 Θεὸς

302 1728 439 1793 Θεός
484 1732 638 1794 ἐστι,
665 1729 809 1785 κατὰ
851 1729 914 1784 τὸ
959 1730 1272 1799 λεγόμενον,
1321 1748 1338 1780 ι
1373 1729 1503 1792 Θεὸς
1529 1727 1666 1780 θεῶν
1692 1727 1895 1799 Κύριος

303 1819 556 1892 ἐλάλησε,
586 1821 680 1875 καὶ
708 1820 936 1874 ἐκάλεσε
960 1821 1058 1890 τὴν
1089 1819 1213 1888 γῆν,
1247 1838 1265 1870 ι
1293 1818 1616 1888 διακονήσας
1646 1818 1708 1872 τὸ
1738 1818 1891 1887 γενέ-

305 1911 430 1966 σθαι
455 1912 621 1978 θεοῖς,
652 1912 763 1966 ἀπὸ
785 1910 878 1964 τοῦ
904 1909 1036 1964 Θεοῦ
1061 1908 1271 1980 άρύσας
1307 1910 1386 1974 εἰς
1418 1909 1480 1962 τὸ
1505 1908 1892 1981 θεοποιηθῆναι

301 2005 506 2068 αὐτοὺς
535 2005 784 2073 ἀφθόνως
808 2042 824 2068 ,
852 2001 1121 2064 κάκείνοις
1162 2001 1306 2054 κατὰ
1335 2000 1435 2071 τὴν
1467 1999 1631 2054 αὐτοῦ
1658 2002 1892 2073 χρηστό-

303 2111 445 2166 τητα
495 2093 820 2166 μεταδιδούς.
865 2091 1139 2165 ’Λληθινὸς
1177 2087 1270 2145 οὖν
1310 2091 1442 2155 Θεὸς
1491 2092 1520 2144 6
1549 2091 1683 2156 Θεός
1705 2108 1718 2122 ·
1750 2094 1798 2145 0i
1836 2093 1895 2146 δὲ

304 2193 427 2244 κατ’
468 2191 671 2244 ἐκεῖνον
704 2188 1065 2261 μορφούμενοι
1091 2187 1225 2249 θεοὶ,
1267 2187 1342 2249 ὼς
1370 2185 1576 2249 εἰκόνες
1617 2186 1895 2257 πρωτοτό-

303 2300 430 2336 που.
472 2282 632 2336 Ἀλλὰ
661 2281 821 2336 πάλιν
844 2280 956 2333 τῶν
984 2279 1244 2332 πλειόνων
1268 2277 1490 2330 εἰκόνων
1522 2278 1554 2348 ἡ
1583 2277 1892 2348 ἀρχέτυπος

303 2377 466 2428 εἰκὼν
495 2374 524 2427 6
545 2374 680 2445 πρὸς
713 2373 805 2426 τὸν
837 2371 967 2426 Θεόν
993 2374 1110 2426 ὲστι
1145 2371 1338 2438 Λόγος,
1362 2370 1422 2433 ὃς
1448 2371 1506 2424 ὲν
1538 2371 1678 2441 ἀρχῇ
1709 2366 1778 2442 ἦν
1811 2369 1890 2440 τῷ

299 2465 442 2522 εἶναι
467 2468 604 2540 πρὸς
626 2468 717 2522 τὸν
743 2465 876 2520 Θεὸν
904 2467 992 2521 ἀεὶ
1027 2465 1204 2536 μένων
1233 2462 1364 2527 Θεὸς
1385 2502 1399 2526 ,
1433 2463 1534 2517 οὐκ
1572 2463 1637 2516 ἂν
1673 2463 1719 2515 δ’
1756 2463 1888 2516 αὐτὸ

301 2561 572 2633 ἐσχηκὼς,
597 2563 645 2615 εἰ
677 2559 753 2632 μὴ
785 2559 922 2632 πρὸς
943 2558 1036 2612 τὸν
1058 2556 1191 2610 Θεὸν
1213 2552 1302 2628 ἦν,
1331 2557 1424 2610 καί⁸
1452 2557 1551 2609 οὐκ
1578 2555 1644 2610 ἂν
1700 2554 1888 2626 μείνας

301 2653 454 2717 Θεὸς,
489 2654 538 2705 εἰ
571 2651 646 2723 μὴ
678 2653 976 2723 παρέμεινε
1003 2651 1069 2721 τῇ
1096 2648 1422 2718 ἀδιαλείπτῳ
1451 2647 1548 2720 θέα
1571 2645 1664 2700 τοῦ
1693 2663 1888 2720 πατρι-

301 2744 400 2799 κοῦ
433 2744 648 2816 βάθους.

2010 632 2136 688 hinc
2166 633 2298 686 solvi
2329 641 2502 702 potest
2542 633 2690 700 illud,
2737 635 2879 703 quod
2912 637 3193 702 perturbat
3224 638 3420 694 mullos
3453 657 3575 710 pro-

2003 721 2218 777 litentes
2251 738 2308 778 se
2343 725 2434 778 Dci
2462 735 2705 779 amantes
2737 739 2880 788 esse,
2908 740 2972 779 ac
3001 736 3252 782 verentes
3281 729 3414 785 duos
3442 747 3573 800 prae-

2001 813 2184 869 dicare
2215 813 2385 881 Deos,
2421 825 2475 870 et
2508 826 2726 886 propter
2763 817 2865 871 hoc
2900 817 2952 871 in
2997 818 3128 873 falsa
3158 829 3215 874 et
3252 820 3417 890 impia
3468 825 3570 876 do-

1996 903 2531 974 gmataiucidcntes;
2593 905 2677 960 vel
2711 918 2966 977 negantes
3009 908 3397 978 proprietatem
3459 910 3575 966 Filii

1998 1008 2120 1048 esse
2151 994 2310 1049 aliam
2343 1011 2372 1050 a
2406 995 2584 1051 Patris
2627 998 2992 1067 proprietate;
3048 1001 3374 1056 conlitrntes
3410 1000 3576 1056 Deum

1999 1100 2117 1140 esse
2160 1101 2282 1140 cum
2339 1089 2563 1143 nomine
2608 1099 2836 1154 tantum,
2885 1090 2975 1158 qui
3031 1093 3172 1162 apud
3225 1093 3372 1162 ipsos
3412 1094 3582 1151 Filius

2001 1177 2338 1246 appellatur;
2386 1179 2470 1234 vel
2509 1191 2767 1250 negantes
2817 1180 2940 1236 Filii
2990 1181 3358 1250 divinitatem,
3401 1197 3456 1239 et
3487 1202 3578 1256 po-

2003 1279 2196 1326 nentes
2231 1270 2399 1344 ipsius
2460 1272 2847 1341 proprietatem
2897 1282 2949 1328 et
2996 1276 3290 1329 essentiam
3333 1291 3431 1344 per
3473 1278 3578 1332 circ

2002 1360 2482 1429 cumscriptionem
2526 1361 2793 1414 exsistere
2819 1357 2979 1414 aliam
3013 1376 3042 1414 a
3072 1360 3253 1416 Patre.
3285 1361 3578 1418 Dicendum

1999 1451 2146 1503 enim
2179 1461 2261 1505 est
2297 1452 2424 1517 illis,
2451 1453 2595 1520 quod
2628 1451 2880 1515 αὑτόθεος
2915 1452 3155 1520 quidem,
3201 1452 3325 1524 [hoc
3348 1464 3454 1521 est,
3483 1471 3578 1524 per

1998 1553 2057 1594 se
2089 1539 2274 1611 Deus,]
2311 1541 2450 1596 Deus
2477 1541 2564 1597 ille
2589 1551 2671 1596 est
2710 1543 2855 1614 [rum
2885 1541 3164 1613 articulo,]
3191 1554 3412 1614 preptcr
3435 1547 3577 1615 quod

1997 1641 2050 1687 ct
2087 1631 2350 1687 Servator
2392 1633 2443 1687 in
2475 1637 2787 1703 precatione
2825 1636 2890 1690 ad
2930 1633 3147 1690 Patrem
3192 1637 3367 1706 inquit
3407 1654 3420 1692 :
3453 1656 3474 1691 ι
3511 1637 3574 1695 Ut

1996 1734 2292 1795 agnoscant
2325 1736 2376 1780 te
2409 1725 2557 1780 illum
2603 1727 2776 1781 solum
2817 1742 3000 1780 verum
3047 1725 3213 1781 Deum
3253 1727 3330 1795 n;
3363 1748 3382 1781 ι
3422 1731 3574 1800 quid-

1997 1818 2128 1887 quid
2168 1832 2300 1872 vero
2346 1827 2430 1873 est
2474 1828 2671 1888 praeter
2724 1818 2886 1881 hunc,
2935 1819 3025 1888 qui
3071 1820 3322 1886 αῦτὸθεος
3355 1823 3577 1886 dicitur,

1998 1908 2126 1980 [hoc
2147 1918 2253 1978 est,
2279 1925 2374 1980 per
2397 1925 2455 1966 se
2479 1909 2666 1981 Deus,]
2687 1911 3099 1981 participatione
3121 1921 3175 1967 et
3197 1915 3579 1973 communione

1927 1983 1968 2042 Β
2001 2001 2467 2057 divinitatisillius
2492 2002 2828 2069 deificatum,
2868 2019 2974 2057 non
3020 2005 3112 2060 ille
3146 2006 3456 2079 Deus,[cum
3491 2024 3579 2062 ar-

2004 2089 2314 2163 ticulo],sed
2339 2093 2478 2148 Dens
2495 2092 2636 2164 [sine
2666 2093 2919 2166 articulo]
2954 2097 3123 2166 magis
3153 2098 3372 2166 proprie
3394 2098 3577 2152 dicen-

1999 2188 2126 2242 dum
2154 2201 2299 2250 esse,
2327 2201 2438 2256 quo
2473 2187 2691 2242 nomine
2721 2189 2944 2244 omnino
2969 2191 3362 2260 primogenitus
3403 2195 3585 2250 omnis

1994 2289 2282 2343 creaturae,
2327 2279 2526 2350 quippe
2557 2279 2648 2350 qui
2698 2294 2820 2334 cum
2856 2281 3063 2351 primus
3106 2283 3178 2336 sit
3202 2284 3340 2352 apud
3374 2284 3574 2353 ipsum.

1993 2371 2278 2425 attrahens
2308 2369 2647 2424 divinitatem
2674 2369 2740 2424 ad
2772 2370 3030 2440 seipsum,
3064 2372 3439 2428 honorabilior
3469 2373 3570 2444 51

1993 2471 2078 2517 est
2103 2461 2332 2529 reliquis
2359 2460 2481 2526 diis,
2509 2460 2604 2530 qui
2632 2470 2759 2516 sunt
2781 2471 2978 2532 prteter
3003 2463 3207 2532 ipsum,
3235 2481 3466 2534 quorum
3490 2466 3577 2520 illo

1996 2554 2155 2620 Deus,
2188 2553 2330 2609 Deus
2355 2562 2458 2621 est,
2482 2554 2636 2621 juxta
2670 2553 2722 2608 id
2748 2555 2890 2622 quod
2912 2555 3117 2610 dicitur
3141 2557 3212 2622 ⁷⁵,
3263 2577 3282 2608 ι
3318 2557 3408 2612 Ille
3438 2558 3582 2614 Deus

1996 2646 2219 2701 deorum
2245 2641 2506 2700 Dominus
2543 2643 2754 2700 locutus
2788 2654 2891 2714 est,
2927 2657 2983 2700 ct
3035 2649 3250 2704 vocavit
3292 2659 3518 2715 terram,
3551 2670 3573 2702 ι

1997 2738 2135 2793 dans
2167 2751 2289 2792 esse
2322 2738 2447 2805 diis,
2493 2753 2523 2792 a
2571 2736 2682 2792 Dt'o
2733 2738 2994 2794 hauriens
3045 2741 3387 2796 abundanter
3437 2741 3581 2798 unde

302 2838 455 2904 ipsos
494 2835 692 2890 etIiciat
731 2834 863 2889 deos
898 2840 952 2889 et
989 2831 1132 2887 unde
1175 2831 1282 2890 illis
1314 2831 1468 2902 juxta
1508 2845 1663 2888 suam
1707 2830 1873 2902 ipsius
1927 2829 2224 2885 bonitatem
2262 2831 2589 2900 suppeditet.
2617 2829 2787 2886 Verus
2835 2832 2999 2900 igitur
3021 2833 3164 2890 Deus
3183 2845 3266 2889 est
3289 2834 3378 2889 ille
3413 2835 3581 2897 Deus,

303 2925 454 2999 [cum
483 2925 714 2982 articulo
740 2926 780 2996 :]
805 2925 894 2996 qui
931 2932 1112 2980 autem
1136 2925 1209 2980 dii
1241 2923 1598 2982 eﬁormantur
1621 2926 1687 2982 ad
1716 2925 1834 2996 ejus
1882 2923 2136 2990 formam,
2169 2922 2316 2978 velut
2363 2923 2626 2993 imagines
2651 2925 2899 2994 quaedam
2939 2936 3065 2982 sunt
3109 2929 3270 2996 primi
3307 2928 3580 2999 exempl»

303 3021 402 3076 ris.
457 3019 565 3075 Sed
614 3033 807 3075 rursus
867 3020 1156 3075 multarum
1210 3019 1508 3093 imaginum
1568 3020 1864 3091 archetypa
1915 3017 2094 3086 imago
2135 3027 2220 3073 est
2264 3017 2354 3073 ille
2384 3017 2578 3087 Λόγος,
2630 3020 2720 3088 qui
2769 3027 2851 3074 est
2883 3021 3023 3090 apud
3070 3021 3239 3076 Deum
3283 3021 3338 3078 in
3371 3020 3567 3091 princi.

302 3117 394 3186 pio
419 3117 712 3179 cxsistens,
747 3115 871 3185 quia
914 3114 985 3169 sit
1027 3115 1170 3184 apud
1216 3113 1389 3170 Deum
1433 3128 1648 3184 semper
1697 3129 1924 3169 manens
1964 3114 2130 3177 Deus,
2165 3112 2586 3182 haudquaquam
2631 3113 2684 3167 id
2728 3113 3016 3170 habiturus
3061 3115 3164 3170 nisi
3211 3114 3353 3184 apud
3408 3115 3571 3170 Deum

299 3219 468 3272 esset,
486 3218 540 3262 et
555 3207 972 3278 haudquaquam
997 3206 1137 3261 Deus
1157 3219 1465 3270 mansurus,
1487 3204 1592 3259 nisi
1626 3215 1890 3275 perpetuo
1923 3205 2312 3277 permansisset
2333 3205 2386 3260 in
2409 3204 2867 3274 contemplatione
2895 3216 3134 3277 paterna:
3163 3209 3573 3279 profunditatis.

371 3303 428 3358 ὅ.
468 3301 607 3354 Ἀλλ’
640 3301 765 3356 ἐπεὶ
806 3302 953 3366 εἰκὸς
980 3300 1090 3372 (81)
1120 3299 1451 3372 προσκόᾲειν
1481 3299 1634 3362 τινὰς
1660 3301 1772 3362 τοῖς
1806 3302 1884 3354 εἰ-

2062 3301 2116 3357 5.
2150 3301 2258 3358 Sed
2301 3299 2557 3369 quoniam
2610 3299 2845 3356 fortasse
2888 3302 3182 3358 verisimile
3209 3315 3295 3359 est
3325 3303 3572 3361 futurum

304 3394 580 3467 ρημένοις,
615 3393 735 3456 ἑνὸς
771 3393 867 3464 μὲν
896 3391 1148 3463 ἀληθινοῦ
1176 3390 1313 3444 Θεοῦ
1342 3390 1438 3444 τοῦ
1468 3389 1682 3461 Πατρὸς
1710 3391 1888 3461 ἀπαγ-

300 3485 624 3556 γελλομένου
647 3525 663 3551 ,
692 3484 842 3555 παρὰ
875 3484 932 3537 δὲ
963 3483 1055 3537 τὸν
1080 3482 1332 3555 ἀληθινὸν
1359 3482 1494 3537 Θεὸν
1533 3481 1672 3537 θεῶν
1708 3482 1890 3537 πλειό-

299 3597 407 3634 νων
439 3581 506 3650 τῇ
555 3581 756 3650 μετοχῇ
792 3577 888 3631 τοῦ
921 3575 1053 3629 Θεοῦ
1083 3574 1383 3645 γινομένων
1402 3612 1420 3636 ,
1458 3572 1887 3646 εὐλαϐουμένους

298 3673 397 3744 τὴν
421 3671 514 3726 τοῦ
545 3673 724 3726 πᾶσαν
745 3669 920 3723 κτίσιν
942 3667 1297 3738 ὑπερέχοντος
1321 3665 1479 3732 δόξαν
1503 3665 1758 3732 ἐξισῶσαι
1774 3669 1888 3729 τοῖς

297 3763 507 3826 λοιποῖς
531 3763 630 3832 τῆς
658 3760 792 3823 Θεὸς
818 3759 1192 3830 προσηγορίας
1229 3757 1592 3827 τυγχάνουσι,
1639 3758 1777 3829 πρὸς
1819 3761 1885 3828 τῇ

297 3853 666 3925 ἁποδεδομένῃ
688 3851 956 3921 διαφορᾷ,
981 3848 1100 3903 καθ’
1141 3849 1208 3919 ἢν
1249 3849 1564 3918 ἐφάσκομεν
1605 3849 1737 3901 πᾶσι
1774 3851 1888 3909 τοῖς

297 3948 504 4009 λοιποῖς
551 3944 691 4007 θεοῖς
739 3943 984 3998 διάκονον
1035 3937 1175 3994 εἶναι
1206 3941 1308 4011 τῆς
1353 3939 1606 4008 θεότητος
1637 3937 1727 3990 τὸν
1754 3936 1888 3990 Θεὸν

300 4041 495 4108 Λόγον,
530 4037 626 4094 καὶ
667 4036 870 4108 ταύτην
909 4035 1286 4109 παραστατῶν
1309 4048 1323 4064 ·
1364 4035 1393 4086 ό
1435 4031 1544 4103 γὰρ
1587 4031 1644 4083 ὲν
1671 4029 1888 4101 ἑκάστῳ

299 4130 454 4198 λόγος
482 4129 594 4183 τῶν
617 4127 848 4198 λογικῶν
874 4127 1061 4182 τοῦτον
1088 4126 1180 4180 τὸν
1221 4125 1376 4194 λόγον
1401 4123 1515 4193 ἔχει
1550 4122 1686 4192 πρὸς
1711 4122 1802 4178 τὸν
1827 4124 1885 4176 ὲν

298 4223 442 4294 ἀρχῇ
487 4223 643 4291 λόγον
672 4223 806 4293 πρὸς
842 4222 934 4276 τὸν
977 4221 1145 4288 Θεὸν,
1183 4220 1314 4274 ὄντα
1361 4217 1532 4286 Λόγον
1561 4217 1714 4281 Θεὸν,
1763 4216 1823 4270 ὃν
1856 4219 1884 4270 6

1993 3403 2052 3450 ut
2073 3395 2225 3450 multi
2257 3392 2604 3451 oll'endantur
2634 3395 2758 3464 quia
2791 3394 3092 3452 dixerimus
3128 3411 3292 3452 unum
3323 3412 3448 3454 esse
3481 3414 3571 3454 ve-

1991 3503 2112 3542 rum
2143 3486 2336 3552 Deum,
2367 3499 2561 3556 nempe
2607 3483 2846 3554 Patrem,
2872 3496 2925 3541 et
2953 3498 3152 3558 prieter
3179 3490 3346 3546 Deum
3383 3507 3573 3546 verum

1991 3578 2189 3633 multos
2229 3577 2404 3634 factos
2446 3579 2578 3634 deos
2624 3579 3046 3647 participatione
3115 3580 3210 3634 Dei
3255 3598 3268 3635 :
3322 3591 3575 3637 verentes

1993 3670 2220 3739 gloriam
2282 3669 2420 3737 ejus,
2486 3669 2578 3736 qui
2645 3682 2862 3722 omnem
2911 3675 3224 3722 creaturam
3285 3671 3574 3738 praecellit,

1990 3758 2194 3826 aquari
2230 3756 2452 3824 reliquis
2480 3755 2855 3810 obtinentibus
2882 3756 3302 3826 appellationem
3329 3759 3423 3814 Dci
3455 3760 3575 3816 sine

1992 3847 2246 3910 articulo,
2274 3855 2468 3915 praeter
2493 3847 2676 3902 datam
2697 3847 3082 3916 diﬂcrentiam,
3100 3865 3200 3919 pcr
3214 3865 3376 3922 quam
3404 3853 3570 3909 Deum

1991 3941 2164 4010 Λόγον
2214 3939 2458 3996 diximus
2508 3939 2732 4010 reliquis
2778 3942 3030 3998 omnibus
3101 3943 3206 4000 diis
3261 3946 3570 4004 ministrum

1989 4049 2112 4091 esse
2137 4033 2381 4100 deitatis,
2413 4032 2576 4089 etiam
2610 4033 2724 4090 haec
2761 4032 3071 4092 diﬂ‘erentia
3098 4045 3182 4091 est
3225 4041 3567 4107 apponeuda.

1990 4127 2066 4182 Ea
2098 4127 2240 4184 enim
2269 4128 2407 4182 ratio
2436 4141 2559 4196 qua:
2613 4127 2666 4182 in
2706 4126 2935 4198 singulis
2992 4129 3222 4184 rationis
3277 4133 3570 4201 capacibus

1989 4219 2155 4285 inest,
2188 4218 2436 4273 eamdem
2469 4219 2933 4288 comparationem
2991 4219 3158 4276 habet
3188 4221 3258 4276 ad
3297 4222 3446 4276 illam
3481 4238 3572 4276 ra-

299 4317 432 4381 Θεὸς
477 4318 649 4386 Λόγος
693 4317 828 4389 πρὸς
861 4318 952 4370 τὸν
999 4317 1131 4370 Θεόν
1155 4332 1168 4347 ·
1217 4315 1293 4379 ὡς
1335 4314 1444 4386 γὰρ
1474 4312 1746 4377 αὑτόθεος,
1789 4313 1884 4368 καὶ

1992 4312 2190 4368 tionem
2223 4327 2346 4381 qua:
2396 4311 2451 4368 in
2499 4311 2770 4380 principio
2817 4313 2958 4381 apud
2995 4311 3162 4368 Deum
3209 4323 3316 4378 est,
3351 4315 3570 4368 etDeus

300 4409 550 4481 ἀληθινὸς
570 4409 703 4474 Θεὸς
725 4411 752 4462 6
784 4410 974 4481 Πατὴρ
1000 4409 1135 4480 πρὸς
1163 4408 1346 4462 εἰκόνα
1363 4445 1380 4470 ,
1414 4409 1507 4460 καὶ
1537 4407 1750 4469 εἰκόνας
1785 4405 1882 4476 τῆς

1992 4417 2068 4460 est
2093 4405 2287 4474 Λόγος,
2329 4419 2490 4474 quam
2527 4401 2694 4458 habet
2739 4401 2883 4459 Deus
2908 4403 3098 4472 Λόγος,
3147 4405 3226 4476 [id
3257 4413 3341 4462 est
3383 4399 3574 4473 ratio].

299 4502 528 4566 εἰκόνος,
555 4502 632 4556 διὸ
662 4503 756 4556 καὶ
787 4504 906 4556 κατ’
935 4500 1120 4556 εἰκόνα
1145 4501 1392 4568 λέγονται
1418 4496 1557 4554 εἶναι
1593 4500 1641 4552 οἱ
1670 4497 1884 4569 ἅνθρω-

1992 4495 2105 4550 sine
2134 4493 2371 4550 articulo
2388 4493 2456 4549 ad
2480 4493 2646 4548 Deum
2675 4491 2824 4546 illum
2852 4491 2999 4564 [cum
3027 4492 3306 4564 articulo.]
3330 4491 3397 4546 Ut
3416 4495 3564 4547 enim

299 4610 427 4655 ποι,
470 4595 570 4647 οὐκ
616 4594 820 4658 εἰκόνες
845 4634 859 4658 ,
886 4593 1057 4657 οὕτως
1087 4593 1115 4644 6
1152 4592 1315 4655 αὐτὸς
1339 4592 1510 4660 Λόγος
1542 4590 1678 4662 πρὸς
1701 4589 1792 4643 τὸν
1821 4589 1880 4642 ὲν

1992 4586 2144 4641 Pater
2173 4585 2446 4648 αὐτόοεος,
2468 4583 2596 4656 [hoc
2623 4593 2843 4653 est,per
2866 4599 2924 4638 se
2941 4585 3172 4650 Deus,et
3193 4599 3354 4640 verus
3379 4581 3564 4652 Dcus,]

298 4649 516 4755 ἑκάστῳ
551 4685 726 4754 λόγον.
771 4649 1077 4756 ’Λμφότερα
1120 4683 1226 4755 γὰρ
1251 4649 1439 4754 πῆγῆέ
1459 4649 1788 4752 ἔγειιχιῦραν
1808 4695 1822 4708 ⁸
1855 4680 1885 4732 6

1992 4694 2052 4735 se
2082 4678 2245 4732 habet
2291 4677 2357 4732 ad
2385 4677 2704 4745 imaginem,
2751 4687 2804 4732 et
2853 4679 2923 4730 ad
2970 4677 3241 4748 imagines
3288 4677 3566 4749 imaginis,

301 4776 404 4847 μὲν
445 4777 634 4850 Πατὴρ
669 4778 950 4851 θεότητος,
981 4779 1011 4830 6
1052 4777 1108 4830 δὲ
1143 4776 1268 4840 Υἱὸς
1297 4775 1488 4844 Λόγου.
1529 4775 1739 4845 Ὥσπερ
1789 4767 1883 4826 οὖν

1992 4786 2156 4842 quam
2196 4769 2266 4824 ob
2291 4783 2511 4824 causam
2539 4769 2706 4822 etiam
2731 4768 2986 4822 dicuntur
3018 4769 3265 4824 homines
3304 4784 3408 4824 non
3444 4783 3566 4824 esse

299 4867 414 4922 θεοὶ
445 4869 659 4932 πολλοὶ,
689 4870 802 4924 ἀλλ’
846 4871 977 4940 ἡμῖν
1019 4863 1100 4932 εἷς
1135 4867 1268 4931 Θεὸς
1301 4869 1329 4921 6
1358 4867 1569 4937 Πατὴρ,
1603 4865 1698 4918 καὶ
1749 4862 1882 4916 πολι·

299 4961 383 5015 λοὶ
421 4958 622 5034 κύριοι,
669 4963 782 5016 ἀλλ’
818 4964 949 5033 ἡμῖν
984 4957 1065 5024 εἷς
1101 4960 1306 5031 Κύριος
1347 4958 1554 5030 Ἰησοῦς
1600 4957 1839 5028 Χριστὸς
1863 4996 1878 5020 ,

297 5050 472 5118 οὕτως
495 5053 675 5108 πολλοὶ
700 5053 866 5122 λόγοι,
893 5052 1007 5106 ἀλλ’
1036 5054 1164 5124 ἡμῖν
1189 5049 1458 5121 εὐχόμεθα
1485 5051 1634 5114 ὅπως
1663 5046 1882 5120 ὑπάρξῃ

373 5150 419 5182 ’⁵
455 5147 617 5204 Joan.
646 5150 853 5216 xvn,5.
935 5151 980 5182 ⁷⁵
1030 5148 1173 5203 Psal.
1209 5163 1356 5212 xm,
1394 5149 1444 5202 1.

373 5241 487 5309 (78)
508 5241 578 5297 Ἦ
597 5241 1007 5310 ἀρνουμένους
1038 5241 1153 5308 τὴν
1183 5242 1452 5307 θεότητα,
1480 5247 1587 5294 etc.
1616 5238 1878 5310 Origenes

297 5309 396 5364 lib.
425 5327 499 5366 vn
545 5315 600 5368 in
649 5309 818 5378 Epist.
851 5314 920 5364 ad
983 5311 1236 5372 Romam,
1282 5325 1402 5379 eap.
1432 5312 1508 5365 9:
1548 5327 1566 5360 ι
1599 5311 1663 5362 Et
1710 5309 1878 5379 miror

297 5383 572 5447 quomodo
606 5383 824 5451 quidam
865 5381 1292 5451 legentes_quod
1329 5378 1469 5434 idem
1500 5379 1791 5451 Apostolus
1823 5378 1876 5431 in

297 5396 572 5447 quumouo
606 5396 824 5451 quinam
865 5396 1105 5504 tepentes
1149 5396 1292 5447 quou
1329 5396 1469 5434 idem
1500 5396 1791 5448 Aposwtus
1823 5396 1876 5431 III

231 5519 240 5524 ,
297 5451 422 5504 aliis
471 5453 602 5506 dicit
634 5470 662 5524 7:
711 5449 860 5524 Unus
929 5449 1270 5524 )eutljaler
1322 5465 1386 5502 ex
1421 5463 1524 5517 quo
1577 5449 1876 5524 omnia,_ct

299 5536 438 5574 unus
487 5523 747 5575 Dominus
805 5520 961 5576 Jews
1017 5518 1260 5573 Christus
1307 5529 1398 5586 per
1447 5535 1600 5587 quem
1661 5519 1877 5583 omnia,

300 5604 500 5658 negent
575 5591 771 5646 Filium
851 5591 942 5646 Dei
1001 5591 1166 5643 Deum
1225 5591 1425 5642 debere
1483 5588 1761 5656 profiteri,
1815 5604 1882 5642 ue

296 5660 437 5714 duos
471 5661 607 5716 Deos
645 5661 826 5716 dicere
855 5663 1192 5714 vidcantur.)
1231 5658 1493 5715 Ilumws.

372 5732 483 5800 (79)
518 5731 782 5795 Λέγοιτο.
824 5733 914 5800 §ic
941 5732 1111 5783 codex
1143 5730 1504 5794 Bodleiauus;
1540 5727 1680 5783 male
1711 5727 1879 5782 codex

301 5795 520 5867 lit-gius,
543 5802 695 5870 λέγοι
721 5801 784 5853 τὸ
818 5795 883 5870 ᾧ,
921 5810 1027 5870 etc.

373 5866 683 5939 (δοΥΕσὲι.
707 5873 777 5928 Ita
797 5866 967 5928 codex
984 5869 1324 5938 Bodleiauus;
1340 5869 1509 5927 codex
1530 5867 1752 5938 Regius,
1773 5866 1873 5920 ἔτι.

1994 4863 2279 4931 imagines,
2309 4859 2402 4915 sed
2428 4859 2494 4912 ad
2517 4859 2832 4929 imaginem,
2877 4858 2957 4915 sic
2992 4859 3134 4914 hunc
3178 4859 3232 4915 in
3261 4859 3476 4914 modum
3505 4875 3566 4913 se

1992 4957 2153 5012 habet
2177 4955 2318 5010 idem
2335 4953 2525 5022 Λόγος,
2553 4952 2678 5024 [hoc
2693 4960 2797 5019 est,
2823 4953 2935 5022 ipsa
2964 4951 3152 5024 ratio,]
3177 4953 3244 5008 ad
3276 4967 3420 5018 eam,
3446 4967 3566 5020 quae

1991 5045 2152 5102 estin
2179 5044 2423 5117 singulis,
2455 5043 2744 5100 rationem.
2771 5041 3014 5114 Utraque
3040 5042 3186 5098 enim
3215 5043 3394 5099 locum
3421 5043 3565 5098 obti-

2059 5231 2170 5301 (8l)
2222 5229 2374 5284 Ἀλλ’
2405 5227 2532 5301 ἐπεὶ
2580 5227 2924 5301 εἰκὸς-,μείω
2967 5222 3281 5301 A_ndi_cndt_ts
3324 5221 3376 5276 in
3421 5221 3564 5301 hunc

1984 5293 2164 5359 locum
2217 5302 2438 5370 Dionys.
2487 5298 2739 5370 Petavius
2781 5295 2876 5370 lib.
2901 5311 2923 5370 _t
2976 5294 3056 5348 De
3089 5293 3307 5370 Tri_nit._,
3337 5308 3465 5370 cap.
3492 5295 3525 5347 4
3548 5331 3562 5352 .

1985 5393 2040 5431 n.
2071 5373 2127 5429 5.
2163 5370 2291 5426 Mihi
2335 5363 2516 5423 tamen
2547 5367 2600 5422 id
2635 5366 2801 5430 dolet,
2841 5367 3083 5436 iniquum
3119 5366 3255 5418 adeo
3287 5363 3339 5418 in
3374 5363 3561 5434 Orige-

1987 5459 2110 5500 uem
2156 5457 2216 5498 se
2265 5440 2503 5508 gessisse
2548 5438 2727 5508 virum
2779 5451 3070 5507 magnum,
3119 5444 3178 5491 ut
3214 5449 3335 5504 quas
3386 5436 3563 5490 minus

1988 5529 2118 5569 sana
2149 5513 2202 5567 in
2233 5505 2300 5562 eo
2348 5505 2861 5578 deprehenduntur,
2878 5505 3150 5578 germana
3192 5521 3335 5569 esse,
3385 5522 3563 5578 neque

1989 5587 2058 5640 ab
2088 5581 2304 5636 Arianis
2337 5573 2562 5640 inserta,
2595 5586 2785 5652 contra
2824 5573 3002 5631 Rtfliui
3038 5579 3407 5652 testimonium
3446 5573 3554 5652 per-

1989 5653 2225 5710 tenderit
2261 5671 2272 5703 :
2302 5664 2422 5716 qua:
2468 5662 2596 5700 vero
2645 5647 2961 5702 orthodoxa:
3000 5659 3126 5702 sunt
3171 5647 3334 5712 fidei,
3388 5647 3567 5706 amica

1989 5738 2150 5778 manu
2215 5719 2433 5772 adtexta
2501 5717 2669 5773 fuisse
2723 5730 2911 5773 contra
2969 5718 3253 5774 Athanasii
3300 5718 3434 5786 (lib.
3489 5719 3569 5774 De

1984 5797 2177 5849 decrel.
2240 5787 2476 5846 Nica’uw
2531 5791 2755 5863 synodi)
2801 5792 3182 5846 auctoritatem
3251 5790 3564 5848 crediderit.

1987 5865 2252 5922 “UE'I‘IUS.
