  <div class='ocr_page' id='page_1' title='image "/cluster/home/n/w/nwhite01/storage/ocr_20150623/14/hvd.32044073501363/061.png"; bbox 0 0 4040 6210; ppageno 0'>
   <div class='ocr_carea' id='block_1_1' title="bbox 539 515 637 570">
    <p class='ocr_par' dir='ltr' id='par_1_1' title="bbox 539 515 637 570">
     <span class='ocr_line' id='line_1_1' title="bbox 539 515 637 570; baseline -0.031 0"><span class='ocrx_word' id='word_1_1' title='bbox 539 515 637 570; x_wconf 62' lang='grc'><strong>⁵111</strong></span> 
     </span>
    </p>
   </div>
   <div class='ocr_carea' id='block_1_2' title="bbox 1980 497 2298 554">
    <p class='ocr_par' dir='ltr' id='par_1_2' title="bbox 1980 497 2298 554">
     <span class='ocr_line' id='line_1_2' title="bbox 1980 497 2298 554; baseline 0 0"><span class='ocrx_word' id='word_1_2' title='bbox 1980 497 2298 554; x_wconf 61' lang='grc' dir='ltr'>(ιιιιεεινιε</span> 
     </span>
    </p>
   </div>
   <div class='ocr_carea' id='block_1_3' title="bbox 3703 490 3806 546">
    <p class='ocr_par' dir='ltr' id='par_1_3' title="bbox 3703 490 3806 546">
     <span class='ocr_line' id='line_1_3' title="bbox 3703 490 3806 546; baseline 0.01 -2"><span class='ocrx_word' id='word_1_3' title='bbox 3703 490 3806 546; x_wconf 68' lang='lat' dir='ltr'>H9</span> 
     </span>
    </p>
   </div>
   <div class='ocr_carea' id='block_1_4' title="bbox 548 606 2106 693">
    <p class='ocr_par' dir='ltr' id='par_1_4' title="bbox 548 615 2106 693">
     <span class='ocr_line' id='line_1_4' title="bbox 548 615 2106 693; baseline -0.01 -11"><span class='ocrx_word' id='word_1_4' title='bbox 548 638 678 682; x_wconf 83' lang='lat' dir='ltr'><strong>nent</strong></span> <span class='ocrx_word' id='word_1_5' title='bbox 703 625 864 680; x_wconf 84' lang='lat' dir='ltr'><strong>fontis</strong></span> <span class='ocrx_word' id='word_1_6' title='bbox 921 633 975 678; x_wconf 91' lang='lat' dir='ltr'><strong>et</strong></span> <span class='ocrx_word' id='word_1_7' title='bbox 1005 621 1269 693; x_wconf 74' lang='lat' dir='ltr'><strong>originis;</strong></span> <span class='ocrx_word' id='word_1_8' title='bbox 1311 619 1470 675; x_wconf 73' lang='lat' dir='ltr'><strong>Pater</strong></span> <span class='ocrx_word' id='word_1_9' title='bbox 1517 619 1739 688; x_wconf 81' lang='lat' dir='ltr'><strong>quidem</strong></span> <span class='ocrx_word' id='word_1_10' title='bbox 1785 615 2106 679; x_wconf 75' lang='lat' dir='ltr'><strong>divinitatis,</strong></span> 
     </span>
    </p>
   </div>
   <div class='ocr_carea' id='block_1_5' title="bbox 2210 606 3800 693">
    <p class='ocr_par' dir='ltr' id='par_1_5' title="bbox 2210 606 3800 684">
     <span class='ocr_line' id='line_1_5' title="bbox 2210 606 3800 684; baseline -0.006 -17"><span class='ocrx_word' id='word_1_11' title='bbox 2210 616 2237 666; x_wconf 86' lang='grc' dir='ltr'>ό</span> <span class='ocrx_word' id='word_1_12' title='bbox 2266 615 2322 667; x_wconf 83' lang='grc' dir='ltr'><strong>ὲν</strong></span> <span class='ocrx_word' id='word_1_13' title='bbox 2367 613 2506 684; x_wconf 75' lang='grc' dir='ltr'>ἀρχῇ</span> <span class='ocrx_word' id='word_1_14' title='bbox 2535 613 2703 680; x_wconf 85' lang='grc' dir='ltr'>Λόγος</span> <span class='ocrx_word' id='word_1_15' title='bbox 2724 651 2737 674; x_wconf 89' lang='grc'>,</span> <span class='ocrx_word' id='word_1_16' title='bbox 2769 611 2797 662; x_wconf 86' lang='grc' dir='ltr'>ό</span> <span class='ocrx_word' id='word_1_17' title='bbox 2835 609 2966 680; x_wconf 80' lang='grc' dir='ltr'>πρὸς</span> <span class='ocrx_word' id='word_1_18' title='bbox 3000 608 3089 661; x_wconf 83' lang='grc' dir='ltr'><strong>τὸν</strong></span> <span class='ocrx_word' id='word_1_19' title='bbox 3112 607 3243 660; x_wconf 85' lang='grc' dir='ltr'>Θεὸν</span> <span class='ocrx_word' id='word_1_20' title='bbox 3277 606 3352 659; x_wconf 82' lang='grc' dir='ltr'><strong>ὣν</strong></span> <span class='ocrx_word' id='word_1_21' title='bbox 3378 608 3405 658; x_wconf 84' lang='grc' dir='ltr'><strong>ό</strong></span> <span class='ocrx_word' id='word_1_22' title='bbox 3431 606 3562 668; x_wconf 86' lang='grc' dir='ltr'>Θεὸς</span> <span class='ocrx_word' id='word_1_23' title='bbox 3592 607 3762 673; x_wconf 78' lang='grc' dir='ltr'>Λόγος</span> <span class='ocrx_word' id='word_1_24' title='bbox 3787 623 3800 635; x_wconf 90' lang='grc'><strong>·</strong></span> 
     </span>
    </p>
   </div>
   <div class='ocr_carea' id='block_1_6' title="bbox 545 707 2110 785">
    <p class='ocr_par' dir='ltr' id='par_1_6' title="bbox 545 707 2110 785">
     <span class='ocr_line' id='line_1_6' title="bbox 545 707 2110 785; baseline -0.011 -11"><span class='ocrx_word' id='word_1_25' title='bbox 545 719 709 774; x_wconf 80' lang='lat' dir='ltr'><strong>Filius</strong></span> <span class='ocrx_word' id='word_1_26' title='bbox 737 731 866 770; x_wconf 83' lang='lat' dir='ltr'><strong>vero</strong></span> <span class='ocrx_word' id='word_1_27' title='bbox 895 713 1088 782; x_wconf 86' lang='grc' dir='ltr'>Λόγου,</span> <span class='ocrx_word' id='word_1_28' title='bbox 1109 713 1195 785; x_wconf 71' lang='lat' dir='ltr'><strong>[id</strong></span> <span class='ocrx_word' id='word_1_29' title='bbox 1223 721 1325 777; x_wconf 88' lang='lat' dir='ltr'><strong>est,</strong></span> <span class='ocrx_word' id='word_1_30' title='bbox 1359 707 2110 781; x_wconf 65' lang='lat' dir='ltr'><strong>rationis].Quemadmodum</strong></span> 
     </span>
    </p>
   </div>
   <div class='ocr_carea' id='block_1_7' title="bbox 543 797 2114 880">
    <p class='ocr_par' dir='ltr' id='par_1_7' title="bbox 543 797 2114 880">
     <span class='ocr_line' id='line_1_7' title="bbox 543 797 2114 880; baseline -0.006 -19"><span class='ocrx_word' id='word_1_31' title='bbox 543 824 673 880; x_wconf 73' lang='lat' dir='ltr'><strong>ergo</strong></span> <span class='ocrx_word' id='word_1_32' title='bbox 701 807 772 861; x_wconf 90' lang='lat' dir='ltr'><strong>dii</strong></span> <span class='ocrx_word' id='word_1_33' title='bbox 807 806 978 870; x_wconf 90' lang='lat' dir='ltr'><strong>multi,</strong></span> <span class='ocrx_word' id='word_1_34' title='bbox 1007 804 1100 858; x_wconf 81' lang='lat' dir='ltr'><strong>sed</strong></span> <span class='ocrx_word' id='word_1_35' title='bbox 1137 804 1290 859; x_wconf 91' lang='lat' dir='ltr'><strong>nobis</strong></span> <span class='ocrx_word' id='word_1_36' title='bbox 1315 817 1454 856; x_wconf 91' lang='lat' dir='ltr'><strong>unus</strong></span> <span class='ocrx_word' id='word_1_37' title='bbox 1485 801 1626 856; x_wconf 90' lang='lat' dir='ltr'><strong>Deus</strong></span> <span class='ocrx_word' id='word_1_38' title='bbox 1653 809 1772 863; x_wconf 81' lang='lat' dir='ltr'><strong>est,</strong></span> <span class='ocrx_word' id='word_1_39' title='bbox 1801 814 1995 868; x_wconf 85' lang='lat' dir='ltr'><strong>nempe</strong></span> <span class='ocrx_word' id='word_1_40' title='bbox 2021 797 2114 852; x_wconf 88' lang='lat' dir='ltr'><strong>ille</strong></span> 
     </span>
    </p>
   </div>
   <div class='ocr_carea' id='block_1_8' title="bbox 544 890 2114 963">
    <p class='ocr_par' dir='ltr' id='par_1_8' title="bbox 544 890 2114 963">
     <span class='ocr_line' id='line_1_8' title="bbox 544 890 2114 963; baseline -0.007 -9"><span class='ocrx_word' id='word_1_41' title='bbox 544 899 740 963; x_wconf 83' lang='lat' dir='ltr'><strong>Pater;</strong></span> <span class='ocrx_word' id='word_1_42' title='bbox 791 905 846 950; x_wconf 86' lang='lat' dir='ltr'><strong>ct</strong></span> <span class='ocrx_word' id='word_1_43' title='bbox 899 895 1050 949; x_wconf 88' lang='lat' dir='ltr'><strong>multi</strong></span> <span class='ocrx_word' id='word_1_44' title='bbox 1102 893 1302 948; x_wconf 85' lang='lat' dir='ltr'><strong>domini</strong></span> <span class='ocrx_word' id='word_1_45' title='bbox 1347 899 1490 959; x_wconf 83' lang='lat' dir='ltr'><strong>sunt,</strong></span> <span class='ocrx_word' id='word_1_46' title='bbox 1541 893 1632 946; x_wconf 87' lang='lat' dir='ltr'><strong>sed</strong></span> <span class='ocrx_word' id='word_1_47' title='bbox 1662 891 1816 945; x_wconf 88' lang='lat' dir='ltr'><strong>nobis</strong></span> <span class='ocrx_word' id='word_1_48' title='bbox 1841 905 1980 943; x_wconf 85' lang='lat' dir='ltr'><strong>unus</strong></span> <span class='ocrx_word' id='word_1_49' title='bbox 2012 890 2114 943; x_wconf 86' lang='lat' dir='ltr'><strong>Do-</strong></span> 
     </span>
    </p>
   </div>
   <div class='ocr_carea' id='block_1_9' title="bbox 545 979 2110 1047">
    <p class='ocr_par' dir='ltr' id='par_1_9' title="bbox 545 979 2110 1047">
     <span class='ocr_line' id='line_1_9' title="bbox 545 979 2110 1047; baseline -0.008 -5"><span class='ocrx_word' id='word_1_50' title='bbox 545 990 828 1043; x_wconf 89' lang='lat' dir='ltr'><strong>minusest</strong></span> <span class='ocrx_word' id='word_1_51' title='bbox 848 981 1003 1040; x_wconf 67' lang='lat' dir='ltr'><strong>Iesus</strong></span> <span class='ocrx_word' id='word_1_52' title='bbox 1022 984 1269 1040; x_wconf 79' lang='lat' dir='ltr'><strong>Christus</strong></span> <span class='ocrx_word' id='word_1_53' title='bbox 1296 999 1311 1036; x_wconf 93' lang='lat'><strong>:</strong></span> <span class='ocrx_word' id='word_1_54' title='bbox 1335 982 1413 1036; x_wconf 90' lang='lat' dir='ltr'><strong>sic</strong></span> <span class='ocrx_word' id='word_1_55' title='bbox 1433 981 1584 1035; x_wconf 79' lang='lat' dir='ltr'><strong>multi</strong></span> <span class='ocrx_word' id='word_1_56' title='bbox 1611 981 1773 1036; x_wconf 89' lang='lat' dir='ltr'><strong>etiam</strong></span> <span class='ocrx_word' id='word_1_57' title='bbox 1797 989 1923 1034; x_wconf 90' lang='lat' dir='ltr'><strong>sunt</strong></span> <span class='ocrx_word' id='word_1_58' title='bbox 1942 979 2110 1047; x_wconf 84' lang='grc' dir='ltr'>λόγοι,</span> 
     </span>
    </p>
   </div>
   <div class='ocr_carea' id='block_1_10' title="bbox 523 1070 2114 1152">
    <p class='ocr_par' dir='ltr' id='par_1_10' title="bbox 523 1070 2114 1152">
     <span class='ocr_line' id='line_1_10' title="bbox 523 1070 2114 1152; baseline -0.008 -17"><span class='ocrx_word' id='word_1_59' title='bbox 523 1079 673 1152; x_wconf 56' lang='lat' dir='ltr'><strong>{hoc</strong></span> <span class='ocrx_word' id='word_1_60' title='bbox 716 1088 821 1140; x_wconf 87' lang='lat' dir='ltr'><strong>est,</strong></span> <span class='ocrx_word' id='word_1_61' title='bbox 849 1071 1134 1144; x_wconf 83' lang='lat' dir='ltr'><strong>rationes,]</strong></span> <span class='ocrx_word' id='word_1_62' title='bbox 1180 1072 1272 1127; x_wconf 90' lang='lat' dir='ltr'><strong>sed</strong></span> <span class='ocrx_word' id='word_1_63' title='bbox 1322 1071 1483 1126; x_wconf 89' lang='lat' dir='ltr'><strong>nobis</strong></span> <span class='ocrx_word' id='word_1_64' title='bbox 1516 1071 1665 1124; x_wconf 86' lang='lat' dir='ltr'><strong>illum</strong></span> <span class='ocrx_word' id='word_1_65' title='bbox 1706 1070 1898 1138; x_wconf 80' lang='grc' dir='ltr'><strong>Λόγον,</strong></span> <span class='ocrx_word' id='word_1_66' title='bbox 1931 1070 2010 1140; x_wconf 76' lang='lat' dir='ltr'><strong>[id</strong></span> <span class='ocrx_word' id='word_1_67' title='bbox 2033 1076 2114 1122; x_wconf 90' lang='lat' dir='ltr'><strong>est</strong></span> 
     </span>
    </p>
   </div>
   <div class='ocr_carea' id='block_1_11' title="bbox 545 1159 2105 1233">
    <p class='ocr_par' dir='ltr' id='par_1_11' title="bbox 545 1159 2105 1233">
     <span class='ocr_line' id='line_1_11' title="bbox 545 1159 2105 1233; baseline -0.009 -8"><span class='ocrx_word' id='word_1_68' title='bbox 545 1173 810 1226; x_wconf 88' lang='lat' dir='ltr'><strong>rationem</strong></span> <span class='ocrx_word' id='word_1_69' title='bbox 837 1163 1030 1233; x_wconf 63' lang='lat' dir='ltr'><strong>illamJ</strong></span> <span class='ocrx_word' id='word_1_70' title='bbox 1055 1177 1340 1233; x_wconf 82' lang='lat' dir='ltr'><strong>precamur</strong></span> <span class='ocrx_word' id='word_1_71' title='bbox 1375 1163 1578 1227; x_wconf 89' lang='lat' dir='ltr'><strong>inesse,</strong></span> <span class='ocrx_word' id='word_1_72' title='bbox 1615 1177 1733 1230; x_wconf 77' lang='lat' dir='ltr'><strong>qua:</strong></span> <span class='ocrx_word' id='word_1_73' title='bbox 1764 1171 1849 1216; x_wconf 86' lang='lat' dir='ltr'><strong>est</strong></span> <span class='ocrx_word' id='word_1_74' title='bbox 1880 1161 1931 1214; x_wconf 91' lang='lat' dir='ltr'><strong>in</strong></span> <span class='ocrx_word' id='word_1_75' title='bbox 1963 1159 2105 1228; x_wconf 88' lang='lat' dir='ltr'><strong>prin-</strong></span> 
     </span>
    </p>
   </div>
   <div class='ocr_carea' id='block_1_12' title="bbox 515 1248 2112 1332">
    <p class='ocr_par' dir='ltr' id='par_1_12' title="bbox 515 1248 2112 1332">
     <span class='ocr_line' id='line_1_12' title="bbox 515 1248 2112 1332; baseline -0.011 -16"><span class='ocrx_word' id='word_1_76' title='bbox 515 1261 705 1332; x_wconf 76' lang='lat' dir='ltr'><strong>cipio,</strong></span> <span class='ocrx_word' id='word_1_77' title='bbox 745 1272 872 1328; x_wconf 74' lang='lat' dir='ltr'><strong>‘qnte</strong></span> <span class='ocrx_word' id='word_1_78' title='bbox 913 1263 996 1310; x_wconf 91' lang='lat' dir='ltr'><strong>est</strong></span> <span class='ocrx_word' id='word_1_79' title='bbox 1028 1255 1167 1323; x_wconf 90' lang='lat' dir='ltr'><strong>apud</strong></span> <span class='ocrx_word' id='word_1_80' title='bbox 1202 1254 1368 1308; x_wconf 88' lang='lat' dir='ltr'><strong>Deum</strong></span> <span class='ocrx_word' id='word_1_81' title='bbox 1422 1251 1563 1305; x_wconf 89' lang='lat' dir='ltr'><strong>Deus</strong></span> <span class='ocrx_word' id='word_1_82' title='bbox 1595 1250 1786 1318; x_wconf 84' lang='grc' dir='ltr'><strong>Λόγος.</strong></span> <span class='ocrx_word' id='word_1_83' title='bbox 1819 1249 1919 1316; x_wconf 86' lang='lat' dir='ltr'><strong>Qui</strong></span> <span class='ocrx_word' id='word_1_84' title='bbox 1967 1248 2112 1302; x_wconf 88' lang='lat' dir='ltr'><strong>enim</strong></span> 
     </span>
    </p>
   </div>
   <div class='ocr_carea' id='block_1_13' title="bbox 543 1337 2110 1419">
    <p class='ocr_par' dir='ltr' id='par_1_13' title="bbox 543 1337 2110 1419">
     <span class='ocr_line' id='line_1_13' title="bbox 543 1337 2110 1419; baseline -0.009 -14"><span class='ocrx_word' id='word_1_85' title='bbox 543 1365 646 1404; x_wconf 93' lang='lat' dir='ltr'><strong>non</strong></span> <span class='ocrx_word' id='word_1_86' title='bbox 673 1350 818 1419; x_wconf 86' lang='lat' dir='ltr'><strong>capit</strong></span> <span class='ocrx_word' id='word_1_87' title='bbox 876 1347 1049 1415; x_wconf 83' lang='grc' dir='ltr'>Λόγον</span> <span class='ocrx_word' id='word_1_88' title='bbox 1079 1345 1242 1412; x_wconf 91' lang='lat' dir='ltr'><strong>hunc,</strong></span> <span class='ocrx_word' id='word_1_89' title='bbox 1286 1341 1364 1414; x_wconf 89' lang='lat' dir='ltr'><strong>[id</strong></span> <span class='ocrx_word' id='word_1_90' title='bbox 1394 1351 1496 1403; x_wconf 90' lang='lat' dir='ltr'><strong>est.</strong></span> <span class='ocrx_word' id='word_1_91' title='bbox 1527 1339 1838 1411; x_wconf 85' lang='lat' dir='ltr'><strong>rationem,]</strong></span> <span class='ocrx_word' id='word_1_92' title='bbox 1883 1354 2002 1408; x_wconf 78' lang='lat' dir='ltr'><strong>qua:</strong></span> <span class='ocrx_word' id='word_1_93' title='bbox 2056 1337 2110 1392; x_wconf 89' lang='lat' dir='ltr'><strong>in</strong></span> 
     </span>
    </p>
   </div>
   <div class='ocr_carea' id='block_1_14' title="bbox 507 1433 2108 1511">
    <p class='ocr_par' dir='ltr' id='par_1_14' title="bbox 507 1433 2108 1511">
     <span class='ocr_line' id='line_1_14' title="bbox 507 1433 2108 1511; baseline -0.007 -17"><span class='ocrx_word' id='word_1_94' title='bbox 507 1459 516 1494; x_wconf 64' lang='grc'><strong>.’</strong></span> <span class='ocrx_word' id='word_1_95' title='bbox 541 1439 807 1511; x_wconf 85' lang='lat' dir='ltr'><strong>principio</strong></span> <span class='ocrx_word' id='word_1_96' title='bbox 855 1437 995 1506; x_wconf 86' lang='lat' dir='ltr'><strong>apud</strong></span> <span class='ocrx_word' id='word_1_97' title='bbox 1052 1437 1221 1491; x_wconf 90' lang='lat' dir='ltr'><strong>Deum</strong></span> <span class='ocrx_word' id='word_1_98' title='bbox 1277 1443 1379 1499; x_wconf 89' lang='lat' dir='ltr'><strong>est,</strong></span> <span class='ocrx_word' id='word_1_99' title='bbox 1427 1442 1522 1488; x_wconf 89' lang='lat' dir='ltr'><strong>aut</strong></span> <span class='ocrx_word' id='word_1_100' title='bbox 1567 1433 1738 1501; x_wconf 88' lang='lat' dir='ltr'><strong>ipsum</strong></span> <span class='ocrx_word' id='word_1_101' title='bbox 1769 1439 2108 1498; x_wconf 87' lang='lat' dir='ltr'><strong>assequetur,</strong></span> 
     </span>
    </p>
   </div>
   <div class='ocr_carea' id='block_1_15' title="bbox 542 1519 2113 1604">
    <p class='ocr_par' dir='ltr' id='par_1_15' title="bbox 542 1519 2113 1604">
     <span class='ocr_line' id='line_1_15' title="bbox 542 1519 2113 1604; baseline -0.007 -20"><span class='ocrx_word' id='word_1_102' title='bbox 542 1543 809 1602; x_wconf 77' lang='lat' dir='ltr'><strong>quatenus</strong></span> <span class='ocrx_word' id='word_1_103' title='bbox 858 1543 986 1584; x_wconf 89' lang='lat' dir='ltr'><strong>caro</strong></span> <span class='ocrx_word' id='word_1_104' title='bbox 1032 1526 1208 1604; x_wconf 79' lang='lat' dir='ltr'><strong>factus</strong></span> <span class='ocrx_word' id='word_1_105' title='bbox 1253 1535 1356 1592; x_wconf 92' lang='lat' dir='ltr'><strong>est,</strong></span> <span class='ocrx_word' id='word_1_106' title='bbox 1401 1533 1498 1578; x_wconf 89' lang='lat' dir='ltr'><strong>aut</strong></span> <span class='ocrx_word' id='word_1_107' title='bbox 1539 1523 1811 1594; x_wconf 82' lang='lat' dir='ltr'><strong>particeps</strong></span> <span class='ocrx_word' id='word_1_108' title='bbox 1853 1519 2113 1576; x_wconf 75' lang='lat' dir='ltr'><strong>efﬁcietur</strong></span> 
     </span>
    </p>
   </div>
   <div class='ocr_carea' id='block_1_16' title="bbox 511 1613 2111 1690">
    <p class='ocr_par' dir='ltr' id='par_1_16' title="bbox 511 1613 2111 1690">
     <span class='ocr_line' id='line_1_16' title="bbox 511 1613 2111 1690; baseline -0.009 -11"><span class='ocrx_word' id='word_1_109' title='bbox 511 1623 771 1690; x_wconf 72' lang='lat' dir='ltr'><strong>alicujus</strong></span> <span class='ocrx_word' id='word_1_110' title='bbox 815 1635 1024 1684; x_wconf 91' lang='lat' dir='ltr'><strong>eorum,</strong></span> <span class='ocrx_word' id='word_1_111' title='bbox 1068 1619 1156 1688; x_wconf 85' lang='lat' dir='ltr'><strong>qui</strong></span> <span class='ocrx_word' id='word_1_112' title='bbox 1191 1617 1364 1684; x_wconf 82' lang='grc' dir='ltr'>Λόγον</span> <span class='ocrx_word' id='word_1_113' title='bbox 1397 1616 1559 1679; x_wconf 91' lang='lat' dir='ltr'><strong>hunc,</strong></span> <span class='ocrx_word' id='word_1_114' title='bbox 1585 1614 1661 1686; x_wconf 88' lang='lat' dir='ltr'><strong>[id</strong></span> <span class='ocrx_word' id='word_1_115' title='bbox 1696 1621 1802 1678; x_wconf 87' lang='lat' dir='ltr'><strong>est,</strong></span> <span class='ocrx_word' id='word_1_116' title='bbox 1844 1613 2111 1667; x_wconf 90' lang='lat' dir='ltr'><strong>rationem</strong></span> 
     </span>
    </p>
   </div>
   <div class='ocr_carea' id='block_1_17' title="bbox 522 1704 2108 1788">
    <p class='ocr_par' dir='ltr' id='par_1_17' title="bbox 522 1704 2108 1788">
     <span class='ocr_line' id='line_1_17' title="bbox 522 1704 2108 1788; baseline -0.008 -18"><span class='ocrx_word' id='word_1_117' title='bbox 522 1715 766 1788; x_wconf 55' lang='lat' dir='ltr'><strong>.ipsam,j</strong></span> <span class='ocrx_word' id='word_1_118' title='bbox 796 1721 1158 1782; x_wconf 84' lang='lat' dir='ltr'><strong>assequuntur</strong></span> <span class='ocrx_word' id='word_1_119' title='bbox 1189 1726 1204 1763; x_wconf 90' lang='lat'><strong>:</strong></span> <span class='ocrx_word' id='word_1_120' title='bbox 1245 1711 1290 1766; x_wconf 89' lang='lat' dir='ltr'><strong>si</strong></span> <span class='ocrx_word' id='word_1_121' title='bbox 1338 1723 1469 1764; x_wconf 88' lang='lat' dir='ltr'><strong>vero</strong></span> <span class='ocrx_word' id='word_1_122' title='bbox 1511 1723 1609 1762; x_wconf 89' lang='lat' dir='ltr'><strong>nec</strong></span> <span class='ocrx_word' id='word_1_123' title='bbox 1640 1705 1868 1774; x_wconf 79' lang='lat' dir='ltr'><strong>alicujus</strong></span> <span class='ocrx_word' id='word_1_124' title='bbox 1895 1704 2108 1774; x_wconf 85' lang='lat' dir='ltr'><strong>quidem</strong></span> 
     </span>
    </p>
   </div>
   <div class='ocr_carea' id='block_1_18' title="bbox 544 1797 2111 1876">
    <p class='ocr_par' dir='ltr' id='par_1_18' title="bbox 544 1797 2111 1876">
     <span class='ocr_line' id='line_1_18' title="bbox 544 1797 2111 1876; baseline -0.01 -13"><span class='ocrx_word' id='word_1_125' title='bbox 544 1806 859 1876; x_wconf 87' lang='lat' dir='ltr'><strong>horum,qui</strong></span> <span class='ocrx_word' id='word_1_126' title='bbox 892 1803 1051 1874; x_wconf 73' lang='lat' dir='ltr'><strong>hujus</strong></span> <span class='ocrx_word' id='word_1_127' title='bbox 1081 1802 1308 1858; x_wconf 84' lang='lat' dir='ltr'><strong>rationis</strong></span> <span class='ocrx_word' id='word_1_128' title='bbox 1338 1800 1632 1872; x_wconf 84' lang='lat' dir='ltr'><strong>participes</strong></span> <span class='ocrx_word' id='word_1_129' title='bbox 1659 1797 1952 1860; x_wconf 84' lang='lat' dir='ltr'><strong>exsistunt,</strong></span> <span class='ocrx_word' id='word_1_130' title='bbox 1985 1809 2111 1863; x_wconf 86' lang='lat' dir='ltr'><strong>par-</strong></span> 
     </span>
    </p>
   </div>
   <div class='ocr_carea' id='block_1_19' title="bbox 543 1886 2112 1969">
    <p class='ocr_par' dir='ltr' id='par_1_19' title="bbox 543 1886 2112 1969">
     <span class='ocr_line' id='line_1_19' title="bbox 543 1886 2112 1969; baseline -0.01 -14"><span class='ocrx_word' id='word_1_131' title='bbox 543 1902 713 1969; x_wconf 87' lang='lat' dir='ltr'><strong>ticeps</strong></span> <span class='ocrx_word' id='word_1_132' title='bbox 750 1896 886 1952; x_wconf 88' lang='lat' dir='ltr'><strong>ellici</strong></span> <span class='ocrx_word' id='word_1_133' title='bbox 918 1894 1138 1968; x_wconf 89' lang='lat' dir='ltr'><strong>poterit,</strong></span> <span class='ocrx_word' id='word_1_134' title='bbox 1173 1896 1226 1948; x_wconf 90' lang='lat' dir='ltr'><strong>in</strong></span> <span class='ocrx_word' id='word_1_135' title='bbox 1266 1906 1497 1947; x_wconf 89' lang='lat' dir='ltr'><strong>numero</strong></span> <span class='ocrx_word' id='word_1_136' title='bbox 1523 1889 1744 1946; x_wconf 91' lang='lat' dir='ltr'><strong>omnino</strong></span> <span class='ocrx_word' id='word_1_137' title='bbox 1773 1903 1964 1943; x_wconf 89' lang='lat' dir='ltr'><strong>eorum</strong></span> <span class='ocrx_word' id='word_1_138' title='bbox 2004 1886 2112 1940; x_wconf 90' lang='lat' dir='ltr'><strong>erit</strong></span> 
     </span>
    </p>
   </div>
   <div class='ocr_carea' id='block_1_20' title="bbox 2213 699 3812 776">
    <p class='ocr_par' dir='ltr' id='par_1_20' title="bbox 2213 699 3812 776">
     <span class='ocr_line' id='line_1_20' title="bbox 2213 699 3812 776; baseline -0.005 -17"><span class='ocrx_word' id='word_1_139' title='bbox 2213 707 2270 769; x_wconf 77' lang='grc' dir='ltr'><strong>ὃς</strong></span> <span class='ocrx_word' id='word_1_140' title='bbox 2303 704 2410 776; x_wconf 75' lang='grc' dir='ltr'>γὰρ</span> <span class='ocrx_word' id='word_1_141' title='bbox 2443 705 2504 757; x_wconf 80' lang='grc' dir='ltr'>οὺ</span> <span class='ocrx_word' id='word_1_142' title='bbox 2543 705 2709 774; x_wconf 86' lang='grc' dir='ltr'>χωρεῖ</span> <span class='ocrx_word' id='word_1_143' title='bbox 2741 701 2927 755; x_wconf 87' lang='grc' dir='ltr'>τοῦτον</span> <span class='ocrx_word' id='word_1_144' title='bbox 2952 701 3042 752; x_wconf 89' lang='grc' dir='ltr'><strong>τὸν</strong></span> <span class='ocrx_word' id='word_1_145' title='bbox 3070 701 3241 767; x_wconf 80' lang='grc' dir='ltr'>Λόγον</span> <span class='ocrx_word' id='word_1_146' title='bbox 3263 699 3353 750; x_wconf 86' lang='grc' dir='ltr'><strong>τὸν</strong></span> <span class='ocrx_word' id='word_1_147' title='bbox 3385 699 3441 750; x_wconf 81' lang='grc' dir='ltr'>ἐν</span> <span class='ocrx_word' id='word_1_148' title='bbox 3471 699 3612 768; x_wconf 81' lang='grc' dir='ltr'>ἀρχῇ</span> <span class='ocrx_word' id='word_1_149' title='bbox 3657 699 3812 763; x_wconf 82' lang='grc' dir='ltr'>πρὸς</span> 
     </span>
    </p>
   </div>
   <div class='ocr_carea' id='block_1_21' title="bbox 2212 788 3806 866">
    <p class='ocr_par' dir='ltr' id='par_1_21' title="bbox 2212 788 3806 866">
     <span class='ocr_line' id='line_1_21' title="bbox 2212 788 3806 866; baseline -0.008 -16"><span class='ocrx_word' id='word_1_150' title='bbox 2212 797 2302 850; x_wconf 89' lang='grc' dir='ltr'><strong>τὸν</strong></span> <span class='ocrx_word' id='word_1_151' title='bbox 2327 797 2480 859; x_wconf 85' lang='grc' dir='ltr'>Θεὸν,</span> <span class='ocrx_word' id='word_1_152' title='bbox 2506 796 2622 866; x_wconf 72' lang='grc' dir='ltr'>ἦτοι</span> <span class='ocrx_word' id='word_1_153' title='bbox 2643 791 2791 863; x_wconf 83' lang='grc' dir='ltr'>αὐτῷ</span> <span class='ocrx_word' id='word_1_154' title='bbox 2812 790 3086 860; x_wconf 79' lang='grc' dir='ltr'>γενομένῳ</span> <span class='ocrx_word' id='word_1_155' title='bbox 3104 790 3266 860; x_wconf 75' lang='grc' dir='ltr'>σαρκὶ</span> <span class='ocrx_word' id='word_1_156' title='bbox 3293 789 3570 860; x_wconf 75' lang='grc' dir='ltr'><strong>προσέξει,</strong></span> <span class='ocrx_word' id='word_1_157' title='bbox 3603 788 3634 857; x_wconf 82' lang='grc' dir='ltr'>ἢ</span> <span class='ocrx_word' id='word_1_158' title='bbox 3662 791 3806 856; x_wconf 77' lang='grc' dir='ltr'>μευ-</span> 
     </span>
    </p>
   </div>
   <div class='ocr_carea' id='block_1_22' title="bbox 2213 878 3800 956">
    <p class='ocr_par' dir='ltr' id='par_1_22' title="bbox 2213 878 3800 956">
     <span class='ocr_line' id='line_1_22' title="bbox 2213 878 3800 956; baseline -0.008 -14"><span class='ocrx_word' id='word_1_159' title='bbox 2213 889 2321 953; x_wconf 74' lang='grc' dir='ltr'>έξει</span> <span class='ocrx_word' id='word_1_160' title='bbox 2361 887 2469 941; x_wconf 88' lang='grc' dir='ltr'><strong>τῶν</strong></span> <span class='ocrx_word' id='word_1_161' title='bbox 2509 884 2920 956; x_wconf 81' lang='grc' dir='ltr'><strong>μετεσχηκότων</strong></span> <span class='ocrx_word' id='word_1_162' title='bbox 2956 883 3096 944; x_wconf 85' lang='grc' dir='ltr'>τινὸς</span> <span class='ocrx_word' id='word_1_163' title='bbox 3134 880 3326 934; x_wconf 79' lang='grc' dir='ltr'>τούτου</span> <span class='ocrx_word' id='word_1_164' title='bbox 3383 879 3476 932; x_wconf 92' lang='grc' dir='ltr'><strong>τοῦ</strong></span> <span class='ocrx_word' id='word_1_165' title='bbox 3517 880 3690 947; x_wconf 81' lang='grc' dir='ltr'>Λόγου</span> <span class='ocrx_word' id='word_1_166' title='bbox 3716 917 3730 941; x_wconf 94' lang='grc'>,</span> <span class='ocrx_word' id='word_1_167' title='bbox 3759 878 3800 949; x_wconf 74' lang='grc' dir='ltr'>ἢ</span> 
     </span>
    </p>
   </div>
   <div class='ocr_carea' id='block_1_23' title="bbox 2214 970 3804 1046">
    <p class='ocr_par' dir='ltr' id='par_1_23' title="bbox 2214 970 3804 1046">
     <span class='ocr_line' id='line_1_23' title="bbox 2214 970 3804 1046; baseline -0.006 -14"><span class='ocrx_word' id='word_1_168' title='bbox 2214 977 2506 1032; x_wconf 83' lang='grc' dir='ltr'>ἀποπεσὼν</span> <span class='ocrx_word' id='word_1_169' title='bbox 2531 976 2624 1030; x_wconf 89' lang='grc' dir='ltr'><strong>τοῦ</strong></span> <span class='ocrx_word' id='word_1_170' title='bbox 2660 975 2907 1046; x_wconf 81' lang='grc' dir='ltr'><strong>μετέχειν</strong></span> <span class='ocrx_word' id='word_1_171' title='bbox 2937 973 3028 1026; x_wconf 86' lang='grc' dir='ltr'><strong>τοῦ</strong></span> <span class='ocrx_word' id='word_1_172' title='bbox 3076 971 3490 1044; x_wconf 86' lang='grc' dir='ltr'>μετεσχηκότος,</span> <span class='ocrx_word' id='word_1_173' title='bbox 3524 972 3581 1023; x_wconf 79' lang='grc' dir='ltr'><strong>ὲν</strong></span> <span class='ocrx_word' id='word_1_174' title='bbox 3617 970 3804 1035; x_wconf 85' lang='grc' dir='ltr'>πάντη</span> 
     </span>
    </p>
   </div>
   <div class='ocr_carea' id='block_1_24' title="bbox 2214 1062 3806 1141">
    <p class='ocr_par' dir='ltr' id='par_1_24' title="bbox 2214 1062 3806 1141">
     <span class='ocr_line' id='line_1_24' title="bbox 2214 1062 3806 1141; baseline -0.006 -18"><span class='ocrx_word' id='word_1_175' title='bbox 2214 1070 2473 1141; x_wconf 76' lang='grc' dir='ltr'><strong>ἀλλοτρίῳ</strong></span> <span class='ocrx_word' id='word_1_176' title='bbox 2497 1068 2590 1122; x_wconf 90' lang='grc' dir='ltr'><strong>τοῦ</strong></span> <span class='ocrx_word' id='word_1_177' title='bbox 2622 1068 2782 1135; x_wconf 85' lang='grc' dir='ltr'>λόγου</span> <span class='ocrx_word' id='word_1_178' title='bbox 2814 1066 2965 1119; x_wconf 83' lang='grc' dir='ltr'>ἕσται</span> <span class='ocrx_word' id='word_1_179' title='bbox 2990 1065 3326 1135; x_wconf 86' lang='grc' dir='ltr'>καλουμένῳ.</span> <span class='ocrx_word' id='word_1_180' title='bbox 3360 1063 3534 1131; x_wconf 76' lang='grc' dir='ltr'>Σαφὲς</span> <span class='ocrx_word' id='word_1_181' title='bbox 3555 1063 3611 1116; x_wconf 73' lang='grc' dir='ltr'>δὲ</span> <span class='ocrx_word' id='word_1_182' title='bbox 3645 1062 3806 1115; x_wconf 78' lang='grc' dir='ltr'>ἔσται</span> 
     </span>
    </p>
   </div>
   <div class='ocr_carea' id='block_1_25' title="bbox 2213 1153 3802 1234">
    <p class='ocr_par' dir='ltr' id='par_1_25' title="bbox 2213 1153 3802 1234">
     <span class='ocr_line' id='line_1_25' title="bbox 2213 1153 3802 1234; baseline -0.006 -19"><span class='ocrx_word' id='word_1_183' title='bbox 2213 1163 2273 1215; x_wconf 91' lang='grc' dir='ltr'><strong>τὸ</strong></span> <span class='ocrx_word' id='word_1_184' title='bbox 2313 1161 2597 1234; x_wconf 79' lang='grc' dir='ltr'>εἰρημένον</span> <span class='ocrx_word' id='word_1_185' title='bbox 2638 1163 2702 1214; x_wconf 89' lang='grc' dir='ltr'>ὲκ</span> <span class='ocrx_word' id='word_1_186' title='bbox 2731 1157 3187 1230; x_wconf 77' lang='grc' dir='ltr'><strong>παραδειγμάτων</strong></span> <span class='ocrx_word' id='word_1_187' title='bbox 3212 1156 3319 1208; x_wconf 87' lang='grc' dir='ltr'><strong>τῶν</strong></span> <span class='ocrx_word' id='word_1_188' title='bbox 3344 1155 3472 1225; x_wconf 80' lang='grc' dir='ltr'>περὶ</span> <span class='ocrx_word' id='word_1_189' title='bbox 3501 1155 3594 1208; x_wconf 90' lang='grc' dir='ltr'><strong>τοῦ</strong></span> <span class='ocrx_word' id='word_1_190' title='bbox 3635 1153 3802 1217; x_wconf 84' lang='grc' dir='ltr'>Θεοῦ,</span> 
     </span>
    </p>
   </div>
   <div class='ocr_carea' id='block_1_26' title="bbox 2213 1244 3805 1319">
    <p class='ocr_par' dir='ltr' id='par_1_26' title="bbox 2213 1244 3805 1319">
     <span class='ocr_line' id='line_1_26' title="bbox 2213 1244 3805 1319; baseline -0.005 -14"><span class='ocrx_word' id='word_1_191' title='bbox 2213 1252 2416 1306; x_wconf 75' lang='grc' dir='ltr'>καὶτοῦ</span> <span class='ocrx_word' id='word_1_192' title='bbox 2445 1251 2578 1305; x_wconf 82' lang='grc' dir='ltr'>Θεοῦ</span> <span class='ocrx_word' id='word_1_193' title='bbox 2609 1251 2804 1319; x_wconf 81' lang='grc' dir='ltr'>Λόγου,</span> <span class='ocrx_word' id='word_1_194' title='bbox 2845 1251 2940 1302; x_wconf 71' lang='grc' dir='ltr'><strong>καὶ</strong></span> <span class='ocrx_word' id='word_1_195' title='bbox 2957 1249 3247 1319; x_wconf 78' lang='grc' dir='ltr'>θεῶν,ήτοι</span> <span class='ocrx_word' id='word_1_196' title='bbox 3275 1246 3608 1318; x_wconf 80' lang='grc' dir='ltr'>μετεχόντων</span> <span class='ocrx_word' id='word_1_197' title='bbox 3636 1244 3805 1310; x_wconf 84' lang='grc' dir='ltr'>Θεοῦ,</span> 
     </span>
    </p>
   </div>
   <div class='ocr_carea' id='block_1_27' title="bbox 2213 1335 3806 1414">
    <p class='ocr_par' dir='ltr' id='par_1_27' title="bbox 2213 1335 3806 1414">
     <span class='ocr_line' id='line_1_27' title="bbox 2213 1335 3806 1414; baseline -0.005 -17"><span class='ocrx_word' id='word_1_198' title='bbox 2213 1343 2246 1413; x_wconf 75' lang='grc' dir='ltr'>ἢ</span> <span class='ocrx_word' id='word_1_199' title='bbox 2281 1343 2585 1414; x_wconf 86' lang='grc' dir='ltr'>λεγομένων</span> <span class='ocrx_word' id='word_1_200' title='bbox 2613 1343 2730 1412; x_wconf 84' lang='grc' dir='ltr'>μὲν,</span> <span class='ocrx_word' id='word_1_201' title='bbox 2759 1339 3007 1410; x_wconf 75' lang='grc' dir='ltr'>οὐδαμῶς</span> <span class='ocrx_word' id='word_1_202' title='bbox 3037 1339 3092 1391; x_wconf 78' lang='grc' dir='ltr'>δὲ</span> <span class='ocrx_word' id='word_1_203' title='bbox 3126 1338 3294 1391; x_wconf 80' lang='grc' dir='ltr'>ὄντων</span> <span class='ocrx_word' id='word_1_204' title='bbox 3329 1338 3484 1402; x_wconf 89' lang='grc' dir='ltr'>θεῶν,</span> <span class='ocrx_word' id='word_1_205' title='bbox 3513 1337 3607 1389; x_wconf 75' lang='grc' dir='ltr'><strong>καὶ</strong></span> <span class='ocrx_word' id='word_1_206' title='bbox 3633 1335 3806 1389; x_wconf 83' lang='grc' dir='ltr'>πάλιν</span> 
     </span>
    </p>
   </div>
   <div class='ocr_carea' id='block_1_28' title="bbox 2213 1427 3806 1502">
    <p class='ocr_par' dir='ltr' id='par_1_28' title="bbox 2213 1427 3806 1502">
     <span class='ocr_line' id='line_1_28' title="bbox 2213 1427 3806 1502; baseline -0.005 -15"><span class='ocrx_word' id='word_1_207' title='bbox 2213 1435 2387 1502; x_wconf 91' lang='grc' dir='ltr'>Λόγου</span> <span class='ocrx_word' id='word_1_208' title='bbox 2415 1434 2572 1497; x_wconf 87' lang='grc' dir='ltr'>Θεοῦ,</span> <span class='ocrx_word' id='word_1_209' title='bbox 2603 1435 2697 1487; x_wconf 74' lang='grc' dir='ltr'><strong>καὶ</strong></span> <span class='ocrx_word' id='word_1_210' title='bbox 2724 1432 2896 1500; x_wconf 88' lang='grc' dir='ltr'>Λόγου</span> <span class='ocrx_word' id='word_1_211' title='bbox 2927 1429 3216 1501; x_wconf 82' lang='grc' dir='ltr'>γενομένου</span> <span class='ocrx_word' id='word_1_212' title='bbox 3262 1427 3397 1482; x_wconf 90' lang='grc' dir='ltr'>Θεοῦ</span> <span class='ocrx_word' id='word_1_213' title='bbox 3441 1427 3664 1498; x_wconf 88' lang='grc' dir='ltr'>σαρκὸς,</span> <span class='ocrx_word' id='word_1_214' title='bbox 3701 1427 3806 1480; x_wconf 75' lang='grc' dir='ltr'>καὶ</span> 
     </span>
    </p>
   </div>
   <div class='ocr_carea' id='block_1_29' title="bbox 2212 1520 3806 1597">
    <p class='ocr_par' dir='ltr' id='par_1_29' title="bbox 2212 1520 3806 1597">
     <span class='ocr_line' id='line_1_29' title="bbox 2212 1520 3806 1597; baseline -0.005 -17"><span class='ocrx_word' id='word_1_215' title='bbox 2212 1527 2387 1595; x_wconf 91' lang='grc' dir='ltr'>λόγων</span> <span class='ocrx_word' id='word_1_216' title='bbox 2419 1525 2531 1597; x_wconf 75' lang='grc'>(82)</span> <span class='ocrx_word' id='word_1_217' title='bbox 2571 1526 2689 1596; x_wconf 75' lang='grc' dir='ltr'>ἤτοι</span> <span class='ocrx_word' id='word_1_218' title='bbox 2719 1524 3052 1594; x_wconf 83' lang='grc' dir='ltr'>μετεχόντων</span> <span class='ocrx_word' id='word_1_219' title='bbox 3086 1540 3201 1586; x_wconf 88' lang='grc' dir='ltr'><strong>πως</strong></span> <span class='ocrx_word' id='word_1_220' title='bbox 3242 1521 3336 1574; x_wconf 92' lang='grc' dir='ltr'><strong>τοῦ</strong></span> <span class='ocrx_word' id='word_1_221' title='bbox 3373 1520 3546 1589; x_wconf 88' lang='grc' dir='ltr'>Λόγου</span> <span class='ocrx_word' id='word_1_222' title='bbox 3572 1559 3586 1584; x_wconf 88' lang='grc'>,</span> <span class='ocrx_word' id='word_1_223' title='bbox 3620 1520 3806 1587; x_wconf 86' lang='grc' dir='ltr'>λόγων</span> 
     </span>
    </p>
   </div>
   <div class='ocr_carea' id='block_1_30' title="bbox 2211 1613 3808 1690">
    <p class='ocr_par' dir='ltr' id='par_1_30' title="bbox 2211 1613 3808 1690">
     <span class='ocr_line' id='line_1_30' title="bbox 2211 1613 3808 1690; baseline -0.004 -18"><span class='ocrx_word' id='word_1_224' title='bbox 2211 1619 2508 1690; x_wconf 81' lang='grc' dir='ltr'>δευτέρων,</span> <span class='ocrx_word' id='word_1_225' title='bbox 2542 1618 2576 1689; x_wconf 79' lang='grc' dir='ltr'>ἢ</span> <span class='ocrx_word' id='word_1_226' title='bbox 2609 1616 2840 1689; x_wconf 76' lang='grc' dir='ltr'>τρίτων,</span> <span class='ocrx_word' id='word_1_227' title='bbox 2878 1617 3028 1687; x_wconf 85' lang='grc' dir='ltr'><strong>παρά</strong></span> <span class='ocrx_word' id='word_1_228' title='bbox 3059 1617 3148 1668; x_wconf 86' lang='grc' dir='ltr'><strong>τὸν</strong></span> <span class='ocrx_word' id='word_1_229' title='bbox 3182 1615 3287 1686; x_wconf 85' lang='grc' dir='ltr'><strong>πρὸ</strong></span> <span class='ocrx_word' id='word_1_230' title='bbox 3327 1614 3541 1668; x_wconf 82' lang='grc' dir='ltr'>πάντων</span> <span class='ocrx_word' id='word_1_231' title='bbox 3582 1613 3808 1684; x_wconf 73' lang='grc' dir='ltr'>νομιζο-</span> 
     </span>
    </p>
   </div>
   <div class='ocr_carea' id='block_1_31' title="bbox 2215 1703 3802 1780">
    <p class='ocr_par' dir='ltr' id='par_1_31' title="bbox 2215 1703 3802 1780">
     <span class='ocr_line' id='line_1_31' title="bbox 2215 1703 3802 1780; baseline -0.004 -18"><span class='ocrx_word' id='word_1_232' title='bbox 2215 1710 2388 1780; x_wconf 85' lang='grc' dir='ltr'>μένων</span> <span class='ocrx_word' id='word_1_233' title='bbox 2421 1709 2516 1779; x_wconf 80' lang='grc' dir='ltr'>μὲν</span> <span class='ocrx_word' id='word_1_234' title='bbox 2549 1709 2743 1776; x_wconf 89' lang='grc' dir='ltr'>λόγων,</span> <span class='ocrx_word' id='word_1_235' title='bbox 2778 1707 2877 1760; x_wconf 79' lang='grc' dir='ltr'>οὐκ</span> <span class='ocrx_word' id='word_1_236' title='bbox 2906 1708 3072 1760; x_wconf 79' lang='grc' dir='ltr'>ὄντων</span> <span class='ocrx_word' id='word_1_237' title='bbox 3099 1707 3157 1760; x_wconf 80' lang='grc' dir='ltr'><strong>δὲ</strong></span> <span class='ocrx_word' id='word_1_238' title='bbox 3182 1706 3397 1777; x_wconf 85' lang='grc' dir='ltr'>ἀληθῶς</span> <span class='ocrx_word' id='word_1_239' title='bbox 3425 1706 3622 1773; x_wconf 84' lang='grc' dir='ltr'>λόγων,</span> <span class='ocrx_word' id='word_1_240' title='bbox 3652 1703 3802 1767; x_wconf 79' lang='grc' dir='ltr'>ἀλλ’,</span> 
     </span>
    </p>
   </div>
   <div class='ocr_carea' id='block_1_32' title="bbox 2213 1797 3808 1868">
    <p class='ocr_par' dir='ltr' id='par_1_32' title="bbox 2213 1797 3808 1868">
     <span class='ocr_line' id='line_1_32' title="bbox 2213 1797 3808 1868; baseline 0 -17"><span class='ocrx_word' id='word_1_241' title='bbox 2213 1799 2277 1852; x_wconf 78' lang='grc' dir='ltr'><strong>ἵν’</strong></span> <span class='ocrx_word' id='word_1_242' title='bbox 2307 1799 2478 1862; x_wconf 79' lang='grc' dir='ltr'>οὕτως</span> <span class='ocrx_word' id='word_1_243' title='bbox 2503 1800 2658 1862; x_wconf 73' lang='grc' dir='ltr'>εἴπω,</span> <span class='ocrx_word' id='word_1_244' title='bbox 2692 1799 2811 1852; x_wconf 79' lang='grc' dir='ltr'>ὅλον</span> <span class='ocrx_word' id='word_1_245' title='bbox 2836 1797 2992 1851; x_wconf 86' lang='grc' dir='ltr'>τοῦτο</span> <span class='ocrx_word' id='word_1_246' title='bbox 3017 1798 3225 1866; x_wconf 85' lang='grc' dir='ltr'>ἀλόγων</span> <span class='ocrx_word' id='word_1_247' title='bbox 3257 1797 3450 1866; x_wconf 88' lang='grc' dir='ltr'>λόγων,</span> <span class='ocrx_word' id='word_1_248' title='bbox 3482 1797 3669 1868; x_wconf 84' lang='grc' dir='ltr'>ὥσπερ</span> <span class='ocrx_word' id='word_1_249' title='bbox 3704 1797 3808 1851; x_wconf 74' lang='grc' dir='ltr'>καὶ</span> 
     </span>
    </p>
   </div>
   <div class='ocr_carea' id='block_1_33' title="bbox 2213 1887 3803 1960">
    <p class='ocr_par' dir='ltr' id='par_1_33' title="bbox 2213 1887 3803 1960">
     <span class='ocr_line' id='line_1_33' title="bbox 2213 1887 3803 1960; baseline -0.001 -18"><span class='ocrx_word' id='word_1_250' title='bbox 2213 1890 2302 1943; x_wconf 64' lang='grc' dir='ltr'><strong>ὲπλ⁸</strong></span> <span class='ocrx_word' id='word_1_251' title='bbox 2328 1889 2435 1944; x_wconf 90' lang='grc' dir='ltr'><strong>τῶν</strong></span> <span class='ocrx_word' id='word_1_252' title='bbox 2463 1889 2770 1960; x_wconf 88' lang='grc' dir='ltr'>λεγομένων</span> <span class='ocrx_word' id='word_1_253' title='bbox 2801 1891 2917 1960; x_wconf 87' lang='grc' dir='ltr'>μὲν,</span> <span class='ocrx_word' id='word_1_254' title='bbox 2949 1889 3048 1942; x_wconf 81' lang='grc' dir='ltr'>οὐκ</span> <span class='ocrx_word' id='word_1_255' title='bbox 3079 1889 3246 1942; x_wconf 76' lang='grc' dir='ltr'>ὄντων</span> <span class='ocrx_word' id='word_1_256' title='bbox 3271 1888 3325 1940; x_wconf 81' lang='grc' dir='ltr'>δὲ</span> <span class='ocrx_word' id='word_1_257' title='bbox 3353 1887 3491 1941; x_wconf 87' lang='grc' dir='ltr'>θεῶν</span> <span class='ocrx_word' id='word_1_258' title='bbox 3522 1888 3683 1952; x_wconf 81' lang='grc' dir='ltr'>τάξαι</span> <span class='ocrx_word' id='word_1_259' title='bbox 3713 1907 3803 1952; x_wconf 86' lang='grc' dir='ltr'><strong>τις</strong></span> 
     </span>
    </p>
   </div>
   <div class='ocr_carea' id='block_1_34' title="bbox 540 1967 2106 2058">
    <p class='ocr_par' dir='ltr' id='par_1_34' title="bbox 540 1967 2106 2058">
     <span class='ocr_line' id='line_1_34' title="bbox 540 1967 2106 2058; baseline -0.01 -14"><span class='ocrx_word' id='word_1_260' title='bbox 540 1967 693 2058; x_wconf 80' lang='lat' dir='ltr'><strong>quia</strong></span> <span class='ocrx_word' id='word_1_261' title='bbox 727 1967 937 2042; x_wconf 85' lang='lat' dir='ltr'><strong>ratione</strong></span> <span class='ocrx_word' id='word_1_262' title='bbox 965 1984 1126 2039; x_wconf 89' lang='lat' dir='ltr'><strong>alieni</strong></span> <span class='ocrx_word' id='word_1_263' title='bbox 1156 1983 1432 2038; x_wconf 89' lang='lat' dir='ltr'><strong>dicuntur.</strong></span> <span class='ocrx_word' id='word_1_264' title='bbox 1484 1980 1540 2034; x_wconf 88' lang='lat' dir='ltr'><strong>Id</strong></span> <span class='ocrx_word' id='word_1_265' title='bbox 1569 1989 1748 2034; x_wconf 89' lang='lat' dir='ltr'><strong>autem</strong></span> <span class='ocrx_word' id='word_1_266' title='bbox 1782 1977 1926 2048; x_wconf 87' lang='lat' dir='ltr'><strong>quod</strong></span> <span class='ocrx_word' id='word_1_267' title='bbox 1964 1976 2106 2030; x_wconf 77' lang='lat' dir='ltr'><strong>dixi-</strong></span> 
     </span>
    </p>
   </div>
   <div class='ocr_carea' id='block_1_35' title="bbox 2210 1967 3803 2058">
    <p class='ocr_par' dir='ltr' id='par_1_35' title="bbox 2211 1978 3803 2050">
     <span class='ocr_line' id='line_1_35' title="bbox 2211 1978 3803 2050; baseline 0.001 -18"><span class='ocrx_word' id='word_1_268' title='bbox 2211 1978 2276 2032; x_wconf 86' lang='grc' dir='ltr'>ἂν</span> <span class='ocrx_word' id='word_1_269' title='bbox 2319 1979 2438 2032; x_wconf 60' lang='grc' dir='ltr'><strong>ἀντὶ⁴</strong></span> <span class='ocrx_word' id='word_1_270' title='bbox 2471 1978 2564 2032; x_wconf 91' lang='grc' dir='ltr'><strong>τοῦ</strong></span> <span class='ocrx_word' id='word_1_271' title='bbox 2597 1978 2805 2047; x_wconf 81' lang='grc' dir='ltr'>ἀλόγων</span> <span class='ocrx_word' id='word_1_272' title='bbox 2851 1979 3022 2048; x_wconf 88' lang='grc' dir='ltr'>λόγων</span> <span class='ocrx_word' id='word_1_273' title='bbox 3055 1979 3114 2031; x_wconf 88' lang='grc' dir='ltr'><strong>τὸ</strong></span> <span class='ocrx_word' id='word_1_274' title='bbox 3146 1980 3206 2032; x_wconf 84' lang='grc' dir='ltr'>οὐ</span> <span class='ocrx_word' id='word_1_275' title='bbox 3238 1979 3374 2032; x_wconf 86' lang='grc' dir='ltr'>θεῶν</span> <span class='ocrx_word' id='word_1_276' title='bbox 3408 1979 3564 2032; x_wconf 88' lang='grc' dir='ltr'>θεῶν.</span> <span class='ocrx_word' id='word_1_277' title='bbox 3605 1981 3665 2032; x_wconf 86' lang='grc' dir='ltr'>Ὁ</span> <span class='ocrx_word' id='word_1_278' title='bbox 3699 1980 3803 2050; x_wconf 84' lang='grc' dir='ltr'>μὲν</span> 
     </span>
    </p>
   </div>
   <div class='ocr_carea' id='block_1_36' title="bbox 524 2067 2108 2148">
    <p class='ocr_par' dir='ltr' id='par_1_36' title="bbox 524 2067 2108 2148">
     <span class='ocr_line' id='line_1_36' title="bbox 524 2067 2108 2148; baseline -0.008 -14"><span class='ocrx_word' id='word_1_279' title='bbox 524 2095 683 2146; x_wconf 59' lang='lat' dir='ltr'><strong>unus,</strong></span> <span class='ocrx_word' id='word_1_280' title='bbox 719 2078 892 2148; x_wconf 87' lang='lat' dir='ltr'><strong>palam</strong></span> <span class='ocrx_word' id='word_1_281' title='bbox 924 2075 1192 2131; x_wconf 85' lang='lat' dir='ltr'><strong>etlicietur</strong></span> <span class='ocrx_word' id='word_1_282' title='bbox 1227 2089 1292 2130; x_wconf 84' lang='lat' dir='ltr'><strong>ex</strong></span> <span class='ocrx_word' id='word_1_283' title='bbox 1327 2070 1591 2140; x_wconf 83' lang='lat' dir='ltr'><strong>exemplis</strong></span> <span class='ocrx_word' id='word_1_284' title='bbox 1616 2071 1683 2125; x_wconf 89' lang='lat' dir='ltr'><strong>de</strong></span> <span class='ocrx_word' id='word_1_285' title='bbox 1706 2071 1814 2123; x_wconf 91' lang='lat' dir='ltr'><strong>Deo</strong></span> <span class='ocrx_word' id='word_1_286' title='bbox 1847 2068 1958 2134; x_wconf 90' lang='lat' dir='ltr'><strong>illo,</strong></span> <span class='ocrx_word' id='word_1_287' title='bbox 1991 2067 2108 2139; x_wconf 86' lang='lat' dir='ltr'><strong>[qui</strong></span> 
     </span>
    </p>
   </div>
   <div class='ocr_carea' id='block_1_37' title="bbox 501 2161 2108 2243">
    <p class='ocr_par' dir='ltr' id='par_1_37' title="bbox 501 2161 2108 2243">
     <span class='ocr_line' id='line_1_37' title="bbox 501 2161 2108 2243; baseline -0.009 -16"><span class='ocrx_word' id='word_1_288' title='bbox 501 2215 506 2220; x_wconf 89' lang='lat'><strong>.</strong></span> <span class='ocrx_word' id='word_1_289' title='bbox 535 2171 646 2243; x_wconf 71' lang='lat'><strong>52</strong></span> <span class='ocrx_word' id='word_1_290' title='bbox 677 2168 949 2240; x_wconf 74' lang='lat' dir='ltr'><strong>profertur</strong></span> <span class='ocrx_word' id='word_1_291' title='bbox 997 2181 1120 2222; x_wconf 91' lang='lat' dir='ltr'><strong>eum</strong></span> <span class='ocrx_word' id='word_1_292' title='bbox 1168 2163 1444 2235; x_wconf 84' lang='lat' dir='ltr'><strong>articulo,]</strong></span> <span class='ocrx_word' id='word_1_293' title='bbox 1469 2171 1523 2218; x_wconf 92' lang='lat' dir='ltr'><strong>et</strong></span> <span class='ocrx_word' id='word_1_294' title='bbox 1551 2161 1619 2218; x_wconf 89' lang='lat' dir='ltr'><strong>de</strong></span> <span class='ocrx_word' id='word_1_295' title='bbox 1643 2162 1734 2217; x_wconf 89' lang='lat' dir='ltr'><strong>illo</strong></span> <span class='ocrx_word' id='word_1_296' title='bbox 1773 2161 1954 2231; x_wconf 83' lang='grc' dir='ltr'>Λόγῳ,</span> <span class='ocrx_word' id='word_1_297' title='bbox 1985 2174 2108 2214; x_wconf 90' lang='lat' dir='ltr'><strong>cum</strong></span> 
     </span>
    </p>
   </div>
   <div class='ocr_carea' id='block_1_38' title="bbox 537 2249 2112 2333">
    <p class='ocr_par' dir='ltr' id='par_1_38' title="bbox 537 2249 2112 2333">
     <span class='ocr_line' id='line_1_38' title="bbox 537 2249 2112 2333; baseline -0.011 -13"><span class='ocrx_word' id='word_1_298' title='bbox 537 2259 920 2333; x_wconf 78' lang='lat' dir='ltr'><strong>articulo,]qui</strong></span> <span class='ocrx_word' id='word_1_299' title='bbox 950 2270 1033 2316; x_wconf 85' lang='lat' dir='ltr'><strong>est</strong></span> <span class='ocrx_word' id='word_1_300' title='bbox 1059 2261 1220 2324; x_wconf 89' lang='lat' dir='ltr'><strong>Deus,</strong></span> <span class='ocrx_word' id='word_1_301' title='bbox 1243 2258 1361 2312; x_wconf 91' lang='lat' dir='ltr'><strong>sine</strong></span> <span class='ocrx_word' id='word_1_302' title='bbox 1401 2254 1650 2318; x_wconf 85' lang='lat' dir='ltr'><strong>articulo,</strong></span> <span class='ocrx_word' id='word_1_303' title='bbox 1684 2251 1820 2324; x_wconf 90' lang='lat' dir='ltr'><strong>[tum</strong></span> <span class='ocrx_word' id='word_1_304' title='bbox 1851 2251 2012 2306; x_wconf 87' lang='lat' dir='ltr'><strong>etiam</strong></span> <span class='ocrx_word' id='word_1_305' title='bbox 2046 2249 2112 2304; x_wconf 90' lang='lat' dir='ltr'><strong>de</strong></span> 
     </span>
    </p>
   </div>
   <div class='ocr_carea' id='block_1_39' title="bbox 512 2343 2112 2425">
    <p class='ocr_par' dir='ltr' id='par_1_39' title="bbox 512 2343 2112 2425">
     <span class='ocr_line' id='line_1_39' title="bbox 512 2343 2112 2425; baseline -0.01 -13"><span class='ocrx_word' id='word_1_306' title='bbox 512 2357 666 2423; x_wconf 84' lang='lat' dir='ltr'><strong>&#39;diis,</strong></span> <span class='ocrx_word' id='word_1_307' title='bbox 695 2356 787 2425; x_wconf 90' lang='lat' dir='ltr'><strong>qui</strong></span> <span class='ocrx_word' id='word_1_308' title='bbox 818 2353 902 2410; x_wconf 87' lang='lat' dir='ltr'><strong>vel</strong></span> <span class='ocrx_word' id='word_1_309' title='bbox 938 2351 1262 2423; x_wconf 85' lang='lat' dir='ltr'><strong>participant</strong></span> <span class='ocrx_word' id='word_1_310' title='bbox 1297 2350 1486 2411; x_wconf 90' lang='lat' dir='ltr'><strong>Deum,</strong></span> <span class='ocrx_word' id='word_1_311' title='bbox 1529 2346 1610 2400; x_wconf 88' lang='lat' dir='ltr'><strong>vel</strong></span> <span class='ocrx_word' id='word_1_312' title='bbox 1655 2345 1729 2398; x_wconf 90' lang='lat' dir='ltr'><strong>dii</strong></span> <span class='ocrx_word' id='word_1_313' title='bbox 1773 2343 1988 2413; x_wconf 88' lang='lat' dir='ltr'><strong>quidem</strong></span> <span class='ocrx_word' id='word_1_314' title='bbox 2029 2344 2112 2397; x_wconf 90' lang='lat' dir='ltr'><strong>di-</strong></span> 
     </span>
    </p>
   </div>
   <div class='ocr_carea' id='block_1_40' title="bbox 531 2433 2111 2512">
    <p class='ocr_par' dir='ltr' id='par_1_40' title="bbox 531 2433 2111 2512">
     <span class='ocr_line' id='line_1_40' title="bbox 531 2433 2111 2512; baseline -0.013 -7"><span class='ocrx_word' id='word_1_315' title='bbox 531 2459 757 2512; x_wconf 80' lang='lat' dir='ltr'><strong>cuntur,</strong></span> <span class='ocrx_word' id='word_1_316' title='bbox 791 2445 936 2500; x_wconf 87' lang='lat' dir='ltr'><strong>nullo</strong></span> <span class='ocrx_word' id='word_1_317' title='bbox 969 2453 1125 2509; x_wconf 87' lang='lat' dir='ltr'><strong>pacto</strong></span> <span class='ocrx_word' id='word_1_318' title='bbox 1152 2449 1330 2495; x_wconf 79' lang='lat' dir='ltr'><strong>autent</strong></span> <span class='ocrx_word' id='word_1_319' title='bbox 1361 2448 1521 2504; x_wconf 89' lang='lat' dir='ltr'><strong>sunt;</strong></span> <span class='ocrx_word' id='word_1_320' title='bbox 1549 2447 1602 2492; x_wconf 91' lang='lat' dir='ltr'><strong>et</strong></span> <span class='ocrx_word' id='word_1_321' title='bbox 1635 2450 1827 2491; x_wconf 85' lang='lat' dir='ltr'><strong>rursus</strong></span> <span class='ocrx_word' id='word_1_322' title='bbox 1858 2436 1923 2490; x_wconf 90' lang='lat' dir='ltr'><strong>de</strong></span> <span class='ocrx_word' id='word_1_323' title='bbox 1953 2433 2111 2505; x_wconf 83' lang='grc' dir='ltr'>Λόγῳ</span> 
     </span>
    </p>
   </div>
   <div class='ocr_carea' id='block_1_41' title="bbox 505 2526 2112 2604">
    <p class='ocr_par' dir='ltr' id='par_1_41' title="bbox 505 2526 2112 2604">
     <span class='ocr_line' id='line_1_41' title="bbox 505 2526 2112 2604; baseline -0.01 -11"><span class='ocrx_word' id='word_1_324' title='bbox 505 2537 672 2604; x_wconf 80' lang='grc' dir='ltr'>ὐεο,</span> <span class='ocrx_word' id='word_1_325' title='bbox 719 2547 774 2592; x_wconf 84' lang='grc' dir='ltr'><strong>ει</strong></span> <span class='ocrx_word' id='word_1_326' title='bbox 823 2536 892 2591; x_wconf 90' lang='lat' dir='ltr'><strong>de</strong></span> <span class='ocrx_word' id='word_1_327' title='bbox 939 2533 1094 2601; x_wconf 82' lang='grc' dir='ltr'>Λόγῳ</span> <span class='ocrx_word' id='word_1_328' title='bbox 1127 2531 1216 2599; x_wconf 88' lang='lat' dir='ltr'><strong>qui</strong></span> <span class='ocrx_word' id='word_1_329' title='bbox 1263 2531 1436 2584; x_wconf 81' lang='lat' dir='ltr'><strong>factus</strong></span> <span class='ocrx_word' id='word_1_330' title='bbox 1476 2536 1560 2584; x_wconf 84' lang='lat' dir='ltr'><strong>est</strong></span> <span class='ocrx_word' id='word_1_331' title='bbox 1611 2543 1760 2592; x_wconf 92' lang='lat' dir='ltr'><strong>caro,</strong></span> <span class='ocrx_word' id='word_1_332' title='bbox 1806 2539 2011 2580; x_wconf 89' lang='lat' dir='ltr'><strong>necnon</strong></span> <span class='ocrx_word' id='word_1_333' title='bbox 2045 2526 2112 2578; x_wconf 90' lang='lat' dir='ltr'><strong>de</strong></span> 
     </span>
    </p>
   </div>
   <div class='ocr_carea' id='block_1_42' title="bbox 534 2616 2111 2700">
    <p class='ocr_par' dir='ltr' id='par_1_42' title="bbox 534 2616 2111 2700">
     <span class='ocr_line' id='line_1_42' title="bbox 534 2616 2111 2700; baseline -0.011 -16"><span class='ocrx_word' id='word_1_334' title='bbox 534 2629 716 2700; x_wconf 81' lang='grc' dir='ltr'>λόγοις</span> <span class='ocrx_word' id='word_1_335' title='bbox 743 2627 835 2698; x_wconf 88' lang='lat' dir='ltr'><strong>qui</strong></span> <span class='ocrx_word' id='word_1_336' title='bbox 869 2628 1012 2681; x_wconf 85' lang='lat' dir='ltr'><strong>hunc</strong></span> <span class='ocrx_word' id='word_1_337' title='bbox 1042 2624 1273 2694; x_wconf 88' lang='lat' dir='ltr'><strong>quodam</strong></span> <span class='ocrx_word' id='word_1_338' title='bbox 1303 2621 1468 2676; x_wconf 87' lang='lat' dir='ltr'><strong>modo</strong></span> <span class='ocrx_word' id='word_1_339' title='bbox 1493 2620 1842 2690; x_wconf 86' lang='lat' dir='ltr'><strong>participant,</strong></span> <span class='ocrx_word' id='word_1_340' title='bbox 1880 2626 1934 2673; x_wconf 91' lang='lat' dir='ltr'><strong>et</strong></span> <span class='ocrx_word' id='word_1_341' title='bbox 1963 2616 2111 2684; x_wconf 88' lang='grc' dir='ltr'>λόγοι</span> 
     </span>
    </p>
   </div>
   <div class='ocr_carea' id='block_1_43' title="bbox 538 2708 2112 2780">
    <p class='ocr_par' dir='ltr' id='par_1_43' title="bbox 538 2708 2112 2780">
     <span class='ocr_line' id='line_1_43' title="bbox 538 2708 2112 2780; baseline -0.008 -4"><span class='ocrx_word' id='word_1_342' title='bbox 538 2720 763 2777; x_wconf 88' lang='lat' dir='ltr'><strong>secundi</strong></span> <span class='ocrx_word' id='word_1_343' title='bbox 815 2733 880 2773; x_wconf 89' lang='lat' dir='ltr'><strong>ac</strong></span> <span class='ocrx_word' id='word_1_344' title='bbox 928 2717 1073 2772; x_wconf 85' lang='lat' dir='ltr'><strong>tertii</strong></span> <span class='ocrx_word' id='word_1_345' title='bbox 1104 2716 1172 2770; x_wconf 89' lang='lat' dir='ltr'><strong>ab</strong></span> <span class='ocrx_word' id='word_1_346' title='bbox 1213 2713 1332 2780; x_wconf 86' lang='lat' dir='ltr'><strong>ipso</strong></span> <span class='ocrx_word' id='word_1_347' title='bbox 1373 2713 1653 2776; x_wconf 87' lang='lat' dir='ltr'><strong>dicuntur,</strong></span> <span class='ocrx_word' id='word_1_348' title='bbox 1700 2721 1755 2766; x_wconf 88' lang='lat' dir='ltr'><strong>et</strong></span> <span class='ocrx_word' id='word_1_349' title='bbox 1793 2708 1938 2778; x_wconf 86' lang='grc' dir='ltr'>λόγοι</span> <span class='ocrx_word' id='word_1_350' title='bbox 1990 2723 2112 2764; x_wconf 87' lang='lat' dir='ltr'><strong>esse</strong></span> 
     </span>
    </p>
   </div>
   <div class='ocr_carea' id='block_1_44' title="bbox 537 2799 2106 2873">
    <p class='ocr_par' dir='ltr' id='par_1_44' title="bbox 537 2799 2106 2873">
     <span class='ocr_line' id='line_1_44' title="bbox 537 2799 2106 2873; baseline -0.008 -6"><span class='ocrx_word' id='word_1_351' title='bbox 537 2812 939 2873; x_wconf 81' lang='lat' dir='ltr'><strong>existimantur,</strong></span> <span class='ocrx_word' id='word_1_352' title='bbox 964 2821 1085 2862; x_wconf 91' lang='lat' dir='ltr'><strong>cum</strong></span> <span class='ocrx_word' id='word_1_353' title='bbox 1114 2817 1292 2860; x_wconf 89' lang='lat' dir='ltr'><strong>tamen</strong></span> <span class='ocrx_word' id='word_1_354' title='bbox 1319 2818 1446 2859; x_wconf 90' lang='lat' dir='ltr'><strong>vere</strong></span> <span class='ocrx_word' id='word_1_355' title='bbox 1477 2819 1582 2857; x_wconf 91' lang='lat' dir='ltr'><strong>non</strong></span> <span class='ocrx_word' id='word_1_356' title='bbox 1624 2803 1758 2865; x_wconf 90' lang='lat' dir='ltr'><strong>sint,</strong></span> <span class='ocrx_word' id='word_1_357' title='bbox 1787 2800 1881 2856; x_wconf 90' lang='lat' dir='ltr'><strong>sed</strong></span> <span class='ocrx_word' id='word_1_358' title='bbox 1909 2799 2106 2871; x_wconf 89' lang='lat' dir='ltr'><strong>potius,</strong></span> 
     </span>
    </p>
   </div>
   <div class='ocr_carea' id='block_1_45' title="bbox 538 2891 2109 2968">
    <p class='ocr_par' dir='ltr' id='par_1_45' title="bbox 538 2891 2109 2968">
     <span class='ocr_line' id='line_1_45' title="bbox 538 2891 2109 2968; baseline -0.009 -12"><span class='ocrx_word' id='word_1_359' title='bbox 538 2911 596 2956; x_wconf 92' lang='lat' dir='ltr'><strong>ut</strong></span> <span class='ocrx_word' id='word_1_360' title='bbox 627 2902 702 2956; x_wconf 88' lang='lat' dir='ltr'><strong>ita</strong></span> <span class='ocrx_word' id='word_1_361' title='bbox 749 2899 962 2968; x_wconf 89' lang='lat' dir='ltr'><strong>loquar,</strong></span> <span class='ocrx_word' id='word_1_362' title='bbox 995 2911 1215 2968; x_wconf 80' lang='lat' dir='ltr'><strong>prorsus</strong></span> <span class='ocrx_word' id='word_1_363' title='bbox 1259 2893 1365 2949; x_wconf 90' lang='lat' dir='ltr'><strong>dici</strong></span> <span class='ocrx_word' id='word_1_364' title='bbox 1409 2901 1686 2948; x_wconf 87' lang='lat' dir='ltr'><strong>merentur</strong></span> <span class='ocrx_word' id='word_1_365' title='bbox 1711 2891 1894 2960; x_wconf 80' lang='grc' dir='ltr'>ἄλογοι</span> <span class='ocrx_word' id='word_1_366' title='bbox 1935 2891 2109 2958; x_wconf 87' lang='grc' dir='ltr'>λόγοι,</span> 
     </span>
    </p>
   </div>
   <div class='ocr_carea' id='block_1_46' title="bbox 537 2985 2108 3071">
    <p class='ocr_par' dir='ltr' id='par_1_46' title="bbox 537 2985 2108 3071">
     <span class='ocr_line' id='line_1_46' title="bbox 537 2985 2108 3071; baseline -0.01 -19"><span class='ocrx_word' id='word_1_367' title='bbox 537 2995 667 3071; x_wconf 87' lang='lat' dir='ltr'><strong>[hoc</strong></span> <span class='ocrx_word' id='word_1_368' title='bbox 688 3004 772 3051; x_wconf 89' lang='lat' dir='ltr'><strong>est</strong></span> <span class='ocrx_word' id='word_1_369' title='bbox 797 2993 1033 3048; x_wconf 88' lang='lat' dir='ltr'><strong>rationes</strong></span> <span class='ocrx_word' id='word_1_370' title='bbox 1055 2986 1400 3044; x_wconf 88' lang='lat' dir='ltr'><strong>irrationales</strong></span> <span class='ocrx_word' id='word_1_371' title='bbox 1415 2985 1459 3057; x_wconf 91' lang='lat'><strong>;]</strong></span> <span class='ocrx_word' id='word_1_372' title='bbox 1483 2985 1930 3055; x_wconf 87' lang='lat' dir='ltr'><strong>quemadmodum</strong></span> <span class='ocrx_word' id='word_1_373' title='bbox 1942 2985 2108 3040; x_wconf 85' lang='lat' dir='ltr'><strong>etiam</strong></span> 
     </span>
    </p>
   </div>
   <div class='ocr_carea' id='block_1_47' title="bbox 537 3075 2110 3158">
    <p class='ocr_par' dir='ltr' id='par_1_47' title="bbox 537 3075 2110 3158">
     <span class='ocr_line' id='line_1_47' title="bbox 537 3075 2110 3158; baseline -0.01 -13"><span class='ocrx_word' id='word_1_374' title='bbox 537 3091 604 3145; x_wconf 89' lang='lat' dir='ltr'><strong>de</strong></span> <span class='ocrx_word' id='word_1_375' title='bbox 643 3089 731 3154; x_wconf 87' lang='lat' dir='ltr'><strong>iis,</strong></span> <span class='ocrx_word' id='word_1_376' title='bbox 757 3087 848 3158; x_wconf 87' lang='lat' dir='ltr'><strong>qui</strong></span> <span class='ocrx_word' id='word_1_377' title='bbox 899 3085 971 3140; x_wconf 91' lang='lat' dir='ltr'><strong>dii</strong></span> <span class='ocrx_word' id='word_1_378' title='bbox 1005 3083 1223 3154; x_wconf 81' lang='lat' dir='ltr'><strong>quidem</strong></span> <span class='ocrx_word' id='word_1_379' title='bbox 1258 3079 1533 3144; x_wconf 90' lang='lat' dir='ltr'><strong>dicuntur,</strong></span> <span class='ocrx_word' id='word_1_380' title='bbox 1567 3092 1690 3132; x_wconf 89' lang='lat' dir='ltr'><strong>cum</strong></span> <span class='ocrx_word' id='word_1_381' title='bbox 1722 3090 1827 3130; x_wconf 90' lang='lat' dir='ltr'><strong>non</strong></span> <span class='ocrx_word' id='word_1_382' title='bbox 1859 3077 1985 3138; x_wconf 91' lang='lat' dir='ltr'><strong>sint,</strong></span> <span class='ocrx_word' id='word_1_383' title='bbox 2023 3075 2110 3130; x_wconf 56' lang='lat' dir='ltr'><strong>dio</strong></span> 
     </span>
    </p>
   </div>
   <div class='ocr_carea' id='block_1_48' title="bbox 523 3166 2111 3248">
    <p class='ocr_par' dir='ltr' id='par_1_48' title="bbox 523 3166 2111 3248">
     <span class='ocr_line' id='line_1_48' title="bbox 523 3166 2111 3248; baseline -0.011 -10"><span class='ocrx_word' id='word_1_384' title='bbox 523 3192 686 3238; x_wconf 73' lang='lat' dir='ltr'><strong>iceret</strong></span> <span class='ocrx_word' id='word_1_385' title='bbox 708 3179 905 3248; x_wconf 90' lang='lat' dir='ltr'><strong>aliquis</strong></span> <span class='ocrx_word' id='word_1_386' title='bbox 945 3176 1016 3230; x_wconf 90' lang='lat' dir='ltr'><strong>dii</strong></span> <span class='ocrx_word' id='word_1_387' title='bbox 1050 3189 1154 3228; x_wconf 87' lang='lat' dir='ltr'><strong>non</strong></span> <span class='ocrx_word' id='word_1_388' title='bbox 1183 3172 1256 3226; x_wconf 89' lang='lat' dir='ltr'><strong>dii</strong></span> <span class='ocrx_word' id='word_1_389' title='bbox 1291 3188 1306 3226; x_wconf 88' lang='lat'><strong>:</strong></span> <span class='ocrx_word' id='word_1_390' title='bbox 1340 3185 1447 3226; x_wconf 91' lang='lat' dir='ltr'><strong>non</strong></span> <span class='ocrx_word' id='word_1_391' title='bbox 1489 3184 1651 3226; x_wconf 80' lang='lat' dir='ltr'><strong>secus</strong></span> <span class='ocrx_word' id='word_1_392' title='bbox 1680 3167 1824 3222; x_wconf 89' lang='lat' dir='ltr'><strong>enim</strong></span> <span class='ocrx_word' id='word_1_393' title='bbox 1855 3173 1909 3222; x_wconf 87' lang='lat' dir='ltr'><strong>et</strong></span> <span class='ocrx_word' id='word_1_394' title='bbox 1941 3166 1995 3220; x_wconf 91' lang='lat' dir='ltr'><strong>hi</strong></span> <span class='ocrx_word' id='word_1_395' title='bbox 2019 3180 2111 3221; x_wconf 86' lang='lat' dir='ltr'><strong>vo-</strong></span> 
     </span>
    </p>
   </div>
   <div class='ocr_carea' id='block_1_49' title="bbox 535 3258 2106 3338">
    <p class='ocr_par' dir='ltr' id='par_1_49' title="bbox 535 3258 2106 3338">
     <span class='ocr_line' id='line_1_49' title="bbox 535 3258 2106 3338; baseline -0.009 -12"><span class='ocrx_word' id='word_1_396' title='bbox 535 3281 731 3328; x_wconf 85' lang='lat' dir='ltr'><strong>cantur</strong></span> <span class='ocrx_word' id='word_1_397' title='bbox 783 3270 966 3338; x_wconf 77' lang='grc' dir='ltr'>ἀλογοι</span> <span class='ocrx_word' id='word_1_398' title='bbox 1001 3265 1169 3334; x_wconf 88' lang='grc' dir='ltr'>λόγοι,</span> <span class='ocrx_word' id='word_1_399' title='bbox 1197 3263 1325 3336; x_wconf 85' lang='lat' dir='ltr'><strong>[hoc</strong></span> <span class='ocrx_word' id='word_1_400' title='bbox 1357 3270 1464 3326; x_wconf 84' lang='lat' dir='ltr'><strong>est,</strong></span> <span class='ocrx_word' id='word_1_401' title='bbox 1505 3259 1746 3315; x_wconf 86' lang='lat' dir='ltr'><strong>rationes</strong></span> <span class='ocrx_word' id='word_1_402' title='bbox 1771 3258 1982 3314; x_wconf 85' lang='lat' dir='ltr'><strong>ratione</strong></span> <span class='ocrx_word' id='word_1_403' title='bbox 2013 3273 2106 3313; x_wconf 82' lang='lat' dir='ltr'><strong>ca-</strong></span> 
     </span>
    </p>
   </div>
   <div class='ocr_carea' id='block_1_50' title="bbox 544 3348 2104 3433">
    <p class='ocr_par' dir='ltr' id='par_1_50' title="bbox 544 3348 2104 3433">
     <span class='ocr_line' id='line_1_50' title="bbox 544 3348 2104 3433; baseline -0.007 -17"><span class='ocrx_word' id='word_1_404' title='bbox 544 3360 776 3433; x_wconf 83' lang='lat' dir='ltr'><strong>rentes.|</strong></span> <span class='ocrx_word' id='word_1_405' title='bbox 805 3361 981 3429; x_wconf 87' lang='lat' dir='ltr'><strong>Atque</strong></span> <span class='ocrx_word' id='word_1_406' title='bbox 1005 3357 1094 3413; x_wconf 88' lang='lat' dir='ltr'><strong>ille</strong></span> <span class='ocrx_word' id='word_1_407' title='bbox 1123 3356 1341 3426; x_wconf 89' lang='lat' dir='ltr'><strong>quidem</strong></span> <span class='ocrx_word' id='word_1_408' title='bbox 1363 3353 1511 3408; x_wconf 85' lang='lat' dir='ltr'><strong>Deus</strong></span> <span class='ocrx_word' id='word_1_409' title='bbox 1560 3353 1958 3416; x_wconf 88' lang='lat' dir='ltr'><strong>universorum,</strong></span> <span class='ocrx_word' id='word_1_410' title='bbox 1981 3348 2104 3406; x_wconf 9' lang='lat' dir='ltr'><strong>sele-</strong></span> 
     </span>
    </p>
   </div>
   <div class='ocr_carea' id='block_1_51' title="bbox 535 3443 2106 3516">
    <p class='ocr_par' dir='ltr' id='par_1_51' title="bbox 535 3443 2106 3516">
     <span class='ocr_line' id='line_1_51' title="bbox 535 3443 2106 3516; baseline -0.008 -7"><span class='ocrx_word' id='word_1_411' title='bbox 535 3453 744 3511; x_wconf 64' lang='lat' dir='ltr'><strong>ctionis</strong></span> <span class='ocrx_word' id='word_1_412' title='bbox 789 3462 874 3509; x_wconf 87' lang='lat' dir='ltr'><strong>est</strong></span> <span class='ocrx_word' id='word_1_413' title='bbox 915 3449 1074 3516; x_wconf 91' lang='lat' dir='ltr'><strong>Deus,</strong></span> <span class='ocrx_word' id='word_1_414' title='bbox 1105 3457 1162 3504; x_wconf 86' lang='lat' dir='ltr'><strong>et</strong></span> <span class='ocrx_word' id='word_1_415' title='bbox 1199 3444 1382 3502; x_wconf 81' lang='lat' dir='ltr'><strong>multo</strong></span> <span class='ocrx_word' id='word_1_416' title='bbox 1424 3444 1599 3514; x_wconf 77' lang='lat' dir='ltr'><strong>magis</strong></span> <span class='ocrx_word' id='word_1_417' title='bbox 1644 3443 1804 3509; x_wconf 89' lang='lat' dir='ltr'><strong>illius,</strong></span> <span class='ocrx_word' id='word_1_418' title='bbox 1835 3443 1926 3511; x_wconf 91' lang='lat' dir='ltr'><strong>qui</strong></span> <span class='ocrx_word' id='word_1_419' title='bbox 1966 3443 2106 3496; x_wconf 85' lang='lat' dir='ltr'><strong>hanc</strong></span> 
     </span>
    </p>
   </div>
   <div class='ocr_carea' id='block_1_52' title="bbox 539 3531 2109 3609">
    <p class='ocr_par' dir='ltr' id='par_1_52' title="bbox 539 3531 2109 3609">
     <span class='ocr_line' id='line_1_52' title="bbox 539 3531 2109 3609; baseline -0.01 -8"><span class='ocrx_word' id='word_1_420' title='bbox 539 3532 777 3601; x_wconf 78' lang='lat' dir='ltr'><strong>servavit</strong></span> <span class='ocrx_word' id='word_1_421' title='bbox 839 3558 852 3597; x_wconf 93' lang='lat'>:</span> <span class='ocrx_word' id='word_1_422' title='bbox 893 3541 1144 3609; x_wconf 85' lang='lat' dir='ltr'><strong>deinceps</strong></span> <span class='ocrx_word' id='word_1_423' title='bbox 1211 3550 1421 3603; x_wconf 87' lang='lat' dir='ltr'><strong>eorum,</strong></span> <span class='ocrx_word' id='word_1_424' title='bbox 1477 3533 1568 3604; x_wconf 91' lang='lat' dir='ltr'><strong>qui</strong></span> <span class='ocrx_word' id='word_1_425' title='bbox 1615 3547 1741 3588; x_wconf 87' lang='lat' dir='ltr'><strong>vere</strong></span> <span class='ocrx_word' id='word_1_426' title='bbox 1770 3540 1898 3587; x_wconf 90' lang='lat' dir='ltr'><strong>sunt</strong></span> <span class='ocrx_word' id='word_1_427' title='bbox 1928 3531 2021 3597; x_wconf 92' lang='lat' dir='ltr'><strong>dii,</strong></span> <span class='ocrx_word' id='word_1_428' title='bbox 2054 3538 2109 3585; x_wconf 87' lang='lat' dir='ltr'><strong>et</strong></span> 
     </span>
    </p>
   </div>
   <div class='ocr_carea' id='block_1_53' title="bbox 537 3626 2106 3694">
    <p class='ocr_par' dir='ltr' id='par_1_53' title="bbox 537 3626 2106 3694">
     <span class='ocr_line' id='line_1_53' title="bbox 537 3626 2106 3694; baseline -0.004 -9"><span class='ocrx_word' id='word_1_429' title='bbox 537 3632 788 3688; x_wconf 89' lang='lat' dir='ltr'><strong>ntsemel</strong></span> <span class='ocrx_word' id='word_1_430' title='bbox 833 3632 1032 3694; x_wconf 81' lang='lat' dir='ltr'><strong>dicam,</strong></span> <span class='ocrx_word' id='word_1_431' title='bbox 1088 3630 1228 3684; x_wconf 86' lang='lat' dir='ltr'><strong>Deus</strong></span> <span class='ocrx_word' id='word_1_432' title='bbox 1271 3637 1354 3683; x_wconf 90' lang='lat' dir='ltr'><strong>est</strong></span> <span class='ocrx_word' id='word_1_433' title='bbox 1382 3626 1696 3690; x_wconf 79' lang='lat' dir='ltr'><strong>viventium,</strong></span> <span class='ocrx_word' id='word_1_434' title='bbox 1728 3635 1785 3681; x_wconf 89' lang='lat' dir='ltr'><strong>et</strong></span> <span class='ocrx_word' id='word_1_435' title='bbox 1821 3638 1927 3679; x_wconf 90' lang='lat' dir='ltr'><strong>non</strong></span> <span class='ocrx_word' id='word_1_436' title='bbox 1955 3639 2106 3680; x_wconf 91' lang='lat' dir='ltr'><strong>mor-</strong></span> 
     </span>
    </p>
   </div>
   <div class='ocr_carea' id='block_1_54' title="bbox 537 3715 2106 3788">
    <p class='ocr_par' dir='ltr' id='par_1_54' title="bbox 537 3715 2106 3788">
     <span class='ocr_line' id='line_1_54' title="bbox 537 3715 2106 3788; baseline -0.006 -9"><span class='ocrx_word' id='word_1_437' title='bbox 537 3737 753 3779; x_wconf 89' lang='lat' dir='ltr'><strong>tuorum</strong></span> <span class='ocrx_word' id='word_1_438' title='bbox 773 3720 838 3785; x_wconf 81' lang='lat'><strong>&quot;;</strong></span> <span class='ocrx_word' id='word_1_439' title='bbox 859 3729 1056 3774; x_wconf 89' lang='lat' dir='ltr'><strong>atvero</strong></span> <span class='ocrx_word' id='word_1_440' title='bbox 1069 3717 1209 3772; x_wconf 88' lang='lat' dir='ltr'><strong>Deus</strong></span> <span class='ocrx_word' id='word_1_441' title='bbox 1235 3719 1426 3788; x_wconf 81' lang='grc' dir='ltr'>Λόγος,</span> <span class='ocrx_word' id='word_1_442' title='bbox 1455 3718 1690 3773; x_wconf 79' lang='lat' dir='ltr'><strong>fortasse</strong></span> <span class='ocrx_word' id='word_1_443' title='bbox 1724 3715 1864 3772; x_wconf 88' lang='lat' dir='ltr'><strong>Deus</strong></span> <span class='ocrx_word' id='word_1_444' title='bbox 1897 3725 1982 3772; x_wconf 91' lang='lat' dir='ltr'><strong>est</strong></span> <span class='ocrx_word' id='word_1_445' title='bbox 2010 3731 2106 3771; x_wconf 86' lang='lat' dir='ltr'><strong>co-</strong></span> 
     </span>
    </p>
   </div>
   <div class='ocr_carea' id='block_1_55' title="bbox 536 3809 2108 3883">
    <p class='ocr_par' dir='ltr' id='par_1_55' title="bbox 536 3809 2108 3883">
     <span class='ocr_line' id='line_1_55' title="bbox 536 3809 2108 3883; baseline -0.003 -15"><span class='ocrx_word' id='word_1_446' title='bbox 536 3830 656 3868; x_wconf 78' lang='lat' dir='ltr'><strong>rum</strong></span> <span class='ocrx_word' id='word_1_447' title='bbox 689 3815 782 3883; x_wconf 91' lang='lat' dir='ltr'><strong>qui</strong></span> <span class='ocrx_word' id='word_1_448' title='bbox 815 3815 868 3869; x_wconf 89' lang='lat' dir='ltr'><strong>in</strong></span> <span class='ocrx_word' id='word_1_449' title='bbox 923 3814 1040 3883; x_wconf 89' lang='lat' dir='ltr'><strong>ipso</strong></span> <span class='ocrx_word' id='word_1_450' title='bbox 1069 3813 1269 3868; x_wconf 86' lang='lat' dir='ltr'><strong>sistunt</strong></span> <span class='ocrx_word' id='word_1_451' title='bbox 1314 3811 1517 3878; x_wconf 89' lang='lat' dir='ltr'><strong>omnia,</strong></span> <span class='ocrx_word' id='word_1_452' title='bbox 1559 3809 1762 3880; x_wconf 84' lang='lat' dir='ltr'><strong>quique</strong></span> <span class='ocrx_word' id='word_1_453' title='bbox 1793 3809 2108 3865; x_wconf 70' lang='lat' dir='ltr'><strong>existimant</strong></span> 
     </span>
    </p>
   </div>
   <div class='ocr_carea' id='block_1_56' title="bbox 535 3903 2104 3974">
    <p class='ocr_par' dir='ltr' id='par_1_56' title="bbox 535 3903 2104 3974">
     <span class='ocr_line' id='line_1_56' title="bbox 535 3903 2104 3974; baseline -0.004 -14"><span class='ocrx_word' id='word_1_454' title='bbox 535 3907 712 3974; x_wconf 89' lang='lat' dir='ltr'><strong>ipsum</strong></span> <span class='ocrx_word' id='word_1_455' title='bbox 761 3919 880 3959; x_wconf 90' lang='lat' dir='ltr'><strong>esse</strong></span> <span class='ocrx_word' id='word_1_456' title='bbox 928 3904 1165 3958; x_wconf 79' lang='lat' dir='ltr'><strong>Patrem.</strong></span> <span class='ocrx_word' id='word_1_457' title='bbox 1218 3903 1311 3958; x_wconf 92' lang='lat' dir='ltr'><strong>Sol</strong></span> <span class='ocrx_word' id='word_1_458' title='bbox 1341 3913 1545 3969; x_wconf 88' lang='lat' dir='ltr'><strong>autem,</strong></span> <span class='ocrx_word' id='word_1_459' title='bbox 1576 3913 1631 3957; x_wconf 92' lang='lat' dir='ltr'><strong>et</strong></span> <span class='ocrx_word' id='word_1_460' title='bbox 1673 3903 1817 3967; x_wconf 89' lang='lat' dir='ltr'><strong>luna,</strong></span> <span class='ocrx_word' id='word_1_461' title='bbox 1852 3910 1907 3957; x_wconf 88' lang='lat' dir='ltr'><strong>et</strong></span> <span class='ocrx_word' id='word_1_462' title='bbox 1935 3909 2104 3966; x_wconf 86' lang='lat' dir='ltr'><strong>astra,</strong></span> 
     </span>
    </p>
   </div>
   <div class='ocr_carea' id='block_1_57' title="bbox 511 3993 2105 4063">
    <p class='ocr_par' dir='ltr' id='par_1_57' title="bbox 511 3993 2105 4063">
     <span class='ocr_line' id='line_1_57' title="bbox 511 3993 2105 4063; baseline -0.001 -15"><span class='ocrx_word' id='word_1_463' title='bbox 511 4006 594 4048; x_wconf 39' lang='lat' dir='ltr'><strong>&#39;ut</strong></span> <span class='ocrx_word' id='word_1_464' title='bbox 641 4005 765 4048; x_wconf 88' lang='lat' dir='ltr'><strong>ante</strong></span> <span class='ocrx_word' id='word_1_465' title='bbox 810 4010 909 4049; x_wconf 92' lang='lat' dir='ltr'><strong>nos</strong></span> <span class='ocrx_word' id='word_1_466' title='bbox 960 3995 1177 4063; x_wconf 85' lang='lat' dir='ltr'><strong>quidam</strong></span> <span class='ocrx_word' id='word_1_467' title='bbox 1230 3995 1644 4060; x_wconf 83' lang='lat' dir='ltr'><strong>disseruerunt,</strong></span> <span class='ocrx_word' id='word_1_468' title='bbox 1700 3993 1805 4048; x_wconf 91' lang='lat' dir='ltr'><strong>illis</strong></span> <span class='ocrx_word' id='word_1_469' title='bbox 1848 3994 2105 4048; x_wconf 85' lang='lat' dir='ltr'><strong>attributa</strong></span> 
     </span>
    </p>
   </div>
   <div class='ocr_carea' id='block_1_58' title="bbox 503 4081 2105 4152">
    <p class='ocr_par' dir='ltr' id='par_1_58' title="bbox 503 4081 2105 4152">
     <span class='ocr_line' id='line_1_58' title="bbox 503 4081 2105 4152; baseline 0.002 -15"><span class='ocrx_word' id='word_1_470' title='bbox 503 4083 778 4148; x_wconf 54' lang='lat' dir='ltr'><strong>“fuerunt,</strong></span> <span class='ocrx_word' id='word_1_471' title='bbox 815 4082 905 4151; x_wconf 90' lang='lat' dir='ltr'><strong>qui</strong></span> <span class='ocrx_word' id='word_1_472' title='bbox 941 4083 1120 4137; x_wconf 90' lang='lat' dir='ltr'><strong>minus</strong></span> <span class='ocrx_word' id='word_1_473' title='bbox 1154 4083 1300 4152; x_wconf 81' lang='lat' dir='ltr'><strong>digni</strong></span> <span class='ocrx_word' id='word_1_474' title='bbox 1331 4081 1600 4138; x_wconf 86' lang='lat' dir='ltr'><strong>habentur</strong></span> <span class='ocrx_word' id='word_1_475' title='bbox 1634 4093 1695 4138; x_wconf 86' lang='lat' dir='ltr'><strong>ut</strong></span> <span class='ocrx_word' id='word_1_476' title='bbox 1741 4083 1832 4138; x_wconf 90' lang='lat' dir='ltr'><strong>illo</strong></span> <span class='ocrx_word' id='word_1_477' title='bbox 1864 4084 2020 4140; x_wconf 88' lang='lat' dir='ltr'><strong>titulo</strong></span> <span class='ocrx_word' id='word_1_478' title='bbox 2043 4098 2105 4140; x_wconf 87' lang='lat' dir='ltr'><strong>ac</strong></span> 
     </span>
    </p>
   </div>
   <div class='ocr_carea' id='block_1_59' title="bbox 503 4176 2103 4243">
    <p class='ocr_par' dir='ltr' id='par_1_59' title="bbox 503 4176 2103 4243">
     <span class='ocr_line' id='line_1_59' title="bbox 503 4176 2103 4243; baseline 0.002 -15"><span class='ocrx_word' id='word_1_479' title='bbox 503 4196 507 4204; x_wconf 68' lang='grc' dir='ltr'><strong>τ</strong></span> <span class='ocrx_word' id='word_1_480' title='bbox 536 4177 692 4230; x_wconf 88' lang='lat' dir='ltr'><strong>laude</strong></span> <span class='ocrx_word' id='word_1_481' title='bbox 718 4177 1166 4241; x_wconf 88' lang='lat' dir='ltr'><strong>cohonestentur,</strong></span> <span class='ocrx_word' id='word_1_482' title='bbox 1195 4185 1253 4228; x_wconf 90' lang='lat' dir='ltr'><strong>ut</strong></span> <span class='ocrx_word' id='word_1_483' title='bbox 1279 4176 1420 4229; x_wconf 90' lang='lat' dir='ltr'><strong>Deus</strong></span> <span class='ocrx_word' id='word_1_484' title='bbox 1450 4176 1670 4232; x_wconf 88' lang='lat' dir='ltr'><strong>deorum</strong></span> <span class='ocrx_word' id='word_1_485' title='bbox 1699 4177 1838 4230; x_wconf 91' lang='lat' dir='ltr'><strong>Deus</strong></span> <span class='ocrx_word' id='word_1_486' title='bbox 1865 4176 2103 4243; x_wconf 87' lang='lat' dir='ltr'><strong>ipsorum</strong></span> 
     </span>
    </p>
   </div>
   <div class='ocr_carea' id='block_1_60' title="bbox 531 4266 2103 4324">
    <p class='ocr_par' dir='ltr' id='par_1_60' title="bbox 531 4266 2103 4324">
     <span class='ocr_line' id='line_1_60' title="bbox 531 4266 2103 4324; baseline 0 -4"><span class='ocrx_word' id='word_1_487' title='bbox 531 4268 624 4320; x_wconf 87' lang='lat' dir='ltr'><strong>sit.</strong></span> <span class='ocrx_word' id='word_1_488' title='bbox 667 4266 760 4322; x_wconf 88' lang='lat' dir='ltr'><strong>Sic</strong></span> <span class='ocrx_word' id='word_1_489' title='bbox 791 4275 968 4321; x_wconf 77' lang='lat' dir='ltr'><strong>autem</strong></span> <span class='ocrx_word' id='word_1_490' title='bbox 1013 4266 1394 4322; x_wconf 78' lang='lat' dir='ltr'><strong>intellexerunt</strong></span> <span class='ocrx_word' id='word_1_491' title='bbox 1435 4268 1653 4322; x_wconf 85' lang='lat' dir='ltr'><strong>adducti</strong></span> <span class='ocrx_word' id='word_1_492' title='bbox 1700 4269 1878 4322; x_wconf 84' lang='lat' dir='ltr'><strong>verbis</strong></span> <span class='ocrx_word' id='word_1_493' title='bbox 1906 4269 2103 4324; x_wconf 50' lang='lat' dir='ltr'><strong>Dente:</strong></span> 
     </span>
    </p>
   </div>
   <div class='ocr_carea' id='block_1_61' title="bbox 531 4357 2107 4430">
    <p class='ocr_par' dir='ltr' id='par_1_61' title="bbox 531 4357 2107 4430">
     <span class='ocr_line' id='line_1_61' title="bbox 531 4357 2107 4430; baseline 0.003 -19"><span class='ocrx_word' id='word_1_494' title='bbox 531 4358 913 4427; x_wconf 79' lang='lat' dir='ltr'><strong>ronomii-qua:</strong></span> <span class='ocrx_word' id='word_1_495' title='bbox 943 4357 1015 4412; x_wconf 88' lang='lat' dir='ltr'><strong>ita</strong></span> <span class='ocrx_word' id='word_1_496' title='bbox 1033 4371 1168 4414; x_wconf 75' lang='lat' dir='ltr'><strong>sese</strong></span> <span class='ocrx_word' id='word_1_497' title='bbox 1195 4358 1394 4414; x_wconf 81' lang='lat' dir='ltr'><strong>habent</strong></span> <span class='ocrx_word' id='word_1_498' title='bbox 1422 4358 1468 4389; x_wconf 88' lang='lat'>&quot;</span> <span class='ocrx_word' id='word_1_499' title='bbox 1503 4374 1516 4412; x_wconf 91' lang='lat'><strong>:</strong></span> <span class='ocrx_word' id='word_1_500' title='bbox 1546 4376 1564 4410; x_wconf 77' lang='grc' dir='ltr'>ι</span> <span class='ocrx_word' id='word_1_501' title='bbox 1594 4357 1671 4414; x_wconf 86' lang='grc' dir='ltr'>Νε</span> <span class='ocrx_word' id='word_1_502' title='bbox 1696 4374 1816 4413; x_wconf 91' lang='lat' dir='ltr'><strong>cum</strong></span> <span class='ocrx_word' id='word_1_503' title='bbox 1847 4375 2107 4430; x_wconf 80' lang='lat' dir='ltr'><strong>suspexe-</strong></span> 
     </span>
    </p>
   </div>
   <div class='ocr_carea' id='block_1_62' title="bbox 517 4446 2107 4518">
    <p class='ocr_par' dir='ltr' id='par_1_62' title="bbox 517 4446 2107 4518">
     <span class='ocr_line' id='line_1_62' title="bbox 517 4446 2107 4518; baseline 0.004 -18"><span class='ocrx_word' id='word_1_504' title='bbox 517 4447 612 4501; x_wconf 33' lang='lat' dir='ltr'><strong>iris</strong></span> <span class='ocrx_word' id='word_1_505' title='bbox 649 4446 701 4501; x_wconf 92' lang='lat' dir='ltr'><strong>in</strong></span> <span class='ocrx_word' id='word_1_506' title='bbox 729 4446 950 4512; x_wconf 72' lang='lat' dir='ltr'><strong>cwlum,</strong></span> <span class='ocrx_word' id='word_1_507' title='bbox 984 4457 1040 4503; x_wconf 91' lang='lat' dir='ltr'><strong>et</strong></span> <span class='ocrx_word' id='word_1_508' title='bbox 1063 4447 1491 4504; x_wconf 79' lang='lat' dir='ltr'><strong>intuitus~fueris</strong></span> <span class='ocrx_word' id='word_1_509' title='bbox 1517 4448 1710 4514; x_wconf 89' lang='lat' dir='ltr'><strong>solem,</strong></span> <span class='ocrx_word' id='word_1_510' title='bbox 1746 4459 1800 4503; x_wconf 88' lang='lat' dir='ltr'><strong>et</strong></span> <span class='ocrx_word' id='word_1_511' title='bbox 1823 4449 2024 4518; x_wconf 90' lang='lat' dir='ltr'><strong>lunam,</strong></span> <span class='ocrx_word' id='word_1_512' title='bbox 2053 4461 2107 4507; x_wconf 87' lang='lat' dir='ltr'><strong>et</strong></span> 
     </span>
    </p>
   </div>
   <div class='ocr_carea' id='block_1_63' title="bbox 525 4539 2104 4612">
    <p class='ocr_par' dir='ltr' id='par_1_63' title="bbox 525 4539 2104 4612">
     <span class='ocr_line' id='line_1_63' title="bbox 525 4539 2104 4612; baseline 0.004 -20"><span class='ocrx_word' id='word_1_513' title='bbox 525 4553 695 4595; x_wconf 84' lang='lat' dir='ltr'><strong>omne</strong></span> <span class='ocrx_word' id='word_1_514' title='bbox 751 4539 876 4596; x_wconf 66' lang='lat' dir='ltr'><strong>caeli</strong></span> <span class='ocrx_word' id='word_1_515' title='bbox 930 4549 1332 4605; x_wconf 88' lang='lat' dir='ltr'><strong>ornamentum,</strong></span> <span class='ocrx_word' id='word_1_516' title='bbox 1375 4541 1630 4612; x_wconf 88' lang='lat' dir='ltr'><strong>deceptus</strong></span> <span class='ocrx_word' id='word_1_517' title='bbox 1681 4544 1878 4599; x_wconf 86' lang='lat' dir='ltr'><strong>adores</strong></span> <span class='ocrx_word' id='word_1_518' title='bbox 1925 4558 2006 4607; x_wconf 87' lang='lat' dir='ltr'><strong>ea,</strong></span> <span class='ocrx_word' id='word_1_519' title='bbox 2048 4553 2104 4599; x_wconf 90' lang='lat' dir='ltr'><strong>ct</strong></span> 
     </span>
    </p>
   </div>
   <div class='ocr_carea' id='block_1_64' title="bbox 598 4631 1686 4698">
    <p class='ocr_par' dir='ltr' id='par_1_64' title="bbox 598 4631 1686 4698">
     <span class='ocr_line' id='line_1_64' title="bbox 598 4631 1686 4698; baseline 0.002 -12"><span class='ocrx_word' id='word_1_520' title='bbox 598 4634 648 4666; x_wconf 82' lang='lat'>&quot;</span> <span class='ocrx_word' id='word_1_521' title='bbox 675 4631 866 4688; x_wconf 77' lang='lat' dir='ltr'><strong>Matth.</strong></span> <span class='ocrx_word' id='word_1_522' title='bbox 904 4648 1039 4698; x_wconf 65' lang='grc' dir='ltr'>χχιι,</span> <span class='ocrx_word' id='word_1_523' title='bbox 1071 4633 1160 4688; x_wconf 77' lang='grc'><strong>52.</strong></span> <span class='ocrx_word' id='word_1_524' title='bbox 1237 4634 1280 4664; x_wconf 89' lang='grc'>⁷⁷</span> <span class='ocrx_word' id='word_1_525' title='bbox 1310 4633 1465 4688; x_wconf 87' lang='lat' dir='ltr'><strong>Deut.</strong></span> <span class='ocrx_word' id='word_1_526' title='bbox 1491 4647 1567 4697; x_wconf 85' lang='lat' dir='ltr'><strong>tv,</strong></span> <span class='ocrx_word' id='word_1_527' title='bbox 1602 4632 1686 4688; x_wconf 84' lang='lat' dir='ltr'><strong>l9.</strong></span> 
     </span>
    </p>
   </div>
   <div class='ocr_carea' id='block_1_65' title="bbox 2211 2067 3803 2143">
    <p class='ocr_par' dir='ltr' id='par_1_65' title="bbox 2211 2067 3803 2143">
     <span class='ocr_line' id='line_1_65' title="bbox 2211 2067 3803 2143; baseline 0 -19"><span class='ocrx_word' id='word_1_528' title='bbox 2211 2067 2303 2126; x_wconf 85' lang='grc' dir='ltr'>οῦν</span> <span class='ocrx_word' id='word_1_529' title='bbox 2333 2071 2464 2135; x_wconf 87' lang='grc' dir='ltr'>Θεὸς</span> <span class='ocrx_word' id='word_1_530' title='bbox 2492 2072 2600 2125; x_wconf 89' lang='grc' dir='ltr'><strong>τῶν</strong></span> <span class='ocrx_word' id='word_1_531' title='bbox 2633 2072 2768 2126; x_wconf 81' lang='grc' dir='ltr'>ὅλων</span> <span class='ocrx_word' id='word_1_532' title='bbox 2795 2072 2896 2143; x_wconf 81' lang='grc' dir='ltr'>τῆς</span> <span class='ocrx_word' id='word_1_533' title='bbox 2928 2071 3156 2142; x_wconf 77' lang='grc' dir='ltr'><strong>ἐκλογῆς</strong></span> <span class='ocrx_word' id='word_1_534' title='bbox 3191 2072 3300 2142; x_wconf 81' lang='grc'><strong>(85)</strong></span> <span class='ocrx_word' id='word_1_535' title='bbox 3341 2073 3456 2125; x_wconf 73' lang='grc' dir='ltr'>ἐστι</span> <span class='ocrx_word' id='word_1_536' title='bbox 3496 2071 3629 2134; x_wconf 61' lang='lat' dir='ltr'><strong>95b;</strong></span> <span class='ocrx_word' id='word_1_537' title='bbox 3650 2111 3663 2135; x_wconf 95' lang='lat'><strong>,</strong></span> <span class='ocrx_word' id='word_1_538' title='bbox 3700 2073 3803 2125; x_wconf 80' lang='grc' dir='ltr'><strong>καὶ</strong></span> 
     </span>
    </p>
   </div>
   <div class='ocr_carea' id='block_1_66' title="bbox 2215 2159 3803 2232">
    <p class='ocr_par' dir='ltr' id='par_1_66' title="bbox 2215 2159 3803 2232">
     <span class='ocr_line' id='line_1_66' title="bbox 2215 2159 3803 2232; baseline 0.001 -19"><span class='ocrx_word' id='word_1_539' title='bbox 2215 2161 2346 2214; x_wconf 85' lang='grc' dir='ltr'>πολὺ</span> <span class='ocrx_word' id='word_1_540' title='bbox 2383 2160 2581 2231; x_wconf 83' lang='grc' dir='ltr'>μᾶλλον</span> <span class='ocrx_word' id='word_1_541' title='bbox 2613 2159 2706 2213; x_wconf 90' lang='grc' dir='ltr'><strong>τοῦ</strong></span> <span class='ocrx_word' id='word_1_542' title='bbox 2740 2161 2838 2230; x_wconf 81' lang='grc' dir='ltr'>τῆς</span> <span class='ocrx_word' id='word_1_543' title='bbox 2881 2159 3108 2231; x_wconf 82' lang='grc' dir='ltr'><strong>ἐκλογῆς</strong></span> <span class='ocrx_word' id='word_1_544' title='bbox 3141 2161 3390 2232; x_wconf 79' lang='grc' dir='ltr'>Σωτῆρος</span> <span class='ocrx_word' id='word_1_545' title='bbox 3411 2177 3424 2190; x_wconf 78' lang='grc' dir='ltr'><strong><em>ο</em></strong></span> <span class='ocrx_word' id='word_1_546' title='bbox 3459 2160 3648 2214; x_wconf 76' lang='grc' dir='ltr'>ἔπειτα</span> <span class='ocrx_word' id='word_1_547' title='bbox 3683 2161 3803 2214; x_wconf 89' lang='grc' dir='ltr'><strong>τῶν</strong></span> 
     </span>
    </p>
   </div>
   <div class='ocr_carea' id='block_1_67' title="bbox 2213 2252 3802 2324">
    <p class='ocr_par' dir='ltr' id='par_1_67' title="bbox 2213 2252 3802 2324">
     <span class='ocr_line' id='line_1_67' title="bbox 2213 2252 3802 2324; baseline 0.001 -19"><span class='ocrx_word' id='word_1_548' title='bbox 2213 2253 2426 2324; x_wconf 89' lang='grc' dir='ltr'>ἀληθῶς</span> <span class='ocrx_word' id='word_1_549' title='bbox 2457 2252 2594 2305; x_wconf 91' lang='grc' dir='ltr'>θεῶν</span> <span class='ocrx_word' id='word_1_550' title='bbox 2625 2252 2741 2305; x_wconf 72' lang='grc' dir='ltr'>ἐστὶ</span> <span class='ocrx_word' id='word_1_551' title='bbox 2767 2252 2916 2315; x_wconf 89' lang='grc' dir='ltr'>Θεὸς,</span> <span class='ocrx_word' id='word_1_552' title='bbox 2945 2253 3038 2306; x_wconf 76' lang='grc' dir='ltr'><strong>καὶ</strong></span> <span class='ocrx_word' id='word_1_553' title='bbox 3066 2253 3398 2319; x_wconf 77' lang='grc' dir='ltr'>ἁπαξαπλῶς</span> <span class='ocrx_word' id='word_1_554' title='bbox 3433 2252 3668 2317; x_wconf 80' lang='grc' dir='ltr'>ζώντων,</span> <span class='ocrx_word' id='word_1_555' title='bbox 3703 2254 3802 2307; x_wconf 74' lang='grc' dir='ltr'>καὶ</span> 
     </span>
    </p>
   </div>
   <div class='ocr_carea' id='block_1_68' title="bbox 2211 2343 3804 2414">
    <p class='ocr_par' dir='ltr' id='par_1_68' title="bbox 2211 2343 3804 2414">
     <span class='ocr_line' id='line_1_68' title="bbox 2211 2343 3804 2414; baseline 0.001 -17"><span class='ocrx_word' id='word_1_556' title='bbox 2211 2345 2272 2397; x_wconf 81' lang='grc' dir='ltr'>οὐ</span> <span class='ocrx_word' id='word_1_557' title='bbox 2302 2343 2509 2413; x_wconf 84' lang='grc' dir='ltr'>νεκρῶν</span> <span class='ocrx_word' id='word_1_558' title='bbox 2541 2345 2656 2396; x_wconf 76' lang='grc' dir='ltr'>ἐστι</span> <span class='ocrx_word' id='word_1_559' title='bbox 2690 2343 2852 2406; x_wconf 77' lang='grc' dir='ltr'>Θεός’</span> <span class='ocrx_word' id='word_1_560' title='bbox 2887 2345 2916 2396; x_wconf 87' lang='grc' dir='ltr'>ό</span> <span class='ocrx_word' id='word_1_561' title='bbox 2947 2344 3003 2396; x_wconf 83' lang='grc' dir='ltr'>δὲ</span> <span class='ocrx_word' id='word_1_562' title='bbox 3036 2343 3167 2408; x_wconf 91' lang='grc' dir='ltr'>Θεὸς</span> <span class='ocrx_word' id='word_1_563' title='bbox 3212 2343 3382 2412; x_wconf 87' lang='grc' dir='ltr'>Λόγος</span> <span class='ocrx_word' id='word_1_564' title='bbox 3422 2345 3561 2414; x_wconf 81' lang='grc' dir='ltr'>τάχα</span> <span class='ocrx_word' id='word_1_565' title='bbox 3591 2344 3702 2396; x_wconf 85' lang='grc' dir='ltr'><strong>τῶν</strong></span> <span class='ocrx_word' id='word_1_566' title='bbox 3737 2345 3804 2398; x_wconf 81' lang='grc' dir='ltr'><strong>ὲν</strong></span> 
     </span>
    </p>
   </div>
   <div class='ocr_carea' id='block_1_69' title="bbox 2212 2436 3799 2508">
    <p class='ocr_par' dir='ltr' id='par_1_69' title="bbox 2212 2436 3799 2508">
     <span class='ocr_line' id='line_1_69' title="bbox 2212 2436 3799 2508; baseline 0.001 -18"><span class='ocrx_word' id='word_1_567' title='bbox 2212 2436 2360 2508; x_wconf 78' lang='grc' dir='ltr'>αὐτῷ</span> <span class='ocrx_word' id='word_1_568' title='bbox 2408 2438 2667 2491; x_wconf 77' lang='grc' dir='ltr'>ἱστάντων</span> <span class='ocrx_word' id='word_1_569' title='bbox 2702 2437 2762 2490; x_wconf 87' lang='grc' dir='ltr'><strong>τὸ</strong></span> <span class='ocrx_word' id='word_1_570' title='bbox 2789 2439 2896 2490; x_wconf 83' lang='grc' dir='ltr'>πᾶν</span> <span class='ocrx_word' id='word_1_571' title='bbox 2931 2439 3026 2491; x_wconf 76' lang='grc' dir='ltr'><strong>καὶ</strong></span> <span class='ocrx_word' id='word_1_572' title='bbox 3058 2437 3165 2491; x_wconf 85' lang='grc' dir='ltr'><strong>τῶν</strong></span> <span class='ocrx_word' id='word_1_573' title='bbox 3197 2438 3417 2508; x_wconf 83' lang='grc' dir='ltr'>Πατέρα</span> <span class='ocrx_word' id='word_1_574' title='bbox 3445 2438 3604 2491; x_wconf 75' lang='grc' dir='ltr'>αὐτὸν</span> <span class='ocrx_word' id='word_1_575' title='bbox 3635 2455 3799 2508; x_wconf 79' lang='grc' dir='ltr'>νομι-</span> 
     </span>
    </p>
   </div>
   <div class='ocr_carea' id='block_1_70' title="bbox 2214 2526 3799 2599">
    <p class='ocr_par' dir='ltr' id='par_1_70' title="bbox 2214 2526 3799 2599">
     <span class='ocr_line' id='line_1_70' title="bbox 2214 2526 3799 2599; baseline 0.002 -21"><span class='ocrx_word' id='word_1_576' title='bbox 2214 2526 2413 2591; x_wconf 81' lang='grc' dir='ltr'>ζόντων</span> <span class='ocrx_word' id='word_1_577' title='bbox 2443 2526 2559 2578; x_wconf 68' lang='grc' dir='ltr'>ἐστὶ</span> <span class='ocrx_word' id='word_1_578' title='bbox 2591 2526 2740 2588; x_wconf 83' lang='grc' dir='ltr'>Θεός.</span> <span class='ocrx_word' id='word_1_579' title='bbox 2768 2526 2955 2590; x_wconf 80' lang='grc' dir='ltr'>’Ἥλιος</span> <span class='ocrx_word' id='word_1_580' title='bbox 2987 2527 3044 2581; x_wconf 82' lang='grc' dir='ltr'>δὲ</span> <span class='ocrx_word' id='word_1_581' title='bbox 3078 2528 3169 2580; x_wconf 75' lang='grc' dir='ltr'><strong>καὶ</strong></span> <span class='ocrx_word' id='word_1_582' title='bbox 3193 2527 3388 2599; x_wconf 81' lang='grc' dir='ltr'><strong>σελήνη</strong></span> <span class='ocrx_word' id='word_1_583' title='bbox 3421 2528 3512 2580; x_wconf 70' lang='grc' dir='ltr'><strong>καὶ</strong></span> <span class='ocrx_word' id='word_1_584' title='bbox 3540 2528 3799 2598; x_wconf 81' lang='grc' dir='ltr'>ἀστέρες,</span> 
     </span>
    </p>
   </div>
   <div class='ocr_carea' id='block_1_71' title="bbox 2191 2618 3799 2691">
    <p class='ocr_par' dir='ltr' id='par_1_71' title="bbox 2191 2618 3799 2691">
     <span class='ocr_line' id='line_1_71' title="bbox 2191 2618 3799 2691; baseline 0.001 -20"><span class='ocrx_word' id='word_1_585' title='bbox 2191 2618 2287 2682; x_wconf 85' lang='grc' dir='ltr'>’ῶς</span> <span class='ocrx_word' id='word_1_586' title='bbox 2318 2636 2463 2682; x_wconf 89' lang='grc' dir='ltr'>τινες</span> <span class='ocrx_word' id='word_1_587' title='bbox 2488 2620 2597 2673; x_wconf 91' lang='grc' dir='ltr'><strong>τῶν</strong></span> <span class='ocrx_word' id='word_1_588' title='bbox 2631 2619 2738 2690; x_wconf 85' lang='grc' dir='ltr'><strong>πρὸ</strong></span> <span class='ocrx_word' id='word_1_589' title='bbox 2781 2619 2937 2690; x_wconf 72' lang='grc' dir='ltr'>ἡμῶν</span> <span class='ocrx_word' id='word_1_590' title='bbox 2973 2619 3082 2690; x_wconf 67' lang='grc'>(84)</span> <span class='ocrx_word' id='word_1_591' title='bbox 3111 2621 3437 2691; x_wconf 79' lang='grc' dir='ltr'><strong>διηγήσαντο</strong></span> <span class='ocrx_word' id='word_1_592' title='bbox 3458 2660 3473 2683; x_wconf 94' lang='grc'>,</span> <span class='ocrx_word' id='word_1_593' title='bbox 3511 2621 3799 2691; x_wconf 85' lang='grc' dir='ltr'>ἀπενεμή-</span> 
     </span>
    </p>
   </div>
   <div class='ocr_carea' id='block_1_72' title="bbox 2212 2708 3802 2782">
    <p class='ocr_par' dir='ltr' id='par_1_72' title="bbox 2212 2708 3802 2782">
     <span class='ocr_line' id='line_1_72' title="bbox 2212 2708 3802 2782; baseline 0.003 -21"><span class='ocrx_word' id='word_1_594' title='bbox 2212 2708 2383 2780; x_wconf 86' lang='grc' dir='ltr'>θησαν</span> <span class='ocrx_word' id='word_1_595' title='bbox 2421 2713 2533 2774; x_wconf 80' lang='grc' dir='ltr'>τοῖς</span> <span class='ocrx_word' id='word_1_596' title='bbox 2584 2711 2656 2781; x_wconf 86' lang='grc' dir='ltr'><strong>μὴ</strong></span> <span class='ocrx_word' id='word_1_597' title='bbox 2704 2711 2875 2776; x_wconf 76' lang='grc' dir='ltr'>ἀξίοις</span> <span class='ocrx_word' id='word_1_598' title='bbox 2918 2711 3318 2782; x_wconf 80' lang='grc' dir='ltr'>ἐπιγράφεσθαι</span> <span class='ocrx_word' id='word_1_599' title='bbox 3362 2710 3452 2764; x_wconf 86' lang='grc' dir='ltr'><strong>τὸν</strong></span> <span class='ocrx_word' id='word_1_600' title='bbox 3501 2710 3632 2762; x_wconf 84' lang='grc' dir='ltr'>Θεὸν</span> <span class='ocrx_word' id='word_1_601' title='bbox 3682 2712 3802 2765; x_wconf 84' lang='grc' dir='ltr'><strong>τῶν</strong></span> 
     </span>
    </p>
   </div>
   <div class='ocr_carea' id='block_1_73' title="bbox 2213 2797 3792 2874">
    <p class='ocr_par' dir='ltr' id='par_1_73' title="bbox 2213 2797 3792 2874">
     <span class='ocr_line' id='line_1_73' title="bbox 2213 2797 3792 2874; baseline -0.001 -18"><span class='ocrx_word' id='word_1_602' title='bbox 2213 2802 2370 2868; x_wconf 88' lang='grc' dir='ltr'>θεῶν,</span> <span class='ocrx_word' id='word_1_603' title='bbox 2402 2802 2533 2874; x_wconf 87' lang='grc' dir='ltr'>Θεὸν</span> <span class='ocrx_word' id='word_1_604' title='bbox 2563 2803 2742 2856; x_wconf 75' lang='grc' dir='ltr'>αὐτῶν</span> <span class='ocrx_word' id='word_1_605' title='bbox 2764 2798 2920 2856; x_wconf 75' lang='grc' dir='ltr'>εἶναι.</span> <span class='ocrx_word' id='word_1_606' title='bbox 2956 2797 3112 2855; x_wconf 78' lang='grc' dir='ltr'>Οὕτω</span> <span class='ocrx_word' id='word_1_607' title='bbox 3134 2802 3190 2855; x_wconf 82' lang='grc' dir='ltr'>δὲ</span> <span class='ocrx_word' id='word_1_608' title='bbox 3217 2800 3522 2868; x_wconf 74' lang='grc' dir='ltr'>ἐξεδέξαντο</span> <span class='ocrx_word' id='word_1_609' title='bbox 3547 2802 3792 2872; x_wconf 86' lang='grc' dir='ltr'>κινηθέν-</span> 
     </span>
    </p>
   </div>
   <div class='ocr_carea' id='block_1_74' title="bbox 2209 2891 3802 2964">
    <p class='ocr_par' dir='ltr' id='par_1_74' title="bbox 2209 2891 3802 2964">
     <span class='ocr_line' id='line_1_74' title="bbox 2209 2891 3802 2964; baseline 0.001 -18"><span class='ocrx_word' id='word_1_610' title='bbox 2209 2911 2301 2958; x_wconf 85' lang='grc' dir='ltr'><strong>τες</strong></span> <span class='ocrx_word' id='word_1_611' title='bbox 2342 2895 2406 2946; x_wconf 80' lang='grc' dir='ltr'>ὲκ</span> <span class='ocrx_word' id='word_1_612' title='bbox 2447 2892 2556 2947; x_wconf 86' lang='grc' dir='ltr'><strong>τῶν</strong></span> <span class='ocrx_word' id='word_1_613' title='bbox 2603 2895 2660 2946; x_wconf 77' lang='grc' dir='ltr'><strong>ὲν</strong></span> <span class='ocrx_word' id='word_1_614' title='bbox 2701 2891 2778 2962; x_wconf 89' lang='grc' dir='ltr'>τῷ</span> <span class='ocrx_word' id='word_1_615' title='bbox 2821 2893 3224 2964; x_wconf 77' lang='grc' dir='ltr'>Δευτερονομὶῳ</span> <span class='ocrx_word' id='word_1_616' title='bbox 3253 2893 3343 2945; x_wconf 87' lang='grc' dir='ltr'><strong>τὸν</strong></span> <span class='ocrx_word' id='word_1_617' title='bbox 3370 2893 3572 2964; x_wconf 80' lang='grc' dir='ltr'>τρόπον</span> <span class='ocrx_word' id='word_1_618' title='bbox 3604 2893 3802 2948; x_wconf 83' lang='grc' dir='ltr'>τοῦτον</span> 
     </span>
    </p>
   </div>
   <div class='ocr_carea' id='block_1_75' title="bbox 2211 2983 3801 3055">
    <p class='ocr_par' dir='ltr' id='par_1_75' title="bbox 2211 2983 3801 3055">
     <span class='ocr_line' id='line_1_75' title="bbox 2211 2983 3801 3055; baseline -0.001 -17"><span class='ocrx_word' id='word_1_619' title='bbox 2211 2985 2442 3055; x_wconf 82' lang='grc' dir='ltr'>ἐχόντων</span> <span class='ocrx_word' id='word_1_620' title='bbox 2466 3001 2479 3014; x_wconf 83' lang='lat'><strong><em>°</em></strong></span> <span class='ocrx_word' id='word_1_621' title='bbox 2524 3003 2542 3036; x_wconf 77' lang='grc' dir='ltr'><strong>ι</strong></span> <span class='ocrx_word' id='word_1_622' title='bbox 2573 2985 2665 3054; x_wconf 82' lang='grc' dir='ltr'><strong>Μὴ</strong></span> <span class='ocrx_word' id='word_1_623' title='bbox 2695 2983 3002 3053; x_wconf 76' lang='grc' dir='ltr'>ἀναὸλέψας</span> <span class='ocrx_word' id='word_1_624' title='bbox 3029 2984 3108 3046; x_wconf 78' lang='grc' dir='ltr'><strong>εἰς</strong></span> <span class='ocrx_word' id='word_1_625' title='bbox 3134 2984 3225 3036; x_wconf 88' lang='grc' dir='ltr'><strong>τὸν</strong></span> <span class='ocrx_word' id='word_1_626' title='bbox 3257 2983 3512 3053; x_wconf 74' lang='grc' dir='ltr'>οὐρανὸν,</span> <span class='ocrx_word' id='word_1_627' title='bbox 3541 2983 3631 3036; x_wconf 80' lang='grc' dir='ltr'><strong>καὶ</strong></span> <span class='ocrx_word' id='word_1_628' title='bbox 3668 2983 3801 3037; x_wconf 71' lang='grc' dir='ltr'>ἰδὼν</span> 
     </span>
    </p>
   </div>
   <div class='ocr_carea' id='block_1_76' title="bbox 2211 3071 3799 3148">
    <p class='ocr_par' dir='ltr' id='par_1_76' title="bbox 2211 3071 3799 3148">
     <span class='ocr_line' id='line_1_76' title="bbox 2211 3071 3799 3148; baseline -0.002 -19"><span class='ocrx_word' id='word_1_629' title='bbox 2211 3076 2302 3130; x_wconf 90' lang='grc' dir='ltr'><strong>τὸν</strong></span> <span class='ocrx_word' id='word_1_630' title='bbox 2333 3075 2484 3146; x_wconf 86' lang='grc' dir='ltr'>ἦλιον</span> <span class='ocrx_word' id='word_1_631' title='bbox 2505 3118 2519 3141; x_wconf 94' lang='grc'>,</span> <span class='ocrx_word' id='word_1_632' title='bbox 2555 3076 2649 3129; x_wconf 73' lang='grc' dir='ltr'><strong>καὶ</strong></span> <span class='ocrx_word' id='word_1_633' title='bbox 2676 3071 2774 3148; x_wconf 78' lang='grc' dir='ltr'>τὴν</span> <span class='ocrx_word' id='word_1_634' title='bbox 2811 3074 3038 3146; x_wconf 85' lang='grc' dir='ltr'>σελήνην</span> <span class='ocrx_word' id='word_1_635' title='bbox 3058 3114 3072 3140; x_wconf 97' lang='grc'>,</span> <span class='ocrx_word' id='word_1_636' title='bbox 3103 3075 3195 3128; x_wconf 75' lang='grc' dir='ltr'><strong>καὶ</strong></span> <span class='ocrx_word' id='word_1_637' title='bbox 3239 3075 3418 3128; x_wconf 86' lang='grc' dir='ltr'>πάντα</span> <span class='ocrx_word' id='word_1_638' title='bbox 3453 3075 3544 3127; x_wconf 87' lang='grc' dir='ltr'><strong>τὸν</strong></span> <span class='ocrx_word' id='word_1_639' title='bbox 3591 3075 3799 3146; x_wconf 75' lang='grc' dir='ltr'>κόσμον</span> 
     </span>
    </p>
   </div>
   <div class='ocr_carea' id='block_1_77' title="bbox 2211 3166 3800 3238">
    <p class='ocr_par' dir='ltr' id='par_1_77' title="bbox 2211 3166 3800 3238">
     <span class='ocr_line' id='line_1_77' title="bbox 2211 3166 3800 3238; baseline 0 -19"><span class='ocrx_word' id='word_1_640' title='bbox 2211 3167 2304 3220; x_wconf 90' lang='grc' dir='ltr'><strong>τοῦ</strong></span> <span class='ocrx_word' id='word_1_641' title='bbox 2350 3166 2579 3237; x_wconf 85' lang='grc' dir='ltr'>οὐρανοῦ</span> <span class='ocrx_word' id='word_1_642' title='bbox 2603 3207 2618 3232; x_wconf 92' lang='grc'>,</span> <span class='ocrx_word' id='word_1_643' title='bbox 2667 3166 2958 3237; x_wconf 75' lang='grc' dir='ltr'>πλανηθεὶς</span> <span class='ocrx_word' id='word_1_644' title='bbox 3013 3167 3396 3238; x_wconf 82' lang='grc' dir='ltr'>προσκυνήσῃς</span> <span class='ocrx_word' id='word_1_645' title='bbox 3441 3166 3622 3229; x_wconf 75' lang='grc' dir='ltr'>αὐτοῖς</span> <span class='ocrx_word' id='word_1_646' title='bbox 3645 3206 3658 3230; x_wconf 96' lang='grc'>,</span> <span class='ocrx_word' id='word_1_647' title='bbox 3697 3167 3800 3219; x_wconf 78' lang='grc' dir='ltr'>καὶ</span> 
     </span>
    </p>
   </div>
   <div class='ocr_carea' id='block_1_78' title="bbox 2212 3257 3797 3330">
    <p class='ocr_par' dir='ltr' id='par_1_78' title="bbox 2212 3257 3797 3330">
     <span class='ocr_line' id='line_1_78' title="bbox 2212 3257 3797 3330; baseline -0.001 -18"><span class='ocrx_word' id='word_1_648' title='bbox 2212 3257 2512 3330; x_wconf 84' lang='grc' dir='ltr'>λατρεύσῃς</span> <span class='ocrx_word' id='word_1_649' title='bbox 2559 3259 2776 3322; x_wconf 84' lang='grc' dir='ltr'>αὐτοῖς,</span> <span class='ocrx_word' id='word_1_650' title='bbox 2803 3259 2839 3313; x_wconf 78' lang='grc' dir='ltr'>ἀ</span> <span class='ocrx_word' id='word_1_651' title='bbox 2878 3258 3173 3327; x_wconf 87' lang='grc' dir='ltr'>ἀπένειμεν</span> <span class='ocrx_word' id='word_1_652' title='bbox 3204 3258 3344 3312; x_wconf 83' lang='grc' dir='ltr'>αὑτά</span> <span class='ocrx_word' id='word_1_653' title='bbox 3376 3257 3577 3329; x_wconf 81' lang='grc' dir='ltr'>Κύριος</span> <span class='ocrx_word' id='word_1_654' title='bbox 3607 3260 3635 3312; x_wconf 85' lang='grc' dir='ltr'>ὁ</span> <span class='ocrx_word' id='word_1_655' title='bbox 3660 3258 3797 3322; x_wconf 87' lang='grc' dir='ltr'>Θεός</span> 
     </span>
    </p>
   </div>
   <div class='ocr_carea' id='block_1_79' title="bbox 2214 3347 3802 3418">
    <p class='ocr_par' dir='ltr' id='par_1_79' title="bbox 2214 3347 3802 3418">
     <span class='ocr_line' id='line_1_79' title="bbox 2214 3347 3802 3418; baseline 0.001 -17"><span class='ocrx_word' id='word_1_656' title='bbox 2214 3364 2308 3401; x_wconf 86' lang='grc' dir='ltr'>σου</span> <span class='ocrx_word' id='word_1_657' title='bbox 2335 3349 2466 3400; x_wconf 80' lang='grc' dir='ltr'>πᾶσι</span> <span class='ocrx_word' id='word_1_658' title='bbox 2494 3350 2604 3412; x_wconf 85' lang='grc' dir='ltr'>τοῖς</span> <span class='ocrx_word' id='word_1_659' title='bbox 2635 3347 2840 3402; x_wconf 79' lang='grc' dir='ltr'>ἔθνεσιν</span> <span class='ocrx_word' id='word_1_660' title='bbox 2863 3365 2876 3378; x_wconf 75' lang='grc' dir='ltr'><strong><em>ο</em></strong></span> <span class='ocrx_word' id='word_1_661' title='bbox 2893 3367 2910 3400; x_wconf 73' lang='grc' dir='ltr'>ι</span> <span class='ocrx_word' id='word_1_662' title='bbox 2940 3348 3065 3418; x_wconf 83' lang='grc' dir='ltr'>ὑμῖν</span> <span class='ocrx_word' id='word_1_663' title='bbox 3085 3348 3141 3401; x_wconf 81' lang='grc' dir='ltr'>δὲ</span> <span class='ocrx_word' id='word_1_664' title='bbox 3159 3348 3256 3417; x_wconf 77' lang='grc' dir='ltr'>οὐχ</span> <span class='ocrx_word' id='word_1_665' title='bbox 3285 3347 3453 3413; x_wconf 76' lang='grc' dir='ltr'>οὕτως</span> <span class='ocrx_word' id='word_1_666' title='bbox 3483 3349 3648 3402; x_wconf 76' lang='grc' dir='ltr'>ἔδωκε</span> <span class='ocrx_word' id='word_1_667' title='bbox 3679 3349 3802 3402; x_wconf 70' lang='grc' dir='ltr'><strong>Κύα-</strong></span> 
     </span>
    </p>
   </div>
   <div class='ocr_carea' id='block_1_80' title="bbox 2215 3439 3798 3511">
    <p class='ocr_par' dir='ltr' id='par_1_80' title="bbox 2215 3439 3798 3511">
     <span class='ocr_line' id='line_1_80' title="bbox 2215 3439 3798 3511; baseline 0.003 -20"><span class='ocrx_word' id='word_1_668' title='bbox 2215 3456 2330 3511; x_wconf 89' lang='grc' dir='ltr'>ριος</span> <span class='ocrx_word' id='word_1_669' title='bbox 2352 3439 2380 3491; x_wconf 86' lang='grc' dir='ltr'>ό</span> <span class='ocrx_word' id='word_1_670' title='bbox 2408 3439 2539 3503; x_wconf 91' lang='grc' dir='ltr'>Θεός</span> <span class='ocrx_word' id='word_1_671' title='bbox 2574 3457 2689 3493; x_wconf 93' lang='grc' dir='ltr'>σου.</span> <span class='ocrx_word' id='word_1_672' title='bbox 2715 3439 2838 3502; x_wconf 90' lang='grc' dir='ltr'><strong>Πῶς</strong></span> <span class='ocrx_word' id='word_1_673' title='bbox 2863 3440 2971 3510; x_wconf 88' lang='grc' dir='ltr'><strong>γάρ</strong></span> <span class='ocrx_word' id='word_1_674' title='bbox 2993 3440 3256 3510; x_wconf 87' lang='grc' dir='ltr'>ἀπένειμε</span> <span class='ocrx_word' id='word_1_675' title='bbox 3287 3442 3420 3493; x_wconf 82' lang='grc' dir='ltr'>πᾶσι</span> <span class='ocrx_word' id='word_1_676' title='bbox 3439 3443 3552 3504; x_wconf 85' lang='grc' dir='ltr'>τοῖς</span> <span class='ocrx_word' id='word_1_677' title='bbox 3583 3439 3798 3496; x_wconf 78' lang='grc' dir='ltr'>ἔθνεσιν</span> 
     </span>
    </p>
   </div>
   <div class='ocr_carea' id='block_1_81' title="bbox 2212 3531 3796 3606">
    <p class='ocr_par' dir='ltr' id='par_1_81' title="bbox 2212 3531 3796 3606">
     <span class='ocr_line' id='line_1_81' title="bbox 2212 3531 3796 3606; baseline 0.003 -22"><span class='ocrx_word' id='word_1_678' title='bbox 2212 3532 2362 3604; x_wconf 71' lang='grc' dir='ltr'>ἦλιον</span> <span class='ocrx_word' id='word_1_679' title='bbox 2407 3532 2507 3586; x_wconf 72' lang='grc' dir='ltr'><strong>καὶ</strong></span> <span class='ocrx_word' id='word_1_680' title='bbox 2556 3533 2784 3604; x_wconf 85' lang='grc' dir='ltr'>σελήνην</span> <span class='ocrx_word' id='word_1_681' title='bbox 2817 3531 2910 3585; x_wconf 73' lang='grc' dir='ltr'>καὶ</span> <span class='ocrx_word' id='word_1_682' title='bbox 2948 3532 3126 3586; x_wconf 81' lang='grc' dir='ltr'>πάντα</span> <span class='ocrx_word' id='word_1_683' title='bbox 3152 3532 3243 3586; x_wconf 88' lang='grc' dir='ltr'><strong>τὸν</strong></span> <span class='ocrx_word' id='word_1_684' title='bbox 3273 3533 3474 3604; x_wconf 88' lang='grc' dir='ltr'>κόσμον</span> <span class='ocrx_word' id='word_1_685' title='bbox 3505 3533 3598 3587; x_wconf 88' lang='grc' dir='ltr'><strong>τοῦ</strong></span> <span class='ocrx_word' id='word_1_686' title='bbox 3624 3535 3796 3606; x_wconf 77' lang='grc' dir='ltr'>οὐρα-</span> 
     </span>
    </p>
   </div>
   <div class='ocr_carea' id='block_1_82' title="bbox 2210 3625 3795 3700">
    <p class='ocr_par' dir='ltr' id='par_1_82' title="bbox 2210 3625 3795 3700">
     <span class='ocr_line' id='line_1_82' title="bbox 2210 3625 3795 3700; baseline 0.001 -20"><span class='ocrx_word' id='word_1_687' title='bbox 2210 3626 2305 3680; x_wconf 88' lang='grc' dir='ltr'><strong>νοῦ</strong></span> <span class='ocrx_word' id='word_1_688' title='bbox 2353 3626 2382 3678; x_wconf 85' lang='grc' dir='ltr'><strong>ό</strong></span> <span class='ocrx_word' id='word_1_689' title='bbox 2414 3626 2577 3690; x_wconf 89' lang='grc' dir='ltr'>Θεὸς,</span> <span class='ocrx_word' id='word_1_690' title='bbox 2624 3627 2723 3697; x_wconf 77' lang='grc' dir='ltr'><strong>οὐχ</strong></span> <span class='ocrx_word' id='word_1_691' title='bbox 2761 3626 2933 3690; x_wconf 76' lang='grc' dir='ltr'>οὕτως</span> <span class='ocrx_word' id='word_1_692' title='bbox 2963 3625 3209 3690; x_wconf 79' lang='grc' dir='ltr'>δεδωκὼς</span> <span class='ocrx_word' id='word_1_693' title='bbox 3247 3627 3387 3680; x_wconf 77' lang='grc' dir='ltr'>αὐτὰ</span> <span class='ocrx_word' id='word_1_694' title='bbox 3414 3627 3493 3698; x_wconf 84' lang='grc' dir='ltr'>τῷ</span> <span class='ocrx_word' id='word_1_695' title='bbox 3538 3629 3795 3700; x_wconf 74' lang='grc' dir='ltr'>Ἰσραήλς</span> 
     </span>
    </p>
   </div>
   <div class='ocr_carea' id='block_1_83' title="bbox 2215 3718 3799 3792">
    <p class='ocr_par' dir='ltr' id='par_1_83' title="bbox 2215 3718 3799 3792">
     <span class='ocr_line' id='line_1_83' title="bbox 2215 3718 3799 3792; baseline 0 -19"><span class='ocrx_word' id='word_1_696' title='bbox 2215 3720 2305 3792; x_wconf 78' lang='grc' dir='ltr'><strong>Τῷ</strong></span> <span class='ocrx_word' id='word_1_697' title='bbox 2330 3723 2454 3784; x_wconf 80' lang='grc' dir='ltr'>τοὺς</span> <span class='ocrx_word' id='word_1_698' title='bbox 2485 3720 2560 3792; x_wconf 85' lang='grc' dir='ltr'>μὴ</span> <span class='ocrx_word' id='word_1_699' title='bbox 2585 3718 2914 3790; x_wconf 83' lang='grc' dir='ltr'>δυναμένους</span> <span class='ocrx_word' id='word_1_700' title='bbox 2958 3719 3049 3771; x_wconf 71' lang='grc' dir='ltr'>ἐπὶ</span> <span class='ocrx_word' id='word_1_701' title='bbox 3091 3718 3188 3788; x_wconf 84' lang='grc' dir='ltr'>τὴν</span> <span class='ocrx_word' id='word_1_702' title='bbox 3234 3719 3428 3791; x_wconf 76' lang='grc' dir='ltr'>νοητὴν</span> <span class='ocrx_word' id='word_1_703' title='bbox 3460 3720 3799 3790; x_wconf 77' lang='grc' dir='ltr'>ἀναδραμεῖν</span> 
     </span>
    </p>
   </div>
   <div class='ocr_carea' id='block_1_84' title="bbox 2214 3811 3795 3886">
    <p class='ocr_par' dir='ltr' id='par_1_84' title="bbox 2214 3811 3795 3886">
     <span class='ocr_line' id='line_1_84' title="bbox 2214 3811 3795 3886; baseline -0.003 -16"><span class='ocrx_word' id='word_1_704' title='bbox 2214 3817 2394 3886; x_wconf 80' lang='grc' dir='ltr'>φύσιν,</span> <span class='ocrx_word' id='word_1_705' title='bbox 2409 3817 2478 3869; x_wconf 85' lang='grc' dir='ltr'>δι’</span> <span class='ocrx_word' id='word_1_706' title='bbox 2511 3814 2781 3886; x_wconf 75' lang='grc' dir='ltr'>αἰσθητῶν</span> <span class='ocrx_word' id='word_1_707' title='bbox 2815 3813 2951 3868; x_wconf 87' lang='grc' dir='ltr'>θεῶν</span> <span class='ocrx_word' id='word_1_708' title='bbox 2980 3811 3328 3882; x_wconf 84' lang='grc' dir='ltr'>κινουμένους</span> <span class='ocrx_word' id='word_1_709' title='bbox 3359 3811 3487 3882; x_wconf 74' lang='grc' dir='ltr'>περὶ</span> <span class='ocrx_word' id='word_1_710' title='bbox 3519 3811 3795 3882; x_wconf 76' lang='grc' dir='ltr'>θεότητος,</span> 
     </span>
    </p>
   </div>
   <div class='ocr_carea' id='block_1_85' title="bbox 2211 3903 3800 3980">
    <p class='ocr_par' dir='ltr' id='par_1_85' title="bbox 2211 3903 3800 3980">
     <span class='ocr_line' id='line_1_85' title="bbox 2211 3903 3800 3980; baseline -0.003 -17"><span class='ocrx_word' id='word_1_711' title='bbox 2211 3908 2510 3980; x_wconf 83' lang='grc' dir='ltr'>ἀγαπητῶς</span> <span class='ocrx_word' id='word_1_712' title='bbox 2538 3908 2640 3961; x_wconf 83' lang='grc' dir='ltr'>κάν</span> <span class='ocrx_word' id='word_1_713' title='bbox 2674 3909 2731 3961; x_wconf 86' lang='grc' dir='ltr'><strong>ὲν</strong></span> <span class='ocrx_word' id='word_1_714' title='bbox 2771 3906 2978 3970; x_wconf 79' lang='grc' dir='ltr'>τούτοις</span> <span class='ocrx_word' id='word_1_715' title='bbox 3007 3903 3254 3958; x_wconf 78' lang='grc' dir='ltr'>ἵστασθαι</span> <span class='ocrx_word' id='word_1_716' title='bbox 3275 3944 3290 3968; x_wconf 93' lang='grc'>,</span> <span class='ocrx_word' id='word_1_717' title='bbox 3337 3904 3429 3956; x_wconf 73' lang='grc' dir='ltr'>καὶ</span> <span class='ocrx_word' id='word_1_718' title='bbox 3465 3903 3539 3974; x_wconf 81' lang='grc' dir='ltr'>μὴ</span> <span class='ocrx_word' id='word_1_719' title='bbox 3573 3904 3800 3958; x_wconf 79' lang='grc' dir='ltr'>πίπτειν</span> 
     </span>
    </p>
   </div>
   <div class='ocr_carea' id='block_1_86' title="bbox 2212 3994 3798 4068">
    <p class='ocr_par' dir='ltr' id='par_1_86' title="bbox 2212 3994 3798 4068">
     <span class='ocr_line' id='line_1_86' title="bbox 2212 3994 3798 4068; baseline -0.003 -16"><span class='ocrx_word' id='word_1_720' title='bbox 2212 4002 2304 4054; x_wconf 74' lang='grc' dir='ltr'>ἐπὶ</span> <span class='ocrx_word' id='word_1_721' title='bbox 2327 4001 2520 4054; x_wconf 83' lang='grc' dir='ltr'>εἴδωλα</span> <span class='ocrx_word' id='word_1_722' title='bbox 2554 3999 2646 4053; x_wconf 78' lang='grc' dir='ltr'>καὶ</span> <span class='ocrx_word' id='word_1_723' title='bbox 2677 3999 2945 4068; x_wconf 86' lang='grc' dir='ltr'>δαιμόνια.</span> <span class='ocrx_word' id='word_1_724' title='bbox 2975 3995 3183 4050; x_wconf 78' lang='grc' dir='ltr'>Οὐκοῦν</span> <span class='ocrx_word' id='word_1_725' title='bbox 3214 3997 3263 4048; x_wconf 74' lang='grc' dir='ltr'>οἱ</span> <span class='ocrx_word' id='word_1_726' title='bbox 3311 3996 3406 4066; x_wconf 81' lang='grc' dir='ltr'>μὲν</span> <span class='ocrx_word' id='word_1_727' title='bbox 3443 3994 3578 4048; x_wconf 83' lang='grc' dir='ltr'>Θεὸν</span> <span class='ocrx_word' id='word_1_728' title='bbox 3611 3995 3798 4064; x_wconf 70' lang='grc' dir='ltr'>ἔχουσι</span> 
     </span>
    </p>
   </div>
   <div class='ocr_carea' id='block_1_87' title="bbox 2213 4086 3799 4160">
    <p class='ocr_par' dir='ltr' id='par_1_87' title="bbox 2213 4086 3799 4160">
     <span class='ocr_line' id='line_1_87' title="bbox 2213 4086 3799 4160; baseline -0.001 -15"><span class='ocrx_word' id='word_1_729' title='bbox 2213 4093 2303 4146; x_wconf 88' lang='grc' dir='ltr'><strong>τὸν</strong></span> <span class='ocrx_word' id='word_1_730' title='bbox 2326 4092 2432 4145; x_wconf 91' lang='grc' dir='ltr'><strong>τῶν</strong></span> <span class='ocrx_word' id='word_1_731' title='bbox 2459 4091 2594 4145; x_wconf 84' lang='grc' dir='ltr'>ὅλων</span> <span class='ocrx_word' id='word_1_732' title='bbox 2613 4090 2745 4142; x_wconf 86' lang='grc' dir='ltr'>Θεόν</span> <span class='ocrx_word' id='word_1_733' title='bbox 2765 4106 2779 4120; x_wconf 75' lang='grc' dir='ltr'><strong>ο</strong></span> <span class='ocrx_word' id='word_1_734' title='bbox 2807 4091 2856 4141; x_wconf 79' lang='grc' dir='ltr'>οἱ</span> <span class='ocrx_word' id='word_1_735' title='bbox 2881 4090 2938 4143; x_wconf 83' lang='grc' dir='ltr'>δὲ</span> <span class='ocrx_word' id='word_1_736' title='bbox 2965 4088 3116 4160; x_wconf 78' lang='grc' dir='ltr'>ποιρά</span> <span class='ocrx_word' id='word_1_737' title='bbox 3135 4088 3354 4150; x_wconf 84' lang='grc' dir='ltr'>τούτους</span> <span class='ocrx_word' id='word_1_738' title='bbox 3379 4086 3618 4156; x_wconf 76' lang='grc' dir='ltr'>δεύτεροι</span> <span class='ocrx_word' id='word_1_739' title='bbox 3643 4087 3799 4144; x_wconf 85' lang='grc' dir='ltr'>ἱστά-</span> 
     </span>
    </p>
   </div>
   <div class='ocr_carea' id='block_1_88' title="bbox 2214 4178 3798 4252">
    <p class='ocr_par' dir='ltr' id='par_1_88' title="bbox 2214 4178 3798 4252">
     <span class='ocr_line' id='line_1_88' title="bbox 2214 4178 3798 4252; baseline -0.001 -18"><span class='ocrx_word' id='word_1_740' title='bbox 2214 4199 2365 4252; x_wconf 88' lang='grc' dir='ltr'>μενοι</span> <span class='ocrx_word' id='word_1_741' title='bbox 2395 4182 2486 4234; x_wconf 69' lang='grc' dir='ltr'><strong>ὲπὶ</strong></span> <span class='ocrx_word' id='word_1_742' title='bbox 2522 4181 2613 4233; x_wconf 85' lang='grc' dir='ltr'><strong>τὸν</strong></span> <span class='ocrx_word' id='word_1_743' title='bbox 2643 4181 2770 4234; x_wconf 78' lang='grc' dir='ltr'>Υἱὸν</span> <span class='ocrx_word' id='word_1_744' title='bbox 2795 4179 2890 4233; x_wconf 85' lang='grc' dir='ltr'><strong>τοῦ</strong></span> <span class='ocrx_word' id='word_1_745' title='bbox 2919 4180 3052 4233; x_wconf 89' lang='grc' dir='ltr'>Θεοῦ</span> <span class='ocrx_word' id='word_1_746' title='bbox 3076 4179 3165 4232; x_wconf 89' lang='grc' dir='ltr'><strong>τὸν</strong></span> <span class='ocrx_word' id='word_1_747' title='bbox 3207 4179 3442 4250; x_wconf 83' lang='grc' dir='ltr'>Χριστὸν</span> <span class='ocrx_word' id='word_1_748' title='bbox 3470 4178 3632 4232; x_wconf 78' lang='grc' dir='ltr'>αὐτοῦ</span> <span class='ocrx_word' id='word_1_749' title='bbox 3653 4196 3665 4208; x_wconf 91' lang='grc'><strong>·</strong></span> <span class='ocrx_word' id='word_1_750' title='bbox 3698 4181 3798 4232; x_wconf 72' lang='grc' dir='ltr'><strong>καὶ</strong></span> 
     </span>
    </p>
   </div>
   <div class='ocr_carea' id='block_1_89' title="bbox 2207 4270 3796 4346">
    <p class='ocr_par' dir='ltr' id='par_1_89' title="bbox 2207 4270 3796 4346">
     <span class='ocr_line' id='line_1_89' title="bbox 2207 4270 3796 4346; baseline -0.001 -20"><span class='ocrx_word' id='word_1_751' title='bbox 2207 4274 2380 4346; x_wconf 75' lang='grc' dir='ltr'>τρίτοι</span> <span class='ocrx_word' id='word_1_752' title='bbox 2405 4276 2458 4326; x_wconf 75' lang='grc' dir='ltr'>οἱ</span> <span class='ocrx_word' id='word_1_753' title='bbox 2491 4273 2582 4326; x_wconf 87' lang='grc' dir='ltr'><strong>τὸν</strong></span> <span class='ocrx_word' id='word_1_754' title='bbox 2614 4272 2762 4343; x_wconf 75' lang='grc' dir='ltr'>ἣλιον</span> <span class='ocrx_word' id='word_1_755' title='bbox 2789 4272 2881 4325; x_wconf 73' lang='grc' dir='ltr'><strong>καὶ</strong></span> <span class='ocrx_word' id='word_1_756' title='bbox 2911 4271 3010 4344; x_wconf 76' lang='grc' dir='ltr'><strong>τὴν</strong></span> <span class='ocrx_word' id='word_1_757' title='bbox 3059 4270 3286 4342; x_wconf 90' lang='grc' dir='ltr'>σελήνην</span> <span class='ocrx_word' id='word_1_758' title='bbox 3338 4271 3432 4324; x_wconf 76' lang='grc' dir='ltr'>καὶ</span> <span class='ocrx_word' id='word_1_759' title='bbox 3476 4271 3654 4324; x_wconf 85' lang='grc' dir='ltr'>πάντα</span> <span class='ocrx_word' id='word_1_760' title='bbox 3695 4273 3796 4325; x_wconf 84' lang='grc' dir='ltr'><strong>τὸν</strong></span> 
     </span>
    </p>
   </div>
   <div class='ocr_carea' id='block_1_90' title="bbox 2209 4361 3792 4435">
    <p class='ocr_par' dir='ltr' id='par_1_90' title="bbox 2209 4361 3792 4435">
     <span class='ocr_line' id='line_1_90' title="bbox 2209 4361 3792 4435; baseline -0.003 -17"><span class='ocrx_word' id='word_1_761' title='bbox 2209 4365 2410 4435; x_wconf 86' lang='grc' dir='ltr'>κόσμον</span> <span class='ocrx_word' id='word_1_762' title='bbox 2447 4363 2539 4416; x_wconf 87' lang='grc' dir='ltr'><strong>τοῦ</strong></span> <span class='ocrx_word' id='word_1_763' title='bbox 2591 4362 2854 4435; x_wconf 78' lang='grc' dir='ltr'>οὐρανοῦ,</span> <span class='ocrx_word' id='word_1_764' title='bbox 2891 4363 2998 4417; x_wconf 87' lang='grc' dir='ltr'><strong>ἀπὸ</strong></span> <span class='ocrx_word' id='word_1_765' title='bbox 3049 4361 3182 4416; x_wconf 90' lang='grc' dir='ltr'>Θεοῦ</span> <span class='ocrx_word' id='word_1_766' title='bbox 3237 4363 3335 4434; x_wconf 80' lang='grc' dir='ltr'>μὲν</span> <span class='ocrx_word' id='word_1_767' title='bbox 3390 4362 3792 4433; x_wconf 84' lang='grc' dir='ltr'>πλανηθέντες,</span> 
     </span>
    </p>
   </div>
   <div class='ocr_carea' id='block_1_91' title="bbox 2208 4454 3795 4529">
    <p class='ocr_par' dir='ltr' id='par_1_91' title="bbox 2208 4454 3795 4529">
     <span class='ocr_line' id='line_1_91' title="bbox 2208 4454 3795 4529; baseline -0.003 -19"><span class='ocrx_word' id='word_1_768' title='bbox 2208 4455 2346 4529; x_wconf 81' lang='grc' dir='ltr'>πλὴν</span> <span class='ocrx_word' id='word_1_769' title='bbox 2406 4456 2613 4528; x_wconf 78' lang='grc' dir='ltr'>πλάνην</span> <span class='ocrx_word' id='word_1_770' title='bbox 2664 4454 2844 4525; x_wconf 87' lang='grc' dir='ltr'>πολλῷ</span> <span class='ocrx_word' id='word_1_771' title='bbox 2909 4454 3269 4526; x_wconf 85' lang='grc' dir='ltr'>διαφέρουσαν</span> <span class='ocrx_word' id='word_1_772' title='bbox 3338 4458 3432 4508; x_wconf 74' lang='grc' dir='ltr'>καὶ</span> <span class='ocrx_word' id='word_1_773' title='bbox 3503 4454 3795 4525; x_wconf 83' lang='grc' dir='ltr'>κρείττονα</span> 
     </span>
    </p>
   </div>
   <div class='ocr_carea' id='block_1_92' title="bbox 2208 4546 3791 4619">
    <p class='ocr_par' dir='ltr' id='par_1_92' title="bbox 2208 4546 3791 4619">
     <span class='ocr_line' id='line_1_92' title="bbox 2208 4546 3791 4619; baseline 0 -19"><span class='ocrx_word' id='word_1_774' title='bbox 2208 4547 2316 4600; x_wconf 86' lang='grc' dir='ltr'><strong>τῶν</strong></span> <span class='ocrx_word' id='word_1_775' title='bbox 2393 4547 2698 4602; x_wconf 76' lang='grc' dir='ltr'>καλούντων</span> <span class='ocrx_word' id='word_1_776' title='bbox 2773 4546 2926 4611; x_wconf 75' lang='grc' dir='ltr'>θεοὺς</span> <span class='ocrx_word' id='word_1_777' title='bbox 2991 4546 3126 4618; x_wconf 79' lang='grc' dir='ltr'>ἔργα</span> <span class='ocrx_word' id='word_1_778' title='bbox 3187 4549 3384 4618; x_wconf 87' lang='grc' dir='ltr'>χειρῶν</span> <span class='ocrx_word' id='word_1_779' title='bbox 3442 4546 3748 4619; x_wconf 84' lang='grc' dir='ltr'>ἀνθρώπων</span> <span class='ocrx_word' id='word_1_780' title='bbox 3773 4587 3791 4612; x_wconf 95' lang='grc'>,</span> 
     </span>
    </p>
   </div>
   <div class='ocr_carea' id='block_1_93' title="bbox 588 4722 2106 4796">
    <p class='ocr_par' dir='ltr' id='par_1_93' title="bbox 588 4722 2105 4796">
     <span class='ocr_line' id='line_1_93' title="bbox 588 4722 2105 4796; baseline 0.004 -19"><span class='ocrx_word' id='word_1_781' title='bbox 588 4722 715 4794; x_wconf 69' lang='lat'><strong>(82)</strong></span> <span class='ocrx_word' id='word_1_782' title='bbox 755 4724 978 4796; x_wconf 71' lang='grc' dir='ltr'>Λόγων.</span> <span class='ocrx_word' id='word_1_783' title='bbox 1037 4725 1130 4781; x_wconf 85' lang='lat' dir='ltr'><strong>Sic</strong></span> <span class='ocrx_word' id='word_1_784' title='bbox 1167 4724 1327 4779; x_wconf 92' lang='lat' dir='ltr'><strong>codd.</strong></span> <span class='ocrx_word' id='word_1_785' title='bbox 1375 4723 1696 4780; x_wconf 87' lang='lat' dir='ltr'><strong>Bodleianus</strong></span> <span class='ocrx_word' id='word_1_786' title='bbox 1745 4735 1798 4781; x_wconf 90' lang='lat' dir='ltr'><strong>et</strong></span> <span class='ocrx_word' id='word_1_787' title='bbox 1848 4726 2105 4782; x_wconf 82' lang='lat' dir='ltr'><strong>Barbcri—</strong></span> 
     </span>
    </p>
   </div>
   <div class='ocr_carea' id='block_1_94' title="bbox 2210 4722 3790 4796">
    <p class='ocr_par' dir='ltr' id='par_1_94' title="bbox 2213 4723 3790 4796">
     <span class='ocr_line' id='line_1_94' title="bbox 2213 4723 3790 4796; baseline -0.003 -16"><span class='ocrx_word' id='word_1_788' title='bbox 2213 4727 2417 4780; x_wconf 80' lang='grc' dir='ltr'>πιστοί·</span> <span class='ocrx_word' id='word_1_789' title='bbox 2470 4724 2571 4796; x_wconf 5' lang='grc' dir='ltr'>ναὶ,</span> <span class='ocrx_word' id='word_1_790' title='bbox 2609 4723 2714 4794; x_wconf 81' lang='grc' dir='ltr'><strong>μὴν</strong></span> <span class='ocrx_word' id='word_1_791' title='bbox 2762 4724 3005 4796; x_wconf 77' lang='grc' dir='ltr'>κάκεῖνοι</span> <span class='ocrx_word' id='word_1_792' title='bbox 3055 4724 3104 4776; x_wconf 79' lang='grc' dir='ltr'><strong>οἱ</strong></span> <span class='ocrx_word' id='word_1_793' title='bbox 3145 4723 3254 4796; x_wconf 87' lang='grc' dir='ltr'><strong>ἀπὸ</strong></span> <span class='ocrx_word' id='word_1_794' title='bbox 3290 4724 3394 4796; x_wconf 82' lang='grc' dir='ltr'>τῆς</span> <span class='ocrx_word' id='word_1_795' title='bbox 3427 4724 3536 4796; x_wconf 85' lang='grc' dir='ltr'><strong>τῶν</strong></span> <span class='ocrx_word' id='word_1_796' title='bbox 3571 4724 3790 4796; x_wconf 84' lang='grc' dir='ltr'>ἄστρων</span> 
     </span>
    </p>
   </div>
   <div class='ocr_carea' id='block_1_95' title="bbox 511 4794 1298 4863">
    <p class='ocr_par' dir='ltr' id='par_1_95' title="bbox 511 4794 1298 4863">
     <span class='ocr_line' id='line_1_95' title="bbox 511 4794 1298 4863; baseline 0.003 -20"><span class='ocrx_word' id='word_1_797' title='bbox 511 4807 666 4853; x_wconf 77' lang='grc' dir='ltr'>-ἰιυε;</span> <span class='ocrx_word' id='word_1_798' title='bbox 703 4794 868 4863; x_wconf 82' lang='lat' dir='ltr'><strong>editio</strong></span> <span class='ocrx_word' id='word_1_799' title='bbox 896 4795 1098 4857; x_wconf 80' lang='lat' dir='ltr'><strong>liuetii,</strong></span> <span class='ocrx_word' id='word_1_800' title='bbox 1123 4796 1298 4863; x_wconf 90' lang='grc' dir='ltr'>λόγον.</span> 
     </span>
    </p>
   </div>
   <div class='ocr_carea' id='block_1_96' title="bbox 603 4861 2106 4942">
    <p class='ocr_par' dir='ltr' id='par_1_96' title="bbox 603 4861 2106 4942">
     <span class='ocr_line' id='line_1_96' title="bbox 603 4861 2106 4942; baseline 0.003 -26"><span class='ocrx_word' id='word_1_801' title='bbox 603 4862 714 4942; x_wconf 55' lang='grc' dir='ltr'><strong>(ἓξ-5)</strong></span> <span class='ocrx_word' id='word_1_802' title='bbox 893 4861 1442 4942; x_wconf 46' lang='grc' dir='ltr'><strong>ἐκλογῆς-πεκλογὴ,</strong></span> <span class='ocrx_word' id='word_1_803' title='bbox 1460 4865 1512 4920; x_wconf 93' lang='lat' dir='ltr'><strong>id</strong></span> <span class='ocrx_word' id='word_1_804' title='bbox 1535 4874 1619 4921; x_wconf 89' lang='lat' dir='ltr'><strong>est</strong></span> <span class='ocrx_word' id='word_1_805' title='bbox 1647 4864 1816 4942; x_wconf 69' lang='lat' dir='ltr'><strong>electi.</strong></span> <span class='ocrx_word' id='word_1_806' title='bbox 1839 4865 1916 4942; x_wconf 74' lang='lat' dir='ltr'><strong>lla</strong></span> <span class='ocrx_word' id='word_1_807' title='bbox 1948 4867 2106 4921; x_wconf 78' lang='lat' dir='ltr'><strong>Rom.</strong></span> 
     </span>
    </p>
   </div>
   <div class='ocr_carea' id='block_1_97' title="bbox 534 4932 2104 5002">
    <p class='ocr_par' dir='ltr' id='par_1_97' title="bbox 534 4932 2104 5002">
     <span class='ocr_line' id='line_1_97' title="bbox 534 4932 2104 5002; baseline 0.004 -18"><span class='ocrx_word' id='word_1_808' title='bbox 534 4946 612 4994; x_wconf 71' lang='grc' dir='ltr'><strong>ιι,</strong></span> <span class='ocrx_word' id='word_1_809' title='bbox 637 4932 692 4996; x_wconf 83' lang='grc'><strong>7,</strong></span> <span class='ocrx_word' id='word_1_810' title='bbox 739 4933 828 4986; x_wconf 87' lang='lat' dir='ltr'><strong>ubi</strong></span> <span class='ocrx_word' id='word_1_811' title='bbox 863 4944 918 4986; x_wconf 93' lang='lat' dir='ltr'><strong>et</strong></span> <span class='ocrx_word' id='word_1_812' title='bbox 947 4932 1169 5001; x_wconf 84' lang='lat' dir='ltr'><strong>quidam</strong></span> <span class='ocrx_word' id='word_1_813' title='bbox 1200 4932 1598 5002; x_wconf 74' lang='lat' dir='ltr'><strong>vocemhanc,</strong></span> <span class='ocrx_word' id='word_1_814' title='bbox 1648 4937 1788 4990; x_wconf 87' lang='lat' dir='ltr'><strong>unde</strong></span> <span class='ocrx_word' id='word_1_815' title='bbox 1839 4937 1941 4991; x_wconf 89' lang='lat' dir='ltr'><strong>huc</strong></span> <span class='ocrx_word' id='word_1_816' title='bbox 1991 4950 2104 4992; x_wconf 89' lang='lat' dir='ltr'><strong>tra-</strong></span> 
     </span>
    </p>
   </div>
   <div class='ocr_carea' id='block_1_98' title="bbox 530 5004 1570 5067">
    <p class='ocr_par' dir='ltr' id='par_1_98' title="bbox 530 5004 1570 5067">
     <span class='ocr_line' id='line_1_98' title="bbox 530 5004 1570 5067; baseline 0.006 -15"><span class='ocrx_word' id='word_1_817' title='bbox 530 5004 689 5056; x_wconf 35' lang='lat' dir='ltr'><strong>dut‘ta</strong></span> <span class='ocrx_word' id='word_1_818' title='bbox 727 5013 808 5055; x_wconf 90' lang='lat' dir='ltr'><strong>est</strong></span> <span class='ocrx_word' id='word_1_819' title='bbox 832 5004 940 5067; x_wconf 87' lang='lat' dir='ltr'><strong>,ita</strong></span> <span class='ocrx_word' id='word_1_820' title='bbox 975 5014 1270 5060; x_wconf 83' lang='lat' dir='ltr'><strong>verterunt.</strong></span> <span class='ocrx_word' id='word_1_821' title='bbox 1308 5005 1570 5061; x_wconf 78' lang='lat' dir='ltr'><strong>Ilus-nus.</strong></span> 
     </span>
    </p>
   </div>
   <div class='ocr_carea' id='block_1_99' title="bbox 604 5072 2100 5145">
    <p class='ocr_par' dir='ltr' id='par_1_99' title="bbox 604 5072 2100 5145">
     <span class='ocr_line' id='line_1_99' title="bbox 604 5072 2100 5145; baseline 0.001 -19"><span class='ocrx_word' id='word_1_822' title='bbox 604 5073 717 5145; x_wconf 55' lang='grc' dir='ltr'>(δέ)</span> <span class='ocrx_word' id='word_1_823' title='bbox 761 5072 863 5138; x_wconf 84' lang='grc' dir='ltr'><strong>Ὦς</strong></span> <span class='ocrx_word' id='word_1_824' title='bbox 905 5089 1062 5139; x_wconf 78' lang='grc' dir='ltr'>τινες</span> <span class='ocrx_word' id='word_1_825' title='bbox 1094 5072 1213 5127; x_wconf 75' lang='grc' dir='ltr'>τῶν·</span> <span class='ocrx_word' id='word_1_826' title='bbox 1247 5074 1362 5142; x_wconf 80' lang='grc' dir='ltr'><strong>πρὸ</strong></span> <span class='ocrx_word' id='word_1_827' title='bbox 1405 5075 1593 5145; x_wconf 71' lang='grc' dir='ltr'>ἡμῶν,</span> <span class='ocrx_word' id='word_1_828' title='bbox 1633 5086 1737 5130; x_wconf 88' lang='lat' dir='ltr'><strong>etc.</strong></span> <span class='ocrx_word' id='word_1_829' title='bbox 1774 5075 2100 5128; x_wconf 82' lang='lat' dir='ltr'><strong>Clementem</strong></span> 
     </span>
    </p>
   </div>
   <div class='ocr_carea' id='block_1_100' title="bbox 519 5143 2100 5218">
    <p class='ocr_par' dir='ltr' id='par_1_100' title="bbox 519 5143 2100 5218">
     <span class='ocr_line' id='line_1_100' title="bbox 519 5143 2100 5218; baseline 0.002 -23"><span class='ocrx_word' id='word_1_830' title='bbox 519 5145 620 5218; x_wconf 75' lang='lat' dir='ltr'><strong>hic</strong></span> <span class='ocrx_word' id='word_1_831' title='bbox 643 5143 1064 5218; x_wconf 59' lang='lat' dir='ltr'><strong>designatcujns</strong></span> <span class='ocrx_word' id='word_1_832' title='bbox 1089 5145 1204 5198; x_wconf 74' lang='lat' dir='ltr'><strong>ha&#39;c</strong></span> <span class='ocrx_word' id='word_1_833' title='bbox 1222 5147 1381 5218; x_wconf 78' lang='lat' dir='ltr'><strong>verba</strong></span> <span class='ocrx_word' id='word_1_834' title='bbox 1410 5143 1752 5218; x_wconf 69' lang='lat' dir='ltr'><strong>suntStrom.</strong></span> <span class='ocrx_word' id='word_1_835' title='bbox 1775 5161 1824 5199; x_wconf 77' lang='lat' dir='ltr'><strong>VI</strong></span> <span class='ocrx_word' id='word_1_836' title='bbox 1849 5165 1861 5197; x_wconf 78' lang='grc' dir='ltr'>ε</span> <span class='ocrx_word' id='word_1_837' title='bbox 1882 5145 2100 5218; x_wconf 67' lang='grc' dir='ltr'>Ἐπειδὴ</span> 
     </span>
    </p>
   </div>
   <div class='ocr_carea' id='block_1_101' title="bbox 531 5212 2106 5290">
    <p class='ocr_par' dir='ltr' id='par_1_101' title="bbox 531 5212 2106 5290">
     <span class='ocr_line' id='line_1_101' title="bbox 531 5212 2106 5290; baseline 0.004 -27"><span class='ocrx_word' id='word_1_838' title='bbox 531 5212 640 5290; x_wconf 73' lang='grc' dir='ltr'><strong>γὰρ</strong></span> <span class='ocrx_word' id='word_1_839' title='bbox 671 5213 785 5282; x_wconf 73' lang='grc' dir='ltr'>ᾔδει</span> <span class='ocrx_word' id='word_1_840' title='bbox 807 5213 974 5290; x_wconf 60' lang='grc' dir='ltr'><strong>Θεὸςι</strong></span> <span class='ocrx_word' id='word_1_841' title='bbox 997 5213 1092 5266; x_wconf 82' lang='grc' dir='ltr'>ἆτε</span> <span class='ocrx_word' id='word_1_842' title='bbox 1136 5213 1486 5290; x_wconf 64' lang='grc' dir='ltr'>προγνωστης</span> <span class='ocrx_word' id='word_1_843' title='bbox 1512 5214 1718 5290; x_wconf 31' lang='grc' dir='ltr'>ὢνλμὴ</span> <span class='ocrx_word' id='word_1_844' title='bbox 1752 5212 2106 5290; x_wconf 75' lang='grc' dir='ltr'>πιστεύσοντά</span> 
     </span>
    </p>
   </div>
   <div class='ocr_carea' id='block_1_102' title="bbox 530 5283 2107 5355">
    <p class='ocr_par' dir='ltr' id='par_1_102' title="bbox 530 5283 2107 5355">
     <span class='ocr_line' id='line_1_102' title="bbox 530 5283 2107 5355; baseline 0.005 -24"><span class='ocrx_word' id='word_1_845' title='bbox 530 5283 738 5355; x_wconf 81' lang='grc' dir='ltr'>τοῦτον,</span> <span class='ocrx_word' id='word_1_846' title='bbox 768 5283 918 5355; x_wconf 81' lang='grc' dir='ltr'>οὐδὲν</span> <span class='ocrx_word' id='word_1_847' title='bbox 945 5283 1106 5355; x_wconf 79' lang='grc' dir='ltr'>ἦττον</span> <span class='ocrx_word' id='word_1_848' title='bbox 1133 5283 1280 5355; x_wconf 76' lang='grc' dir='ltr'>ὅπως</span> <span class='ocrx_word' id='word_1_849' title='bbox 1302 5285 1398 5353; x_wconf 84' lang='grc' dir='ltr'><strong>τήν</strong></span> <span class='ocrx_word' id='word_1_850' title='bbox 1420 5301 1481 5351; x_wconf 90' lang='grc' dir='ltr'>γε</span> <span class='ocrx_word' id='word_1_851' title='bbox 1512 5285 1630 5355; x_wconf 88' lang='grc' dir='ltr'>καθ’</span> <span class='ocrx_word' id='word_1_852' title='bbox 1648 5283 1836 5337; x_wconf 75' lang='grc' dir='ltr'>ἑαυτὸν</span> <span class='ocrx_word' id='word_1_853' title='bbox 1853 5286 2107 5355; x_wconf 81' lang='grc' dir='ltr'>ἀναδέξη-</span> 
     </span>
    </p>
   </div>
   <div class='ocr_carea' id='block_1_103' title="bbox 531 5351 2105 5431">
    <p class='ocr_par' dir='ltr' id='par_1_103' title="bbox 531 5351 2105 5431">
     <span class='ocr_line' id='line_1_103' title="bbox 531 5351 2105 5431; baseline 0.005 -30"><span class='ocrx_word' id='word_1_854' title='bbox 531 5367 618 5431; x_wconf 65' lang='grc' dir='ltr'><strong>ται</strong></span> <span class='ocrx_word' id='word_1_855' title='bbox 649 5351 944 5431; x_wconf 75' lang='grc' dir='ltr'>τελείωσιν,</span> <span class='ocrx_word' id='word_1_856' title='bbox 967 5351 1135 5431; x_wconf 71' lang='grc' dir='ltr'>ξδωκε</span> <span class='ocrx_word' id='word_1_857' title='bbox 1166 5351 1270 5431; x_wconf 69' lang='grc' dir='ltr'><strong>μὲν</strong></span> <span class='ocrx_word' id='word_1_858' title='bbox 1292 5351 1614 5431; x_wconf 54' lang='grc' dir='ltr'>φιλοσοφίαν</span> <span class='ocrx_word' id='word_1_859' title='bbox 1641 5355 1808 5431; x_wconf 76' lang='grc' dir='ltr'>αὐτῷ,</span> <span class='ocrx_word' id='word_1_860' title='bbox 1841 5356 1974 5431; x_wconf 76' lang='grc' dir='ltr'>ἀλλά</span> <span class='ocrx_word' id='word_1_861' title='bbox 2000 5351 2105 5427; x_wconf 81' lang='grc' dir='ltr'><strong>πρὸ</strong></span> 
     </span>
    </p>
   </div>
   <div class='ocr_carea' id='block_1_104' title="bbox 531 5422 2100 5565">
    <p class='ocr_par' dir='ltr' id='par_1_104' title="bbox 531 5422 2100 5565">
     <span class='ocr_line' id='line_1_104' title="bbox 531 5422 2100 5496; baseline 0.006 -26"><span class='ocrx_word' id='word_1_862' title='bbox 531 5422 624 5489; x_wconf 82' lang='grc' dir='ltr'><strong>τῆς</strong></span> <span class='ocrx_word' id='word_1_863' title='bbox 660 5422 924 5483; x_wconf 72' lang='grc' dir='ltr'>πίστεως·</span> <span class='ocrx_word' id='word_1_864' title='bbox 966 5423 1133 5476; x_wconf 76' lang='grc' dir='ltr'>ἔδωκε</span> <span class='ocrx_word' id='word_1_865' title='bbox 1162 5422 1219 5476; x_wconf 78' lang='grc' dir='ltr'>δὲ</span> <span class='ocrx_word' id='word_1_866' title='bbox 1256 5423 1348 5475; x_wconf 84' lang='grc' dir='ltr'><strong>τὸν</strong></span> <span class='ocrx_word' id='word_1_867' title='bbox 1383 5425 1554 5492; x_wconf 74' lang='grc' dir='ltr'>ἥλιον,</span> <span class='ocrx_word' id='word_1_868' title='bbox 1583 5427 1676 5478; x_wconf 83' lang='grc' dir='ltr'><strong>καὶ</strong></span> <span class='ocrx_word' id='word_1_869' title='bbox 1723 5422 1820 5496; x_wconf 76' lang='grc' dir='ltr'>τὴν</span> <span class='ocrx_word' id='word_1_870' title='bbox 1852 5422 2100 5496; x_wconf 73' lang='grc' dir='ltr'>σελήνην,</span> 
     </span>
     <span class='ocr_line' id='line_1_105' title="bbox 531 5489 2100 5565; baseline 0.006 -26"><span class='ocrx_word' id='word_1_871' title='bbox 531 5489 626 5565; x_wconf 68' lang='grc' dir='ltr'><strong>καὶ</strong></span> <span class='ocrx_word' id='word_1_872' title='bbox 653 5490 722 5543; x_wconf 77' lang='grc' dir='ltr'>τὰ</span> <span class='ocrx_word' id='word_1_873' title='bbox 757 5491 932 5565; x_wconf 88' lang='grc' dir='ltr'>ἀστρα</span> <span class='ocrx_word' id='word_1_874' title='bbox 959 5495 1038 5565; x_wconf 72' lang='grc' dir='ltr'>εις</span> <span class='ocrx_word' id='word_1_875' title='bbox 1056 5492 1390 5565; x_wconf 82' lang='grc' dir='ltr'>θρησκείαν·</span> <span class='ocrx_word' id='word_1_876' title='bbox 1425 5494 1460 5548; x_wconf 77' lang='grc' dir='ltr'><strong>ἃ</strong></span> <span class='ocrx_word' id='word_1_877' title='bbox 1493 5495 1745 5565; x_wconf 67' lang='grc' dir='ltr'>εποίησεν</span> <span class='ocrx_word' id='word_1_878' title='bbox 1773 5499 1801 5548; x_wconf 89' lang='grc' dir='ltr'>ό</span> <span class='ocrx_word' id='word_1_879' title='bbox 1826 5494 1957 5565; x_wconf 88' lang='grc' dir='ltr'>Θεὸς</span> <span class='ocrx_word' id='word_1_880' title='bbox 1991 5499 2100 5557; x_wconf 83' lang='grc' dir='ltr'>τοῖς</span> 
     </span>
    </p>
   </div>
   <div class='ocr_carea' id='block_1_105' title="bbox 523 5559 2097 5649">
    <p class='ocr_par' dir='ltr' id='par_1_105' title="bbox 523 5559 2097 5649">
     <span class='ocr_line' id='line_1_106' title="bbox 523 5559 2097 5649; baseline 0.004 -39"><span class='ocrx_word' id='word_1_881' title='bbox 523 5559 727 5649; x_wconf 45' lang='lat' dir='ltr'><strong>iovem,</strong></span> <span class='ocrx_word' id='word_1_882' title='bbox 758 5559 920 5649; x_wconf 63' lang='grc' dir='ltr'>φησὶέ</span> <span class='ocrx_word' id='word_1_883' title='bbox 955 5564 984 5614; x_wconf 89' lang='grc' dir='ltr'>ό</span> <span class='ocrx_word' id='word_1_884' title='bbox 1010 5559 1190 5649; x_wconf 59' lang='grc' dir='ltr'>χόριος,</span> <span class='ocrx_word' id='word_1_885' title='bbox 1217 5563 1612 5649; x_wconf 32' lang='grc' dir='ltr'>ἵναήμηιτέλεον</span> <span class='ocrx_word' id='word_1_886' title='bbox 1638 5559 1786 5649; x_wconf 70' lang='grc' dir='ltr'>ἄθεοι</span> <span class='ocrx_word' id='word_1_887' title='bbox 1817 5564 2097 5648; x_wconf 76' lang='grc' dir='ltr'>γενόμενοι</span> 
     </span>
    </p>
   </div>
   <div class='ocr_carea' id='block_1_106' title="bbox 527 5627 2098 5717">
    <p class='ocr_par' dir='ltr' id='par_1_106' title="bbox 527 5627 2098 5717">
     <span class='ocr_line' id='line_1_107' title="bbox 527 5627 2098 5717; baseline 0.003 -36"><span class='ocrx_word' id='word_1_888' title='bbox 527 5627 855 5717; x_wconf 30' lang='grc' dir='ltr'>τελέωςκκάι</span> <span class='ocrx_word' id='word_1_889' title='bbox 878 5627 1266 5717; x_wconf 73' lang='grc' dir='ltr'>διαφθαρῶσιν.</span> <span class='ocrx_word' id='word_1_890' title='bbox 1299 5627 1359 5686; x_wconf 81' lang='grc' dir='ltr'><strong>σι</strong></span> <span class='ocrx_word' id='word_1_891' title='bbox 1391 5627 1448 5717; x_wconf 68' lang='grc' dir='ltr'>δὲ</span> <span class='ocrx_word' id='word_1_892' title='bbox 1489 5635 1590 5686; x_wconf 87' lang='grc' dir='ltr'>κάν</span> <span class='ocrx_word' id='word_1_893' title='bbox 1623 5634 1791 5704; x_wconf 82' lang='grc' dir='ltr'>ταύτῃ</span> <span class='ocrx_word' id='word_1_894' title='bbox 1806 5627 2098 5717; x_wconf 42' lang='grc' dir='ltr'>’γενόμενοι</span> 
     </span>
    </p>
   </div>
   <div class='ocr_carea' id='block_1_107' title="bbox 526 5699 2100 5774">
    <p class='ocr_par' dir='ltr' id='par_1_107' title="bbox 526 5699 2100 5774">
     <span class='ocr_line' id='line_1_108' title="bbox 526 5699 2100 5774; baseline 0.005 -24"><span class='ocrx_word' id='word_1_895' title='bbox 526 5702 596 5768; x_wconf 78' lang='grc' dir='ltr'>τῇ</span> <span class='ocrx_word' id='word_1_896' title='bbox 619 5699 805 5774; x_wconf 74' lang='grc' dir='ltr'>ἐντολῇ</span> <span class='ocrx_word' id='word_1_897' title='bbox 832 5699 1163 5774; x_wconf 79' lang='grc' dir='ltr'>ἀγνώμονες,</span> <span class='ocrx_word' id='word_1_898' title='bbox 1193 5703 1447 5770; x_wconf 85' lang='grc' dir='ltr'>γλυπτοῖς</span> <span class='ocrx_word' id='word_1_899' title='bbox 1475 5699 1912 5774; x_wconf 76' lang='grc' dir='ltr'>προσεσχηκότες</span> <span class='ocrx_word' id='word_1_900' title='bbox 1940 5699 2100 5773; x_wconf 80' lang='grc' dir='ltr'>ἀγάλ-</span> 
     </span>
    </p>
   </div>
   <div class='ocr_carea' id='block_1_108' title="bbox 529 5772 2096 5853">
    <p class='ocr_par' dir='ltr' id='par_1_108' title="bbox 529 5772 2096 5853">
     <span class='ocr_line' id='line_1_109' title="bbox 529 5772 2096 5853; baseline 0.003 -31"><span class='ocrx_word' id='word_1_901' title='bbox 529 5773 817 5853; x_wconf 40' lang='grc' dir='ltr'>μασιλικάν</span> <span class='ocrx_word' id='word_1_902' title='bbox 861 5772 934 5853; x_wconf 77' lang='grc' dir='ltr'>μῂ</span> <span class='ocrx_word' id='word_1_903' title='bbox 974 5774 1377 5853; x_wconf 61' lang='grc' dir='ltr'>μετανοήσωσι,</span> <span class='ocrx_word' id='word_1_904' title='bbox 1418 5772 2096 5853; x_wconf 44' lang='grc' dir='ltr'>κρίνοκθταισ⁷ηοὶ-μὲν,δτι</span> 
     </span>
    </p>
   </div>
   <div class='ocr_carea' id='block_1_109' title="bbox 527 5840 2092 5913">
    <p class='ocr_par' dir='ltr' id='par_1_109' title="bbox 527 5840 2092 5913">
     <span class='ocr_line' id='line_1_110' title="bbox 527 5840 2092 5913; baseline 0.003 -21"><span class='ocrx_word' id='word_1_905' title='bbox 527 5840 843 5913; x_wconf 69' lang='grc' dir='ltr'>δυνηθέντες</span> <span class='ocrx_word' id='word_1_906' title='bbox 869 5840 1265 5913; x_wconf 75' lang='grc' dir='ltr'>οὗκὴθέλησαν</span> <span class='ocrx_word' id='word_1_907' title='bbox 1309 5840 1593 5913; x_wconf 75' lang='grc' dir='ltr'>πιστεῦσαι</span> <span class='ocrx_word' id='word_1_908' title='bbox 1627 5843 1705 5913; x_wconf 81' lang='grc' dir='ltr'><strong>τῷ</strong></span> <span class='ocrx_word' id='word_1_909' title='bbox 1748 5840 1897 5912; x_wconf 56' lang='grc' dir='ltr'><strong>Θεῷλ</strong></span> <span class='ocrx_word' id='word_1_910' title='bbox 1932 5846 1980 5897; x_wconf 82' lang='grc' dir='ltr'><strong>οἱ</strong></span> <span class='ocrx_word' id='word_1_911' title='bbox 2014 5844 2092 5904; x_wconf 78' lang='grc' dir='ltr'>δὲ,</span> 
     </span>
    </p>
   </div>
   <div class='ocr_carea' id='block_1_110' title="bbox 525 5910 2093 5984">
    <p class='ocr_par' dir='ltr' id='par_1_110' title="bbox 525 5910 2093 5984">
     <span class='ocr_line' id='line_1_111' title="bbox 525 5910 2093 5984; baseline 0.002 -22"><span class='ocrx_word' id='word_1_912' title='bbox 525 5911 604 5963; x_wconf 77' lang='grc' dir='ltr'><strong>ὅτι</strong></span> <span class='ocrx_word' id='word_1_913' title='bbox 655 5912 746 5963; x_wconf 78' lang='grc' dir='ltr'>καὶ</span> <span class='ocrx_word' id='word_1_914' title='bbox 810 5910 1276 5983; x_wconf 78' lang='grc' dir='ltr'>θελήσαντεςοὺκ</span> <span class='ocrx_word' id='word_1_915' title='bbox 1325 5910 2093 5984; x_wconf 53' lang='grc' dir='ltr'>ἐξεπόνησανπεριγενέσθαι</span> 
     </span>
    </p>
   </div>
   <div class='ocr_carea' id='block_1_111' title="bbox 2213 4793 3798 4868">
    <p class='ocr_par' dir='ltr' id='par_1_111' title="bbox 2213 4793 3798 4868">
     <span class='ocr_line' id='line_1_112' title="bbox 2213 4793 3798 4868; baseline -0.002 -18"><span class='ocrx_word' id='word_1_916' title='bbox 2213 4797 2485 4868; x_wconf 15' lang='grc' dir='ltr'>σεϐήσεᾷως</span> <span class='ocrx_word' id='word_1_917' title='bbox 2519 4795 2592 4868; x_wconf 66' lang='grc' dir='ltr'>μὴ</span> <span class='ocrx_word' id='word_1_918' title='bbox 2625 4793 3097 4868; x_wconf 58' lang='grc' dir='ltr'>ἐπαναδραμόντες</span> <span class='ocrx_word' id='word_1_919' title='bbox 3135 4795 3227 4868; x_wconf 47' lang='grc' dir='ltr'>ἐπὶ,</span> <span class='ocrx_word' id='word_1_920' title='bbox 3255 4793 3358 4868; x_wconf 70' lang='grc' dir='ltr'><strong>τὸν</strong></span> <span class='ocrx_word' id='word_1_921' title='bbox 3385 4795 3588 4868; x_wconf 84' lang='grc' dir='ltr'>τούτων</span> <span class='ocrx_word' id='word_1_922' title='bbox 3627 4793 3759 4868; x_wconf 70' lang='grc' dir='ltr'>πριη</span> <span class='ocrx_word' id='word_1_923' title='bbox 3783 4831 3798 4842; x_wconf 83' lang='grc'><strong>.</strong></span> 
     </span>
    </p>
   </div>
   <div class='ocr_carea' id='block_1_112' title="bbox 2210 4860 3789 4944">
    <p class='ocr_par' dir='ltr' id='par_1_112' title="bbox 2210 4860 3789 4944">
     <span class='ocr_line' id='line_1_113' title="bbox 2210 4860 3789 4944; baseline -0.003 -24"><span class='ocrx_word' id='word_1_924' title='bbox 2210 4860 2343 4944; x_wconf 63' lang='grc' dir='ltr'>τήνί</span> <span class='ocrx_word' id='word_1_925' title='bbox 2371 4866 2486 4944; x_wconf 70' lang='grc' dir='ltr'>όδὸς</span> <span class='ocrx_word' id='word_1_926' title='bbox 2648 4860 2880 4944; x_wconf 40' lang='grc' dir='ltr'>ἦνηαῦτη</span> <span class='ocrx_word' id='word_1_927' title='bbox 2909 4860 3120 4944; x_wconf 77' lang='grc' dir='ltr'>δοθεῖσα</span> <span class='ocrx_word' id='word_1_928' title='bbox 3143 4867 3253 4944; x_wconf 70' lang='grc' dir='ltr'>τοῖς</span> <span class='ocrx_word' id='word_1_929' title='bbox 3279 4864 3485 4944; x_wconf 70' lang='grc' dir='ltr'>ἔθνεσιν</span> <span class='ocrx_word' id='word_1_930' title='bbox 3509 4860 3789 4944; x_wconf 58' lang='grc' dir='ltr'>ἀνακόψᾲι</span> 
     </span>
    </p>
   </div>
   <div class='ocr_carea' id='block_1_113' title="bbox 2210 4932 3788 5007">
    <p class='ocr_par' dir='ltr' id='par_1_113' title="bbox 2210 4932 3788 5007">
     <span class='ocr_line' id='line_1_114' title="bbox 2210 4932 3788 5007; baseline 0 -18"><span class='ocrx_word' id='word_1_931' title='bbox 2210 4932 2346 5007; x_wconf 84' lang='grc' dir='ltr'>πρὸς</span> <span class='ocrx_word' id='word_1_932' title='bbox 2379 4935 2510 4987; x_wconf 85' lang='grc' dir='ltr'>Θεὸν</span> <span class='ocrx_word' id='word_1_933' title='bbox 2556 4932 2642 4986; x_wconf 80' lang='grc' dir='ltr'>διά</span> <span class='ocrx_word' id='word_1_934' title='bbox 2675 4932 2782 5007; x_wconf 74' lang='grc' dir='ltr'>τῆς</span> <span class='ocrx_word' id='word_1_935' title='bbox 2811 4932 2918 4987; x_wconf 83' lang='grc' dir='ltr'><strong>τῶν</strong></span> <span class='ocrx_word' id='word_1_936' title='bbox 2967 4935 3182 5004; x_wconf 81' lang='grc' dir='ltr'>ἄστρων</span> <span class='ocrx_word' id='word_1_937' title='bbox 3225 4933 3546 5006; x_wconf 79' lang='grc' dir='ltr'>θρησκείας.</span> <span class='ocrx_word' id='word_1_938' title='bbox 3599 4953 3618 4986; x_wconf 74' lang='grc' dir='ltr'><strong>ι</strong></span> <span class='ocrx_word' id='word_1_939' title='bbox 3649 4932 3788 5001; x_wconf 79' lang='lat' dir='ltr'><strong>Quia</strong></span> 
     </span>
    </p>
   </div>
   <div class='ocr_carea' id='block_1_114' title="bbox 2209 5003 3784 5072">
    <p class='ocr_par' dir='ltr' id='par_1_114' title="bbox 2209 5003 3784 5072">
     <span class='ocr_line' id='line_1_115' title="bbox 2209 5003 3784 5072; baseline 0 -13"><span class='ocrx_word' id='word_1_940' title='bbox 2209 5003 2353 5059; x_wconf 82' lang='lat' dir='ltr'><strong>enim</strong></span> <span class='ocrx_word' id='word_1_941' title='bbox 2401 5012 2628 5058; x_wconf 84' lang='lat' dir='ltr'><strong>noverat</strong></span> <span class='ocrx_word' id='word_1_942' title='bbox 2681 5003 2857 5066; x_wconf 90' lang='lat' dir='ltr'><strong>Deus,</strong></span> <span class='ocrx_word' id='word_1_943' title='bbox 2915 5003 3098 5070; x_wconf 84' lang='lat' dir='ltr'><strong>utpote</strong></span> <span class='ocrx_word' id='word_1_944' title='bbox 3151 5003 3436 5072; x_wconf 57' lang='lat' dir='ltr'><strong>praiscius,</strong></span> <span class='ocrx_word' id='word_1_945' title='bbox 3483 5007 3625 5059; x_wconf 91' lang='lat' dir='ltr'><strong>hunc</strong></span> <span class='ocrx_word' id='word_1_946' title='bbox 3675 5022 3784 5059; x_wconf 81' lang='lat' dir='ltr'><strong>non</strong></span> 
     </span>
    </p>
   </div>
   <div class='ocr_carea' id='block_1_115' title="bbox 2210 5072 3785 5142">
    <p class='ocr_par' dir='ltr' id='par_1_115' title="bbox 2210 5072 3785 5142">
     <span class='ocr_line' id='line_1_116' title="bbox 2210 5072 3785 5142; baseline 0.001 -15"><span class='ocrx_word' id='word_1_947' title='bbox 2210 5075 2586 5142; x_wconf 83' lang='lat' dir='ltr'><strong>crediturum,</strong></span> <span class='ocrx_word' id='word_1_948' title='bbox 2643 5072 3003 5127; x_wconf 88' lang='lat' dir='ltr'><strong>nihilominus</strong></span> <span class='ocrx_word' id='word_1_949' title='bbox 3053 5082 3230 5142; x_wconf 85' lang='lat' dir='ltr'><strong>tamen</strong></span> <span class='ocrx_word' id='word_1_950' title='bbox 3289 5084 3348 5128; x_wconf 91' lang='lat' dir='ltr'><strong>ut</strong></span> <span class='ocrx_word' id='word_1_951' title='bbox 3393 5074 3785 5142; x_wconf 82' lang='lat' dir='ltr'><strong>perfectionem</strong></span> 
     </span>
    </p>
   </div>
   <div class='ocr_carea' id='block_1_116' title="bbox 2212 5141 3787 5214">
    <p class='ocr_par' dir='ltr' id='par_1_116' title="bbox 2212 5141 3787 5214">
     <span class='ocr_line' id='line_1_117' title="bbox 2212 5141 3787 5214; baseline 0.001 -17"><span class='ocrx_word' id='word_1_952' title='bbox 2212 5145 2477 5212; x_wconf 85' lang='lat' dir='ltr'><strong>reciperet</strong></span> <span class='ocrx_word' id='word_1_953' title='bbox 2505 5141 2659 5214; x_wconf 84' lang='lat' dir='ltr'><strong>cujus</strong></span> <span class='ocrx_word' id='word_1_954' title='bbox 2691 5156 2860 5214; x_wconf 60' lang='lat' dir='ltr'><strong>capax</strong></span> <span class='ocrx_word' id='word_1_955' title='bbox 2890 5152 3030 5214; x_wconf 82' lang='lat' dir='ltr'><strong>erat,</strong></span> <span class='ocrx_word' id='word_1_956' title='bbox 3077 5141 3226 5214; x_wconf 72' lang='lat' dir='ltr'><strong>dedit</strong></span> <span class='ocrx_word' id='word_1_957' title='bbox 3258 5144 3306 5197; x_wconf 89' lang='lat' dir='ltr'><strong>ei</strong></span> <span class='ocrx_word' id='word_1_958' title='bbox 3341 5141 3558 5214; x_wconf 89' lang='lat' dir='ltr'><strong>quidem</strong></span> <span class='ocrx_word' id='word_1_959' title='bbox 3609 5144 3787 5214; x_wconf 84' lang='lat' dir='ltr'><strong>philo-</strong></span> 
     </span>
    </p>
   </div>
   <div class='ocr_carea' id='block_1_117' title="bbox 2211 5211 3788 5282">
    <p class='ocr_par' dir='ltr' id='par_1_117' title="bbox 2211 5211 3788 5282">
     <span class='ocr_line' id='line_1_118' title="bbox 2211 5211 3788 5282; baseline 0.001 -15"><span class='ocrx_word' id='word_1_960' title='bbox 2211 5211 2484 5282; x_wconf 71' lang='lat' dir='ltr'><strong>SOleialll,</strong></span> <span class='ocrx_word' id='word_1_961' title='bbox 2533 5213 2626 5264; x_wconf 87' lang='lat' dir='ltr'><strong>sed</strong></span> <span class='ocrx_word' id='word_1_962' title='bbox 2659 5223 2787 5282; x_wconf 86' lang='lat' dir='ltr'><strong>ante</strong></span> <span class='ocrx_word' id='word_1_963' title='bbox 2833 5211 3028 5282; x_wconf 81' lang='lat' dir='ltr'><strong>fidem;</strong></span> <span class='ocrx_word' id='word_1_964' title='bbox 3072 5213 3218 5267; x_wconf 80' lang='lat' dir='ltr'><strong>dedit</strong></span> <span class='ocrx_word' id='word_1_965' title='bbox 3263 5211 3444 5268; x_wconf 88' lang='lat' dir='ltr'><strong>autem</strong></span> <span class='ocrx_word' id='word_1_966' title='bbox 3482 5211 3688 5278; x_wconf 83' lang='lat' dir='ltr'><strong>solem,</strong></span> <span class='ocrx_word' id='word_1_967' title='bbox 3730 5223 3788 5268; x_wconf 85' lang='lat' dir='ltr'><strong>et</strong></span> 
     </span>
    </p>
   </div>
   <div class='ocr_carea' id='block_1_118' title="bbox 2212 5281 3784 5352">
    <p class='ocr_par' dir='ltr' id='par_1_118' title="bbox 2212 5281 3784 5352">
     <span class='ocr_line' id='line_1_119' title="bbox 2212 5281 3784 5352; baseline 0.001 -16"><span class='ocrx_word' id='word_1_968' title='bbox 2212 5281 2419 5352; x_wconf 81' lang='lat' dir='ltr'><strong>lunam,</strong></span> <span class='ocrx_word' id='word_1_969' title='bbox 2448 5291 2502 5334; x_wconf 91' lang='lat' dir='ltr'><strong>et</strong></span> <span class='ocrx_word' id='word_1_970' title='bbox 2527 5290 2674 5352; x_wconf 79' lang='lat' dir='ltr'><strong>astra</strong></span> <span class='ocrx_word' id='word_1_971' title='bbox 2703 5281 2768 5333; x_wconf 90' lang='lat' dir='ltr'><strong>ad</strong></span> <span class='ocrx_word' id='word_1_972' title='bbox 2803 5281 3120 5352; x_wconf 68' lang='lat' dir='ltr'><strong>religionem</strong></span> <span class='ocrx_word' id='word_1_973' title='bbox 3152 5299 3166 5336; x_wconf 89' lang='lat'><strong>:</strong></span> <span class='ocrx_word' id='word_1_974' title='bbox 3199 5298 3318 5352; x_wconf 64' lang='lat' dir='ltr'><strong>qua:</strong></span> <span class='ocrx_word' id='word_1_975' title='bbox 3358 5283 3608 5352; x_wconf 74' lang='lat' dir='ltr'><strong>gentibus</strong></span> <span class='ocrx_word' id='word_1_976' title='bbox 3654 5283 3784 5338; x_wconf 71' lang='lat' dir='ltr'><strong>fecit</strong></span> 
     </span>
    </p>
   </div>
   <div class='ocr_carea' id='block_1_119' title="bbox 2210 5350 3784 5418">
    <p class='ocr_par' dir='ltr' id='par_1_119' title="bbox 2210 5350 3784 5418">
     <span class='ocr_line' id='line_1_120' title="bbox 2210 5350 3784 5418; baseline 0.002 -13"><span class='ocrx_word' id='word_1_977' title='bbox 2210 5353 2371 5418; x_wconf 88' lang='lat' dir='ltr'><strong>Deus,</strong></span> <span class='ocrx_word' id='word_1_978' title='bbox 2409 5350 2582 5418; x_wconf 89' lang='lat' dir='ltr'><strong>inquit</strong></span> <span class='ocrx_word' id='word_1_979' title='bbox 2618 5350 2722 5413; x_wconf 76' lang='lat' dir='ltr'><strong>lex,</strong></span> <span class='ocrx_word' id='word_1_980' title='bbox 2757 5366 2824 5405; x_wconf 90' lang='lat' dir='ltr'><strong>ne</strong></span> <span class='ocrx_word' id='word_1_981' title='bbox 2855 5350 3098 5406; x_wconf 84' lang='lat' dir='ltr'><strong>funditus</strong></span> <span class='ocrx_word' id='word_1_982' title='bbox 3124 5350 3269 5407; x_wconf 65' lang='lat' dir='ltr'><strong>atlfei</strong></span> <span class='ocrx_word' id='word_1_983' title='bbox 3301 5350 3500 5416; x_wconf 66' lang='lat' dir='ltr'><strong>eﬂ&#39;ecti,</strong></span> <span class='ocrx_word' id='word_1_984' title='bbox 3538 5353 3784 5408; x_wconf 84' lang='lat' dir='ltr'><strong>funditus</strong></span> 
     </span>
    </p>
   </div>
   <div class='ocr_carea' id='block_1_120' title="bbox 2208 5420 3782 5492">
    <p class='ocr_par' dir='ltr' id='par_1_120' title="bbox 2208 5420 3782 5492">
     <span class='ocr_line' id='line_1_121' title="bbox 2208 5420 3782 5492; baseline 0.001 -16"><span class='ocrx_word' id='word_1_985' title='bbox 2208 5429 2450 5492; x_wconf 88' lang='lat' dir='ltr'><strong>pereant.</strong></span> <span class='ocrx_word' id='word_1_986' title='bbox 2482 5421 2551 5492; x_wconf 77' lang='lat' dir='ltr'><strong>At</strong></span> <span class='ocrx_word' id='word_1_987' title='bbox 2581 5420 2654 5473; x_wconf 89' lang='lat' dir='ltr'><strong>illi</strong></span> <span class='ocrx_word' id='word_1_988' title='bbox 2709 5421 2762 5474; x_wconf 89' lang='lat' dir='ltr'><strong>in</strong></span> <span class='ocrx_word' id='word_1_989' title='bbox 2797 5421 2900 5476; x_wconf 89' lang='lat' dir='ltr'><strong>hoc</strong></span> <span class='ocrx_word' id='word_1_990' title='bbox 2949 5433 3221 5492; x_wconf 80' lang='lat' dir='ltr'><strong>praecepto</strong></span> <span class='ocrx_word' id='word_1_991' title='bbox 3258 5423 3679 5488; x_wconf 87' lang='lat' dir='ltr'><strong>inconsiderati,</strong></span> <span class='ocrx_word' id='word_1_992' title='bbox 3727 5425 3782 5477; x_wconf 90' lang='lat' dir='ltr'><strong>in</strong></span> 
     </span>
    </p>
   </div>
   <div class='ocr_carea' id='block_1_121' title="bbox 2205 5489 3781 5563">
    <p class='ocr_par' dir='ltr' id='par_1_121' title="bbox 2205 5489 3781 5563">
     <span class='ocr_line' id='line_1_122' title="bbox 2205 5489 3781 5563; baseline 0 -18"><span class='ocrx_word' id='word_1_993' title='bbox 2205 5489 2482 5563; x_wconf 74' lang='lat' dir='ltr'><strong>sculptiles</strong></span> <span class='ocrx_word' id='word_1_994' title='bbox 2519 5489 2681 5563; x_wconf 62' lang='lat' dir='ltr'><strong>defixi</strong></span> <span class='ocrx_word' id='word_1_995' title='bbox 2727 5489 2962 5563; x_wconf 78' lang='lat' dir='ltr'><strong>statuas,</strong></span> <span class='ocrx_word' id='word_1_996' title='bbox 3003 5493 3105 5547; x_wconf 88' lang='lat' dir='ltr'><strong>nisi</strong></span> <span class='ocrx_word' id='word_1_997' title='bbox 3132 5489 3528 5563; x_wconf 61' lang='lat' dir='ltr'><strong>paenitentiam</strong></span> <span class='ocrx_word' id='word_1_998' title='bbox 3577 5503 3781 5563; x_wconf 86' lang='lat' dir='ltr'><strong>agant,</strong></span> 
     </span>
    </p>
   </div>
   <div class='ocr_carea' id='block_1_122' title="bbox 2200 5561 3782 5632">
    <p class='ocr_par' dir='ltr' id='par_1_122' title="bbox 2200 5561 3782 5632">
     <span class='ocr_line' id='line_1_123' title="bbox 2200 5561 3782 5632; baseline 0.003 -19"><span class='ocrx_word' id='word_1_999' title='bbox 2200 5561 2559 5629; x_wconf 85' lang='lat' dir='ltr'><strong>judieantur:</strong></span> <span class='ocrx_word' id='word_1_1000' title='bbox 2595 5561 2647 5632; x_wconf 86' lang='lat' dir='ltr'><strong>hi</strong></span> <span class='ocrx_word' id='word_1_1001' title='bbox 2687 5561 2926 5632; x_wconf 88' lang='lat' dir='ltr'><strong>quidem,</strong></span> <span class='ocrx_word' id='word_1_1002' title='bbox 2959 5563 3082 5630; x_wconf 86' lang='lat' dir='ltr'><strong>quia</strong></span> <span class='ocrx_word' id='word_1_1003' title='bbox 3127 5561 3251 5616; x_wconf 85' lang='lat' dir='ltr'><strong>eum</strong></span> <span class='ocrx_word' id='word_1_1004' title='bbox 3298 5572 3541 5632; x_wconf 87' lang='lat' dir='ltr'><strong>possent.</strong></span> <span class='ocrx_word' id='word_1_1005' title='bbox 3591 5561 3782 5618; x_wconf 84' lang='lat' dir='ltr'><strong>nquc-</strong></span> 
     </span>
    </p>
   </div>
   <div class='ocr_carea' id='block_1_123' title="bbox 2208 5631 3780 5702">
    <p class='ocr_par' dir='ltr' id='par_1_123' title="bbox 2208 5631 3780 5702">
     <span class='ocr_line' id='line_1_124' title="bbox 2208 5631 3780 5702; baseline 0.001 -18"><span class='ocrx_word' id='word_1_1006' title='bbox 2208 5640 2333 5685; x_wconf 89' lang='lat' dir='ltr'><strong>runt</strong></span> <span class='ocrx_word' id='word_1_1007' title='bbox 2383 5632 2490 5686; x_wconf 87' lang='lat' dir='ltr'><strong>Deo</strong></span> <span class='ocrx_word' id='word_1_1008' title='bbox 2528 5631 2785 5692; x_wconf 82' lang='lat' dir='ltr'><strong>credere;</strong></span> <span class='ocrx_word' id='word_1_1009' title='bbox 2831 5631 2903 5685; x_wconf 90' lang='lat' dir='ltr'><strong>illi</strong></span> <span class='ocrx_word' id='word_1_1010' title='bbox 2950 5647 3084 5702; x_wconf 75' lang='lat' dir='ltr'><strong>vero</strong></span> <span class='ocrx_word' id='word_1_1011' title='bbox 3131 5633 3224 5702; x_wconf 87' lang='lat' dir='ltr'><strong>qui</strong></span> <span class='ocrx_word' id='word_1_1012' title='bbox 3273 5631 3486 5687; x_wconf 82' lang='lat' dir='ltr'><strong>etiamsi</strong></span> <span class='ocrx_word' id='word_1_1013' title='bbox 3540 5633 3780 5698; x_wconf 74' lang='lat' dir='ltr'><strong>vellent,</strong></span> 
     </span>
    </p>
   </div>
   <div class='ocr_carea' id='block_1_124' title="bbox 2208 5700 3777 5767">
    <p class='ocr_par' dir='ltr' id='par_1_124' title="bbox 2208 5700 3777 5767">
     <span class='ocr_line' id='line_1_125' title="bbox 2208 5700 3777 5767; baseline 0.001 -13"><span class='ocrx_word' id='word_1_1014' title='bbox 2208 5717 2312 5755; x_wconf 92' lang='lat' dir='ltr'><strong>non</strong></span> <span class='ocrx_word' id='word_1_1015' title='bbox 2345 5702 2522 5755; x_wconf 80' lang='lat' dir='ltr'><strong>conati</strong></span> <span class='ocrx_word' id='word_1_1016' title='bbox 2565 5711 2690 5755; x_wconf 90' lang='lat' dir='ltr'><strong>sunt</strong></span> <span class='ocrx_word' id='word_1_1017' title='bbox 2727 5710 2906 5755; x_wconf 89' lang='lat' dir='ltr'><strong>tamen</strong></span> <span class='ocrx_word' id='word_1_1018' title='bbox 2946 5700 3424 5767; x_wconf 55' lang='lat' dir='ltr'><strong>fideles&#39;evadere,</strong></span> <span class='ocrx_word' id='word_1_1019' title='bbox 3456 5712 3511 5756; x_wconf 86' lang='lat' dir='ltr'><strong>et</strong></span> <span class='ocrx_word' id='word_1_1020' title='bbox 3541 5703 3575 5756; x_wconf 92' lang='lat' dir='ltr'><strong>ii</strong></span> <span class='ocrx_word' id='word_1_1021' title='bbox 3607 5703 3777 5758; x_wconf 84' lang='lat' dir='ltr'><strong>etiam</strong></span> 
     </span>
    </p>
   </div>
   <div class='ocr_carea' id='block_1_125' title="bbox 2205 5771 3776 5839">
    <p class='ocr_par' dir='ltr' id='par_1_125' title="bbox 2205 5771 3776 5839">
     <span class='ocr_line' id='line_1_126' title="bbox 2205 5771 3776 5839; baseline 0 -15"><span class='ocrx_word' id='word_1_1022' title='bbox 2205 5771 2293 5839; x_wconf 88' lang='lat' dir='ltr'><strong>qui</strong></span> <span class='ocrx_word' id='word_1_1023' title='bbox 2321 5771 2388 5826; x_wconf 86' lang='lat' dir='ltr'><strong>ab</strong></span> <span class='ocrx_word' id='word_1_1024' title='bbox 2418 5781 2686 5825; x_wconf 84' lang='lat' dir='ltr'><strong>astrorum</strong></span> <span class='ocrx_word' id='word_1_1025' title='bbox 2731 5771 2900 5835; x_wconf 88' lang='lat' dir='ltr'><strong>cultu,</strong></span> <span class='ocrx_word' id='word_1_1026' title='bbox 2943 5772 3010 5824; x_wconf 90' lang='lat' dir='ltr'><strong>ad</strong></span> <span class='ocrx_word' id='word_1_1027' title='bbox 3055 5786 3242 5826; x_wconf 91' lang='lat' dir='ltr'><strong>eorum</strong></span> <span class='ocrx_word' id='word_1_1028' title='bbox 3286 5773 3620 5827; x_wconf 78' lang='lat' dir='ltr'><strong>conditorem</strong></span> <span class='ocrx_word' id='word_1_1029' title='bbox 3670 5788 3776 5826; x_wconf 85' lang='lat' dir='ltr'><strong>non</strong></span> 
     </span>
    </p>
   </div>
   <div class='ocr_carea' id='block_1_126' title="bbox 2209 5841 3780 5912">
    <p class='ocr_par' dir='ltr' id='par_1_126' title="bbox 2209 5841 3780 5912">
     <span class='ocr_line' id='line_1_127' title="bbox 2209 5841 3780 5912; baseline 0.002 -19"><span class='ocrx_word' id='word_1_1030' title='bbox 2209 5852 2576 5912; x_wconf 80' lang='lat' dir='ltr'><strong>l&#39;t&#39;Cttrl‘cl‘llltl.</strong></span> <span class='ocrx_word' id='word_1_1031' title='bbox 2625 5841 2747 5894; x_wconf 83' lang='lat' dir='ltr'><strong>1an</strong></span> <span class='ocrx_word' id='word_1_1032' title='bbox 2788 5842 2931 5912; x_wconf 88' lang='lat' dir='ltr'><strong>enim</strong></span> <span class='ocrx_word' id='word_1_1033' title='bbox 2971 5842 3055 5896; x_wconf 87' lang='lat' dir='ltr'><strong>via</strong></span> <span class='ocrx_word' id='word_1_1034' title='bbox 3095 5853 3208 5896; x_wconf 87' lang='lat' dir='ltr'><strong>erat</strong></span> <span class='ocrx_word' id='word_1_1035' title='bbox 3247 5842 3502 5912; x_wconf 82' lang='lat' dir='ltr'><strong>gentibus</strong></span> <span class='ocrx_word' id='word_1_1036' title='bbox 3531 5843 3654 5896; x_wconf 82' lang='lat' dir='ltr'><strong>data</strong></span> <span class='ocrx_word' id='word_1_1037' title='bbox 3708 5841 3780 5896; x_wconf 86' lang='lat' dir='ltr'><strong>ad</strong></span> 
     </span>
    </p>
   </div>
   <div class='ocr_carea' id='block_1_127' title="bbox 2205 5911 3539 5982">
    <p class='ocr_par' dir='ltr' id='par_1_127' title="bbox 2205 5911 3539 5982">
     <span class='ocr_line' id='line_1_128' title="bbox 2205 5911 3539 5982; baseline 0.001 -18"><span class='ocrx_word' id='word_1_1038' title='bbox 2205 5911 2370 5968; x_wconf 89' lang='lat' dir='ltr'><strong>Deum</strong></span> <span class='ocrx_word' id='word_1_1039' title='bbox 2400 5926 2498 5980; x_wconf 88' lang='lat' dir='ltr'><strong>per</strong></span> <span class='ocrx_word' id='word_1_1040' title='bbox 2527 5921 2799 5968; x_wconf 87' lang='lat' dir='ltr'><strong>astrorum</strong></span> <span class='ocrx_word' id='word_1_1041' title='bbox 2830 5911 3032 5966; x_wconf 88' lang='lat' dir='ltr'><strong>cultum</strong></span> <span class='ocrx_word' id='word_1_1042' title='bbox 3072 5911 3380 5982; x_wconf 82' lang='lat' dir='ltr'><strong>assurgere.</strong></span> <span class='ocrx_word' id='word_1_1043' title='bbox 3409 5931 3428 5964; x_wconf 76' lang='grc' dir='ltr'>ι</span> <span class='ocrx_word' id='word_1_1044' title='bbox 3465 5914 3539 5966; x_wconf 85' lang='lat' dir='ltr'><strong>lu.</strong></span> 
     </span>
    </p>
   </div>
  </div>
