4082 6224
395 150 501 206 H5

1859 145 2180 202 OlllCENlS

3557 145 3660 202 HG

395 265 579 323 Jesum
604 264 917 333 Christum,‘
937 276 990 323 et
1024 267 1166 324 hunc
1210 265 1532 322 cruciﬁxum
1568 267 1632 330 ⁸⁸,
1668 266 1967 332 eademque
2011 249 2244 317 Verbum
2277 277 2494 320 cartzetn
2527 265 2726 322 vident.
2757 264 2936 322 Tertia
2971 265 3154 333 etiam,
3187 279 3309 335 qum
3339 263 3498 336 paulo
3534 275 3664 319 ante

398 362 658 419 diximus.
693 360 834 429 Quid
870 375 1001 417 vero
1031 361 1227 414 attinet
1255 358 1320 416 de
1355 361 1422 415 iis
1460 359 1664 424 dicere,
1703 357 1792 427 qui
1819 356 1873 410 in
1906 352 2082 407 Verbo
2107 367 2226 408 csse
2254 355 2662 420 existimantur,
2702 359 2797 413 sed
2836 373 2940 414 non
2976 357 3150 414 solum
3187 357 3255 412 ab
3285 357 3532 427 honesto,
3566 372 3661 414 ve-

397 475 518 516 rum
548 457 713 512 etiam
747 457 815 512 ab
841 455 960 526 ejus
990 457 1254 528 vestigiis,
1294 466 1455 526 atque
1480 453 1545 509 iis
1567 453 1656 522 qui
1689 452 1807 522 ejns
1833 458 1960 504 sunt
1992 448 2301 520 participes,
2333 452 2696 507 aberrarunt?

471 551 582 624 54
615 551 670 607 4.
713 550 816 606 Hic
858 561 972 606 erat
1018 553 1073 605 in
1119 550 1380 622 principio
1431 549 1572 619 apud
1620 547 1810 602 Deum.
1851 542 1975 598 Tri-

2151 543 2204 596 4.
2240 540 2427 612 Οὗτος
2459 543 2538 617 ἦν
2565 547 2637 600 ἐν
2674 544 2833 616 ἀρχῇ
2865 545 3017 616 πρὸς
3056 549 3163 603 τὸν
3199 532 3366 602 Θεόν.
3412 545 3509 599 Διὰ
3557 544 3667 600 τῶν

397 650 503 703 bus
531 645 806 718 prmdictis
843 644 1327 715 propositionibus,
1365 651 1476 698 tres
1508 641 1728 696 ordines
1750 653 1850 693 nos
1883 639 1979 692 do-

400 751 532 792 cens
580 735 940 808 evangelista,
971 735 1075 790 tria
1105 734 1156 789 in
1193 749 1358 788 unum
1400 732 1702 795 connectit,
1737 730 1926 785 dicens
1959 743 1975 782 :

405 849 426 884 ι
452 828 552 886 llic
581 837 704 884 erat
740 829 794 884 in
819 827 1086 898 principio
1117 827 1256 898 apud
1289 825 1478 882 Deum.
1507 844 1526 878 ι
1564 824 1618 880 In
1649 824 1828 896 prima
1853 837 1980 892 pro-

401 923 676 993 positione
724 920 1013 977 didicimus
1055 921 1107 976 in
1157 935 1267 990 quo
1309 929 1427 976 erat
1479 919 1676 988 Λόγος,
1724 916 1978 971 videlicet

402 1015 547 1082 quod
576 1015 628 1068 in
660 1011 931 1084 principio
960 1029 975 1068 :
1001 1021 1056 1068 et
1089 1013 1227 1082 apud
1250 1026 1412 1082 quem
1438 1011 1528 1067 bic
1557 1019 1695 1077 erat,
1725 1008 1980 1062 videlicet

402 1105 548 1174 quod
575 1104 714 1173 apud
749 1104 913 1158 Deum
942 1119 956 1168 ;
988 1113 1044 1158 et
1069 1105 1320 1173 quisnam
1347 1105 1520 1173 Λόγος
1554 1111 1693 1167 erat,
1728 1101 1981 1157 videlicet

401 1196 544 1265 quod
580 1197 738 1251 Deus.
771 1195 1049 1266 Tanquam
1078 1211 1209 1267 ergo
1229 1197 1611 1252 demonstrans
1636 1195 1980 1259 Sermonem,

399 1304 561 1358 quem
596 1297 725 1344 ante
754 1287 969 1343 dixerat
998 1289 1164 1344 Deum
1200 1303 1296 1358 per
1325 1287 1644 1358 particulam
1677 1305 1697 1338 ς
1732 1287 1844 1351 bic,
1879 1305 1897 1340 ι
1927 1295 1981 1342 οι

401 1383 456 1436 in
487 1391 735 1451 quartam
769 1381 1190 1452 propositionem
1221 1395 1558 1454 congregans
1605 1381 1736 1436 illud
1761 1381 1832 1448 5‘,
1863 1400 1881 1433 ι
1922 1381 1978 1435 1η

402 1471 669 1540 principio
709 1478 827 1525 erat
873 1470 1106 1536 Sermo,
1139 1478 1193 1524 et
1232 1469 1426 1525 Sermo
1457 1480 1576 1525 erat
1611 1469 1752 1540 apud
1785 1468 1976 1533 Deum,

400 1572 456 1618 et
487 1563 627 1618 Deus
660 1571 776 1616 erat
805 1561 1152 1626 illeSernto,r
1177 1561 1355 1631 inquit
1385 1579 1398 1616 :
1430 1579 1448 1612 ι
1481 1561 1580 1616 llic
1615 1561 1806 1616 eratin
1833 1559 1982 1630 prin-

403 1651 546 1721 cipio
577 1651 719 1722 apud
755 1652 945 1707 Deum.
984 1669 1003 1703 ›
1037 1651 1221 1707 Potest
1266 1661 1446 1707 tamen
1476 1651 1730 1721 principii
1779 1665 1980 1706 nomen

405 1742 546 1796 sumi
587 1743 749 1798 etiam
785 1744 852 1797 de
881 1741 1154 1812 principio
1201 1744 1410 1809 mundi,
1445 1742 1854 1799 addiscentibus
1887 1755 1983 1795 no-

402 1832 488 1889 bis
515 1848 612 1902 per
632 1833 747 1889 haec
775 1835 938 1900 dicta,
969 1834 1453 1900 Sermonemjillum
1473 1834 1836 1904 antiquiorem
1863 1847 1983 1887 esse

405 1925 566 1978 rebus
600 1939 628 1978 a
664 1924 933 1994 principio
967 1925 1146 1981 factis.
1183 1924 1318 1980 Nam
1352 1919 1397 1980 Si
1440 1944 1459 1976 ι
1485 1926 1537 1980 in
1565 1926 1832 1996 principio
1859 1924 1982 1980 fecit

405 2015 548 2070 Deus
575 2017 772 2071 cmlum
811 2025 867 2071 et
897 2025 1096 2072 terram
1123 2016 1192 2082 ⁸⁸,
1237 2035 1256 2068 ι
1293 2016 1502 2071 clarum
1531 2026 1617 2071 cst
1659 2015 1710 2071 id
1741 2017 1882 2086 quod
1926 2015 1980 2068 in

403 2107 670 2176 principio
697 2117 836 2174 erat,
879 2107 1156 2178 antiquius
1179 2122 1300 2163 esse
1331 2122 1396 2163 eo
1427 2109 1572 2177 quod
1626 2106 1678 2161 in
1713 2106 1983 2176 principio

404 2198 606 2252 factum
663 2208 787 2254 est:
819 2214 921 2256 nec
952 2201 1125 2255 solum
1165 2199 1508 2255 ﬁrmamento
1553 2210 1609 2256 et
1662 2199 1834 2265 arida,
1889 2199 1982 2254 sed

405 2291 544 2348 male
562 2298 616 2346 et
648 2299 792 2346 terra
834 2291 1030 2348 Sermo
1057 2291 1148 2348 ille
1179 2301 1265 2347 est
1291 2292 1582 2360 antiquior.
1617 2291 1780 2346 Forte
1800 2299 1982 2346 autem

404 2397 508 2436 non
543 2383 776 2438 absurde
798 2383 920 2452 quis
943 2383 1181 2451 inquirat
1205 2398 1378 2454 quare
1403 2398 1507 2438 non
1527 2384 1598 2437 sit
1625 2383 1824 2437 dictum
1852 2396 1898 2433 τι
1925 2380 1980 2434 In

405 2473 675 2544 principio
697 2483 816 2528 erat
838 2474 1030 2528 Sermo
1061 2474 1195 2540 Dei;
1242 2483 1296 2529 et
1354 2473 1545 2530 Sermo
1570 2473 1662 2527 Dei
1692 2483 1812 2528 erat
1838 2472 1980 2542 apud

406 2562 575 2616 Deum
598 2579 613 2628 ;
634 2572 686 2617 et
708 2561 848 2617 Deus
867 2573 988 2620 erat
1013 2563 1103 2620 ille
1137 2563 1334 2621 Sermo
1368 2563 1518 2618 Dei.»
1550 2562 1656 2619 Sed
1687 2565 1984 2636 consequi-

408 2663 496 2706 tur
522 2661 579 2707 ut
607 2654 698 2723 qui
731 2655 928 2723 quaerit
967 2671 1066 2714 cur
1107 2657 1324 2714 tandem
1356 2671 1462 2712 non
1494 2657 1760 2726 scriptum
1795 2658 1889 2724 sit,
1925 2657 1980 2713 In

405 2743 678 2815 principio
707 2757 823 2801 erat
859 2747 1052 2805 Sermo
1079 2747 1196 2818 Dei,
1231 2757 1286 2804 et
1307 2764 1426 2820 qua:
1448 2758 1767 2820 sequuntur,
1801 2750 1982 2820 plures

405 2841 653 2900 enuntiet
687 2860 808 2901 esse
832 2838 1148 2907 Sermones,
1181 2850 1236 2897 et
1263 2842 1496 2898 fortasse
1521 2842 1718 2898 diversi
1743 2846 1981 2915 generis.

404 2935 504 2994 Vel
533 2951 673 2991 unus
699 2937 914 3006 quidem
944 2937 1049 2992 erit
1068 2933 1159 2992 Dei
1181 2931 1394 3001 Sermo,
1413 2933 1572 3001 alter,
1606 2943 1664 2989 ιιι
1689 2935 1762 2990 ita
1781 2937 1981 3001 dicam,

408 3026 723 3098 angelorum
769 3027 982 3094 Sermo,
1022 3029 1165 3087 alius
1206 3028 1335 3086 item
1371 3027 1682 3096 hominum,
1726 3040 1776 3084 et
1815 3030 1890 3084 ita
1927 3030 1980 3084 in

407 3120 623 3175 cteteris
649 3118 1026 3176 Sermonibus.
1063 3121 1217 3190 Quod
1253 3122 1297 3178 si
1322 3119 1846 3178 vocabulum'Sermo
1881 3123 1984 3179 hoc

2080 639 2491 710 προειρημένων
2521 640 2689 711 τριῶν
2720 637 3037 709 προτάσεων
3082 639 3339 710 τάγματα
3371 639 3495 710 τρία
3528 639 3666 692 διδά-

2081 729 2177 793 ξας
2207 730 2356 800 ἡμᾶς
2398 728 2428 781 6
2460 729 2848 802 εύαγγελιστὴς
2897 727 3391 798 συγκεφαλαιοῦται
3433 727 3499 781 τά
3532 729 3664 799 τρία

2078 821 2160 884 εἰς
2188 821 2266 885 ἓν,
2295 819 2467 890 λέγων
2487 821 2566 875 τό·
2599 841 2618 873 r
2648 814 2815 885 Οὗτος
2837 817 2904 893 ἦν
2933 824 2989 876 ἐν
3011 823 3152 893 ἀρχῇ
3175 820 3315 892 πρὸς
3341 819 3430 873 τὸν
3458 820 3610 874 Θεόν.
3641 840 3661 870 ν

2080 912 2303 984 Πρῶτον
2328 914 2384 968 δὲ
2410 913 2518 967 τῶν
2544 915 2710 986 τριῶν
2745 914 3144 987 μεμαθήκαμεν
3175 913 3234 966 ἐν
3267 911 3373 965 τίνι
3395 907 3462 982 ἦν
3495 912 3524 964 6
3555 911 3660 966 A6-

2080 1021 2176 1073 τος
2194 1046 2208 1069 ν
2234 1006 2316 1059 ότι
2340 1007 2396 1060 ὲν
2426 1007 2568 1078 ἀρχῇ
2600 1024 2614 1038 ⁸
2650 1008 2743 1061 καὶ
2775 1006 2910 1078 πρὸς
2945 1006 3068 1060 τίνα
3093 999 3247 1068 οὗτος
3277 999 3375 1076 ἦν,
3407 1003 3490 1056 ὅτι
3526 1006 3667 1075 πρὸς

2079 1097 2171 1150 τὸν
2199 1097 2330 1150 Θεόν
2351 1114 2364 1126 °
2411 1099 2506 1152 καὶ
2545 1099 2628 1163 τίς
2669 1101 2698 1152 6
2749 1099 2919 1168 Λόγος
2944 1094 3043 1170 ἦν,
3071 1099 3152 1152 ὅτι
3179 1097 3331 1160 Θεός.
3365 1096 3544 1149 Οίονεὶ
3572 1091 3668 1148 οῦν

2081 1189 2294 1253 δεικνὺς
2309 1189 2399 1243 τὸν
2416 1191 2812 1262 προειρημένον
2827 1191 2958 1244 Θεὸν
2976 1191 3146 1258 Λόγον
3162 1188 3250 1243 διὰ
3286 1187 3378 1241 τοῦ
3400 1208 3417 1240 ι
3438 1183 3616 1251 οὗτος,
3643 1208 3660 1238 ι

2083 1283 2175 1337 καὶ
2202 1283 2448 1352 συνάγων
2469 1284 2548 1347 εἰς
2573 1283 2837 1356 τετάρτην
2867 1282 3127 1354 πρότασιν
3147 1281 3208 1334 τό
3227 1299 3285 1334 τε
3303 1297 3318 1314 ο
3346 1300 3364 1332 ‹
3406 1281 3494 1334 Ἐν
3522 1282 3667 1350 ἀρχῇ

2082 1371 2148 1446 ἦν
2180 1377 2209 1428 6
2231 1375 2431 1444 Λόγος,
2466 1395 2484 1429 ›
2525 1376 2618 1429 καὶ
2649 1375 2740 1428 τό”
2777 1395 2794 1426 ι
2847 1375 2906 1428 '0
2933 1374 3106 1442 Λόγος
3127 1368 3193 1444 ἦν
3225 1372 3362 1444 πρὸς
3389 1372 3480 1424 τὸν
3509 1371 3666 1432 Θεὸν,

2083 1468 2177 1521 καὶ
2210 1466 2342 1530 Θεὸς
2370 1462 2437 1538 ἦν
2463 1467 2492 1519 6
2522 1466 2722 1535 Λόγος,
2761 1485 2778 1518 ι
2818 1465 3016 1534 φησίν·
3067 1481 3085 1514 ι
3120 1456 3289 1524 Οὗτος
3321 1457 3390 1532 ἦν
3434 1461 3492 1513 ὲν
3521 1461 3666 1531 ἀρχῇ

2084 1558 2221 1630 πρὸς
2241 1558 2330 1612 τὸν
2347 1557 2498 1611 Θεόν,
2532 1577 2551 1609 ι
2571 1556 2803 1611 Δύναται
2823 1557 3002 1627 μέντοι
3019 1572 3082 1625 γε
3105 1554 3166 1608 τὸ
3180 1554 3279 1624 τῆς
3302 1553 3475 1625 ἀρχῆς
3496 1552 3670 1622 ὄνομα

2083 1649 2452 1721 λαμϐάνεσθαι
2483 1651 2576 1703 καὶ
2597 1650 2691 1703 ἐπὶ
2717 1650 2816 1720 τῆς
2838 1648 2932 1702 τοῦ
2979 1647 3188 1718 κόσμου
3226 1646 3422 1717 ἀρχῆς,
3457 1644 3667 1716 μανθα-

2084 1739 2280 1793 νόντων
2305 1739 2464 1810 ἡμῶν
2494 1739 2582 1794 διά
2614 1739 2720 1794 τῶν
2752 1739 3062 1808 λεγομένων
3081 1779 3096 1804 ,
3123 1739 3206 1792 ὅτι
3237 1738 3609 1809 πρεσϐύτερος
3641 1740 3672 1791 6

2084 1831 2256 1900 Λόγος
2278 1830 2387 1885 τῶν
2419 1832 2673 1904 ἀπαρχῆς
2693 1831 3002 1903 γενομένων
3021 1827 3110 1903 ἦν.
3153 1831 3218 1884 Ei
3249 1831 3355 1900 γὰρ
3388 1848 3406 1881 ι
3441 1831 3500 1883 ἐν
3525 1831 3669 1901 ἀρχῇ

2088 1925 2341 1996 ἐποίησεν
2372 1927 2401 1978 6
2431 1924 2564 1990 Θεὸς
2600 1927 2690 1980 τὸν
2712 1927 2940 1998 οὐρανὸν
2985 1928 3081 1980 καὶ
3113 1926 3211 1998 τὴν
3251 1925 3391 1997 γῆν,
3431 1946 3447 1976 ι
3483 1927 3544 1978 τὸ
3587 1925 3668 1986 δὲ,

2085 2020 2142 2071 ὲν
2186 2019 2326 2090 ἀρχῇ
2369 2013 2466 2090 ἦν,
2492 2019 2679 2089 σαφῶς
2713 2017 3086 2089 πρεσϐύτερόν
3135 2019 3253 2070 ἐστι
3302 2017 3397 2070 τοῦ
3428 2019 3485 2070 ὲν
3523 2019 3666 2088 ἀρχῇ

2086 2111 2453 2183 πεποιημένου
2495 2112 2556 2165 ού
2605 2111 2763 2182 μόνον
2789 2110 3171 2184 στερεὼματος
3195 2111 3289 2163 καὶ
3314 2110 3378 2181 ξη
3391 2111 3508 2181 ρᾶς,
3533 2109 3671 2163 ἀλλὰ

2083 2202 2312 2277 ούρανοῦ
2346 2204 2441 2257 καὶ
2468 2203 2570 2275 γῆς
2600 2203 2970 2274 πρεσϐύτερός
2987 2204 3135 2255 ἐστιν
3159 2204 3188 2256 6
3210 2202 3400 2270 Λόγος.
3431 2201 3584 2270 Τάχα
3609 2201 3668 2253 δὲ

2089 2297 2190 2350 ούκ
2209 2295 2426 2358 ἀτόπως
2445 2312 2528 2359 τις
2553 2295 2785 2366 ζητήσαι
2820 2295 2885 2348 ἂν
2911 2293 2998 2347 διὰ
3021 2294 3073 2346 τί
3101 2294 3202 2346 οὐκ
3225 2293 3438 2365 εἴρηται
3463 2307 3477 2321 ’
3512 2313 3530 2342 ‹
3578 2293 3670 2345 Ἐν

2084 2391 2226 2462 ἀρχῇ
2249 2386 2316 2461 ἦν
2341 2391 2370 2442 6
2393 2389 2566 2458 Λόγος
2594 2387 2688 2440 τοῦ
2719 2387 2854 2440 Θεοῦ
2873 2405 2886 2418 ο
2921 2388 3016 2441 καὶ
3048 2387 3076 2438 6
3108 2385 3280 2455 Λόγος
3307 2385 3401 2438 τοῦ
3437 2385 3568 2438 Θεοῦ
3602 2381 3674 2456 ἦν

2084 2483 2220 2555 πρὸς
2245 2481 2336 2535 τὸν
2359 2481 2491 2534 Θεόν
2512 2498 2525 2511 ·
2562 2481 2655 2534 καὶ
2679 2479 2812 2542 Θεὸς
2836 2474 2903 2548 ἦν
2931 2481 2960 2532 6
2991 2478 3160 2547 Λόγος
3183 2477 3276 2530 τοῦ
3307 2477 3462 2530 Θεοῦ.
3477 2497 3493 2529 ι
3515 2477 3670 2530 ’Λκό-

2083 2574 2272 2628 λουθον
2292 2573 2350 2627 δέ
2384 2574 2500 2626 ἐστι
2519 2569 2610 2626 τὸν
2641 2570 2908 2642 ζητοῦντα
2939 2569 2991 2622 τί
3019 2569 3217 2639 δήποτε
3245 2570 3305 2621 ού
3335 2569 3668 2640 γέγραπται,

2091 2687 2108 2717 ι
2133 2665 2220 2718 Ἑν
2248 2665 2389 2738 ἀρχῇ
2413 2658 2482 2734 ἦν
2503 2664 2531 2716 6
2555 2663 2725 2731 Λόγος
2755 2661 2848 2715 τοῦ
2870 2659 3028 2726 Θεοῦ,
3055 2679 3074 2713 ι
3099 2660 3194 2714 καλ⁵
3225 2661 3292 2714 τὰ
3319 2659 3464 2730 ἑξῆς,
3491 2659 3671 2713 πλείο-

2085 2775 2182 2822 νας
2214 2755 2608 2826 ἀποφαίνεσθαι
2654 2755 2875 2824 λόγους,
2911 2754 3006 2809 καὶ
3033 2753 3175 2825 τάχα
3208 2755 3560 2826 ἑτερογενεῖς.
3595 2752 3668 2805 ’11

2083 2851 2112 2904 6
2144 2851 2242 2922 μέν
2261 2868 2346 2914 τις
2367 2849 2460 2904 τοῦ
2484 2847 2620 2903 Θεοῦ
2647 2848 2840 2916 Λόγος,
2863 2847 3048 2918 ἕτερος
3076 2847 3152 2912 δὲ,
3180 2845 3312 2918 φέρε
3336 2847 3530 2909 εἰπεῖν,
3565 2847 3666 2914 ἀγα

2085 2943 2257 3014 γέλων
2292 2943 2463 3012 Λόγος
2487 2979 2502 3006 ,
2534 2939 2628 2996 καὶ
2647 2935 2820 3005 ’ἄλλος
2851 2939 3153 3013 ἀνθρώπων
3173 2978 3187 3002 ,
3232 2939 3326 2992 καὶ
3373 2937 3544 3000 οὕτως
3576 2936 3670 2990 ἐπὶ

2085 3035 2193 3090 τῶν
2217 3035 2418 3089 λοιπῶν
2441 3033 2636 3103 λόγων.
2672 3033 2736 3087 El
2767 3033 2824 3086 δὲ
2845 3034 3056 3102 Λόγος,
3088 3029 3228 3100 τάχα
3260 3030 3355 3082 καὶ
3392 3029 3554 3098 σοφία
3576 3029 3670 3083 καὶ

2085 3124 2421 3194 δικαιοσύνη.
2454 3125 2687 3177 Ἀτοπον
2707 3122 2764 3176 δὲ
2788 3121 3037 3184 πλείονας
3065 3120 3292 3189 φάσκειν
3311 3118 3432 3188 τῆς,
3457 3118 3668 3188 Λόγος,

409 3212 571 3268 modo
595 3227 654 3268 se
691 3211 934 3282 habebit,
978 3213 1118 3269 idem
1143 3215 1396 3272 fortassis
1428 3217 1760 3272 censendum
1782 3217 1889 3272 erit
1917 3218 1983 3272 de

2089 3215 2461 3288 προσηγορίας
2489 3215 2696 3288 κυρίως
2721 3214 3029 3284 τυγχάνειν,
3063 3211 3156 3266 καὶ
3189 3213 3254 3282 τῇ
3288 3210 3452 3282 σοφίᾳ
3482 3210 3574 3263 καὶ
3600 3212 3670 3280 τῇ

407 3303 672 3374 sapientia
705 3314 760 3359 et
784 3307 849 3361 de
873 3305 1103 3374 iustitia.
1142 3307 1454 3366 Absurdum
1486 3319 1570 3366 est
1592 3319 1771 3366 autem
1805 3311 1988 3367 dicere

412 3395 598 3463 plures
625 3397 776 3451 vocis
801 3397 961 3468 hujus
999 3398 1185 3455 Sermo
1218 3411 1496 3472 compotes
1533 3403 1674 3470 lieri,
1711 3411 1766 3456 et
1806 3401 1987 3472 huius,

413 3488 710 3557 sapientia;
742 3501 799 3544 et
840 3490 1006 3558 illius,
1039 3489 1276 3560 iustitia.
1318 3493 1719 3550 Convincemur
1757 3495 1918 3551 etiam
1957 3511 1989 3551 a

410 3579 663 3647 veritate,
698 3581 920 3637 minime
942 3597 972 3636 a
1000 3584 1154 3639 nobis
1190 3585 1358 3654 quaeri
1383 3596 1638 3656 Oportere
1667 3587 1848 3656 plures
1873 3602 1990 3644 ser-

414 3688 626 3739 mones,
668 3683 722 3729 et
760 3676 1075 3746 sapientias,
1113 3687 1168 3733 et
1197 3678 1466 3749 justitias,
1506 3695 1628 3749 quae
1668 3682 1886 3752 proprie
1911 3682 1991 3738 sic

413 3765 780 3822 nominentur.
795 3767 928 3823 Nam
945 3771 1318 3840 unusquisque
1333 3773 1682 3830 confiteretur
1695 3790 1856 3830 unam
1871 3789 1991 3832 esse

414 3856 724 3925 veritatem,
775 3875 875 3916 nec
908 3864 1131 3917 auderet
1181 3864 1378 3935 aliquis
1419 3866 1624 3932 dicere,
1663 3866 1824 3922 aliam
1871 3881 1992 3922 esse

417 3949 513 4004 Dei
545 3951 850 4015 veritatem,
888 3952 1047 4008 aliam
1082 3955 1422 4025 angelorum,
1449 3957 1610 4014 aliam
1659 3960 1940 4014 hominum
1973 3977 1989 4024 ;

417 4058 542 4097 cum
579 4042 632 4097 in
667 4052 862 4098 natura
885 4045 1091 4100 cntium
1127 4061 1233 4100 una
1263 4048 1336 4104 sit
1357 4049 1424 4104 de
1456 4065 1780 4120 unaquaque
1818 4065 1877 4105 re
1899 4066 1991 4104 ve-

419 4135 573 4188 ritas.
590 4135 743 4203 Quod
773 4135 817 4190 si
837 4137 1038 4192 veritas
1068 4146 1152 4194 est
1183 4155 1318 4206 una,
1343 4141 1685 4210 perspicuum
1711 4152 1794 4198 est
1827 4141 1992 4195 etiam

419 4223 768 4292 sapientiam,
804 4241 922 4296 qum
947 4229 1288 4284 confirmatio
1321 4239 1377 4285 et
1406 4231 1796 4287 demonstratio
1825 4231 1993 4300 ipsius

421 4325 508 4370 cst
546 4317 826 4378 veritatis.
877 4319 1072 4374 merito
1118 4320 1346 4392 intelligi
1398 4337 1556 4377 unam
1603 4323 1993 4393 esse:quippe

416 4422 540 4462 cum
566 4422 632 4464 ne
652 4421 718 4462 ea
754 4409 969 4478 quidem
999 4426 1118 4480 qua:
1156 4412 1456 4482 appellatur
1474 4413 1761 4483 sapientia,
1796 4429 1990 4470 nomen

419 4516 576 4555 suum
612 4511 760 4557 recte
787 4503 920 4557 tueri
957 4514 1144 4572 queat,
1173 4505 1218 4557 si
1264 4519 1371 4559 non
1402 4507 1544 4561 adsit
1580 4506 1806 4563 veritas.
1837 4507 1991 4575 Quod

2088 3307 2400 3379 δικαιοσύνῃ
2430 3307 2563 3379 (88).
2595 3307 2706 3360 Καὶ
2735 3305 3160 3377 πληχθησόμεθα
3193 3304 3331 3376 πρὸς
3356 3303 3416 3356 τὸ
3458 3301 3532 3373 μὴ
3561 3301 3672 3354 δεῖν

2091 3402 2270 3472 ζητεῖν
2307 3401 2558 3464 πλείονας
2606 3399 2800 3468 λόγους
2828 3399 2920 3452 καὶ
2955 3397 3145 3467 σοφίας
3174 3395 3269 3449 καὶ
3299 3394 3667 3458 δικαιοσύνας,

2090 3493 2296 3566 κυρίως
2321 3491 2494 3557 οὕτως
2521 3492 2918 3564 ὀνομαζόμενα,
2943 3490 3052 3545 ἀπὸ
3097 3489 3196 3560 τῆς
3244 3486 3516 3559 ἀληθείας.
3556 3486 3670 3549 Πᾶς

2089 3587 2198 3659 γὰρ
2227 3585 2473 3641 ὁστισοῦν
2499 3587 2828 3657 ὁμολογήσαι
2848 3583 2914 3638 ἂν
2949 3583 3078 3654 μίαν
3105 3577 3240 3635 εἶναι
3274 3581 3372 3653 τὴν
3392 3579 3670 3652 ἀλήθειαν.

2093 3680 2167 3732 Ού
2196 3679 2306 3751 γὰρ
2337 3681 2432 3732 καὶ
2477 3680 2562 3733 ἐπ’
2596 3679 2769 3750 αὐτῆς
2797 3677 3066 3750 τολμήσαι
3119 3692 3203 3739 τις
3251 3674 3432 3744 λέγειν
3481 3672 3674 3744 ἑτέραν

2093 3773 2231 3830 εἶναι
2279 3775 2377 3846 τὴν
2410 3773 2503 3828 τοῦ
2537 3773 2670 3828 Θεοῦ
2719 3772 2977 3845 ἀλήθειαν
2997 3813 3012 3837 ,
3049 3771 3143 3826 καὶ
3197 3770 3390 3842 ἑτέραν
3423 3769 3520 3840 τὴν
3564 3767 3673 3824 τῶν

2093 3869 2361 3940 ἀγγέλων,
2400 3869 2497 3924 καὶ
2529 3867 2696 3940 ἄλλην
2729 3866 2826 3936 τὴν
2858 3865 2966 3919 τῶν
2999 3863 3303 3936 ἀνθρώπων
3323 3879 3336 3892 ·
3376 3864 3434 3916 ἐν
3463 3861 3573 3933 γάρ
3603 3864 3670 3932 τῇ

2093 3963 2252 4033 φύσει
2274 3961 2380 4016 τῶν
2408 3961 2598 4027 ὄντων,
2637 3959 2733 4031 μία
2765 3960 2798 4030 ἡ
2835 3957 2966 4030 περὶ
2992 3956 3222 4010 ἑκάστου
3254 3955 3502 4025 ἀλήθεια.
3525 3953 3672 4007 Ellis

2092 4055 2317 4127 ἀλήθεια
2354 4053 2472 4125 μία,
2501 4051 2742 4124 δηλονότι
2763 4051 2911 4121 καὶὴ
2943 4047 3257 4119 κατασκευὴ
3290 4047 3461 4118 αὐτῆς
3506 4045 3598 4100 καὶ
3639 4047 3674 4114 ἡ

2092 4144 2362 4210 ἀπόδειξις
2392 4143 2550 4214 σοφία
2578 4141 2942 4212 τυγχάνουσα,
2979 4141 3076 4212 μία
3107 4141 3343 4210 εὐλόγως
3373 4138 3438 4193 ἂν
3478 4139 3675 4204 νοοῖτο,

2096 4235 2275 4305 πάσης
2320 4235 2417 4306 τῆς
2461 4233 2821 4305 νομιζομένης
2849 4233 3075 4303 σοφίας,
3133 4232 3194 4285 ού
3240 4229 3551 4303 κρατούσης
3575 4229 3672 4298 τῆς

2092 4326 2386 4398 ἀληθείας,
2427 4326 2547 4379 οὐδὲ
2581 4325 2772 4396 σοφίας
2803 4325 2868 4380 ἂν
2903 4325 3072 4395 ὑγιῶς
3111 4323 3572 4396 χρηματιζούσης.
3607 4321 3673 4374 E5

2091 4419 2137 4472 δ’
2169 4418 2395 4490 ἀλήθεια
2427 4417 2543 4488 μία,
2574 4417 2668 4471 καὶ
2710 4418 2871 4487 σοφία
2918 4419 3047 4489 μία,
3085 4418 3180 4472 καὶ
3208 4417 3380 4485 Λόγος
3433 4416 3461 4467 6
3493 4416 3672 4482 ἀπαγ-

2094 4511 2300 4580 γέλλων
2321 4509 2419 4582 τὴν
2463 4508 2718 4581 ἀλήθειαν
2746 4509 2840 4562 καὶ
2866 4509 2964 4581 τὴν
2995 4509 3184 4578 σοφίαν
3228 4507 3415 4562 ἁπλῶν
3439 4507 3532 4560 καὶ
3567 4523 3671 4576 φα-

421 4595 465 4648 si
507 4593 710 4649 veritas
756 4609 883 4660 una,
927 4605 982 4651 et
1018 4597 1284 4666 sapientia
1320 4613 1425 4651 una
1471 4610 1590 4668 est,
1637 4616 1775 4655 unus
1824 4603 1983 4656 etiam

2094 4602 2268 4674 νερῶν
2299 4603 2379 4664 εὶς
2402 4601 2528 4665 τοὺς
2571 4601 2944 4671 χωρητικοὺς,
3001 4594 3082 4663 εἷς
3126 4599 3192 4653 ἂν
3235 4598 3511 4668 τυγχάνοι.
3560 4597 3670 4652 Καὶ

421 4687 613 4743 Sermo
644 4688 716 4743 sit
739 4698 976 4758 oportet,
1005 4690 1332 4746 annuntians
1355 4692 1660 4760 veritatem,
1681 4703 1736 4750 et
1775 4696 1990 4764 sapien-

425 4781 551 4834 tiam
585 4796 768 4835 rerum
799 4797 987 4836 earum
1021 4799 1140 4853 quze
1191 4785 1468 4856 simplices
1498 4797 1626 4842 sunt
1663 4797 1716 4842 et
1764 4799 1988 4858 apertae,

420 4872 484 4925 ad
518 4871 625 4943 55
663 4887 758 4927 eos
797 4873 886 4943 qui
920 4883 1047 4928 sunt
1079 4889 1330 4943 capaces.
1363 4876 1472 4931 Nee
1501 4879 1602 4934 hoc
1627 4878 1857 4935 dicimus
1894 4895 1988 4934 ne-

419 4977 610 5030 gantes
635 4979 756 5021 esse
783 4965 1070 5019 veritatem
1104 4977 1158 5022 et
1187 4970 1537 5037 sapientiam,
1564 4981 1616 5026 ct
1663 4971 1986 5028 Sermonem

420 5059 537 5124 Dei,
572 5059 668 5116 sed
699 5059 1047 5113 ostendentes
1095 5059 1381 5114 utilitatem
1423 5059 1493 5114 ob
1540 5075 1703 5128 quam
1747 5077 1983 5132 evange-

422 5149 541 5202 lisla
578 5148 794 5204 reticuit
818 5146 913 5202 Dei
945 5147 1289 5213 vocabulum,
1325 5162 1430 5202 non
1457 5147 1732 5203 scribens:
1754 5151 1806 5202 In
1834 5151 1986 5219 prin-

417 5237 561 5304 tipio
601 5245 722 5290 erat
761 5235 955 5290 Sermo
990 5236 1104 5290 Dei.
1139 5235 1283 5290 Idem
1329 5245 1510 5292 autem
1549 5237 1784 5293 Joannes
1820 5241 1982 5296 etiam

413 5341 536 5380 cum
567 5326 838 5383 additione
873 5347 892 5378 ς
927 5328 1015 5382 Dei
1049 5347 1066 5378 ι
1107 5327 1350 5381 nominat
1369 5344 1490 5383 eum
1529 5329 1581 5382 in
1615 5329 1971 5401 Apocalypsi,

483 5459 532 5493 ⁸ο
562 5460 576 5513 l
609 5459 732 5515 Cor.
772 5475 830 5524 tt,
856 5460 910 5513 2.
988 5462 1027 5494 θ’
1051 5462 1204 5518 Joan.
1235 5481 1274 5528 t,
1321 5465 1368 5528 Ι,
1403 5463 1458 5518 2.
1528 5465 1572 5495 ⁸³
1601 5463 1734 5520 Cen.
1761 5482 1798 5532 ι,
1830 5469 1877 5521 1.

2093 4695 2213 4764 οὐχὶ
2240 4692 2413 4748 ταῦτά
2452 4709 2630 4763 φαμεν
2663 4690 2987 4763 ἀρνούμενοι
3024 4689 3120 4761 τὴν
3157 4690 3413 4762 ἀλήθειαν
3445 4689 3540 4743 καὶ
3569 4689 3670 4759 τὴν

2095 4785 2286 4854 σοφίαν
2311 4785 2406 4839 καὶ
2429 4784 2520 4838 τὸν
2541 4785 2714 4853 Λόγον
2746 4780 2884 4838 εἶναι
2904 4782 2997 4836 τοῦ
3025 4781 3182 4844 Θεοῦ,
3207 4780 3344 4835 ἀλλὰ
3364 4781 3671 4846 δεικνύντες

2090 4876 2151 4928 τὸ
2173 4877 2439 4947 χρήσιμον
2464 4876 2558 4929 τοῦ
2616 4874 2984 4945 σεσιωπῆσθαι
3021 4872 3115 4926 τοῦ
3138 4872 3295 4936 Θεοῦ,
3321 4873 3415 4926 καὶ
3443 4872 3517 4943 μὴ
3543 4874 3673 4928 ἀνα-

2101 4962 2438 5032 γεγράφθαι·
2475 4982 2492 5013 r
2540 4965 2628 5017 Ἐν
2657 4965 2798 5036 ἀρχῇ
2832 4961 2898 5036 ἦν
2931 4967 2960 5019 6
3003 4965 3174 5034 Λόγος
3213 4967 3306 5021 τοῦ
3346 4967 3505 5022 Θεοῦ.
3563 4987 3580 5022 r
3622 4967 3680 5020 '0

2103 5052 2263 5114 αὐτὸς
2301 5051 2356 5104 δὲ
2393 5052 2646 5125 Ἰωάννης
2690 5055 2751 5108 ὲν
2793 5057 2857 5125 τῇ
2888 5056 3257 5127 ’Λποκαλύψει
3283 5059 3375 5111 καὶ
3411 5058 3550 5128 μετὰ
3579 5059 3680 5124 τῆς

2091 5147 2410 5220 προσθήκης
2424 5147 2584 5201 αὐτὸν
2615 5147 2869 5217 ὀνομάζει
2894 5148 2994 5218 τῆς
3024 5167 3042 5199 ι
3073 5146 3260 5212 Θεοῦ,ι
3283 5146 3485 5215 λέγων·
3515 5164 3533 5196 ι
3564 5140 3674 5194 Καὶ

2091 5237 2230 5292 εἶδον
2259 5237 2486 5309 οὐρανὸν
2518 5237 2857 5309 ἀνεῳγμένον
2879 5277 2893 5302 ,
2943 5238 3053 5292 ἰδοὺ
3084 5238 3248 5300 ἵππος
3282 5235 3495 5300 λευκός,
3525 5233 3619 5287 καὶ
3637 5233 3667 5284 6

2093 5331 2397 5402 καθήμενος
2421 5329 2507 5384 ἐπ’
2537 5330 2698 5384 αὑτὸν
2728 5329 3061 5402 καλούμενος
3087 5328 3282 5392 Πιστὸς
3320 5328 3414 5382 καὶ
3452 5325 3664 5407 ’Δληθιο

487 5574 602 5644 (83)
643 5575 749 5631 Καὶ
775 5571 840 5642 τῇ
877 5577 1059 5644 σοφίᾳ
1092 5578 1186 5631 καί
1212 5578 1280 5647 τῇ
1311 5579 1686 5649 δικαιοσύνῃ.
1726 5581 1884 5652 Lege,
1924 5582 2017 5636 mi.
2047 5582 2163 5652 τῆς,
2199 5579 2356 5650 σοφία
2389 5578 2595 5652 (supple
2625 5577 3030 5653 προσηγορίας),
3061 5577 3160 5635 καὶ
3178 5577 3294 5650 τῆς,
3329 5578 3655 5645 δικαιοσύνη.
