4082 6224
311 188 415 241 117
1403 181 1759 240 COMMENT.
1795 181 1863 236 ΙΝ

1984 183 2093 237 ΛΝ.
2137 183 2379 237 ΤΟΜυὸ
2420 184 2481 236 ll.
3471 191 3569 246 118

306 302 429 366 νδς,
475 300 564 353 καὶ
600 299 657 352 ὲν
703 299 1014 371 δικαιοσύνῃ
1062 302 1234 373 κρίνει
1280 303 1374 355 καὶ
1416 305 1660 375 πολεμεῖ.
1718 306 1780 357 Οἱ
1831 303 1875 356 δέ

1991 303 2176 357 dicens
2203 303 2248 334 ⁸³
2285 321 2297 356 :
2337 320 2355 352 ι
2401 299 2463 355 Et
2500 299 2606 354 vidi
2632 298 2832 355 coelum
2862 309 3126 371 apertum,
3161 311 3208 358 et
3235 318 3363 360 cccc
3397 321 3571 377 equus

303 393 578 463 ὀφθαλμοὶ
603 391 766 445 αὐτοῦ
787 392 860 456 ὡς
890 393 1018 460 φλὸξ
1047 396 1217 464 πυρός
1238 413 1250 425 ·
1282 397 1374 448 καὶ
1406 397 1496 449 ἐπὶ
1525 398 1622 466 τὴν
1646 396 1887 467 κεφαλὴν

309 484 479 538 αὑτοῦ
517 485 821 554 διαδήματα
863 484 1031 537 πολλά
1055 524 1069 549 ,
1108 485 1246 556 ἔχων
1282 486 1453 557 ὄνομα
1481 487 1885 558 γεγραμμένον,

305 575 338 629 ὃ
369 577 540 639 οὐδεὶς
570 572 708 628 οἶδεν
743 576 789 627 εἰ
818 575 894 647 μὴ
923 576 1112 641 αὐτὸς,
1145 578 1238 631 καὶ
1267 578 1728 650 περιϐεϐλημένος
1763 580 1888 650 ἱμά-

305 685 420 723 τιον
453 670 871 741 ὲρῤαντισμένον
904 671 1133 742 αἵματι,
1174 672 1269 724 καὶ
1319 671 1583 743 ἐκέκλητο
1625 673 1687 726 τὸ
1719 673 1888 743 ὄνομα

305 761 470 814 αὐτοῦ
501 761 672 829 Λόγος
719 761 814 815 τοῦ
854 761 1009 816 Θεοῦ.
1048 763 1160 817 Καὶ
1197 763 1266 816 τά
1295 763 1678 835 στρατεύματα
1720 764 1885 818 αὐτοῦ

303 853 362 906 ἐν
391 851 470 922 τῷ
507 851 723 923 ούρανῷ
772 853 1056 922 ἠκολούθει
1109 855 1258 926 αὑτῷ
1303 857 1387 926 ἐφ’
1422 857 1605 918 ἵπποις
1650 855 1881 922 λευκοῖς,

303 943 675 1014 ὲνδεδυμένοις
705 944 816 1015 (89)
845 945 1096 1015 βύσσινον
1129 948 1394 1019 καθαρὸν,
1424 949 1516 1002 καὶ
1551 950 1614 1000 ἐκ
1637 947 1731 1002 τοῦ
1766 950 1886 1003 στό-

303 1051 472 1106 ματος
491 1035 655 1088 αὐτοῦ
680 1036 1038 1109 ἐκπορεύεται
1070 1039 1313 1109 ῥομφαία
1344 1039 1514 1106 ὀξεῖα,
1541 1039 1627 1094 ἵνα
1654 1041 1710 1092 ὲν
1744 1041 1882 1113 αὐτῇ

301 1125 516 1199 πατάξῃ
564 1127 634 1180 τὰ
696 1127 823 1200 ἔθνη
850 1169 864 1192 ,
921 1130 1014 1182 καὶ
1067 1130 1232 1194 αὐτὸς
1283 1134 1542 1202 ποιμανεῖ
1584 1131 1784 1194 αὐτοὺς
1827 1133 1886 1184 ὲν

301 1218 482 1289 ῥάϐδῳ
513 1219 729 1292 σιδηρᾷ,
765 1223 857 1274 καὶ
886 1221 1048 1286 αὐτὸς
1081 1225 1245 1277 πατεῖ
1275 1224 1376 1295 τὴν
1407 1223 1568 1295 ληνὸν
1593 1222 1689 1276 τοῦ
1739 1223 1886 1277 οἴνου

297 1308 396 1378 τῆς
425 1309 596 1380 ὀργῆς
628 1310 722 1364 τοῦ
763 1312 938 1383 θυμοῦ
973 1313 1082 1384 (90)
1116 1314 1210 1368 τοῦ
1264 1314 1402 1368 Θεοῦ
1432 1313 1528 1367 τοῦ
1575 1315 1885 1385 παντοκρά-

295 1416 488 1472 τορος,
542 1403 637 1454 καὶ
686 1401 797 1473 ἔχει
842 1404 936 1457 ἐπὶ
976 1405 1037 1458 τὸ
1083 1407 1300 1477 ἱμάτιον
1325 1408 1418 1460 καὶ
1453 1407 1546 1460 ἐπὶ
1590 1408 1682 1460 τὸν
1711 1409 1884 1479 μηρὸν

296 1490 460 1543 αὑτοῦ
506 1492 676 1563 ὄνομα
725 1496 1116 1568 γεγραμμένον
1142 1515 1156 1528 ·
1201 1499 1260 1552 '0
1289 1498 1549 1562 Βασιλεὺς
1596 1498 1880 1566 βασιλέων,

296 1584 391 1635 καὶ
419 1582 623 1653 Κύριος
657 1585 881 1656 κυρίων.
927 1605 946 1638 ι
997 1587 1340 1656 Ἀναγκαίως
1371 1589 1428 1641 δὲ
1475 1591 1566 1642 καὶ
1597 1589 1880 1655 ἀπολύτως

295 1674 506 1744 εἴρηται
547 1675 640 1729 καὶ
707 1679 922 1746 Λόγος,
965 1679 1061 1730 καὶ
1111 1679 1250 1749 μετά
1315 1679 1628 1751 προσθήκης
1693 1683 1882 1750 Λόγος

294 1763 401 1818 τοῦ
429 1765 601 1821 Θεοῦ.
635 1761 735 1821 Ὦν
767 1771 816 1822 εἰ
856 1769 917 1822 τὸ
945 1768 1130 1841 ἓτερον
1158 1769 1490 1842 σεσιώπητο,
1533 1772 1789 1843 ἀφορμὰς
1815 1773 1881 1829 ἂν

293 1856 513 1928 εἴχομεν
543 1861 639 1914 τοῦ
681 1861 1086 1933 παραδέξασθαι
1122 1864 1266 1933 (9i),
1316 1865 1410 1917 καὶ
1443 1866 1740 1922 ἀποπεσεῖν
1781 1871 1880 1942 τῆς

293 1951 422 2022 περὶ
459 1952 559 2022 τῆς
595 1954 791 2023 Λόγου
822 1955 1096 2026 ἀληθείας.
1142 1957 1203 2008 Εἰ
1243 1956 1351 2029 γάρ
1388 1959 1579 2028 Λόγος
1621 1960 1717 2031 μὲν
1754 1961 1883 2014 ἀνα-

301 2042 610 2113 γέγραπτο,
645 2047 834 2115 Λόγος
876 2047 930 2101 δὲ
993 2046 1145 2101 Θεοῦ
1200 2049 1275 2120 μὴ
1320 2051 1536 2121 εἴρητο,
1576 2053 1638 2105 οὐ
1695 2054 1882 2123 σαφῶς

291 2134 698 2205 ὲμανθάνομεν,
756 2138 837 2189 δτι
872 2132 1026 2201 οὗτος
1072 2142 1101 2191 ὀ
1151 2140 1360 2208 Λόγος,
1396 2141 1570 2210 Λόγος
1615 2141 1710 2196 τοῦ
1745 2144 1880 2198 Θεοῦ

290 2225 426 2278 ἐστι.
473 2226 637 2279 Πάλιν
670 2229 718 2280 τ’
757 2223 823 2281 αὖ
866 2230 915 2282 εί
938 2231 1129 2299 Λόγος
1169 2230 1267 2301 μὲν
1290 2231 1398 2285 τοῦ
1427 2233 1578 2287 Θεοῦ
1608 2252 1882 2308 προσηγο-

290 2315 496 2388 ρεύετο,
525 2321 714 2387 Λόγος
731 2320 786 2372 δὲ
810 2321 1094 2383 ἀπολύτους
1127 2323 1228 2377 οὐκ
1267 2325 1473 2397 εἴρητο,
1517 2325 1621 2380 κᾶν
1652 2327 1880 2393 πολλοὺς

291 2405 492 2475 Λόγους
524 2409 960 2476 ἁναπλάσσοντες
995 2414 1136 2469 κατά
1170 2415 1269 2487 τὴν
1315 2417 1454 2487 πρὸς
1495 2417 1726 2473 ἕκαστον
1768 2419 1876 2473 τῶν

285 2498 520 2565 λογικῶν
548 2501 771 2570 σχέσιν,
809 2504 985 2575 μάτην
1007 2505 1072 2560 ἂν
1105 2507 1336 2572 πολλοὺς
1368 2509 1576 2580 κυρίως
1617 2511 1878 2582 ὀνομαζο-

288 2587 485 2656 μένους
531 2592 964 2664 παρεδεξάμεθα.
1014 2597 1210 2662 Καλῶς
1259 2600 1440 2670 μέντοι
1473 2617 1536 2668 γε
1561 2601 1877 2674 διαγράφων

288 2678 358 2731 τὰ
405 2682 531 2754 περὶ
568 2683 662 2736 τοῦ
697 2686 872 2753 Λόγου
915 2687 1010 2740 τοῦ
1053 2689 1188 2743 Θεοῦ
1237 2693 1296 2744 ὲν
1334 2693 1399 2762 τῇ
1435 2692 1796 2762 ’Δποκαλύψει
1847 2695 1877 2746 ό

300 2770 640 2838 ’Λπόστολος,
673 2775 768 2828 καὶ
794 2777 823 2828 ό
850 2778 1241 2853 εύαγγελιστὴς
1260 2821 1274 2847 ,
1306 2782 1406 2854 ήδη
1449 2783 1505 2836 δὲ
1533 2783 1626 2838 καὶ
1661 2784 1748 2839 διὰ
1776 2786 1876 2858 τῆς

299 2862 723 2934 ’Δποκαλύψεως
779 2869 875 2922 καὶ
919 2873 1224 2944 προφήτης,
1285 2875 1418 2944 φησὶ
1466 2875 1560 2929 τὸν
1611 2875 1704 2930 τοῦ
1737 2878 1874 2931 Θεοῦ

288 2954 462 3023 Λόγον
493 2957 798 3027 ἑωρακέναι
833 2960 889 3014 ὲν
923 2962 1186 3032 ἀνεῳγότι
1217 2963 1295 3034 τῷ
1329 2965 1566 3035 οὐρανῷ,
1601 2967 1687 3035 ἐφ’
1723 2968 1874 3040 ἵππῳ
1902 2985 1944 3044 (ζ

285 3045 464 3117 λευκῷ
505 3047 818 3119 ὀχούμενον.
865 3051 929 3104 Τί
955 3053 1012 3106 δὲ
1060 3055 1353 3108 αἰνίττεται
1386 3056 1448 3110 τὸ
1477 3057 1750 3128 ἀνεῷχθαι
1783 3060 1872 3115 τὸν

285 3139 544 3211 οὐρανὸν,
575 3143 671 3194 καὶ
698 3145 727 3196 ό
759 3143 952 3208 λευκὸς
982 3148 1148 3212 ἵππος
1167 3187 1181 3212 ,
1212 3149 1306 3201 καὶ
1342 3148 1401 3203 τὸ
1428 3151 1514 3204 ἐπ’
1542 3151 1707 3205 αὑτοῦ
1742 3154 1873 3206 καθ-

287 3227 507 3292 έζεσθαι
555 3232 647 3284 τὸν
694 3233 1030 3306 καλούμενον
1073 3238 1168 3292 τοῦ
1216 3241 1351 3293 Θεοῦ
1390 3242 1596 3310 Λόγον,
1637 3244 1775 3314 πρὸς
1808 3245 1873 3300 τὸ

288 3316 428 3374 εἶναι
459 3322 594 3376 Θεοῦ
631 3325 802 3393 Λόγον
848 3329 942 3382 καὶ
997 3331 1185 3384 πιστὸν
1229 3333 1324 3385 καὶ
1361 3335 1647 3406 ἀληθινὸν,
1689 3337 1783 3390 καὶ
1811 3339 1871 3391 ἐν

285 3411 596 3488 δικαιοσύνῃ
627 3419 914 3488 κρινοῦντα
929 3422 1062 3494 (91⁸)
1083 3426 1173 3478 καὶ
1201 3427 1537 3498 πολεμοῦντα
1558 3428 1867 3500 λεγόμενον,

287 3509 668 3577 κατανοητέον,
701 3511 788 3565 ῖνα
817 3511 896 3565 ἔτι
920 3515 1118 3582 μᾶλλον
1147 3517 1600 3590 προϐιϐασθῶμεν
1617 3519 1692 3590 τῷ
1708 3520 1870 3574 ἐκλα-

285 3595 404 3650 ϐεῖν
463 3599 531 3652 τά
566 3602 695 3672 περὶ
742 3602 837 3656 τοῦ
891 3605 1064 3675 Λόγου
1094 3605 1187 3660 τοῦ
1233 3608 1392 3663 Θεοῦ.
1447 3610 1771 3666 Κεκλεῖσθαι
1809 3613 1868 3666 δὲ

286 3688 526 3759 ἠγοῦμαι
575 3691 666 3744 τὸν
687 3693 917 3764 οὐρανὸν
959 3699 1072 3760 τοῖς
1107 3699 1363 3764 ἀσεϐέσι,
1412 3701 1504 3754 καὶ
1541 3701 1640 3773 τὴν
1684 3702 1867 3757 εἰκόνα

283 3779 379 3830 τοῦ
414 3781 598 3851 χοϊκοῦ
639 3784 894 3856 φέρουσιν
916 3827 932 3850 ,
966 3788 1236 3859 ἀνεῷχθαι
1268 3790 1326 3843 δὲ
1359 3794 1471 3854 τοῖς
1513 3793 1740 3858 δικαίοις
1773 3797 1868 3850 καὶ

279 3873 722 3942 κεκοσμημένοις
766 3878 834 3947 τῇ
868 3875 965 3930 τοῦ
1017 3879 1345 3952 ἐπουρανίου
1385 3881 1496 3953 (92)
1523 3883 1725 3936 εἰκόνι·
1758 3887 1869 3948 τοῖς

288 3962 388 4033 μὲν
415 3965 558 4037 γὰρ,
613 3968 707 4022 ἅτε
759 3972 910 4025 κάτω
940 3975 1309 4044 τυγχάνουσι,
1360 3977 1458 4030 καὶ
1499 3978 1558 4029 ὲν
1589 3978 1753 4049 σαρκὶ
1783 3978 1866 4033 ἔτι

283 4055 622 4128 ὑπάρχουσιν
656 4062 1079 4118 ἁποκέκλεισται
1115 4064 1186 4118 τὰ
1213 4066 1501 4137 κρείττονα
1521 4107 1535 4132 ,
1581 4068 1640 4120 οὐ
1673 4070 1870 4122 συνιεῖ-

287 4164 372 4200 σιν
395 4149 537 4202 αὑτά
557 4189 572 4216 ,
602 4151 722 4205 οὐδὲ
745 4153 805 4206 τὸ
837 4154 1032 4218 κάλλος
1056 4155 1236 4209 αὐτῶν
1259 4155 1578 4227 δυναμένοις
1595 4197 1609 4223 ,
1642 4158 1764 4211 ἐπεὶ
1789 4157 1864 4230 μὴ

286 4239 597 4310 βούλονται,
649 4248 950 4310 κατανοεῖν,
999 4247 1402 4316 συγκύπτοντες
1449 4249 1596 4320 (95),
1647 4250 1743 4304 καὶ
1789 4251 1863 4321 μὴ

1992 393 2172 456 albus,
2203 403 2256 447 et
2285 391 2376 461 qui
2411 390 2633 445 sedebat
2658 406 2822 460 super
2857 407 2978 446 eum
3017 393 3312 448 vocabatur
3343 394 3568 464 Fidelis,

1989 495 2044 538 et
2083 483 2280 548 Verax,
2311 492 2366 536 et
2399 482 2684 551 injustitia
2713 481 2924 550 iudicat
2953 492 3008 538 ct
3039 494 3262 555 pugnat.
3294 485 3444 540 Oculi
3473 504 3568 544 au-

1990 587 2098 633 tem
2136 574 2277 644 ejus,
2301 575 2442 629 sicut
2467 574 2682 628 ﬁamma
2707 573 2848 644 ignis
2882 589 2894 625 :
2930 583 2983 629 ct
3015 575 3067 628 in
3101 577 3275 644 capite
3302 576 3417 645 ejus
3443 581 3567 634 dia-

1989 669 2204 722 demata
2239 666 2428 732 multa,
2461 666 2669 720 habens
2697 679 2894 720 nomen
2920 666 3205 736 scriptum,
3235 670 3378 739 quod
3409 688 3567 728 nemo

1989 759 2138 814 novit
2159 758 2261 813 nisi
2291 759 2426 829 ipse,
2457 764 2512 812 et
2535 756 2754 812 indutus
2774 765 2892 812 erat
2922 765 3070 811 veste
3092 757 3258 813 tincta
3283 763 3567 830 sanguine.

1988 851 2053 906 Et
2079 860 2308 906 vocatur
2352 863 2552 906 nomen
2595 848 2732 920 ejus,
2787 848 2981 905 Sermo
3012 849 3130 908 Dei.
3164 849 3231 904 Et
3270 853 3566 921 exercitus,

1988 943 2078 1012 qui
2111 951 2234 998 sunt
2267 941 2320 996 in
2366 941 2526 1007 coelo,
2565 939 2938 1011 sequebantur
2966 953 3089 994 eum
3131 941 3184 995 in
3215 942 3371 1012 equis
3403 943 3564 1011 albis,

1988 1036 2169 1090 vestiti
2198 1035 2424 1107 byssino
2448 1037 2594 1103 albo,
2622 1044 2677 1090 et
2718 1049 2875 1104 puro,
2913 1042 2969 1088 et
3006 1050 3071 1090 ex
3102 1049 3197 1089 ore
3227 1031 3348 1107 ejus
3378 1052 3566 1106 proce-

1988 1127 2066 1181 dit
2095 1128 2303 1195 gladius
2345 1139 2560 1194 acutus,
2602 1136 2662 1182 ut
2701 1141 2766 1183 eo
2809 1125 3078 1196 percutiat
3120 1135 3330 1202 gentes,
3365 1138 3419 1182 et
3454 1130 3568 1198 ipse

1989 1226 2138 1286 reget
2167 1232 2263 1272 eos
2295 1219 2442 1288 virga
2491 1218 2695 1282 ferrea,
2735 1226 2791 1272 et
2825 1216 2940 1286 ipse
2965 1214 3143 1272 calcat
3176 1217 3420 1272 torcular
3455 1219 3568 1273 vini

1991 1305 2082 1361 irae
2101 1307 2298 1363 luroris
2325 1309 2418 1364 Dei
2445 1306 2858 1378 omnipotentis,
2875 1315 2930 1360 et
2956 1305 3120 1360 habet
3142 1305 3194 1360 in
3219 1308 3568 1376 vestimento,

1987 1407 2042 1452 ct
2104 1399 2158 1454 in
2202 1398 2414 1455 femore
2455 1415 2554 1456 suo
2588 1413 2785 1455 nomen
2836 1404 3145 1470 scriptum:
3185 1400 3298 1456 Rex
3354 1417 3568 1470 regum,

1985 1501 2038 1545 et
2068 1491 2334 1546 Dominus
2369 1491 2794 1546 dominantium.
2827 1511 2846 1544 ι
2888 1492 2995 1546 Sed
3036 1492 3344 1548 necessario
3384 1505 3439 1547 ct
3474 1497 3564 1549 ab-

1985 1581 2162 1636 solute
2209 1583 2391 1649 posuit
2438 1580 2680 1635 Joannes
2722 1580 3044 1636 vocabulum
3095 1581 3318 1646 Sermo,
3357 1593 3565 1638 etcum

1983 1673 2286 1743 adjectione
2300 1672 2488 1738 etiam,
2520 1670 2707 1726 Sermo
2733 1670 2852 1726 Dei.
2878 1669 3012 1725 Nam
3033 1671 3080 1726 si
3110 1672 3341 1729 alterum
3363 1680 3564 1732 tacuis-

1983 1774 2086 1829 set,
2112 1763 2457 1819 occasionem
2491 1763 2732 1818 habituri
2765 1777 2989 1818 eramus
3021 1774 3226 1834 praeter
3247 1782 3564 1837 germanam

1983 1857 2312 1912 sententiam
2379 1855 2740 1926 intelligendi,
2797 1864 2851 1910 ct
2897 1857 3191 1912 aberrandi
3243 1875 3272 1912 a
3333 1861 3564 1916 veritate

1984 1949 2146 2016 hujus
2178 1947 2429 2003 vocabuli
2479 1947 2707 2002 Sermo:
2739 1962 2804 2002 ac
2853 1949 2898 2004 si
2944 1949 3194 2005 absolute
3249 1953 3563 2022 scripsisset

1983 2038 2238 2103 Joannes,
2285 2036 2614 2099 Sermonem.
2639 2052 2743 2093 nec
2773 2038 3004 2094 dixisset
3045 2040 3210 2094 etiam
3248 2057 3370 2096 cum
3417 2045 3558 2112 adje-

1984 2131 2185 2197 ctione,
2228 2127 2534 2184 Sermonem
2581 2127 2718 2195 Dei,
2779 2143 2886 2184 non
2947 2129 3331 2186 didicissemus
3383 2145 3565 2202 aperte

1984 2221 2128 2276 hunc
2182 2219 2502 2276 Sermonem
2551 2236 2673 2278 esse
2730 2219 3052 2276 Sermonem
3106 2220 3227 2278 Dei.
3282 2222 3488 2280 Rursus
3520 2227 3564 2280 si

1983 2310 2287 2365 Sermonem
2335 2309 2434 2365 Dei
2476 2309 2744 2376 dixisset,
2793 2325 2897 2366 nec
2937 2311 3185 2368 absolute
3224 2311 3561 2384 Sermonem,

1981 2403 2140 2462 etiam
2167 2402 2369 2458 multos
2385 2401 2679 2458 Sermones
2696 2403 2962 2472 ﬁngentes
2973 2401 3132 2472 juxta
3155 2405 3472 2462 relationem
3498 2411 3564 2462 ad

1980 2509 2419 2566 unumquemque
2449 2509 2638 2550 eorum
2670 2495 2762 2566 qui
2791 2509 3046 2551 sermone
3072 2511 3136 2551 ac
3159 2498 3370 2553 ratione
3401 2508 3562 2553 utuno

1981 2595 2089 2653 tur,
2125 2587 2326 2642 {rustra
2355 2587 2554 2643 multos
2580 2587 2800 2657 proprie
2840 2586 2922 2642 sic
2949 2587 3262 2643 nominatos
3298 2589 3562 2646 admisis-

1979 2691 2183 2736 semus.
2217 2677 2405 2748 Itaque
2452 2687 2602 2734 recte
2634 2677 2916 2748 apostolus
2955 2687 3011 2732 et
3047 2677 3405 2746 evangelista,
3446 2678 3560 2748 jam

1977 2784 2108 2825 vero
2133 2770 2300 2843 etiam
2342 2779 2566 2840 propter
2608 2770 2973 2840 Apocalypsin
3004 2773 3295 2840 prapheta,
3353 2770 3562 2825 descri-

1979 2863 2114 2922 bens
2155 2863 2208 2918 in
2241 2861 2568 2933 Apocalypsi
2615 2861 2936 2917 Sermonem
2973 2863 3091 2928 Dei,
3123 2876 3184 2917 se
3215 2862 3305 2916 Dei
3341 2862 3560 2916 Sermo-

1979 2971 2101 3010 nem
2137 2955 2336 3009 vidisse
2361 2955 2557 3030 inquit,
2586 2963 2780 3022 aperto
2809 2955 2971 3020 caelo,
2999 2970 3140 3023 equo
3170 2953 3299 3009 albo
3320 2965 3557 3012 vectum.

1980 3047 2118 3114 Quid
2163 3061 2294 3102 vero
2340 3046 2530 3100 innuat
2573 3046 2696 3101 cmli
2741 3047 2973 3115 apertio,
3008 3057 3063 3101 ct
3088 3062 3263 3117 equus
3288 3047 3471 3112 albus,
3506 3059 3558 3102 et

1978 3155 2142 3210 super
2172 3139 2346 3209 ipsum
2385 3139 2558 3194 sessio
2595 3139 2740 3192 illius
2773 3140 2863 3208 qui
2907 3138 3100 3194 Sermo
3147 3139 3240 3194 Dei
3288 3151 3517 3194 vocatur
3541 3180 3557 3206 ,

1976 3232 2066 3302 qni
2101 3231 2287 3297 etiam,
2311 3240 2678 3300 praeterquam
2707 3241 2790 3287 est
2824 3230 3019 3285 Sermo
3065 3231 3184 3294 Dei,
3216 3231 3388 3285 tidelis
3422 3233 3557 3286 (Πομ

1980 3335 2085 3388 tur.
2125 3331 2180 3379 et
2219 3338 2405 3390 verax,
2447 3333 2502 3379 et
2567 3323 2621 3379 in
2663 3323 2881 3393 justitia
2925 3324 3181 3395 judicans
3229 3333 3283 3376 ct
3325 3324 3554 3388 hcllans,

1973 3405 2436 3472 conside'randum
2463 3424 2581 3481 est,
2615 3424 2674 3470 ut
2707 3429 2775 3472 eo
2806 3417 2980 3486 magis
3009 3415 3386 3484 proﬁciamus,
3425 3429 3554 3469 cum

1975 3505 2408 3560 intellexerimus
2456 3519 2576 3574 qua:
2618 3505 2685 3560 ad
2732 3503 2826 3558 Dei
2884 3504 3203 3559 Sermonem
3257 3504 3554 3572 pertinent.

1973 3595 2206 3651 Proinde
2230 3597 2466 3652 arbitror
2488 3611 2590 3666 ego
2625 3596 2808 3665 impiis
2833 3605 2890 3650 et
2919 3604 3234 3651 terrestrem
3264 3595 3550 3663 imaginem

1972 3687 2308 3757 gerentibus,
2337 3687 2536 3742 cmlum
2561 3699 2682 3741 esse
2721 3686 2992 3748 clausum,
3035 3691 3281 3754 apertum
3307 3699 3437 3738 vero
3463 3683 3555 3754 ju-

1972 3778 2094 3840 stis,
2125 3776 2233 3846 56
2282 3787 2337 3830 et
2374 3778 2458 3831 bis
2499 3777 2592 3846 qui
2630 3777 2877 3846 insigniti
2910 3775 3112 3830 fuerint
3141 3777 3548 3846 supercmlestis

1971 3870 2232 3940 imagine.
2264 3869 2533 3923 Nimirum
2571 3869 2753 3939 impiis
2786 3869 3002 3939 quidem
3048 3869 3197 3924 lnttni
3246 3871 3549 3926 etiamnum

1972 3963 2303 4030 repentibus,
2343 3971 2397 4017 et
2449 3963 2502 4018 in
2531 3978 2695 4018 carne
2721 3963 3134 4024 exsisteutibus,
3163 3965 3546 4034 prmslantiora

1970 4064 2098 4110 sunt
2125 4053 2334 4120 clausa,
2365 4057 2490 4125 quia
2540 4071 2650 4111 non
2706 4056 3014 4127 intelligant
3060 4069 3121 4110 ea
3147 4095 3160 4121 ,
3197 4070 3298 4110 nec
3337 4057 3551 4126 possint

1968 4160 2154 4203 eorum
2179 4147 2639 4217 pulchritudinem
2664 4150 2812 4219 (quia
2837 4148 3049 4218 nolunt)
3069 4149 3359 4217 diSpicere,
3390 4151 3546 4218 proni

1970 4255 2068 4295 nec
2106 4241 2322 4312 erigere
2353 4257 2412 4296 se
2443 4252 2726 4308 conantes,
2761 4259 2882 4298 cum
2913 4243 3047 4314 justi
3088 4252 3143 4297 et
3187 4243 3546 4306 excellentes,

283 4332 610 4399 ἐπιδιδόντες
633 4337 829 4400 αὐτοὺς
862 4339 943 4402 εὶς
971 4339 1031 4391 τὸ
1058 4338 1390 4394 ἀνακύπτειν
1409 4359 1423 4370 ·
1453 4318 1567 4404 τοῖς
1599 4341 1654 4394 δὲ
1677 4318 1863 4411 διαφέέ

1979 4331 2097 4402 quia
2122 4332 2212 4402 jus
2240 4333 2474 4388 civitatis
2513 4333 2567 4386 in
2597 4334 2753 4388 caelis
2781 4334 3020 4388 habeant
3041 4332 3111 4398 ⁸³,
3140 4334 3387 4389 cwlestia
3418 4348 3550 4387 conc

287 4438 504 4491 ρουσιν,
553 4426 650 4478 ἅτε
693 4427 756 4479 τὸ
781 4427 1082 4499 πολίτευμα
1131 4429 1344 4499 ἔχουσιν
1385 4433 1444 4486 ὲν
1475 4431 1757 4502 οὐρανοῖς,
1793 4432 1863 4486 τὰ

284 4513 512 4586 οὐράνια
544 4519 610 4588 τῇ
634 4518 804 4573 κλειδὶ
827 4521 920 4575 τοῦ
944 4521 1108 4577 Δαυῒδ
1133 4523 1340 4593 ἀνέῳγε
1361 4521 1734 4594 θεωρούμενα,
1766 4523 1860 4578 τοῦ

283 4601 428 4656 θείου
459 4605 630 4674 Λόγου
666 4609 972 4679 ἀνοίγοντος
1003 4612 1163 4676 αὐτὰ,
1197 4613 1291 4666 καὶ
1328 4611 1716 4682 σαφηνίζοντος
1735 4652 1749 4677 ,
1777 4613 1864 4667 διά

283 4695 376 4748 τοῦ
403 4698 645 4767 ὀχεῖσθαι
669 4701 840 4774 ἵππῳ,
864 4706 1068 4772 φωναῖς
1099 4703 1167 4758 τὰ
1188 4705 1560 4776 σημαινόμενα
1585 4705 1863 4774 ἀπαγγελ-

285 4789 536 4854 λούσαις’
562 4792 769 4864 λευκῷ,
821 4794 908 4850 διὰ
931 4796 992 4849 τὸ
1021 4796 1252 4866 φανερὸν
1284 4797 1378 4849 καῖ⁹
1423 4796 1485 4848 τὸ
1513 4795 1735 4861 λευκὸν,
1767 4798 1863 4850 καὶ

283 4884 546 4949 φωτεινόν
571 4887 670 4957 τῆς
701 4883 974 4956 γνώσεως.
1005 4889 1306 4954 Καθέζεται
1336 4890 1391 4943 δὲ
1420 4891 1512 4944 ἐπὶ
1548 4890 1640 4943 τὸν
1669 4889 1860 4944 λευκὸν

288 4971 455 5026 ἵππον
496 4977 525 5028 ό
563 4977 897 5049 καλούμενος
922 4981 1152 5048 Πιστὸς,
1201 4981 1483 5052 ἱδρυμένος
1515 4981 1858 5054 βεὸαιότερον

355 5090 403 5122 ⁸³
431 5090 601 5162 Apoc.
641 5108 758 5158 ιικ,
800 5094 859 5148 ll
898 5103 952 5150 et
977 5109 1093 5165 seq.
1172 5095 1217 5127 ⁸³
1246 5095 1477 5166 Philipp.
1515 5111 1599 5161 ιιι,
1635 5095 1728 5150 20.

357 5203 472 5283 ζ
524 5207 992 5283 ξῌιίδεδυμεξνόις.
1015 5209 1164 5283 Lege
1191 5210 1368 5264 ἐνδεδυ
1377 5211 1546 5283 μένοι.

362 5275 474 5348 (90)
520 5277 632 5348 Τοῦ
662 5275 874 5348 θυμοῦ.
907 5275 1248 5335 Desideratur
1285 5283 1334 5335 in
1377 5275 1613 5336 editione
1654 5281 1851 5346 ilttetii,

291 5345 382 5400 sed
409 5347 689 5414 suppletur
710 5345 748 5402 θ’
774 5350 929 5402 codd.
961 5349 1253 5404 Bodleiano
1280 5361 1332 5402 et
1360 5353 1676 5408 Barberiuo.

361 5415 471 5482 (9|)
511 5417 987 5484 Παραδέξασθαι,
1027 5429 1132 5474 etc.
1176 5419 1329 5472 Nullo
1367 5436 1529 5475 sensu
1576 5421 1690 5476 Ita-e
1735 5422 1856 5474 rmi-

291 5484 542 5561 (iidv‘l'tllll
585 5486 870 5561 Ferrarius
909 5500 964 5561 et
1007 5489 1309 5561 Pet-ionius.
1355 5490 1544 5561 Legas.
1587 5491 1854 5561 παρεκδέ-

291 5553 519 5630 ξασθαι,
575 5557 832 5624 proclivis
891 5559 996 5613 erit
1051 5553 1458 5625 interpretatio:
1505 5553 1851 5630 Ιῐαρεκδέξαο

295 5624 411 5680 σθαι
446 5637 624 5683 autem
654 5637 732 5684 csl
765 5639 952 5698 prtrtcr
982 5624 1283 5701 germanum
1311 5624 1618 5684 sententiam
1652 5624 1853 5686 intelli-

1973 4422 2322 4493 templentur,
2351 4424 2568 4481 Davidis
2589 4426 2726 4481 clavi
2749 4436 2964 4494 aperta,
2991 4441 3182 4494 nempe
3213 4425 3396 4480 divino
3421 4425 3549 4478 Ser-

1971 4531 2132 4572 mone
2157 4519 2436 4588 aperiente
2465 4535 2528 4576 ea
2567 4530 2622 4574 et
2662 4520 3069 4585 manifestaute,
3102 4534 3168 4572 eo
3199 4515 3342 4585 quod
3387 4515 3546 4568 veha-

1975 4623 2064 4668 tur
2095 4628 2256 4682 cquo,
2294 4614 2396 4669 hoc
2439 4625 2522 4669 est
2555 4614 2780 4668 vocibus
2829 4612 3134 4682 signiﬁcata
3182 4605 3544 4662 renuntianti-

1968 4705 2108 4768 bus;
2134 4705 2279 4770 albo,
2311 4717 2534 4775 propter
2560 4706 2999 4775 perspicuam,et
3029 4701 3336 4766 candidam,
3377 4709 3432 4752 et
3462 4700 3542 4752 lu-

1971 4797 2147 4852 cidam
2169 4797 2550 4866 cognitionem.
2573 4796 2735 4851 Sedet
2750 4803 2930 4849 autem
2950 4808 3112 4864 super
3129 4809 3328 4865 equum
3358 4792 3542 4846 album

1971 4889 2057 4944 ille
2089 4889 2180 4958 qui
2229 4897 2452 4942 vocatur
2479 4887 2675 4952 ﬁdelis,
2704 4887 2912 4943 ﬁrmius
2940 4896 3015 4953 et,
3046 4896 3100 4940 ut
3131 4887 3202 4942 ita
3226 4886 3423 4950 dicam,
3459 4897 3540 4938 re-

1963 4981 2142 5052 galius
2183 4980 2424 5036 insidens
2463 4981 2518 5036 in
2560 4982 2806 5050 vocibus,
2850 4997 2970 5054 qua;
3009 4981 3245 5038 subverti
3280 4994 3386 5034 non
3414 4993 3538 5048 pos-

1966 5227 2083 5277 qere
2108 5221 2154 5264 et
2188 5209 2470 5275 explicare.
2507 5211 2766 5267 line-rtus.

2032 5280 2164 5350 (9l')
2208 5280 2554 5348 Ιιζρινοῦντα.
2583 5283 2740 5340 Forte
2780 5281 3117 5351 κρίνοντα,ιιι
3151 5289 3418 5348 congruat
3446 5296 3542 5334 su-

1963 5354 2185 5424 periori
2211 5361 2265 5424 et
2291 5352 2658 5424 inferioribus
2679 5350 2873 5424 κρίνει,
2891 5350 3180 5424 Δκρίνοντα,
3207 5362 3316 5424 etc_.
3373 5352 3530 5406 Lutt.

2036 5420 2149 5490 (92)
2175 5420 2586 5487 Ἐποιριρανίου.
2606 5419 2696 5490 Sic
2708 5418 2865 5490 (odd.
2890 5418 3205 5478 “ualuimus
3222 5436 3266 5472 et
3289 5421 3533 5474 BJl’IlCl'l-

1965 5487 2066 5542 nus
2091 5507 2104 5550 ;
2129 5487 2268 5543 male
2289 5505 2412 5564 vero
2435 5491 2600 5542 editio
2630 5487 2806 5564 lln_ctii
2837 5491 3051 5564 intcth
3077 5492 3506 5564 Ιιιιιμειὲπαρνίου

2035 5561 2146 5628 (95)
2191 5559 2662 5630 Συγκύπτοντες-
2701 5559 2772 5611 Ιιει
2804 5562 2970 5613 (τηιιυκ
3012 5559 3374 5630 Βδιίιςίυιιιιεξ
3426 5564 3494 5619 lit

1959 5633 2075 5702 gius
2107 5646 2232 5686 vero
2259 5640 2308 5684 ct
2341 5629 2684 5697 Barbcrinus,
2715 5630 3096 5700 ὲγκύπτοντες.

4049 4709 4059 4744 .1

4057 4401 4061 4533 Ι

4053 4800 4057 4953 γ
