4040 6210
499 239 603 296 H9
1984 247 2080 303 ΟΒ

2183 248 2304 304 ZNIS
3655 257 3760 313 Ιὲο

493 366 641 423 sunt,
675 373 737 412 ac
769 359 960 424 quovis
987 374 1125 430 equo
1167 359 1410 416 velocius
1451 376 1514 417 ac
1551 362 1785 418 celerius
1811 374 2070 431 currunt,

2183 365 2291 430 καῖ,
2331 365 2394 418 ἵν’
2426 364 2597 430 οὕτως
2623 365 2761 420 εἴπω
2782 408 2794 431 ,
2835 365 3252 439 βασιλικώτερον
3301 367 3358 419 ἐν
3391 370 3595 436 φωναῖς
3627 369 3761 424 ἀνα.-

494 462 547 504 ιιι
577 451 745 521 gloria
786 452 836 504 iu
867 453 982 522 ipso
1010 453 1213 523 impetu
1256 463 1514 522 superant
1539 455 1914 510 adversarium
1947 473 2066 512 om-

493 559 614 597 nem
667 545 1014 600 simulantem
1069 561 1128 600 se
1168 564 1288 602 csse
1341 547 1703 614 Sermonem,
1771 549 2070 616 itidemque

492 637 840 692 simulantem
889 654 946 693 se
976 654 1097 694 esse
1126 641 1411 694 veritatem
1446 651 1500 696 et
1533 653 1883 712 apparentem
1925 644 2070 697 veri-

493 726 944 784 tatennVocatur
971 741 1152 784 autem
1188 732 1361 786 lidelis
1385 733 1473 802 qui
1504 735 1650 788 sedet
1672 733 1723 787 in
1756 749 1895 803 equo
1923 733 2069 798 albo,

495 836 601 873 non
633 821 758 889 quia
797 822 959 876 ﬁdem
992 823 1150 878 alicui
1181 825 1378 880 habeat
1403 866 1418 891 ,
1459 825 1552 879 sed
1579 826 1705 896 quia
1742 825 1844 880 fide
1878 827 2073 894 dignus

494 914 584 966 sit.
624 912 756 965 Nam
808 914 954 968 Mose
997 925 1134 970 teSIe
1176 917 1244 983 ⁸⁸,
1291 917 1466 972 fidelis
1499 927 1554 970 et
1584 932 1747 972 verax
1787 928 1868 972 est
1899 918 2074 971 Domi-

497 1018 619 1056 nus.
655 1003 828 1057 Verax
861 1015 943 1058 est
964 1006 1127 1058 etiam
1156 1007 1222 1059 ad
1255 1006 1621 1061 diﬂ’erentiam
1667 1007 1895 1072 umbrae,
1927 1018 1979 1062 et
2012 1009 2074 1061 ti-

496 1108 668 1163 gura‘,
697 1104 750 1147 et
784 1094 1059 1162 imaginis,
1094 1097 1350 1164 quoniam
1387 1098 1509 1153 talis
1537 1107 1620 1152 est
1643 1098 1729 1153 ille
1763 1100 1954 1154 Sermo
1980 1099 2070 1168 qui

494 1193 578 1237 est
621 1187 672 1240 in
697 1186 835 1240 coelo
863 1197 1095 1257 aperto;
1139 1205 1253 1244 nou-
1293 1191 1435 1244 enim
1470 1191 1596 1246 talis
1635 1201 1721 1247 est
1746 1192 1938 1246 Sermo
1967 1204 2077 1246 ter-

498 1275 688 1332 reStris
718 1277 896 1346 qualis
921 1279 1329 1348 cmlestis,quia
1357 1281 1529 1334 factus
1549 1296 1677 1335 caro
1704 1297 1800 1352 per
1828 1285 2070 1350 umbras,

495 1377 552 1423 et
587 1369 816 1440 ﬁguras,
853 1381 905 1425 et
936 1371 1200 1441 imagines
1240 1373 1502 1442 loquitur.
1534 1373 1909 1431 Multitudines
1944 1393 2076 1446 ergo

497 1478 687 1516 eorum
725 1462 815 1532 qui
840 1474 1103 1531 putantur
1131 1471 1381 1533 credere,
1418 1471 1606 1524 umbra
1633 1470 1934 1535 Sermonis,
1967 1486 2074 1524 non

495 1568 628 1608 vero
662 1554 753 1608 illo
780 1554 1045 1610 Sermone
1074 1554 1166 1609 Dei
1197 1559 1288 1626 qui
1327 1569 1411 1613 est
1445 1561 1496 1613 in
1538 1561 1679 1614 cmlo
1714 1571 1925 1630 aperto,
1953 1577 2077 1616 eru-

499 1644 745 1697 diuntur.
785 1643 1083 1714 Propterea
1123 1645 1391 1701 Jeremias
1432 1649 1606 1718 inquit
1633 1649 1679 1680 ⁸⁸
1727 1667 1741 1704 :
1778 1668 1796 1700 ι
1839 1649 2077 1721 Spiritus

2175 458 2448 528 τραπῆναι
2507 458 2580 528 μὴ
2628 458 2985 530 δυναμέναις,
3035 459 3236 522 παντὸς
3288 460 3455 512 ἵππου
3506 459 3763 532 ὀξύτερον

2177 551 2273 602 καὶ
2307 549 2492 620 τάχιον
2517 550 2838 620 τρεχούσαις
2861 591 2876 615 ,
2916 552 3012 605 καὶ
3040 551 3572 624 παρευδοκιμούσαις
3604 555 3662 605 ἐν
3690 558 3760 626 τῇ

2178 643 2320 712 φορᾷ
2355 641 2532 694 πάντα
2571 642 2662 695 τὸν
2702 643 3108 715 ἀνταγωνιστὴν
3139 644 3440 715 ὑποκριτὴν
3478 645 3651 712 Λόγου
3675 663 3766 699 νο-

2181 729 2470 802 μιζόμενον
2516 735 2720 801 Λόγον,
2749 735 2842 788 καὶ
2873 735 3126 807 ἀληθείας
3172 735 3436 788 δοκοῦσαν
3476 735 3762 806 ἀλήθειαν.

2179 824 2440 878 Καλεῖται
2466 824 2523 876 δὲ
2549 824 2746 890 Πιστὸς
2772 829 2800 879 6
2830 827 2924 880 ἐπὶ
2956 826 3050 880 τοῦ
3095 827 3290 880 λευκοῦ
3318 827 3486 880 ἵππου
3526 826 3637 898 (94)
3657 866 3671 890 ,
3697 828 3763 881 οὐ

2179 912 2267 966 διὰ
2292 914 2352 966 τὸ
2378 915 2656 969 πιστεύειν
2675 955 2688 978 ,
2721 917 2843 970 ὅσον
2869 917 2960 970 διὰ
2988 918 3047 970 τὸ
3073 917 3361 982 πιστευτὸς
3390 916 3529 971 εἶναι
3548 959 3563 983 ,
3604 936 3766 972 τουτ-

2181 1003 2330 1069 έστι,
2363 1005 2457 1057 τοῦ
2507 1007 2856 1061 πιστεύεσθαι
2891 1009 3058 1075 ἄξιος.
3105 1008 3310 1080 Κύριος
3339 1007 3468 1081 γὰρ,
3503 1009 3645 1063 κατὰ
3669 1009 3767 1062 τὸν

2181 1096 2441 1159 Μωῦσέα,
2470 1092 2662 1164 πιστὸς
2684 1101 2777 1152 καὶ
2794 1100 3064 1170 ἀληθινός.
3086 1102 3194 1154 Καὶ
3221 1100 3470 1172 ἀληθινὸς
3485 1101 3594 1173 γάρ
3623 1101 3767 1172 πρὸς

2182 1182 2587 1256 ἀντιδιαστολὴν
2643 1189 2830 1252 σκιᾶς,
2866 1190 2960 1241 καὶ
2994 1189 3198 1255 τύπου,
3242 1189 3335 1242 καὶ
3367 1190 3604 1255 εἰκόνος·
3639 1192 3769 1244 ἐπεὶ

2183 1270 2421 1336 τοιοῦτος
2470 1274 2499 1325 6
2543 1275 2602 1327 ὲν
2635 1276 2713 1346 τῷ
2747 1277 3009 1348 ἀνεῳγότι
3054 1279 3268 1352 οὐρανῷ
3299 1280 3490 1349 Λόγος.
3525 1281 3602 1334 Οὐ
3651 1281 3768 1352 γὰρ

2185 1363 2277 1414 ἐπὶ
2308 1362 2412 1434 γῆς
2436 1365 2465 1416 6
2489 1363 2728 1429 τοιοῦτος
2758 1366 2892 1437 (95),
2928 1369 3111 1432 ὁποῖος
3131 1371 3160 1422 ό
3188 1372 3247 1422 ὲν
3274 1370 3519 1442 οὐρανῷ,
3545 1371 3641 1425 ἃτε
3672 1390 3768 1441 γε-

2184 1453 2407 1523 νόμενος
2434 1455 2568 1527 σὰρξ
2589 1496 2604 1518 ,
2639 1459 2732 1512 καὶ
2760 1459 2847 1512 διὰ
2882 1463 3039 1524 σκιᾶς
3072 1459 3168 1514 καὶ
3200 1461 3387 1515 τύπων
3411 1465 3504 1515 καὶ
3535 1465 3770 1518 εἰκόνων

2183 1541 2510 1615 λαλούμενος
2561 1549 2694 1618 (96).
2735 1551 2815 1605 Τά
2862 1552 2918 1604 δὲ
2963 1552 3141 1625 πλήθη
3174 1553 3282 1608 τῶν
3339 1556 3768 1610 πεπιστευκέναι

2183 1637 2552 1708 νομιζομένων
2586 1644 2651 1712 τῇ
2706 1646 2834 1715 σκιᾷ
2876 1644 2970 1698 τοῦ
3003 1646 3200 1715 Λόγου,
3231 1647 3326 1700 καὶ
3353 1648 3473 1718 οὐχὶ
3517 1648 3598 1719 τῷ
3625 1649 3767 1721 ἀλη-

498 1733 656 1789 t‘aciei
709 1743 910 1789 nostrae
955 1735 1204 1790 Christus
1255 1737 1538 1803 Dominus,
1570 1741 1658 1794 cui
1709 1741 2071 1797 tliximus:1n

2183 1728 2308 1800 θινῷ
2335 1731 2494 1802 Λόγῳ
2521 1731 2680 1796 Θεοῦ,
2710 1735 2766 1786 ὲν
2787 1735 2865 1806 τῷ
2886 1735 3146 1808 ἀνεῳγότι
3175 1737 3390 1810 οὐρανῷ
3418 1740 3765 1809 τυγχάνοντι,

497 1825 688 1878 umbra
717 1825 889 1896 ipsius
905 1826 1151 1881 vivemus
1175 1827 1228 1881 in
1255 1829 1524 1896 gentibus.
1542 1848 1560 1882 ι
1581 1829 1670 1884 Sic
1696 1831 1860 1901 igitur
1882 1832 2074 1888 Sermo

499 1917 589 1972 ille
618 1917 738 1984 Dei,
770 1918 862 1988 qui
883 1919 1084 1974 Fidelis
1113 1930 1362 1984 vocatur,
1415 1922 1578 1975 etiam
1617 1937 1778 1978 verax
1812 1934 2038 1978 vocatur
2059 1965 2074 1990 ,

494 2019 549 2064 et
583 2011 634 2064 iu
661 2009 869 2080 justitia
905 2009 1114 2080 iudicat
1150 2020 1205 2065 et
1259 2011 1455 2064 bellum
1485 2014 1646 2084 gerit,
1673 2021 1816 2085 quod
1859 2015 2073 2083 iustitia

497 2102 615 2168 ipsa
644 2116 706 2156 ac
730 2101 938 2171 judicio
978 2102 1094 2171 ipso
1132 2102 1448 2158 facultatem
1481 2119 1510 2156 a
1548 2103 1659 2159 Deo
1687 2107 1963 2174 acceperit
1989 2105 2073 2174 iu-

496 2191 736 2254 dicandi,
773 2200 826 2248 et
855 2191 1212 2248 distribuendi
1248 2210 1314 2248 ex
1343 2193 1609 2264 dignitate
1647 2196 2071 2267 uniuscujusque

496 2284 726 2338 entium.
764 2283 934 2339 Nemo
964 2285 1109 2340 enim
1151 2300 1341 2341 eorum
1375 2289 1466 2358 qui
1504 2287 1774 2356 justitiam
1813 2306 1876 2345 ac
1905 2289 2078 2345 facul-

498 2385 663 2429 tatem
704 2374 983 2443 judicandi
1015 2377 1271 2448 populum
1304 2379 1526 2444 habent,
1571 2382 1642 2435 ita
1673 2381 1723 2434 in
1757 2397 1850 2436 sua
1908 2383 2077 2451 ipsius

497 2472 676 2523 anima
707 2469 932 2524 omnino
971 2469 1285 2540 imprimere
1319 2473 1524 2540 poterit
1555 2483 1607 2526 et
1636 2472 1885 2544 justitize,
1909 2484 1963 2529 et
1987 2474 2080 2541 ju-

494 2561 708 2616 dicandi
735 2561 936 2630 figuras
961 2561 1201 2630 ipsas,et
1237 2563 1648 2629 ideas,utnulla
1689 2566 1741 2620 in
1777 2581 1834 2621 re
1853 2568 2078 2622 sitinl'e-

499 2652 610 2704 rior
633 2666 693 2703 ea
719 2666 836 2719 qua:
853 2665 918 2706 ex
944 2666 1005 2707 se
1021 2653 1358 2722 estjustitia,
1383 2663 1520 2710 eteo
1543 2659 1770 2727 quodex
1789 2674 1845 2713 se
1871 2661 2078 2726 est,th-

498 2743 640 2796 tficio
658 2758 672 2795 :
688 2743 1142 2812 quemadmodum
1163 2761 1336 2815 neque
1353 2749 1444 2817 qui
1464 2748 1636 2818 pingit
1651 2750 1962 2820 imaginem,
1982 2768 2079 2820 po-

499 2840 571 2890 tis
592 2835 692 2888 crit
712 2835 920 2903 pictura
939 2836 1248 2906 exprimere
1271 2853 1463 2894 omnes
1486 2839 1566 2894 rei
1587 2841 1812 2910 depictzr
1833 2845 2078 2911 proprie-

499 2938 660 2983 tates.
695 2929 990 2997 Propterea
1019 2929 1275 2985 Davitlem
1297 2931 1499 2986 dixisse
1518 2947 1645 2987 reor
1662 2932 1705 2964 ⁸⁷
1735 2952 1777 2989 τι
1798 2933 2079 3002 Nonjusti-

397 3017 411 3027 ’
499 3021 812 3075 tlcabiturin
831 3031 1125 3090 conspectu
1148 3023 1426 3079 tuoomuis
1445 3024 1656 3090 vivens;
1671 3041 1805 3080 mou
1822 3027 1964 3081 enim
1985 3042 2079 3096 ge-

496 3117 726 3170 neratim
749 3113 854 3185 57
885 3114 1041 3182 dixit,
1073 3116 1250 3171 omnis
1271 3116 1454 3184 homo,
1486 3117 1600 3173 sive
1633 3119 1810 3174 omnis
1834 3119 2076 3187 angelus,

496 3213 592 3263 sed
626 3226 645 3261 ι
679 3211 857 3266 omnis
906 3210 1113 3275 vivens,
1153 3228 1171 3261 ι
1210 3211 1468 3279 quoniam
1511 3212 1672 3266 etiam
1709 3212 1752 3266 si
1791 3212 1915 3266 vitae
1959 3212 2082 3280 quis

497 3301 570 3354 sit
615 3299 914 3369 particeps,
960 3309 1015 3356 et
1046 3301 1431 3356 mortalitatem
1478 3317 1704 3373 prorsus
1749 3303 2078 3367 excusserit,

497 3394 578 3447 sic
622 3408 798 3464 neque
845 3392 919 3447 tui
948 3394 1362 3463 comparatione
1390 3393 1681 3462 iustiﬁcari
1703 3395 1921 3464 poterit,
1960 3410 2084 3462 per-

501 3491 624 3546 inde
650 3500 814 3560 atque
860 3490 993 3544 vita.
1024 3489 1210 3560 Neque
1247 3488 1362 3544 ﬁeri
1393 3499 1572 3560 potest
1605 3500 1662 3544 ιιι
1693 3491 1782 3561 qui
1813 3491 2083 3559 particeps

498 3592 582 3635 est
617 3581 761 3644 vitaz,
790 3587 846 3635 et
873 3581 943 3635 ob
988 3579 1088 3634 hoc
1127 3580 1316 3634 vivens
1345 3582 1677 3647 nominatur,
1713 3581 1827 3650 ipse
1851 3581 1920 3634 sit
1950 3582 2084 3646 vita,

502 3686 601 3730 nec
627 3670 718 3740 qui
751 3685 973 3742 compos
1001 3679 1086 3726 est
1107 3669 1355 3738 justitim,
1393 3680 1447 3726 et
1491 3672 1693 3726 idcirco
1733 3672 1915 3742 justus
1948 3671 2084 3725 dici-

502 3774 626 3826 tur,
657 3763 881 3818 omnino
915 3763 1016 3833 ipsi
1063 3762 1292 3830 iustitia:
1325 3763 1651 3832 :equiparari
1695 3766 1914 3833 poterit.
1963 3760 2083 3816 Jam

501 3870 630 3908 vero
663 3855 1118 3924 quemadmodum
1148 3858 1214 3908 ad
1253 3855 1343 3909 Dei
1378 3855 1698 3910 Sermonem
1731 3854 1966 3926 pertinet
1993 3857 2086 3923 ju-

501 3946 686 3999 dicare
708 3947 760 3998 in
785 3944 995 4013 iustitia
1025 3945 1092 4009 ⁸⁸,
1119 3946 1190 3999 ita
1222 3949 1384 4000 etiam
1417 3947 1484 4000 ad
1511 3948 1684 4015 ipsum
1712 3945 1950 4016 pertinet
1975 3945 2087 4000 hel-

503 4039 612 4090 lum
648 4051 838 4106 gerere
871 4037 926 4091 in
973 4035 1188 4105 justitia
1220 4053 1234 4089 :
1269 4047 1326 4090 ut
1358 4052 1421 4091 ex
1467 4053 1530 4092 eo
1574 4039 1716 4106 quod
1755 4040 1954 4093 dicitur
1991 4054 2087 4108 op-

502 4144 746 4202 pugnare
774 4131 918 4184 hunc
959 4129 1014 4183 in
1066 4131 1315 4194 modum,
1341 4130 1440 4198 ipsi
1471 4129 1741 4198 Sermoni,
1773 4142 1828 4186 et
1860 4132 2089 4200 justitia:

506 4222 778 4284 inimicos,
831 4221 1057 4275 sublatis
1098 4221 1183 4276 his
1216 4221 1307 4291 qui
1341 4237 1370 4276 a
1399 4222 1609 4277 ratione
1641 4232 1768 4278 sunt
1815 4223 2002 4288 alicui,
2033 4232 2089 4278 ct

504 4313 773 4388 itijttstitia
814 4315 1050 4378 sublata,
1089 4315 1355 4370 inhabitet
1398 4327 1450 4370 et
1474 4314 1774 4384 justifieet;
1812 4314 2088 4385 expellens

2179 1820 2562 1892 μαθητεύεται.
2617 1825 2816 1898 Διόπερ
2847 1829 2875 1880 6
2921 1828 3188 1900 Ἱερεμίας
3241 1831 3416 1902 φησί·
3476 1850 3495 1884 ι
3534 1833 3769 1905 Πνεῦμα

2176 1911 2471 1984 προσώπου
2521 1915 2677 1986 ἡμῶν
2725 1915 2958 1988 Χριστὸς
3005 1919 3229 1990 Κύριος,
3275 1921 3337 1982 οὗ
3370 1927 3625 1998 εἴπομενο
3666 1927 3761 1981 Ἐν

2175 2009 2240 2077 τῇ
2285 2009 2412 2079 σκιᾷ
2443 2009 2610 2062 αὐτοῦ
2643 2010 2922 2082 ζησόμεθα
2946 2014 3004 2066 ὲν
3038 2017 3150 2078 τοῖς
3178 2015 3407 2070 ἔθνεσιν.
3445 2037 3464 2069 ι
3503 2011 3675 2082 Οὗτος
3704 2019 3768 2072 δὲ

2177 2102 2205 2153 6
2225 2099 2395 2168 Λόγος
2423 2099 2534 2170 (97)
2560 2099 2654 2153 τοῦ
2676 2101 2834 2167 Θεοῦ,
2857 2101 2885 2153 6
2909 2102 3102 2169 Πιστὸς
3125 2107 3290 2160 καλού
3300 2125 3480 2178 μενος,
3506 2110 3602 2162 καὶ
3630 2111 3769 2182 ἀλη-

2179 2190 2324 2254 θινὸς
2349 2192 2622 2257 καλεῖται,
2677 2194 2771 2247 καὶ
2820 2195 2878 2248 ὲν
2909 2195 3222 2271 δικαιοσύνῃ
3254 2200 3429 2270 κρίνει
3476 2202 3570 2254 καὶ
3605 2201 3770 2255 πολε-

2182 2285 2274 2354 μεῖ
2292 2323 2306 2347 ,
2334 2287 2399 2354 τῇ
2426 2285 2869 2357 αὐτοδικαιοσύνῃ
2896 2288 2990 2340 καὶ
3019 2289 3331 2361 αὐτοκρίσει
3364 2292 3424 2344 τὸ
3458 2292 3578 2345 κατ’
3606 2292 3770 2357 ἀξίαν

2179 2381 2408 2435 ἑκάστου
2461 2380 2571 2435 τῶν
2627 2381 2799 2435 όντων
2852 2381 3148 2452 ἀπονέμειν
3186 2383 3294 2436 ἀπὸ
3321 2381 3458 2436 Θεοῦ
3500 2383 3770 2439 δύνασθαι

2177 2471 2358 2526 λαϐὼν
2386 2473 2481 2526 καὶ
2513 2472 2721 2544 κρίνειν
2746 2489 2757 2502 °
2801 2473 2974 2537 οὐδεὶς
3005 2473 3115 2544 γάρ
3162 2472 3273 2526 τῶν
3312 2474 3652 2545 μετεχόντων
3687 2474 3772 2529 δι-

2179 2564 2472 2636 καιοσύνης
2495 2605 2509 2630 ,
2544 2565 2638 2618 καὶ
2665 2565 2766 2635 τῆς
2788 2564 2882 2619 τοῦ
2911 2565 3117 2636 κρίνειν
3144 2563 3272 2618 λαὸν
3293 2564 3595 2636 δυνάμεως,
3619 2564 3772 2618 οὕτω

2179 2657 2356 2727 πάντη
2410 2655 2856 2728 ὲναπομάξασθαι
2907 2654 3100 2708 ἑαυτοῦ
3153 2657 3218 2726 τῇ
3275 2654 3420 2725 ψυχῇ
3474 2654 3773 2725 δυνήσεται

2177 2747 2303 2810 τοὺς
2332 2746 2430 2816 τῆς
2457 2745 2806 2817 δικαιοσύνης
2828 2745 3054 2809 τύπους.
3088 2745 3183 2798 καὶ
3225 2745 3318 2798 τοῦ
3350 2744 3556 2816 κρίνειν
3575 2784 3590 2808 ,
3619 2744 3773 2799 ὥστε

2178 2841 2236 2892 ὲν
2261 2840 2453 2912 μηδενὶ
2478 2839 2696 2893 ἀποδεῖν
2717 2840 2814 2910 τῆς
2839 2836 3320 2908 αὐτοδικαιοσύνης
3347 2837 3443 2890 καὶ
3473 2837 3574 2909 τῆς
3599 2837 3772 2890 αὐτο-

2179 2931 2416 3003 κρίσεως
2441 2948 2454 2964 ο
2481 2931 2556 2993 ὡς
2579 2930 2700 2984 οὐδὲ
2731 2931 2760 2983 6
2792 2930 3019 3000 γράφων
3051 2929 3234 2983 εἰκόνα
3266 2924 3379 2992 οἷός
3405 2944 3463 2980 τε
3488 2927 3642 2981 ἔσται
3669 2944 3771 2996 με·

2178 3021 2429 3076 ταδοῦναι
2457 3021 2674 3077 πάντων
2712 3020 2820 3075 τῶν
2852 3019 2946 3074 τοῦ
2979 3020 3326 3092 γραφομένου
3354 3019 3658 3089 ἰδιωμάτων
3691 3021 3765 3090 τῇ

2107 3082 2149 3140 C
2183 3116 2390 3185 γραφῇ.
2426 3113 2525 3167 Διά
2552 3112 2710 3167 τοῦτο
2744 3112 2800 3166 δὲ
2830 3082 3074 3184 ἠγοῦμαι
3233 3109 3394 3165 Δαυῖδ
3441 3082 3622 3179 λέγειν
3659 3082 3770 3164 τ·όῖ

2190 3227 2208 3257 ι
2239 3206 2313 3260 Οὐ
2340 3205 2758 3276 δικαιωθήσεται
2795 3203 3020 3258 ἐνώπιόν
3047 3221 3138 3256 σου
3166 3205 3271 3266 πᾶς
3297 3201 3405 3267 ζῶν
3425 3218 3438 3233 °
3466 3220 3484 3254 ι
3557 3203 3617 3254 οὐ
3656 3203 3776 3275 γὰρ

2185 3298 2518 3365 ἁπαξαπλῶς
2544 3294 2662 3351 εἶπε
2694 3298 2800 3360 πᾶς
2820 3296 3127 3368 ἄνθρωπος,
3157 3295 3190 3366 ἢ
3216 3298 3327 3359 πᾶς
3353 3294 3602 3365 ἄγγελος,
3629 3294 3776 3352 ἀλλὰ

2192 3411 2211 3444 ι
2241 3395 2347 3457 πᾶς
2363 3393 2490 3458 ζῶν·
2516 3412 2534 3444 ›
2562 3394 2664 3456 ὅτι,
2694 3391 2798 3446 κᾶν
2827 3392 2924 3462 τῆς
2949 3390 3092 3462 ζωῆς
3114 3409 3195 3456 τις
3227 3391 3450 3464 μετέχῃ,
3469 3391 3562 3444 καὶ
3588 3393 3773 3464 πάντη

2185 3484 2282 3556 τὴν
2329 3484 2630 3556 νεκρότητα
2663 3484 3044 3555 ἀποσείσηται,
3077 3483 3186 3536 οὐδ’
3216 3482 3389 3546 οὕτως
3433 3484 3509 3546 ὡς
3542 3483 3682 3554 πρὸς
3710 3485 3777 3536 σὲ

2184 3577 2538 3648 δικαιωθῆναι
2588 3576 2877 3647 δυνήσεται
2913 3575 3311 3646 παραπλησίως
3352 3577 3418 3645 τῇ
3469 3573 3604 3645 ζωῇ·
3646 3575 3777 3628 οὐδὲ

2187 3667 2408 3723 δυνατὸν
2429 3668 2518 3722 τὸν
2551 3667 2844 3737 μετέχοντα
2868 3667 2969 3737 τῆς
2994 3667 3157 3736 ζωῆς,
3185 3667 3280 3719 καὶ
3298 3665 3383 3718 διά
3405 3665 3562 3719 τοῦτο
3588 3665 3774 3730 ζῶντα

2186 3761 2612 3833 χρηματίζοντα,
2658 3759 2820 3813 αὐτὸν
2867 3757 3120 3826 γενέσθαι
3152 3756 3317 3828 ζωὴν,
3348 3757 3444 3810 καὶ
3483 3756 3575 3810 τὸν
3614 3756 3779 3827 μετέ-

2188 3872 2351 3926 χοντα
2379 3853 2746 3925 δικαιοσύνης,
2781 3852 2874 3906 καί
2900 3852 2987 3906 διὰ
3009 3850 3169 3905 τοῦτο
3199 3850 3406 3904 δίκαιον
3429 3849 3540 3920 (98)
3571 3847 3777 3902 καλού-

2193 3962 2351 4017 μενον
2385 3943 2710 4014 ἐξισωθῆναι
2755 3943 2932 4012 πάντη
2973 3945 3040 4012 τῇ
3089 3939 3423 4012 δικαιοσύνῃ.
3472 3940 3670 4007 Ἔργον
3714 3938 3776 3992 δὲ

2187 4036 2282 4089 τοῦ
2329 4035 2502 4104 Λόγου
2536 4033 2630 4087 τοῦ
2669 4033 2803 4087 Θεοῦ
2845 4033 2955 4102 (99)
2987 4031 3172 4102 ὥσπερ
3209 4031 3415 4103 κρίνειν
3463 4031 3521 4083 ὲν
3562 4029 3776 4084 δικαιο-

2192 4125 2346 4197 σύνῃ,
2385 4125 2530 4178 οὓτω
2563 4124 2656 4177 κα)⁴
2701 4122 2960 4194 πολεμεῖν
2999 4124 3056 4175 ὲν
3088 4121 3424 4194 δικαιοσύνῃ,
3460 4120 3550 4185 ἵν’,
3578 4123 3643 4174 ὲκ
3673 4119 3777 4174 τοῦ

2189 4217 2314 4279 τοὺς
2347 4214 2574 4286 ἐχθροὺς
2610 4213 2754 4282 λόγῳ
2800 4214 2893 4266 καὶ
2939 4211 3253 4285 δικαιοσύνῃ
3298 4211 3442 4264 οῦτω
3485 4210 3773 4281 πολεμεῖν,

2190 4305 2600 4379 ἀναιρουμένων
2621 4304 2730 4358 τῶν
2759 4304 2966 4373 ἀλόγων
2993 4303 3205 4373 καὶτῆς
3230 4302 3466 4365 ἀδικίας,
3493 4301 3776 4368 λέγεσθαι,

504 4407 779 4461 contraria
813 4407 1088 4462 abauima
1139 4407 1281 4460 illius
1324 4407 1413 4477 qui
1468 4407 1660 4462 Salutis
1703 4421 1888 4472 causa,
1923 4418 1980 4461 ut
2009 4409 2080 4462 ita

2191 4397 2449 4468 ὲνοικήσῃ
2495 4396 2589 4450 καὶ
2637 4392 2924 4465 δικαιώσῃ,
2969 4390 3246 4446 ἐκϐάλλων
3292 4390 3361 4444 τὰ
3408 4389 3630 4444 ἐναντία
3673 4390 3778 4460 τῆς

505 4499 706 4566 «ticam,
745 4499 994 4567 captivus
1027 4498 1201 4553 factus
1227 4508 1310 4554 est
1337 4514 1366 4553 a
1407 4498 1648 4553 Chrism.
1701 4496 1805 4551 Sed
1839 4498 2082 4566 apertius

503 4607 734 4648 eernere
765 4609 1053 4662 possumus
1077 4594 1181 4648 hoc
1208 4593 1487 4648 Sermonis
1520 4591 1714 4645 bellum
1753 4591 1895 4660 quod
1925 4591 2082 4661 gerit,

505 4686 723 4753 quando
755 4686 869 4753 ipse
901 4684 1116 4753 quidem
1148 4683 1392 4755 fungitur
1423 4684 1690 4754 legatione
1715 4698 1812 4752 pro
1833 4686 2085 4747 veritate,

509 4778 647 4828 alter
679 4789 837 4838 vero,
867 4777 959 4845 qui
995 4792 1098 4830 non
1145 4785 1231 4832 est
1279 4775 1498 4840 Sermo,
1539 4778 1633 4830 sed
1671 4775 1825 4846 ﬁngit
1859 4791 1918 4831 se
1966 4789 2087 4830 esse

509 4867 865 4932 Sermonem;
901 4870 1138 4936 itemque
1177 4868 1432 4924 simulata
1461 4870 1682 4933 veritas,
1715 4885 1835 4938 qum
1874 4885 1979 4922 non
2008 4879 2091 4924 est

509 4959 732 5023 veritas,
764 4961 857 5012 sed
889 4960 1252 5026 mendacium,
1285 4963 1542 5028 praedicat
1567 4976 1624 5014 se
1645 4975 1766 5015 esse
1800 4959 1969 5029 ipsam
1999 4972 2091 5011 ve-

509 5051 749 5106 ritatem.
782 5050 937 5106 Tunc
963 5053 1107 5107 enim
1149 5062 1390 5106 armatus
1422 5051 1617 5106 Sermo
1647 5061 1834 5107 contra
1866 5052 2091 5105 menda-

582 5147 628 5178 ⁸⁸
656 5148 808 5200 Deut.
834 5160 1004 5209 xxxii,
1041 5144 1096 5197 4.
1187 5143 1232 5172 ⁸⁶
1273 5142 1474 5197 Τίινειι.
1506 5159 1578 5207 tv,
1601 5143 1693 5198 20.
1769 5145 1813 5176 ⁸⁷
1845 5142 1982 5196 Psal.
2013 5157 2176 5207 chtt,

582 5239 693 5311 (94)
731 5239 797 5311 ΔὈ
835 5237 934 5311 ἐπὶ
974 5235 1081 5289 τοῦ
1111 5234 1336 5289 λευκοῦ
1379 5235 1587 5289 ἵππου.
1641 5234 1761 5290 ΙΙιιξο
1803 5235 1998 5290 desunt
2038 5234 2088 5286 in

511 5309 699 5364 codice
730 5309 1047 5362 Bodleiano.

583 5379 700 5448 (95)
742 5380 912 5448 Codd.
950 5375 1272 5432 Budleianus
1301 5383 1355 5429 et
1400 5374 1749 5442 Barberinus,
1790 5377 1818 5430 6
1857 5373 1968 5447 γὰρ
1997 5373 2092 5428 ἐπὶ

639 5450 699 5501 οὐ
727 5447 1013 5523 τοιοῦτος..-
1088 5517 1099 5523 _
1187 5519 1196 5523 _
1463 5517 1476 5523 Δ
1541 5518 1551 5523 _

585 5520 698 5591 (Dii)
745 5519 923 5572 Codex
982 5517 1338 5583 Barherinus,
1390 5517 1757 5590 καλούμενος,
1807 5525 1863 5570 ιιι
1921 5515 2089 5568 editio

543 5590 716 5646 iuctn.

543 5591 716 5646 luctu.

516 5591 534 5650 Ι
588 5661 698 5734 (9?)
745 5659 978 5734 Legebat
1009 5659 1315 5734 Ferrarius,
1346 5659 1518 5734 οὕτως
1549 5660 1603 5734 δὲ
1632 5662 1670 5734 Δὁ
1699 5658 1888 5734 Λόγος.

591 5723 702 5802 ζυδ)
738 5723 844 5787 Διίῖ
884 5729 1058 5787 τοῦτο
1120 5730 1372 5786 δίκαιον.
1426 5731 1515 5786 Sic
1559 5730 1718 5785 habet
1751 5723 1915 5786 cedes
1953 5723 2088 5780 Bud-

2192 4491 2372 4562 ψυχῆς
2402 4489 2518 4554 τοῦ,
2555 4489 2620 4542 ἵν’
2669 4489 2840 4552 οὕτως
2870 4487 3030 4547 εἴπω,
3073 4485 3166 4538 ἐπὶ
3204 4483 3449 4554 σωτηρίᾳ
3487 4480 3777 4552 αίχμαλωτ

2192 4582 2467 4647 τισθέντος
2491 4582 2594 4634 ὑπὸ
2623 4579 2880 4652 Χριστοῦ.
2928 4579 3049 4631 Ἔτι
3087 4576 3144 4629 δὲ
3179 4574 3378 4646 μᾶλλόν
3409 4575 3524 4628 ὲστι
3555 4572 3648 4626 τὸν
3676 4570 3778 4625 τοῦ

2194 4678 2368 4746 Λόγου
2414 4675 2648 4745 πόλεμον
2699 4674 2844 4737 ἰδεῖν,
2876 4671 2936 4725 ὃν
2979 4670 3224 4740 πολεμεῖ,
3281 4668 3421 4722 ὲπάν
3461 4665 3625 4727 αὐτὸς
3675 4664 3778 4734 μὲν

2196 4767 2474 4842 πρεσϐεύῃ
2523 4767 2652 4838 περ).
2685 4764 2961 4836 ἀληθείας,
3015 4762 3044 4816 6
3088 4763 3132 4817 δ’
3166 4759 3592 4832 ὑποκρινόμενος
3635 4750 3778 4808 εἶναι

2197 4862 2388 4928 Λόγος,
2415 4859 2477 4911 οὐ
2509 4857 2679 4925 Λόγος
2712 4855 2808 4919 ὢν,
2845 4857 2991 4926 καὶὴ
3032 4854 3226 4924 ἑαυτὴν
3253 4851 3672 4923 ἀναγορεύσασα
3696 4848 3777 4918 (l)

2195 4953 2476 5024 ἀλήθειαν,
2526 4953 2626 5004 οὐκ
2675 4950 2904 5021 ἀλήθεια
2959 4949 3323 5018 τυγχάνουσα,
3376 4944 3513 4999 ἀλλὰ
3558 4940 3777 5012 ψεῦδος,

2199 5044 2382 5116 φάσκῃ
2423 5038 2561 5096 εἶναι
2599 5043 2798 5115 ἑαυτὴν
2835 5042 2934 5112 τὴν
2979 5041 3258 5112 ἀλήθειαν.
3296 5037 3430 5094 Τότε
3471 5034 3581 5105 γὰρ
3636 5029 3778 5088 καθο-

2205 5140 2258 5192 2.
2335 5137 2380 5169 ⁸⁸
2404 5140 2573 5205 Apoc.
2601 5152 2717 5199 λιες,
2752 5137 2837 5188 Η.

2200 5231 2442 5292 Ieianus;
2481 5224 2811 5280 Barheriuus
2843 5233 3022 5280 autem
3059 5236 3114 5278 et
3136 5221 3359 5292 Regius,
3403 5216 3568 5273 αὐτοῦ
3601 5215 3666 5272 τὸ
3695 5215 3779 5271 δι-

2196 5316 2381 5440 “(an
2407 5365 2621 5440 Codex
2650 5363 2997 5440 Bodleijnus,
3029 5363 3231 5440 Ἔργον
3264 5361 3320 5414 δὲ
3357 5358 3454 5440 τοῦ
3478 5357 3652 5440 Λόγου
3672 5356 3779 5440 ἰξοῦ

2197 5428 2375 5494 Θεὸῦί
2407 5436 2750 5505 liarberiuus,
2793 5435 2992 5505 Ἔργον
3023 5434 3080 5487 δὲ
3105 5428 3269 5486 τοῦτο
3290 5431 3385 5488 τοῦ
3421 5429 3594 5499 Λόγου
3614 5443 3628 5458 ο
3672 5428 3777 5483 lte-

2198 5514 2336 5581 ειυς.
2370 5508 2569 5577 Ἔργον
2598 5504 2653 5582 δὲ
2678 5504 2872 5582 τούτου
2895 5504 3090 5573 Λόγου.
3118 5577 3128 5582 Α
3369 5572 3424 5582 m

2272 5579 2350 5650 (I)
2384 5568 2498 5629 1(ὰῖ
2525 5578 2562 5642 τι)
2586 5575 2813 5651 ἑαυτὴν
2841 5568 3324 5651 ίὶνιγεγίογιεύσασα.
3368 5572 3462 5651 Sic
3492 5579 3642 5651 [cete
3678 5568 3778 5651 Ita:

2199 5640 2290 5704 bet
2320 5640 2486 5702 codex
2523 5640 2874 5708 liudleiauus;
2914 5640 3052 5702 male
3079 5657 3257 5702 autem
3294 5643 3462 5698 codex
3492 5640 3715 5710 Regius,
3743 5640 3779 5708 ἡ

2199 5719 2391 5779 ἑαυτοῦ
2425 5716 2522 5796 τὴν
2551 5715 2983 5793 ἁναγορτύτασα.
