4082 6224
377 248 466 302 lii

1472 243 1831 300 (IOMMENT.
1876 243 1938 298 IN
1978 243 2170 299 JOAN.
2213 243 2446 299 TOMUS
2485 242 2547 296 ιι.

3527 248 3636 304 1‘23

369 364 737 434 οπλισάμενος
762 363 790 414 6
826 361 995 429 Λόγος
1049 357 1187 412 κατὰ
1222 355 1313 411 τοῦ
1341 357 1568 427 ψεύδους
1603 359 1792 413 ἀναλοῖ
1818 361 1932 414 αὐτέ

2054 361 2218 427 cium,
2246 359 2375 413 illttd
2403 356 2662 413 interlicit
2691 355 2886 426 spiritu
2923 358 3034 412 oris
3065 357 3170 423 sui,
3195 367 3248 414 et
3271 359 3500 416 destruit
3535 381 3630 434 ap-

369 456 450 528 τῷ
500 455 768 524 πνεύματι
799 452 890 506 τοῦ
921 452 1188 522 στόματος
1239 449 1426 510 αὐτοῦ,
1457 451 1549 503 καὶ
1583 455 1850 522 καταργεῐ
1881 455 1947 523 τῇ

372 548 661 618 ἐπιφανείᾳ
695 547 794 616 τῆς
827 545 1123 616 παρουσίας
1155 545 1344 598 αὐτοῦ.
1378 543 1485 598 Καὶ
1509 545 1614 614 ὅρα
1643 547 1690 597 εἰ
1728 545 1952 600 δύναται

373 643 514 696 κατά
565 640 624 692 τὸ
664 637 850 708 νοητὸν
892 635 1064 690 ταῦτα
1114 637 1220 690 ὑπὸ
1266 637 1361 690 τοῦ
1414 636 1736 689 Ἀποστόλου
1786 638 1843 689 ἒν
1881 641 1948 709 τῇ

372 733 508 804 πρὸς
536 726 944 794 Θεσσαλονικεῖς
998 728 1363 800 παρίστασθαι
1403 729 1712 799 Ἐπιστολῇ.
1751 727 1814 780 Τί
1840 731 1949 801 γάρ

368 825 484 876 ἐστι
520 822 580 874 τὸ
611 819 978 890 ἀναλούμενον
998 820 1074 890 τῷ
1105 818 1374 890 πνεύματι
1398 818 1492 872 τοῦ
1521 819 1787 888 στόματος
1815 817 1947 888 Χρι-

366 913 530 979 στοῦ,
579 911 816 984 Χριστοῦ
881 912 1244 981 τυγχάνοντος
1300 909 1476 976 Λόγου
1544 909 1638 960 καὶ
1690 908 1949 978 ἀληθείας

364 1006 460 1060 καὶ
495 1004 705 1073 σοφίας,
737 1002 770 1073 ἢ
804 1002 868 1056 τὸ
904 1002 1132 1073 ψεῦδοςς
1169 1001 1280 1054 Καὶ
1316 1001 1370 1054 τί
1403 999 1465 1052 τὸ
1500 999 1946 1070 καταργούμενον

361 1097 426 1164 τῇ
479 1093 770 1164 ἐπιφανείᾳ
825 1093 924 1162 τῆς
977 1093 1275 1163 παρουσίας
1315 1089 1572 1162 Χριστοῦ,
1628 1088 1820 1159 σοφίας
1853 1091 1946 1143 καί⁸

365 1183 539 1251 Λόγου
585 1181 900 1251 νοουμένου,
935 1179 966 1250 ἣ
1020 1182 1126 1233 πᾶν
1173 1179 1232 1232 τὸ
1288 1177 1758 1248 ἐπαγγελλόμενον
1804 1174 1946 1231 εἶναι

363 1275 548 1343 σοφία,
611 1273 880 1343 τυγχάνον
931 1272 988 1326 δὲ
1042 1271 1100 1326 ἓν
1157 1271 1384 1336 τούτων,
1425 1266 1499 1325 ὧν
1532 1271 1561 1323 6
1588 1270 1722 1334 Θεὸς
1773 1270 1944 1342 δράσ-

363 1382 515 1418 σεται
545 1363 672 1428 τοὺς
711 1365 784 1435 μὴ
809 1363 968 1427 ὄντας
999 1366 1064 1434 τῇ
1094 1361 1324 1434 ἀληθινῇ
1357 1361 1520 1432 σοφία
1553 1361 1750 1429 σοφοὺς
1778 1359 1856 1431 (9.)
1889 1361 1946 1412 ὲν

358 1460 424 1528 τῇ
479 1457 784 1529 πανουργίᾳ
833 1457 1044 1522 αὐτῶνς
1083 1457 1207 1510 Ὀτι
1253 1457 1283 1508 6
1329 1456 1584 1525 Ἰωάννης
1628 1453 1944 1524 θαυμασιώ-

356 1566 495 1603 τατα
547 1550 604 1600 ὲν
652 1551 762 1611 τοῖς
803 1548 932 1618 περὶ
976 1547 1071 1600 τοῦ
1111 1547 1408 1618 ὀχουμένου
1452 1544 1528 1615 τῷ
1569 1543 1747 1614 λευκῷ
1789 1545 1940 1614 ἵππῳ

357 1639 530 1706 Λόγου
564 1637 696 1708 φησὶ⁸
724 1637 816 1691 καὶ
845 1638 922 1690 τό·
965 1655 983 1687 r
1023 1638 1087 1690 Oi
1115 1635 1384 1705 ὀφθαλμοὶ¹
1417 1635 1473 1688 δὲ
1514 1633 1676 1686 αὐτοῦ
1707 1635 1782 1696 ὡς
1809 1633 1939 1702 φλὸξ

2052 453 2324 522 paritione
2363 451 2666 521 praesentia:
2708 465 2818 505 sua:
2842 451 2907 504 ⁸³.
2941 451 3007 506 Et
3034 452 3156 507 vide
3190 468 3257 505 an
3289 453 3403 508 Iure
3434 471 3630 510 secun-

2053 545 2178 595 dutn
2208 541 2507 612 spiritalem
2538 556 2757 596 sensum
2786 541 3116 596 subinnuere
3149 542 3632 612 volueritAposto-

2053 633 2137 688 lus
2161 634 2211 687 itt
2245 634 2483 701 Epistula
2527 635 2592 686 ad
2621 634 3160 692 'l'ltessalonieenses.
3209 634 3347 702 Quid
3377 640 3520 692 enim
3544 653 3630 695 est

2051 727 2193 796 quod
2223 726 2416 794 spiritu
2443 727 2558 780 oris
2583 726 2787 780 Christi
2823 726 3172 790 interﬁcitur,
3214 745 3335 783 cum
3377 731 3629 786 Christus

2050 816 2120 870 sit
2171 816 2384 880 Sermo,
2419 818 2622 872 veritas
2645 827 2698 870 et
2732 817 3030 885 sapientia,
3091 821 3191 874 nisi
3241 822 3629 876 mendacium?

2050 909 2113 962 Et
2139 909 2265 978 qttid
2296 918 2376 962 est
2413 909 2541 964 illud
2583 911 2727 979 quod
2756 911 3060 964 destruitur
3104 913 3445 980 apparitione
3484 929 3626 984 pra:-

2050 1002 2236 1056 sentite
2257 1001 2432 1056 Citri5t
2446 1003 2483 1066 i,
2509 1003 2598 1072 qui
2624 1003 2892 1072 sapientia
2910 1013 2964 1058 et
2981 1003 3172 1058 Sermo
3190 1005 3623 1067 considerantur,

2050 1095 2154 1150 nisi
2198 1095 2250 1148 id
2277 1111 2439 1150 omne
2474 1099 2618 1165 quod
2653 1097 2942 1164 proﬁtetur
2992 1109 3052 1150 se
3102 1107 3222 1149 esse
3275 1096 3626 1164 sapientiam,

2049 1202 2210 1239 unum
2263 1203 2392 1241 vero
2418 1198 2597 1242 estex
2637 1187 2766 1252 illis,
2803 1187 3001 1256 quibus
3062 1187 3477 1254 comprehcndit
3530 1203 3628 1242 eos

2048 1277 2139 1345 qtti
2199 1293 2304 1331 non
2349 1288 2473 1332 sunt
2519 1281 2798 1346 sapientes
2830 1291 2962 1330 vera
2997 1277 3293 1346 sapientia,
3327 1277 3381 1330 itt
3411 1277 3630 1332 vafritie

2048 1366 2332 1436 ipsorum?
2364 1368 2549 1434 Quare
2581 1368 2717 1422 mire
2747 1381 2808 1421 ac
2827 1381 2990 1435 supra
3018 1366 3232 1419 modum
3267 1366 3334 1421 de
3361 1365 3627 1420 Sermone

2048 1457 2324 1514 disserens
2349 1458 2609 1523 Joannes,
2651 1459 2743 1527 qui
2778 1473 2921 1526 cquo
2948 1458 3072 1510 albo
3095 1457 3413 1518 vehebatur,
3451 1457 3628 1525 inquit

2045 1550 2210 1601 etiam
2232 1549 2394 1606 illud:
2416 1551 2594 1606 tOculi
2616 1562 2794 1606 autem
2814 1551 2928 1619 ejus
2952 1551 3098 1602 velut
3126 1549 3339 1603 flamma
3366 1551 3505 1620 ignis
3519 1552 3622 1604 ⁸⁸.»

2046 1635 2117 1690 Ut
2152 1637 2296 1689 enim
2332 1637 2548 1694 ﬂamma
2584 1641 2754 1703 clara,
2790 1641 2996 1708 pariter
3037 1649 3090 1694 et
3121 1639 3322 1703 lucida,
3346 1641 3460 1709 jam
3496 1655 3626 1695 vero

357 1729 548 1800 πυρός.
588 1748 607 1781 ι
651 1729 741 1792 Ὠς
769 1727 878 1798 γὰρ
903 1729 937 1798 ἡ
978 1725 1112 1796 φλὸξ
1139 1727 1310 1798 πυρὸς
1338 1726 1397 1778 τὸ
1418 1723 1665 1794 λαμπρὸν
1693 1724 1811 1794 ἅμα
1841 1725 1932 1776 καὶ

2038 1725 2201 1780 etiam
2237 1728 2391 1799 ignea
2440 1739 2527 1786 est
2575 1739 2628 1786 et
2671 1731 3048 1801 consumptrix
3097 1731 3497 1796 materialium,
3543 1733 3624 1787 sic

355 1820 708 1890 φωτιστικὸν,
749 1818 831 1872 ἔτι
867 1819 925 1872 δὲ
964 1818 1060 1872 καὶ
1101 1817 1346 1888 πυρῶδες
1375 1815 1507 1886 ἔχει,
1544 1816 1639 1868 καὶ
1669 1815 1931 1870 ἀναλωτι-

354 1912 451 1965 κδν
499 1912 609 1965 τῶν
671 1910 1054 1982 ὑλικωτέρωνο
1101 1907 1272 1971 οὕτως
1321 1909 1390 1971 oi,
1435 1906 1500 1959 ἵν’
1540 1905 1716 1972 οὕτως
1769 1909 1928 1972 εἴπω,

349 2003 622 2074 ὀφθαλμοὶ
643 2002 738 2055 τοῦ
765 2001 936 2071 Λόγου
963 1995 1044 2064 οἷς
1074 1999 1301 2070 βλέπει,
1350 2000 1445 2054 καὶ
1477 2001 1584 2063 πᾶς
1616 2000 1645 2052 ό
1691 2000 1932 2071 μετέχων

349 2093 518 2147 αὑτοῦ
539 2134 556 2158 ,
601 2094 737 2164 πρὸς
763 2093 838 2163 τῷ
866 2091 952 2145 διὰ
987 2089 1097 2144 τῶν
1138 2089 1560 2162 ἐνυπαρχουσῶν
1605 2090 1755 2161 αὑτῷ
1786 2092 1934 2144 ἀντι-

349 2183 726 2254 λαμϐάνεσθαι
754 2182 862 2236 τῶν
889 2181 1118 2252 νοητῶν,
1162 2180 1421 2234 άναλοῦσι
1468 2181 1564 2234 καὶ
1612 2181 1933 2250 ἀφανίζουσι

345 2275 418 2328 τὰ
449 2273 750 2344 ὑλικὼτερα
776 2273 869 2326 καὶ
896 2270 1182 2344 παχύτερα
1215 2270 1324 2325 τῶν
1359 2272 1676 2343 νοημάτων·
1714 2272 1932 2327 πάντων

342 2367 402 2419 δὲ
463 2367 561 2437 τὴν
613 2366 899 2437 ίσχνότητα
946 2365 1044 2418 καὶ
1109 2365 1415 2436 λεπτότητα
1473 2365 1782 2435 ἐκπέφευγε
1831 2367 1931 2436 τῆς

344 2456 602 2528 ἀληθείας
635 2458 705 2512 τὰ
752 2455 1110 2510 όπωσποτοῦν
1157 2456 1486 2528 ψευδόμενα.
1532 2457 1682 2510 Πάνυ
1729 2457 1787 2511 δὲ
1841 2474 1929 2511 τε-

341 2547 634 2618 ταγμένως
682 2546 819 2616 μετὰ
884 2545 976 2600 τὸν
1016 2546 1093 2616 (5)
1159 2547 1218 2597 ὲν
1283 2545 1598 2617 δικαιοσύνῃ
1643 2546 1921 2618 κρίνοντα,

345 2641 439 2693 καὶ
507 2640 647 2692 κατὰ
703 2639 763 2692 τὸ
815 2640 874 2692 έν
927 2638 1244 2710 δικαιοσύνῃ
1300 2637 1506 2709 κρίνειν
1565 2637 1926 2708 πολεμοῦντα,

342 2733 472 2802 ἑξῆς
507 2732 564 2785 δὲ
607 2732 668 2784 τὸ
697 2732 772 2802 (4)
805 2731 1063 2802 πολεμεῖν
1116 2730 1450 2800 φωτίζοντα,
1498 2730 1824 2801 ἐπιφέρεται
1865 2731 1929 2785 τὸ

343 2825 439 2877 ἐπὶ
499 2822 598 2895 τὴν
652 2822 895 2894 κεφαλὴν
952 2818 1094 2876 εἶναι
1147 2822 1310 2875 αὑτοῦ
1373 2820 1545 2874 πολλὰ
1597 2821 1924 2890 διαδήματα.

344 2916 410 2968 El.
439 2915 538 2984 μὲν
565 2914 674 2986 γὰρ
695 2915 752 2966 ἓν
781 2909 850 2984 ἦν
873 2915 966 2967 καὶ
989 2914 1262 2985 μονοειδὲς
1287 2913 1348 2967 τὸ
1375 2913 1591 2983 ψεῦδος,
1615 2907 1809 2966 καθ’οὗ
1835 2914 1926 2968 τὸν

343 3007 612 3075 στέφανον
658 3005 976 3076 ἡττωμένου
1032 3004 1334 3075 ἐλάμϐανεν
1389 3007 1418 3058 6
1456 3006 1686 3075 νικήσας
1734 3004 1925 3068 πιστὸς

339 3097 437 3151 καὶ
469 3097 724 3168 ἀληθινὸς
757 3095 952 3166 Λόγος,
983 3097 1076 3150 καὶ
1104 3097 1161 3148 ἒν
1186 3095 1422 3167 διάδημα
1466 3095 1809 3168 περικεῖσθαι
1839 3095 1929 3148 εὑ-
1955 3079 1998 3136 (ἶ

337 3189 512 3257 λόγως
566 3187 961 3259 άναγέγραπτο
1006 3190 1034 3242 6
1085 3188 1460 3260 ἐπικρατήσας
1513 3189 1620 3241 τῶν
1671 3187 1930 3241 ἐναντίων

338 3281 474 3335 θεοῦ
522 3281 715 3350 Λόγος
751 3281 871 3334 νυνὶ
903 3280 960 3334 δὲ
1001 3279 1208 3334 πολλῶν
1252 3279 1420 3332 ὄντων
1446 3280 1553 3332 τῶν
1590 3280 1927 3349 ἐπαγγελλο-

343 3375 520 3446 μένων
548 3374 651 3444 τὴν
691 3373 952 3445 ἀλήθειαν
989 3371 1221 3442 ψευδῶν,
1255 3372 1376 3425 καθ’
1403 3366 1479 3427 ὧν
1517 3373 1930 3444 στρατευσάμε-

337 3484 427 3529 νος
453 3468 482 3519 6
519 3466 692 3534 Λόγος
731 3463 1114 3534 στεφανοῦται,
1153 3465 1323 3518 πολλὰ
1357 3465 1616 3537 γινόμενα
1654 3465 1724 3519 τὰ
1752 3465 1930 3538 διαδή-

341 3573 486 3626 ματα
515 3559 580 3628 τῇ
611 3555 822 3627 κεφαλῇ
848 3555 940 3609 τοῦ
969 3557 1147 3610 πάντα
1185 3556 1508 3626 νικήσαντος
1539 3558 1924 3628 περικείμενα,

341 3649 437 3700 καὶ
461 3647 700 3716 ἑκάστης
722 3646 778 3698 δὲ
798 3645 1256 3716 άποστατησάσης
1277 3646 1559 3718 ἐνεργείας
1580 3647 1656 3718 (ὅ)
1680 3647 1924 3717 κρατῶν,

340 3738 512 3792 πολλά
549 3737 861 3809 διαδήματα
883 3737 962 3808 τῷ
1000 3740 1157 3810 νικᾷν
1193 3738 1552 3810 περιτίθεται.
1595 3739 1750 3810 Ἑξῆς
1789 3739 1927 3808 μετά

336 3832 404 3884 τά
416 3831 728 3901 διαδήματα
755 3831 1174 3900 ἀναγέγραπται
1191 3829 1334 3899 ἔχειν
1357 3830 1526 3900 ὄνομα
1543 3830 1928 3900 γεγραμμένον

334 3922 364 3975 ὃ
399 3922 572 3986 οὐδεὶς
599 3917 760 3984 οἶδεν,
791 3923 838 3973 εί
874 3921 948 3992 μὴ
972 3921 1152 3983 αὐτός’
1190 3915 1342 3984 οὗτος
1371 3919 1479 3991 γὰρ
1507 3923 1534 3973 6
1568 3920 1806 3990 ἔμψυχος
1828 3919 1930 3974 Λό-

333 4031 430 4083 γος
479 4012 766 4066 ἐπίσταταί
814 4029 938 4066 τινα
989 4011 1170 4083 μόνος,
1198 4011 1286 4064 διὰ
1329 4011 1389 4064 τὸ
1433 4010 1818 4082 ὑποδεέστερον
1872 4011 1929 4062 ὲν

332 4110 446 4169 τοῖς
469 4106 591 4175 ἑξῆς
615 4107 865 4174 γενητοῖς
882 4104 980 4175 τῆς
1003 4102 1221 4172 φύσεως
1249 4100 1440 4164 αὐτοῦ,
1458 4099 1671 4164 οὐδενός
1695 4098 1931 4171 χωροῦν-

333 4215 426 4261 τος
462 4196 640 4250 πάντα
667 4194 702 4248 ὃ.
731 4197 937 4258 ἐκεῖνος
970 4190 1382 4262 καταλαμϐάνει
1417 4191 1663 4263 θεωρεῖν.
1685 4191 1841 4261 Τάχα
1867 4189 1922 4242 δὲ

333 4287 430 4340 καὶ
476 4286 525 4337 οἱ
574 4283 891 4354 μετέχοντες
947 4283 1156 4335 ἐκείνου
1203 4281 1295 4334 τοῦ
1343 4280 1517 4349 Λόγου
1568 4279 1718 4351 μόνοι
1775 4280 1927 4351 παρά

2039 1818 2208 1883 oculi,
2245 1830 2302 1874 ut
2334 1822 2407 1875 ita
2443 1823 2647 1887 dicam,
2675 1825 2977 1890 Sermonis,
3005 1824 3204 1893 quibus
3233 1836 3288 1879 et
3313 1824 3429 1896 ipse
3452 1825 3624 1890 videt,

2039 1921 2094 1968 et
2128 1914 2374 1984 quisquis
2403 1915 2547 1970 illius
2575 1915 2739 1971 fuerit
2772 1917 3064 1986 particeps,
3087 1927 3446 1989 prarterquam
3477 1919 3623 1988 quod

2039 2005 2350 2075 percipiunt
2381 2007 2744 2076 intelligibilia
2778 2022 2874 2078 per
2903 2023 2964 2064 ea
3007 2024 3128 2078 quae
3164 2009 3216 2064 itt
3249 2009 3370 2078 ipso
3403 2011 3618 2075 insunt,

2040 2097 2340 2153 coniiciunt
2381 2109 2434 2153 et
2466 2089 2838 2156 demetiuntur
2866 2111 3163 2170 conceptus
3194 2103 3526 2168 crassiores,
3567 2114 3624 2158 ct

2042 2191 2214 2260 magis
2247 2192 2561 2246 materiales
2587 2231 2605 2259 ,
2639 2191 2896 2246 omnibus
2947 2192 3442 2262 quomodocunque
3471 2193 3625 2250 falsis

2038 2282 2402 2351 gracilitatem
2463 2292 2518 2337 et
2569 2284 2891 2338 tenuitatem
2957 2283 3202 2338 veritatis
3267 2284 3623 2354 fugientibus.

2039 2373 2208 2428 Valde
2240 2381 2422 2429 autem
2454 2373 2707 2429 ordinate
2731 2385 3020 2446 postquam
3055 2376 3270 2430 induxit
3302 2377 3623 2432 Sermonem

2029 2465 2371 2532 iudicantem
2407 2466 2458 2520 in
2483 2466 2697 2536 justitia
2735 2467 2803 2532 ",
2837 2478 2894 2522 et
2931 2478 2990 2522 ut
3034 2467 3247 2537 judicct
3304 2468 3358 2523 in
3405 2469 3622 2537 justitia

2034 2556 2234 2612 bellum
2269 2567 2569 2626 gerentem,
2618 2557 2729 2629 58
2767 2569 2932 2628 atque
2977 2559 3173 2616 deinde
3226 2572 3350 2631 post
3395 2563 3620 2628 bellum,

2037 2649 2453 2718 illuminanteut,
2493 2651 2621 2706 illud
2676 2652 3050 2723 subiungitur,
3109 2655 3162 2709 in
3221 2655 3392 2724 ipsius
3442 2657 3623 2728 capite

2036 2741 2203 2797 multa
2230 2758 2353 2799 esse
2383 2743 2688 2799 diademata
2716 2745 2783 2800 θ’.
2820 2744 2951 2798 Nam
2982 2745 3029 2800 si
3069 2761 3234 2802 unum
3260 2757 3316 2802 et
3349 2748 3620 2803 uniforme

2033 2847 2184 2892 esset
2209 2837 2551 2891 mendacium
2579 2838 2646 2891 de
2673 2853 2782 2907 quo
2820 2848 3095 2907 prostrato
3123 2855 3380 2894 coronam
3409 2842 3622 2912 accipe—

2034 2940 2117 2984 ret
2147 2929 2346 2994 victor,
2376 2929 2548 2984 ﬁdelis
2572 2941 2628 2986 et
2653 2945 2819 2984 verax
2843 2928 3196 2998 Sermo,jure
3211 2931 3376 2987 etiam
3399 2933 3616 2996 Sermo,

2031 3022 2124 3092 qui
2151 3029 2463 3090 superasset
2490 3021 2594 3075 Deo
2624 3030 3007 3090 repugnantes,
3040 3022 3276 3090 scriptus
3298 3021 3484 3077 fuisset
3511 3040 3619 3077 uno

2035 3114 2340 3168 diademate
2365 3114 2678 3184 insignitus.
2728 3112 2884 3168 Nune
2938 3122 3117 3167 autem
3153 3114 3320 3168 multa
3356 3131 3480 3168 cum
3509 3113 3618 3169 sint

2034 3205 2319 3260 mendacia
2357 3220 2476 3274 quae
2511 3204 2836 3274 proﬁtentur
2865 3205 3174 3271 veritatem,
3204 3207 3464 3262 adversus
3494 3223 3617 3277 qua:

2033 3297 2234 3350 bellum
2273 3312 2471 3367 gerens
2509 3297 2597 3351 ille
2650 3298 2843 3351 Sermo
2893 3307 3216 3365 coronatur,
3275 3299 3438 3352 multa
3489 3308 3619 3354 sunt

2031 3387 2194 3442 etiam
2235 3389 2540 3443 diademata
2591 3389 2756 3459 capiti
2811 3398 3010 3444 cuncta
3067 3390 3292 3445 victoris
3337 3391 3611 3460 imposita.

2031 3479 2173 3547 Quin
2204 3480 2368 3535 etiam
2401 3497 2844 3552 unamquamque
2869 3483 3139 3537 actionem
3178 3482 3431 3538 rebellem
3452 3500 3615 3552 supeo

2031 3584 2182 3636 rans,
2213 3570 2398 3626 multis
2423 3573 2638 3626 eorOuis
2668 3573 2737 3626 ob
2777 3573 3062 3627 victoriam
3098 3573 3451 3642 multiplicem
3486 3575 3618 3629 insi-

2029 3661 2235 3733 guitur.
2274 3662 2466 3718 Dictus
2503 3664 2666 3718 etiam
2695 3675 2814 3733 post
2849 3665 3154 3719 diademata
3179 3666 3341 3734 capiti
3363 3665 3616 3732 imposita

2031 3767 2226 3806 nomen
2247 3751 2449 3806 habere
2468 3753 2756 3820 scriptum,
2776 3753 2920 3820 quod
2942 3767 3102 3806 nemo
3119 3753 3267 3806 novit
3287 3754 3386 3808 nisi
3408 3752 3522 3822 ipse
3546 3751 3616 3820 ”;

2032 3843 2178 3896 novit
2207 3844 2352 3896 enim
2377 3843 2524 3896 solus
2549 3843 2795 3911 quaedam
2825 3843 3097 3898 animatus
3130 3843 3220 3899 ltic
3247 3843 3462 3909 Seruio,
3494 3863 3616 3903 cum

2032 3933 2218 3988 nullus
2245 3934 2448 3988 intueri
2479 3934 2651 4003 possit
2683 3950 2747 3989 ea
2779 3951 2899 4004 qum
2927 3935 3016 3989 ille
3059 3937 3499 4006 comprehendit,
3551 3953 3618 3996 eo

2035 4025 2180 4094 quod
2212 4040 2297 4079 res
2321 4041 2441 4095 quae
2471 4030 2725 4083 continue
2761 4039 3097 4098 generantur
3123 4028 3279 4099 longe
3321 4030 3616 4091 inferiores

2030 4117 2140 4172 sint
2173 4130 2361 4172 natura
2392 4119 2574 4187 ipsius.
2609 4125 2791 4192 Atque
2823 4123 2991 4176 etiam
3026 4121 3282 4178 fortassis
3309 4124 3412 4179 soli
3448 4127 3618 4195 parti-

2030 4209 2178 4279 cipes
2208 4210 2350 4266 illius
2381 4209 2663 4269 Sermonis
2693 4215 2938 4283 quardant
2966 4225 3168 4269 norunt
3195 4232 3316 4284 quae
3341 4217 3614 4270 suntabs-

2028 4295 2244 4348 condita
2297 4311 2404 4349 non
2452 4296 2907 4366 partieipantibus
2959 4299 3131 4352 illum.
3198 4298 3369 4353 Porro
3423 4299 3618 4354 Seruio

331 4380 458 4440 τοὺς
483 4376 560 4448 μὴ
592 4375 918 4447 μετέχοντας
944 4373 1090 4428 ἴσασι
1118 4373 1192 4444 (6)
1211 4373 1277 4426 τὰ
1305 4372 1378 4444 μὴ
1407 4374 1486 4436 εἰς
1512 4371 1756 4428 ἐκείνους
1780 4371 1922 4440 φθά-

2037 4379 2120 4454 ille
2157 4382 2246 4435 Dei
2285 4399 2390 4436 nou
2421 4384 2599 4437 nudus
2628 4399 2655 4436 ιι
2686 4381 2895 4437 Joanne
2924 4386 3170 4438 cernitur
3209 4385 3278 4452 ³³,
3312 4387 3438 4439 dum
3474 4402 3617 4454 equo

333 4487 511 4525 νοντα.
551 4470 626 4521 Οὐ
675 4469 883 4537 γυμνὸς
928 4467 985 4520 δὲ
1033 4465 1112 4537 τῷ
1159 4465 1383 4536 Ἰωάννῃ
1423 4467 1619 4535 ὁρᾶται
1653 4465 1732 4535 τῷ
1767 4465 1922 4536 ἵππῳ

332 4564 628 4634 ὀχούμενος
659 4563 686 4612 6
713 4560 810 4613 τοῦ
836 4559 971 4612 Θεοῦ
999 4560 1200 4628 Λόγος’
1237 4558 1626 4629 περιϐέϐληται
1655 4558 1766 4630 γὰρ
1791 4559 1920 4630 ἱμά-

334 4674 446 4710 τιον
497 4653 847 4728 ὲρραμμένον
901 4653 1116 4721 αἵματι.
1153 4650 1384 4722 ἐπείπερ
1439 4651 1560 4721 ἴχνη
1609 4650 1921 4721 περίκειται

335 4751 364 4802 ό
391 4749 686 4820 γενόμενος
717 4745 889 4813 Λόγος
919 4743 1076 4812 σὰρξ,
1107 4743 1202 4797 καὶ
1245 4743 1333 4798 διὰ
1361 4745 1422 4797 τὸ
1448 4743 1732 4812 γεγονέναι
1784 4741 1921 4814 σὰρξ

335 4839 643 4906 ἀποθανὼν,
683 4839 760 4903 ὡς
787 4835 1134 4908 ’προχυθῆναι
1169 4836 1331 4890 αὐτοῦ
1379 4837 1472 4890 καὶ
1517 4832 1658 4906 αἷμα
1699 4835 1792 4888 ἐπὶ
1819 4834 1919 4905 τὴν

337 4931 462 5000 γῆν,
494 4931 749 4994 νύξαντος
789 4928 886 4982 τοῦ
922 4928 1260 5000 στρατιώτου
1305 4928 1403 4999 τὴν
1440 4929 1680 4999 πλευρὰν
1714 4927 1876 4981 αὐτοῦ
1901 4943 1917 4958 ·

338 5025 548 5076 ἐκείνου
569 5022 661 5074 τοῦ
687 5024 913 5090 πάθους,
932 5023 1073 5094 τάχα
1089 5023 1196 5095 γὰρ
1214 5021 1319 5076 κᾶν
1343 5021 1491 5084 ὅπως
1515 5021 1645 5074 ποτε
1667 5022 1724 5074 ὲν
1740 5023 1806 5091 τῇ
1829 5020 1921 5073 τοῦ

339 5117 513 5186 Λόγου
547 5116 854 5190 ὑψηλοτάτη
882 5117 978 5170 καὶ
1000 5115 1250 5184 άνωτάτῃ
1272 5113 1474 5184 θεωρίᾳ
1503 5113 1810 5184 γενώμεθα,
1830 5113 1925 5164 καὶ

338 5210 437 5281 τῆς
459 5208 719 5280 ἀληθείας
747 5209 808 5262 οὐ
838 5209 1016 5280 πάντη
1045 5205 1444 5277 ἐπιλησόμεθα,
1481 5206 1580 5276 τῆς
1616 5207 1674 5258 ἐν
1710 5203 1924 5276 σώματι

409 5305 457 5336 ⁸⁸³
490 5304 530 5356 ll
556 5301 753 5356 Thess.
800 5317 861 5356 tt.
936 5303 980 5335 ⁹⁰
1009 5304 1187 5372 Apoc.
1216 5315 1332 5354 χιχ.
1379 5298 1464 5353 12.
1543 5299 1585 5333 ⁸⁸
1617 5298 1746 5353 ibid.
1794 5299 1878 5353 ll.

411 5397 486 5467 (‘2)
553 5395 693 5461 Τοὺς
745 5394 841 5467 ,μὴ
903 5393 1080 5467 ὄντας
1129 5393 1207 5464 τῇ
1260 5391 1526 5467 ἀληθινῇ
1576 5399 1761 5461 σοφίᾳ
1817 5409 1926 5467 σο-

339 5463 513 5542 φούς.
567 5467 692 5542 tltee
724 5466 927 5542 desunt
949 5463 1002 5516 in
1031 5467 1272 5519 editione
1310 5465 1514 5529 lluetii,
1547 5468 1638 5519 sed
1671 5465 1928 5534 suppleu-

331 5533 426 5596 .iur
461 5556 490 5588 υ
525 5538 719 5590 codice
749 5533 1062 5588 Bodleiano.

328 5607 336 5662 l
410 5609 486 5677 (5)
533 5605 698 5659 Μετὰ
725 5605 996 5677 τόν-,μα
1026 5602 1114 5677 ita
1144 5603 1302 5677 codd.
1347 5605 1662 5677 Bodleianus
1700 5615 1754 5659 et
1788 5604 1922 5658 Bar-

345 5672 604 5738 bt-riitus;
649 5675 785 5728 male
818 5674 989 5728 editio
1024 5672 1232 5738 lluetii,
1261 5675 1402 5727 κατὰ
1429 5675 1542 5738 τόν,
1568 5686 1677 5730 etc.

416 5748 496 5820 (ti)
549 5744 730 5815 Ἑξῆς
754 5744 820 5798 δὲ
855 5744 942 5812 τό,
975 5752 1080 5800 etc.
1113 5743 1416 5814 Legcudutn
1455 5747 1687 5813 videtur,
1716 5745 1840 5817 ἑξῆς
1866 5745 1924 5798 ὃὲ

1955 5299 2002 5334 ⁹²
2037 5297 2163 5352 ibid.
2193 5297 2278 5352 12.

2032 4451 2154 4521 albo
2172 4467 2406 4531 vehitur,
2434 4468 2526 4522 sed
2547 4467 2925 4522 circmndatus
2949 4479 3098 4524 veste
3121 4451 3390 4538 sanguine
3421 4451 3614 4536 tincta,

2029 4557 2472 4625 quandoquidem
2527 4557 2777 4628 vestigiis
2819 4567 2875 4612 et
2929 4559 3076 4613 notis
3130 4559 3498 4613 circumdatus
3533 4567 3617 4612 cst

2031 4647 2223 4702 Sermo
2252 4647 2429 4702 factus
2458 4664 2610 4714 caro,
2642 4659 2696 4704 et
2725 4651 2931 4705 idcirco
2959 4652 3124 4704 etiam
3159 4661 3409 4705 mortuus
3432 4692 3448 4717 ,
3487 4652 3614 4720 quia

2029 4754 2160 4794 caro
2211 4741 2404 4805 factus,
2455 4741 2529 4793 ita
2575 4751 2635 4795 ut
2669 4742 2988 4811 sanguinem
3028 4756 3194 4810 super
3225 4751 3426 4797 terram
3457 4757 3614 4800 suum

2027 4832 2348 4901 profuderit.
2370 4833 2538 4886 milite
2562 4831 2700 4886 latus
2717 4833 2834 4902 ejus
2850 4843 3140 4904 pungente.
3160 4834 3436 4891 Passionis
3468 4853 3617 4895 nant-

2029 4940 2134 4996 que
2173 4925 2335 4987 illius,
2358 4933 2413 4978 et
2446 4925 2715 4989 veritatis,
2742 4935 2796 4980 et
2822 4926 3054 4983 instituti
3105 4929 3228 4984 vita:
3253 4943 3413 5000 quam
3443 4930 3616 4988 tenuit

2031 5020 2080 5072 in
2117 5032 2348 5086 corpore
2372 5027 2580 5082 nostro,
2615 5019 2760 5074 nulla
2802 5035 2901 5076 nos
2943 5037 3183 5092 unquam
3219 5025 3428 5078 tenebit
3475 5025 3614 5080 obli-

2032 5111 2137 5174 vio,
2163 5111 2328 5194 etiam
2363 5109 2407 5165 si
2429 5109 2658 5166 fortasse
2681 5114 3174 5186 quomodocunque
3201 5117 3615 5186 pervencrimus

2030 5205 2095 5256 ad
2129 5199 2450 5258 altiSsimam
2485 5219 2893 5276 supernamque
2937 5209 3108 5279 ipsius
3139 5209 3419 5265 Sermonis
3444 5218 3500 5264 et
3522 5209 3615 5266 Fi-

2357 5297 2402 5330 ”
2433 5297 2566 5354 ibid.
2641 5299 2686 5332 “
2711 5300 2840 5356 ibid.
2871 5301 2958 5358 15.

2033 5393 2134 5465 τῷ,
2166 5401 2275 5465 etc.

2109 5465 2184 5535 (5)
2218 5464 2579 5534 Ἐνεργείας.
2616 5462 2710 5535 Sic
2754 5465 2910 5520 codd.
2955 5463 3282 5524 Bodleianus
3325 5476 3378 5524 et
3418 5467 3614 5526 Barbe-

2035 5533 2187 5589 riuus
2204 5550 2218 5597 ;
2235 5533 2582 5608 ritate-editio
2613 5533 2815 5602 lluetii,
2844 5537 3149 5608 ἐναργείας.

2106 5608 2183 5679 (ti)
2233 5607 2448 5679 "longa.
2487 5604 2579 5679 _lta
2639 5617 2783 5679 recte
2829 5604 2996 5664 habet
3036 5614 3206 5666 codex
3256 5607 3613 5679 Bodleianus;

2037 5678 2176 5735 male
2217 5691 2343 5733 vero
2368 5674 2568 5748 Regius
2595 5687 2649 5734 et
2674 5676 3026 5750 Barberinus,
3063 5679 3198 5738 ἰᾶσι.
