4082 6224
274 157 383 217 ιεε

1367 157 1737 214 COMMENT.»
1768 157 1836 212 IN
1872 157 2068 217 JOAN.
2111 158 2349 216 Τωιυδ
2384 158 2447 214 ll.

3443 161 3545 220 ηδ

271 271 365 351 ἦν,
400 277 497 332 καὶ
521 271 694 350 οἶμαι,
722 276 805 331 ὅτι
832 274 895 330 οὐ
924 272 1119 345 ψεῦδος
1156 275 1327 330 εἰπεῖν
1362 277 1490 348 περὶ
1546 274 1733 338 αὐτοῦ,
1768 276 1849 329 ὅτι

1956 285 2062 341 tur,
2096 287 2152 334 et
2182 277 2400 342 Smne.
2428 284 2485 332 et
2518 275 2681 340 Dens,
2706 283 2762 330 et
2795 274 3058 344 particula
3077 295 3095 328 ι
3120 276 3173 331 in
3198 277 3489 349 principio,
3515 300 3541 336 ν

273 372 334 427 ὲν
364 372 509 445 ἀρχῇ
539 366 628 443 ἦν,
664 370 758 424 καὶ
791 371 851 424 ἐν
881 370 1022 443 ἀρχῇ
1053 368 1191 439 πρὸς
1227 368 1319 423 τὸν
1353 368 1509 435 Θεὸν,
1549 368 1673 423 οὔτε
1712 369 1851 441 πρὸς

270 461 369 518 τὸν
395 462 531 517 Θεὸν
558 462 715 535 μόνον
742 460 1047 533 τυγχάνων,
1080 461 1203 515 ἐπεὶ
1224 461 1319 516 καὶ
1352 463 1408 516 ὲν
1435 461 1578 533 ἀρχῇ
1607 456 1697 532 ἧν,
1722 459 1853 515 οὔτε

275 548 339 602 ἑν
368 551 511 621 ἀρχῇ
545 548 703 620 μόνον
733 547 830 615 ὢν,
862 548 957 603 καὶ
984 549 1105 620 οὐχὶ
1133 549 1272 622 πρὸς
1310 548 1404 603 τὸν
1436 548 1574 604 Θεὸν
1602 548 1701 616 ὢν,
1731 550 1856 603 ἐπεὶ

277 656 302 692 ι
340 633 495 704 οὗτος
525 636 596 712 ἦν
635 643 692 696 ὲν
725 642 867 713 ἀρχῇ
899 641 1037 714 πρὸς
1064 641 1158 695 τὸν
1187 641 1342 697 Θεόν.
1373 660 1392 695 ι

1959 372 2040 427 sic
2092 371 2470 442 coniungatur,
2495 369 2836 437 nudaturque
2876 368 3062 432 etiam,
3089 387 3108 418 ι
3143 371 3282 439 apud
3313 369 3537 435 Deuth

1958 464 2095 518 nihil
2123 462 2396 519 omittitur
2425 476 2642 537 eorum
2692 474 2815 530 qua:
2843 470 2972 515 sunt
3004 459 3056 514 in
3088 460 3262 514 tribus
3293 464 3543 531 proposi-

1962 554 2222 617 tionibus,
2262 554 2407 622 quod
2442 550 2757 607 summatim
2790 564 2899 604 non
2927 551 3423 619 comprehendatur
3450 566 3540 606 re-

1957 645 2134 701 dactis
2169 643 2345 700 tribus
2392 639 2855 713 propositionibus
2905 640 2960 694 in
3006 654 3198 695 unum.
3230 638 3369 695 Vide
3410 654 3541 695 vero

272 747 341 787 an
371 730 487 788 ﬁeri
519 733 688 801 possit
731 740 793 788 ut
830 732 993 788 etiam
1033 734 1172 789 duas
1223 748 1311 789 res
1356 733 1627 813 dicamus,
1666 737 1795 807 quia
1833 739 1917 796 bis
1955 739 2189 805 dicatur,
2232 754 2253 788 ι
2296 735 2348 790 in
2389 732 2680 804 principio,
2722 749 2743 784 ι
2776 729 3261 801 alteramquidem,
3301 732 3445 800 quod
3484 732 3541 786 in

271 820 541 894 principio
581 831 699 878 erat
735 823 826 880 ille
869 822 1083 889 Sermo,
1127 825 1283 896 quasi
1320 826 1483 881 etiam
1532 841 1600 883 ex
1647 843 1707 883 se
1743 841 1912 897 esset,
1948 841 2002 888 et
2037 846 2143 887 non
2186 828 2412 886 omnino
2441 826 2584 896 apud
2613 824 2892 895 aliquem;
2932 822 3158 878 alteram
3186 839 3352 890 vero,
3394 824 3538 894 quod

269 915 327 972 in
376 914 643 986 principio
686 915 829 986 apud
878 915 1044 972 Deum
1090 927 1229 972 erat.
1271 917 1556 988 Memnque
1599 929 1684 976 est
1715 921 1987 992 judicium
2036 922 2241 991 absque
2284 919 2571 976 mendacio
2614 918 2722 973 dici
2760 930 2918 987 posse
2965 917 3033 970 de
3075 930 3141 969 eo
3188 916 3332 985 quod
3376 926 3433 970 et
3483 917 3536 969 iu

270 1005 536 1076 principio
569 1015 711 1075 erat,
744 1016 801 1063 et
828 1008 885 1063 ia
928 1009 1192 1079 principio
1236 1011 1375 1080 apud
1410 1009 1602 1079 Deum,
1638 1029 1818 1084 neque
1849 1015 1988 1087 apud
2009 1016 2118 1089 60
2149 1016 2315 1070 Deum
2343 1012 2518 1069 solent
2555 1011 2843 1075 exsistens,
2878 1008 3131 1077 quoniam
3179 1008 3230 1061 iu
3270 1008 3542 1078 principio

268 1102 407 1155 erat.
435 1107 610 1162 neque
637 1094 690 1149 in
718 1095 989 1166 principio
1019 1096 1191 1152 solum
1225 1098 1517 1166 exsistens,
1544 1109 1601 1155 et
1628 1114 1737 1155 non
1787 1102 1928 1170 apud
1966 1102 2137 1158 Deum
2172 1102 2443 1158 exsistens
2466 1139 2483 1165 ,
2529 1098 2788 1170 quoniam
2842 1115 2861 1148 ι
2894 1097 2984 1152 hic
3018 1107 3138 1152 erat
3172 1096 3225 1151 iu
3274 1099 3543 1170 principio

267 1184 406 1255 apud
434 1183 624 1241 Deum.
661 1201 680 1236 ι

336 1278 393 1333 6.
420 1277 624 1333 Πάντα
647 1272 724 1332 δι’
746 1280 934 1335 αὐτοῦ
974 1281 1231 1353 ἐγένετο.
1268 1283 1539 1338 Οὐδέποτε
1565 1285 1668 1356 τὴν
1700 1284 1853 1357 πρώ-

266 1385 368 1442 την
391 1367 576 1442 χώραν
604 1369 716 1441 ἔχει
772 1371 834 1425 τὸ
888 1373 965 1426 δι’
995 1370 1090 1441 οὗ,
1116 1374 1377 1448 δευτέραν
1400 1376 1457 1429 δὲ
1485 1376 1574 1429 ἀεί
1593 1393 1608 1407 °
1652 1371 1765 1431 οἷον
1791 1378 1851 1431 ὲν

265 1463 333 1532 τῇ
378 1459 515 1531 πρὸς
557 1459 883 1533 Ῥωμαίους·
926 1478 945 1515 ι
984 1462 1199 1528 Παῦλος
1241 1465 1461 1532 δοῦλος,
1508 1470 1672 1541 φησι,
1713 1469 1849 1542 Χρι-

1963 1290 1974 1312 ⁸
2030 1279 2084 1336 6.
2121 1278 2313 1334 Omnia
2340 1294 2433 1347 per
2452 1277 2627 1347 ipsum
2658 1276 2803 1346 facta
2824 1283 2945 1329 sunt
2972 1273 3040 1328 ⁸⁸.
3078 1272 3361 1344 Nunquam
3390 1275 3547 1345 prin-

1957 1372 2135 1442 cipem
2180 1369 2354 1425 locum
2381 1368 2546 1422 habet
2575 1367 2841 1436 particula
2860 1382 2953 1433 per
2973 1382 3161 1436 quem,
3194 1368 3289 1420 scd
3320 1382 3542 1437 semper

1955 1464 2284 1527 secundum,
2316 1459 2483 1516 veluti
2520 1461 2570 1514 in
2602 1459 2844 1529 Epistula
2866 1460 2935 1512 ad
2964 1461 3323 1524 Romanos”,
3356 1479 3376 1512 ι
3403 1461 3540 1514 Pan-

267 1548 396 1602 στοῦ
439 1548 615 1620 Ἰησοῦ
639 1590 655 1615 ,
708 1551 908 1623 κλητὸς
961 1555 1262 1620 ἀπόστολος
1294 1596 1309 1621 ,
1346 1557 1726 1629 ἀφωρισμένος
1767 1559 1849 1623 είς

1956 1554 2037 1611 lus
2066 1566 2289 1617 servus,
2327 1550 2525 1619 inquit,
2563 1548 2690 1604 Jesu
2714 1549 2940 1612 Christi,
2980 1559 3207 1603 vocatus
3243 1551 3307 1603 ad
3342 1567 3537 1605 mnntts

267 1639 597 1710 Εὐαγγέλιον
622 1640 781 1708 Θεοῦ,
815 1641 847 1697 ὃ
874 1645 1356 1716 προεπηγγείλατο
1383 1645 1470 1699 διὰ
1503 1647 1615 1703 τῶν
1636 1664 1850 1722 προφη-

265 1730 374 1784 τῶν
400 1730 566 1786 αὐτοῦ
602 1731 662 1784 ὲν
694 1730 948 1803 Γραφαῖς
976 1735 1164 1803 ἁγίαις
1192 1736 1319 1806 περὶ
1347 1735 1444 1789 τοῦ
1482 1737 1613 1791 Υίοῦ
1654 1738 1845 1805 αὑτοῦ,

265 1820 361 1875 τοῦ
409 1821 705 1892 γενομένου
762 1825 829 1876 ὲκ
888 1823 1198 1896 σπέρματος
1240 1826 1405 1880 Δαυῖδ
1450 1827 1595 1882 κατὰ
1641 1829 1845 1903 σάρκα,

263 1909 359 1965 τοῦ
395 1911 711 1984 ὁρισθέντος
742 1911 876 1967 Υίοῦ
909 1913 1039 1967 Θεοῦ
1073 1917 1131 1968 ἐν
1168 1914 1414 1988 δυνάμει,
1460 1918 1603 1973 κατὰ
1631 1920 1848 1993 πνεῦμα

264 1999 580 2075 ἁγιωσύνης
603 2043 618 2068 ,
659 2002 718 2070 ἐξ
750 2003 1099 2069 ἀναστάσεως
1128 2005 1340 2078 νεκρῶν
1381 2006 1559 2081 Ἰησοῦ
1607 2010 1848 2082 Χριστοῦ

263 2090 360 2145 τοῦ
395 2094 606 2165 Κυρίου
638 2093 815 2165 ἡμῶν,
860 2094 927 2148 δι’
968 2089 1029 2150 οῦ
1078 2096 1349 2169 ἐλάϐομεν
1390 2099 1492 2171 τὴν
1543 2101 1706 2173 χάριν
1755 2103 1853 2158 καὶ

260 2183 575 2255 ἀποστολὴν
615 2185 694 2249 εἰς
721 2185 981 2258 ὑπακοὴν.
1005 2186 1244 2253 πίστεως
1279 2190 1338 2243 ἐν
1371 2193 1504 2245 πᾶσι
1551 2195 1665 2258 τοῖς
1703 2193 1854 2249 ἔθνε-

264 2288 351 2327 σιν
378 2273 520 2345 ὐπὲρ
545 2272 636 2326 τοῦ
669 2256 931 2344 ὀνόματος
951 2256 1172 2332 αὐτοῦ.»
1207 2279 1265 2332 Ὀ
1289 2278 1400 2352 γὰρ
1419 2279 1553 2345 Θεὸς
1586 2256 1655 2335 τὸ
1671 2283 1851 2353 Εὐαγ-

264 2363 442 2432 γέλιον
487 2365 680 2420 ἑαυτοῦ
733 2370 1206 2440 προεπηγγείλατο
1241 2370 1330 2425 διὰ
1361 2371 1472 2426 τῶν
1508 2374 1805 2445 προφητῶν
1830 2414 1847 2441 ,

266 2452 682 2528 ὑπηρετούντων
707 2457 819 2512 τῶν
851 2461 1165 2532 προφητῶν,
1196 2463 1292 2517 καὶ
1319 2463 1550 2534 ἐχόντων
1581 2464 1672 2518 τὸν
1692 2463 1850 2534 λόγον

261 2545 358 2601 τοῦ
416 2546 491 2601 δι’
513 2543 610 2612 οὗ,
649 2549 746 2604 καὶ
774 2550 956 2616 πάλιν,
982 2552 1012 2606 6
1038 2551 1171 2617 Θεὸς
1196 2553 1361 2608 ἔδωκε
1398 2555 1557 2627 χάριν
1591 2557 1684 2609 καὶ
1714 2557 1851 2610 ἀπο-

267 2638 465 2711 στολὴν
516 2641 601 2706 εἰς
642 2642 893 2713 ὑπακοὴν
932 2643 1172 2709 πίστεως
1227 2646 1284 2699 ὲν
1335 2647 1468 2700 πᾶσι
1521 2650 1634 2712 τοῖς
1672 2647 1850 2703 ἔθνεσι

269 2730 465 2803 Παύλῳ
516 2732 609 2786 καὶ
650 2736 766 2797 τοῖς
808 2733 1049 2802 λοιποῖς
1106 2737 1202 2791 καὶ
1264 2738 1431 2792 ἔδωκε
1480 2738 1569 2794 διά
1611 2740 1849 2813 Χριστοῦ

278 2822 456 2896 Ἰησοῦ
507 2825 603 2879 τοῦ
642 2822 897 2898 Σωτῆρος
923 2825 1141 2899 ἔχοντος
1183 2828 1245 2883 τὸ
1281 2828 1357 2883 δι’
1382 2825 1475 2886 οὗ.
1516 2831 1628 2885 Καὶ
1682 2834 1741 2887 ὲν
1780 2834 1849 2905 τῇ

1952 1641 2332 1713 apostolicum,
2376 1647 2697 1710 segregatus
2740 1639 2793 1692 in
2844 1638 3191 1709 Evangelium
3240 1638 3356 1705 Dei,
3393 1640 3541 1710 quod

1950 1744 2079 1787 ante
2124 1727 2463 1800 promiserat
2492 1741 2591 1796 per
2620 1725 2921 1796 prophetas
2961 1741 3091 1781 suos
3142 1726 3195 1780 in
3235 1726 3541 1797 Scripturis

1949 1822 2157 1878 sanctis
2185 1820 2251 1876 de
2281 1818 2421 1874 Filio
2440 1832 2562 1882 suo,
2592 1818 2682 1888 qui
2710 1819 2929 1888 genitus
2961 1818 3063 1871 fuit
3092 1831 3157 1872 ex
3200 1819 3407 1874 semine
3429 1820 3535 1874 Da-

1949 1912 2041 1966 vid
2087 1912 2389 1967 secundum
2436 1923 2659 1964 carnem
2697 1924 2711 1961 :
2746 1908 2838 1975 qui
2888 1906 3199 1962 declaratus
3233 1907 3332 1963 fuit
3367 1909 3537 1965 Filius

1955 2003 2047 2059 Dei
2073 2016 2196 2058 cum
2227 1999 2490 2071 potentia,
2527 2000 2830 2053 secundum
2860 1997 3112 2066 spiritum
3148 1999 3536 2053 sanctificatio-

1954 2096 2059 2162 nis,
2088 2106 2156 2149 ex
2186 2108 2252 2149 eo
2282 2091 2429 2162 quod
2463 2090 2767 2147 resurrexit
2790 2105 2821 2145 e
2847 2089 3074 2143 mortuis
3102 2087 3261 2145 Jesus
3288 2090 3539 2146 Christus

1954 2187 2219 2243 Dominus
2267 2192 2472 2247 noster,
2526 2196 2625 2251 per
2651 2195 2812 2250 quem
2858 2180 3168 2249 accepimus
3195 2182 3447 2251 gratiam,
3483 2193 3539 2237 et

1953 2277 2235 2349 apostolici
2295 2275 2537 2330 muneris
2578 2271 2946 2335 functioncm,
2982 2281 3037 2328 ut
3082 2273 3372 2329 obediatur
3414 2274 3536 2330 ﬁdei

1954 2371 2102 2425 inter
2136 2381 2331 2423 omnes
2382 2374 2574 2436 gentes
2623 2379 2789 2434 super
2837 2364 3005 2433 ipsius
3050 2366 3292 2422 nomine.
3336 2384 3354 2419 ι
3395 2366 3540 2422 Deus

1951 2461 2095 2516 enim
2123 2458 2476 2527 Evangeliuzn
2496 2471 2654 2509 sumn
2685 2457 3157 2526 praenttntiavcrat
3180 2472 3278 2525 per
3305 2459 3540 2528 prophe-

1954 2560 2076 2619 tas,
2130 2549 2678 2607 snbministrantilms
2735 2547 3055 2616 prophetis,
3103 2557 3156 2603 et
3210 2547 3539 2604 habentibus

1953 2653 2260 2694 sermonem
2296 2634 2460 2695 illius.
2498 2635 2586 2690 cui
2613 2636 2870 2704 competit
2898 2652 2991 2704 per
3009 2652 3182 2704 quem,
3209 2647 3263 2690 et
3293 2653 3532 2704 rursum,

1957 2730 2097 2786 Deus
2129 2729 2274 2786 dedit
2312 2729 2542 2800 gratiam
2592 2737 2649 2782 et
2691 2726 2970 2797 apostolici
3020 2726 3261 2784 muneris
3302 2728 3538 2783 functio.

1954 2832 2078 2876 nem
2109 2818 2274 2876 Paulo
2303 2829 2358 2875 et
2384 2818 2634 2888 reliquis,
2667 2825 2727 2872 ut
2751 2817 3007 2873 obediant
3037 2817 3162 2872 ﬁdei
3189 2832 3381 2873 omnes
3408 2832 3539 2888 geu-

264 2911 406 2985 πρὸς
479 2913 806 2987 Ἑϐραίους,
865 2919 897 2970 6
950 2917 1115 2982 αὐτὸς
1175 2912 1387 2983 Παῦλός
1406 2936 1605 2990 φησιν⁸
1667 2938 1686 2972 ι
1730 2922 1848 2976 Ἐπ’

1959 2923 2069 2979 tes;
2112 2923 2166 2967 et
2191 2911 2338 2967 dedit
2368 2925 2465 2980 per
2504 2908 2782 2965 Christum
2814 2908 3166 2964 Servatorem
3193 2950 3212 2976 ,
3246 2908 3534 2966 habentem

264 3004 498 3077 ισχάτου
532 3006 640 3060 τῶν
665 3007 887 3079 ἡμερῶν
916 3007 1180 3080 ἐλάλησεν
1201 3012 1333 3082 ἡμῖν
1360 3011 1418 3065 ὲν
1444 3011 1580 3084 Υίῷ,
1605 3013 1664 3067 6v
1683 3012 1847 3085 ἔθηκε

264 3096 602 3170 κληρονόμον
628 3097 865 3167 πάντων,
890 3100 956 3155 δι’
977 3092 1039 3155 οὗ
1068 3101 1161 3155 καὶ
1189 3102 1315 3166 τοὺς
1347 3101 1550 3167 αἰῶνας
1569 3102 1842 3176 ὲποίησεί

261 3188 534 3245 διδάσκων
567 3192 752 3263 ἡμᾶς,
792 3191 874 3246 ὅτι
922 3193 951 3247 6
996 3191 1130 3257 Θεὸς
1170 3193 1298 3258 τοὺς
1335 3194 1537 3260 αἰῶνας
1576 3195 1847 3263 πεποίηκε

261 3280 353 3335 διὰ
380 3281 477 3336 τοῦ
503 3282 654 3347 Υίοῦ,
682 3283 741 3338 ἑν
766 3283 844 3357 τῷ
868 3283 995 3349 τοὺς
1019 3284 1221 3350 αἰῶνας
1262 3286 1509 3355 γίνεσθαι
1550 3286 1646 3342 τοῦ
1671 3288 1847 3343 Μονο-

263 3377 456 3443 γενοῦς
504 3374 718 3447 ἔχοντος
747 3376 809 3430 τὸ
837 3375 910 3430 δι’
936 3370 1034 3434 οὗ.
1069 3376 1225 3432 Οὕτω
1273 3378 1453 3433 τοίνυν
1508 3379 1604 3435 καὶ
1658 3380 1848 3435 ἐνθάδε

263 3464 379 3535 (ιο)
417 3465 464 3518 εί
512 3466 690 3522 πάντα
725 3467 814 3521 διὰ
862 3467 958 3522 τοῦ
1005 3468 1181 3539 Λόγου
1214 3470 1452 3540 ἐγένετο,
1495 3471 1594 3544 οὐχ
1627 3472 1731 3528 ὑπὸ
1753 3472 1847 3526 τοῦ

214 3576 221 3587 -
261 3555 441 3625 Λόγου
484 3556 723 3626 ἐγένετο,
767 3559 884 3614 ἀλλ’
946 3561 1056 3615 ὑπὸ
1094 3561 1405 3634 κρείττονος
1453 3563 1548 3616 καὶ
1601 3561 1848 3634 μείζονος

262 3649 420 3722 παρά
445 3650 538 3706 τὸν
565 3652 756 3721 Λόγον.
788 3652 885 3716 Τίς
933 3652 980 3706 δ’
1032 3651 1098 3709 ἂν
1140 3652 1300 3719 ἄλλος
1343 3649 1497 3719 οὗτος
1536 3654 1779 3728 τυγχάνῃ
1812 3655 1846 3729 ἢ

260 3741 295 3795 6
322 3740 905 3813 Πατήρ;Ἐξεταστέον
931 3742 1008 3809 δὲ,
1033 3743 1268 3813 ἀληθοῦς
1300 3744 1453 3810 ὄντος
1478 3745 1596 3811 τοῦ,
1615 3765 1633 3799 ι
1662 3747 1850 3801 Πάντα

260 3829 333 3883 δι’
363 3831 531 3884 αὐτοῦ
553 3832 823 3901 ὲγένετο,»
849 3835 898 3887 εί
922 3834 1102 3888 καὶτὸ
1128 3835 1356 3906 Πνεῦμα
1378 3835 1440 3889 τὸ
1470 3836 1625 3904 ἅγιον
1650 3836 1719 3891 δι’
1747 3838 1851 3891 αὑ·-

260 3922 360 3976 τοῦ
386 3922 621 3992 ἐγένετο.
644 3923 811 3997 Οἶμαι
841 3926 971 3999 γὰρ,
992 3927 1078 3980 ὅτι
1099 3926 1177 3999 τῷ
1208 3927 1308 3999 μὲν
1328 3927 1590 3997 φάσκοντι
1620 3929 1851 4002 γενητὸν

262 4013 401 4094 αὐτὸ
430 4008 592 4080 εἶναι,
628 4016 724 4069 καὶ
742 4017 1054 4089 προϊεμένῳ
1082 4018 1171 4071 τό⁶
1196 4035 1215 4069 ι
1246 4016 1431 4070 Πάντα
1451 4016 1519 4071 δι’
1540 4016 1706 4071 αὐτοῦ
1731 4018 1853 4088 ἐγέ-

263 4122 408 4169 νετο,
436 4126 455 4158 ι
489 4107 785 4175 ἀναγκαῖον
816 4107 1247 4180 παραδέξασθαι,
1262 4107 1422 4162 ὅτιτὸ
1446 4110 1601 4177 ἆγιον
1627 4108 1852 4180 Πνεῦμα

264 4199 354 4253 διὰ
384 4198 480 4252 τοῦ
508 4199 683 4269 Λόγου
720 4201 958 4270 ἐγένετο,
1002 4200 1378 4274 πρεσϐυτέρου
1408 4200 1538 4273 παρ’
1569 4201 1705 4256 αὐτὸ
1737 4199 1849 4273 (Ἠ)

1955 3003 2273 3075 particulam
2302 3017 2398 3071 per
2439 3018 2610 3072 quem.
2650 3001 2711 3055 Et
2747 3001 2800 3055 in
2824 2999 3061 3071 Epistula
3115 3002 3182 3056 ad
3236 3000 3487 3057 Hebraeos
3519 3000 3537 3033 ¹

1956 3097 2073 3165 ipse
2101 3094 2299 3150 Paulus
2351 3095 2551 3162 inquit,
2595 3111 2614 3145 ι
2650 3092 2706 3148 ln
2738 3093 3057 3149 novissimis
3099 3093 3292 3148 diebus
3328 3092 3542 3149 locutus

1954 3196 2041 3245 est
2067 3187 2223 3243 nobis
2252 3187 2304 3241 in
2342 3185 2501 3249 Filio,
2533 3202 2693 3257 quem
2740 3186 2920 3257 posuit
2956 3185 3230 3241 hazredcm
3270 3186 3537 3251 omnium,

1956 3293 2053 3346 per
2075 3292 2236 3342 quem
2262 3276 2394 3332 fecit
2415 3285 2470 3332 et
2501 3277 2720 3343 saecula,
2748 3295 2767 3330 ι
2794 3277 3000 3333 ducens
3030 3294 3129 3331 nos
3148 3276 3312 3331 Deum
3343 3278 3538 3331 secula

1956 3369 2153 3425 fecisse
2196 3384 2294 3436 per
2324 3368 2520 3424 Filium
2548 3408 2563 3434 ,
2609 3368 2902 3437 Uuigenito
2944 3368 3182 3422 habente
3215 3366 3537 3436 particulam
3614 3386 3618 3391 θ

1953 3458 2033 3514 δι’
2058 3454 2138 3526 οῦ,
2158 3458 2235 3532 [id
2258 3468 2362 3525 est,
2380 3474 2471 3526 per
2484 3454 2683 3529 quem,]
2705 3459 2830 3512 dum
2851 3452 3046 3513 smcnla
3077 3456 3290 3510 tierent.
3322 3455 3414 3511 Sic
3443 3455 3541 3525 ξετε-

1957 3561 2045 3607 ιιιι·
2073 3550 2177 3606 hoc
2204 3549 2370 3611 etiam
2402 3549 2456 3605 in
2488 3547 2625 3614 loco,
2652 3548 2697 3604 si
2721 3550 2900 3603 omnia
2935 3564 3032 3618 per
3054 3547 3372 3601 Sermonem
3396 3545 3539 3599 facta

1954 3641 2196 3706 fuerunt,
2217 3656 2324 3696 non
2349 3655 2378 3694 a
2403 3640 2668 3695 Sermone
2695 3639 2839 3692 facta
2872 3637 3222 3701 fuerunt,sed
3252 3637 3321 3689 ab
3354 3650 3421 3690 eo
3447 3634 3540 3704 qui

1957 3738 2073 3808 ipso
2114 3735 2380 3791 Sermone
2410 3728 2585 3798 major
2631 3740 2736 3796 est,
2765 3744 2926 3800 quem
2957 3730 3083 3799 quis
3131 3727 3294 3782 alium
3341 3728 3543 3784 dixerit
3574 3730 3591 3775 ι

1956 3842 2118 3898 quam
2165 3824 2380 3878 Patrem
2415 3823 2588 3892 ipsum
2625 3821 3033 3889 ‘l-Qurerendum
3063 3829 3149 3876 est
3184 3830 3240 3875 ct
3284 3820 3440 3885 illud,
3470 3835 3540 3885 an

1956 3919 2074 3988 ipse
2101 3916 2266 3973 etiam
2306 3913 2543 3986 Spiritus
2564 3905 2790 3970 sanctus
2812 3914 3103 3985 peripsnm
3134 3912 3207 3968 sit
3232 3912 3431 3978 factus,
3449 3927 3543 3968 ve-

1954 4020 2076 4066 rum
2104 4024 2225 4064 cum
2258 4008 2350 4075 sit,
2383 4007 2565 4062 omnia
2592 4022 2690 4077 per
2723 4004 3043 4062 Sermonem
3079 4005 3221 4061 facta
3252 4004 3439 4061 fuisse.
3462 4010 3541 4061 Ac

1959 4116 2080 4158 meo
2104 4100 2322 4171 quidem
2356 4098 2586 4170 judicio,
2618 4098 2662 4155 si
2694 4098 2818 4169 quis
2852 4100 2998 4154 dicat
3024 4095 3230 4152 factum
3261 4112 3387 4152 esse
3419 4095 3542 4166 Spi-

1954 4194 2123 4249 ritum
2172 4202 2444 4259 sanctum,
2476 4201 2532 4248 et
2563 4193 2822 4247 admittat
2865 4191 3048 4246 omnia
3078 4204 3178 4259 per
3216 4188 3542 4245 Sermonem

264 4288 363 4343 τοῦ
407 4290 582 4359 Λόγου
628 4291 1003 4363 τυγχάνοντος.
1055 4291 1145 4365 Τῷ
1191 4292 1249 4347 δὲ
1299 4293 1374 4365 μὴ
1427 4292 1737 4365 βουλομένῳ
1790 4292 1849 4346 τὸ

1956 4284 2099 4341 facta
2128 4284 2322 4350 fuisse,
2350 4284 2398 4339 is
2426 4283 2591 4339 etiam
2628 4282 2862 4338 tateatur
2888 4295 3115 4337 necesse
3137 4289 3245 4346 est,
3276 4279 3540 4348 Spiritum

268 4380 428 4451 ἅγιον
470 4381 696 4454 Πνεῦμα
721 4381 810 4437 διὰ
833 4382 929 4438 τοῦ
960 4382 1200 4457 Χριστοῦ
1232 4384 1536 4453 γεγονέναι,
1560 4384 1754 4438 ἕπεται
1789 4381 1851 4436 τὸ

268 4469 563 4541 ἀγέννητον
606 4471 740 4525 αὐτὸ
769 4472 949 4541 λέγειν
982 4472 1311 4544 (12),άληθῆ
1349 4472 1417 4527 τὰ
1459 4474 1518 4528 ὲν
1562 4472 1641 4544 τῷ
1674 4474 1853 4543 Εὐαγα-

1957 4381 2131 4452 ipsum
2171 4394 2202 4434 a
2230 4378 2498 4435 Sermone.
2542 4378 2769 4444 factum,
2813 4377 3069 4431 nimirum
3119 4374 3382 4430 Sermone
3424 4372 3545 4441 ip'o

1958 4474 2269 4544 antiquiore
2314 4472 2616 4527 exsistente
2644 4471 2762 4540 ipso
2792 4469 3014 4539 Spiritu.
3041 4466 3144 4536 Qui
3163 4481 3293 4520 vero
3310 4463 3545 4519 noluerit

271 4556 436 4629 γελίῳ
460 4559 635 4631 τούτῳ
664 4555 800 4615 εἶναι
850 4561 1111 4633 κρίνοντι.
1150 4564 1343 4617 Ἔσται
1381 4561 1438 4615 δέ
1469 4578 1554 4626 τις
1598 4562 1695 4616 καὶ
1734 4562 1849 4634 τρί-

1959 4566 2222 4637 Spiritum
2256 4573 2503 4619 sanctum
2538 4576 2636 4632 per
2670 4562 2949 4616 Christum
2994 4558 3161 4612 fuisse
3201 4554 3425 4620 factmn,
3451 4567 3542 4605 se-

272 4665 363 4715 τος
384 4650 497 4723 (15)
524 4652 675 4725 παρὰ
698 4655 826 4718 τοὺς
857 4654 972 4719 δύο,
1008 4655 1102 4709 τόν
1138 4672 1198 4708 τε
1226 4653 1317 4710 διὰ
1350 4654 1445 4709 τοῦ
1474 4654 1653 4724 Λόγου
1680 4671 1857 4727 παρα-

1780 4748 1796 4778 ¹
1822 4760 1942 4817 Cap.
1969 4763 2008 4810 t,
2043 4760 2189 4805 vers.
2234 4746 2283 4814 Ι,
2314 4744 2372 4800 2.

342 4740 391 4775 ’⁸
414 4740 577 4799 Joau.
623 4760 661 4809 ι,
713 4745 768 4800 '5.
867 4747 914 4780 ”
946 4762 1068 4819 cap.
1109 4763 1150 4812 ι,
1181 4763 1324 4803 vers.
1366 4748 1419 4816 l,
1468 4746 1504 4802 2
1543 4763 1699 4817 seqq.

1962 4653 2149 4725 quitur
2177 4662 2239 4707 ut
2258 4653 2475 4714 is.vera
2501 4650 2731 4707 credens
2764 4666 2884 4721 quae
2906 4648 3080 4703 inhec
3098 4643 3388 4715 Evangelio
3415 4652 3544 4700 sunt

344 4833 458 4904 (ιθ)
493 4835 657 4909 Οὕτω
694 4838 907 4909 τοίνυν
928 4838 1027 4894 καί
1069 4838 1302 4904 ἐνθάδε,
1327 4850 1434 4893 etc.
1470 4838 1729 4909 {inperite
1775 4839 1849 4894 hit

1982 4838 2174 4909 Ijatres
2207 4837 2487 4909 removet-ir
2509 4834 2697 4909 relint.
2724 4832 2958 4909 pusi‘lins
2982 4829 3199 4903 quidem
3236 4830 3454 4909 homil.‘
3474 4831 3543 4884 l7

279 4900 463 4977 lapsus
491 4914 575 4960 est
613 4905 877 4977 Origenes
926 4925 1048 4963 eum
1102 4925 1134 4963 τι
1196 4900 1355 4963 Putre
1408 4900 1590 4963 omnia
1640 4911 1860 4965 condita
1972 4906 2170 4963 Contra
2219 4907 2422 4963 Sabell.
2479 4907 2685 4961 idcirco
2718 4900 3290 4977 Spiritum'sanctum
3325 4902 3395 4954 ah
3441 4901 3546 4957 hoc

279 4974 490 5053 statuit,
521 4990 627 5053 non
667 4974 835 5053 etiam
888 4994 919 5031 a
953 4979 1150 5044 Verbo,
1204 4987 1266 5033 ut
1299 4979 1751 5053 demonstramus
1803 4981 1855 5034 in
1971 4978 2232 5053 vocabqu
2249 4977 2522 5053 prohibet,
2548 4977 2691 5053 quod
2722 4974 2838 5032 lucc
2866 4976 3370 5053 cuplutp'bumanje
3396 4985 3543 5053 men:

282 5044 633 5103 Origcnianis.
668 5045 879 5103 ΙΙυετιυ
892 5065 933 5101 ς.

1969 5049 2040 5104 lis
2066 5039 2318 5114 superent
2356 5066 2369 5102 :
2407 5039 2785 5103 Thom-torulus
2829 5054 3011 5098 autem
3042 5039 3253 5114 Dialog.
3283 5041 3357 5114 _5,
3395 5043 3543 5106 (quod

347 5110 462 5187 (lt)
501 5116 915 5184 Πρεσϐυι-ἐρου
952 5116 1088 5186 παρ’
1119 5119 1287 5181 αὑτό,
1328 5126 1434 5173 etc.
1484 5117 1612 5174 lltrc
1643 5119 1849 5174 videtur

1963 5132 2066 5172 Vox
2096 5110 2360 5185 dusmudi
2406 5118 2457 5171 in
2512 5117 2814 5187 Seripturis
2854 5114 3026 5171 sacris
3069 5110 3298 5183 Spiritui
3349 5122 3543 5166 sancto

282 5196 349 5303 ξι
382 5183 500 5251 ejus
536 5199 769 5307 persona
804 5183 1008 5256 dicere,
1032 5183 1195 5257 cujus
1228 5189 1556 5243 sententiam
1603 5194 1849 5261 exponit,

318 5265 385 5304 on
414 5267 480 5305 ex
517 5268 639 5307 sua.
704 5270 755 5307 υ.

318 5265 385 5304 011
414 5267 480 5305 ex
517 5268 639 5308 sua.
677 5265 755 5308 ID.

352 5320 467 5400 (12)
522 5323 764 5400 ξΕπεται
814 5324 881 5379 τὸ
921 5325 1259 5393 ἀγέννητον
1307 5328 1457 5382 αὐτὸ
1525 5328 1747 5400 λέγειν.
1794 5329 1852 5385 Si

283 5393 758 5466 μετ’-ἀγέννητον,
842 5408 945 5466 non
974 5407 1210 5466 grauium
1249 5437 1264 5457 .

1963 5189 2187 5243 Ininisne
2224 5188 2515 5243 tribuatur.
2547 5188 2621 5241 In.

2034 5260 2148 5327 (l5)
2183 5261 2395 5314 Ἔσται
2425 5257 2492 5311 δέ
2522 5275 2612 5323 τις
2636 5256 2736 5311 καὶ
2763 5255 2978 5327 τριτος,
2998 5264 3111 5327 (εἰςἐ
3131 5253 3270 5327 liae
3292 5266 3423 5309 cum
3456 5267 3542 5327 sc-

1960 5322 2273 5398 qucntihus,
2300 5329 2457 5398 adid
2488 5322 2894 5398 ttsq’ueJ-ct'elq
2918 5324 2981 5378 τό
3008 5339 3034 5398 '_
3065 5322 3268 5398 Πάντα.
3297 5325 3542 5398 et_t‘.,8nb

1300 5400 1410 5452 ‘vel
1461 5415 1563 5454 non
1607 5391 1855 5469 'geuitum
1963 5391 2314 5469 lincminum.
2368 5397 2422 5461 ϐ,
2459 5391 2588 5464 quae
2630 5398 2788 5451 uncis
2845 5395 3181 5469 inclusimus,
3236 5396 3289 5447 in
3341 5391 3539 5469 Ferra-

286 5460 576 5537 intclligus.
614 5460 854 5537 Spiritui
907 5460 1102 5523 saneto
1162 5469 1485 5534 conveniet;
1549 5471 1592 5521 si
1620 5460 1742 5537 "pro
1791 5486 1857 5522 eo
1962 5470 2114 5522 riana
2146 5460 2595 5536 interpretatione
2624 5482 2730 5520 non
2758 5463 3540 5537 comparent.Observavintus

287 5533 424 5596 quod
457 5532 893 5607 principiocaret
928 5548 1237 5607 usttrpetur.
1281 5553 1384 5590 non
1422 5532 1571 5593 item.
1608 5532 1741 5593 ll'inr
1774 5550 1859 5591 est
1960 5539 2160 5607 quippe
2193 5532 2307 5591 loca
2339 5537 2589 5605 Origenis
2608 5538 2786 5605 aliqua
2817 5532 3088 5603 pei't‘ersm
3115 5537 3383 5607 doctrinm
3415 5533 3538 5588 lube

291 5612 383 5653 cur
416 5616 534 5656 cant
585 5605 1002 5674 appellationem
1060 5605 1094 5660 'a
1147 5606 1353 5675 Spiritu
1409 5619 1599 5662 sancto
1654 5608 1853 5663 vetnsti

1963 5604 2187 5673 tu'daita,
2221 5607 2334 5662 site
2367 5607 2419 5659 in
2448 5604 2626 5676 ipsius
2683 5604 2939 5675 mitioris,
2987 5607 3100 5663 sive
3157 5608 3211 5663 in
3270 5604 3539 5659 lecturum

4067 1284 4070 1442 1

4067 2349 4069 2501 i
