4082 6224
378 419 482 477 129

1461 414 1820 473 COMMENT.
1856 416 1921 471 ΙΝ
1956 412 2148 472 JUA'N.
2185 412 2423 472 TOMUS
2458 412 2519 471 ll.

3518 415 3621 472 130

372 559 485 596 των
516 540 621 594 τῶν
652 538 756 591 ὑπὸ
784 537 873 591 τοῦ
906 535 1114 607 Πατρὸς
1152 535 1240 590 διὰ
1268 536 1506 608 Χριστοῦ
1542 537 1938 607 γεγενημένων.

2049 532 2148 586 bus
2182 547 2302 602 quae
2337 546 2366 585 a
2404 530 2562 584 Patre
2595 544 2691 600 per
2720 529 2996 585 Christum
3032 529 3249 585 condita
3279 536 3439 595 sunt,
3477 546 3611 600 μιτυο

374 635 485 689 Καὶ
520 633 659 701 τάχα
694 628 831 701 αῦτη
871 630 1018 683 ἐστὶν
1057 632 1091 702 ή
1130 629 1283 684 αἰτία
1320 628 1431 701 (I8)
1460 628 1551 682 τοῦ
1582 629 1656 699 μὴ
1702 630 1795 682 καὶ
1842 624 1934 678 τὸν

378 726 494 780 υίὸν
569 719 923 794 χρηματίζειν
950 720 1045 774 τοῦ
1078 720 1214 774 Θεοῦ
1240 760 1255 784 ,
1288 721 1450 792 μόνου
1477 719 1571 772 τοῦ
1607 717 1941 788 Μονογενοῦς

368 812 529 885 φύσει
576 811 706 866 Υίοῦ
743 811 982 883 ἀρχῆθεν
1017 812 1399 883 τυγχάνοντος,
1432 805 1492 866 οὗ
1526 810 1746 882 χρῄζειν
1796 810 1941 864 ἔοικε

364 900 429 955 τὸ
459 901 614 969 ἅγιον
638 898 885 972 Πνεῦμα,
915 900 1289 967 διακονοῦντος
1315 902 1477 955 αὐτοῦ
1505 903 1569 973 τῇ
1597 900 1892 955 ὑποστάσει
1925 939 1940 964 ,

365 994 427 1047 οὐ
477 992 635 1065 μόνον
664 994 746 1057 είς
777 993 839 1047 τὸ
864 990 1027 1063 εῖναι,
1080 994 1214 1049 ἀλλὰ
1274 995 1365 1049 καὶ
1408 994 1567 1064 σοφὸν
1612 989 1752 1047 εἶναι
1781 1032 1797 1059 ,
1844 995 1941 1047 καὶ

368 1084 603 1154 λογικδν,
641 1084 738 1139 καὶ
768 1085 1000 1150 δίκαιον,
1050 1087 1143 1142 καὶ
1193 1088 1302 1142 πᾶν
1337 1086 1619 1142 ὁτιποτοῦν
1673 1087 1780 1160 χρὴ
1810 1087 1942 1142 αὐτὸ

370 1176 511 1228 νοεῖν
530 1176 820 1245 τυγχάνειν
840 1215 856 1241 ,
903 1176 1045 1230 κατὰ
1084 1178 1319 1250 μετοχὴν
1374 1178 1482 1234 τῶν
1523 1179 1942 1252 προειρημένων

365 1265 500 1335 ἡμῖν
515 1264 753 1337 Χριστοῦ
781 1266 1050 1321 ἐπινοιῶν.
1063 1264 1231 1339 Οἶμαι
1247 1268 1305 1322 δὲ
1328 1269 1390 1323 τὸ
1410 1270 1563 1339 ἅγιον
1580 1269 1806 1341 Πνεῦμα
1822 1269 1941 1342 τὴν,

373 1353 441 1407 ἶν’
461 1352 634 1419 οὕτως
651 1354 809 1418 ετπω,
826 1354 956 1427 ὕλην
980 1355 1087 1410 τῶν
1113 1357 1225 1411 ἀπὸ
1256 1357 1394 1412 Θεοῦ
1422 1359 1777 1430 χαρισμάτων
1802 1376 1944 1433 παρ-

369 1444 515 1514 έχειν
574 1447 687 1508 τοῖς
720 1444 789 1499 δι’
818 1445 949 1500 αὐτὸ
996 1447 1092 1503 καὶ
1137 1447 1240 1520 τὴν
1277 1448 1506 1519 μετοχὴν
1532 1447 1696 1504 αὐτοῦ
1728 1466 1942 1522 χρημα-

366 1536 604 1601 τίζουσιν
640 1536 836 1606 ἁγίοις,
882 1538 984 1609 τῆς
1020 1539 1321 1615 εἰρημένης
1367 1540 1497 1610 ῦλης
1531 1540 1639 1596 τῶν
1671 1541 1942 1613 χαρισμά-

366 1644 473 1682 των
509 1629 907 1701 ἐνεργουμένης
943 1629 1043 1699 μὲν
1072 1629 1186 1683 ἀπὸ
1213 1628 1309 1684 τοῦ
1335 1629 1488 1695 Θεοῦ,
1518 1631 1940 1703 διακονουμένης

365 1721 422 1775 δὲ
453 1721 559 1775 ὑπὸ
586 1720 680 1776 τοῦ
730 1720 993 1793 Χριστοῦ,
1043 1720 1364 1791 ὑφεστώσης
1400 1720 1455 1773 δὲ
1488 1720 1627 1775 κατὰ
1676 1721 1738 1775 τὸ
1784 1721 1938 1790 ἅγιον

366 1813 610 1885 Πνεῦμα.
661 1814 773 1868 Καὶ
825 1814 966 1866 κινεῖ
1012 1829 1079 1884 με
1128 1814 1209 1876 είς
1259 1812 1318 1866 τὸ
1360 1811 1516 1867 ταῦθ’
1556 1812 1730 1877 οὕτως
1792 1812 1937 1885 ἔχειν

2041 623 2364 677 stantiorem
2404 637 2548 687 esse,
2581 630 2636 674 ut
2666 622 2811 690 pium
2840 628 2896 676 et
2939 636 3127 676 rerum
3179 623 3525 680 concedimus
3565 635 3620 679 et

2041 716 2426 786 approbauius.
2460 714 2634 784 Atque
2663 714 2778 769 lucc
2812 713 3043 770 forsitan
3072 731 3235 771 causa
3267 724 3352 771 est
3377 731 3475 771 cur
3508 717 3621 787 ipse

2044 809 2137 865 Dei
2171 822 2275 862 non
2313 806 2530 861 dicatur
2558 820 2678 862 esse
2716 806 2916 872 Filius;
2948 808 3092 877 quod
3123 807 3271 862 solus
3302 808 3621 878 Unigeuitus

2040 917 2067 953 a
2109 898 2378 970 principio
2409 906 2604 951 natura
2645 898 2816 954 Filius
2848 899 2952 966 sit,
2994 913 3103 969 quo
3137 898 3380 969 indigere
3412 901 3621 956 videtur

2041 990 2279 1062 Spiritus
2312 1001 2561 1057 sanctus,
2594 990 2941 1047 ministrante
2984 990 3153 1062 ipsius
3184 992 3481 1063 hypostasi,
3512 1008 3617 1048 non

2040 1084 2213 1139 solum
2247 1093 2304 1137 ut
2355 1084 2450 1152 sit,
2489 1084 2584 1139 sed
2622 1092 2682 1138 ut
2709 1083 2928 1152 sapiens
2956 1084 3065 1149 sit,
3095 1093 3151 1139 et
3187 1085 3415 1140 rationis
3452 1087 3620 1156 parti-

2043 1188 2188 1243 ceps,
2214 1184 2270 1230 et
2296 1176 2405 1247 62
2432 1174 2648 1244 justus,
2681 1184 2736 1231 et
2770 1188 2930 1230 omne
2969 1173 3021 1229 id
3051 1174 3195 1245 quod
3226 1190 3348 1230 eum
3388 1191 3510 1233 esse
3538 1179 3623 1231 in-

2047 1265 2392 1335 telligendum
2430 1276 2537 1332 est,
2566 1282 2633 1321 ex
2662 1265 2867 1321 Christi
2911 1266 3217 1334 nationum,
3248 1282 3370 1338 qua:
3404 1284 3434 1323 a
3464 1269 3623 1325 nobis

2043 1358 2204 1426 paulo
2233 1366 2360 1412 ante
2387 1368 2828 1415 commemoratae
2858 1367 3007 1426 sunt,
3040 1360 3478 1429 participatione.
3509 1360 3622 1431 Ego

2042 1455 2223 1502 autem
2274 1447 2526 1503 existimo
2576 1445 2842 1518 Spiritum
2882 1460 3131 1506 sanctum
3156 1489 3170 1512 ,
3209 1459 3267 1503 ut
3299 1450 3371 1503 ita
3404 1452 3619 1516 dicam,

2042 1537 2326 1592 materiam
2353 1539 2657 1606 gratiarum
2686 1556 2810 1610 qua:
2839 1555 2868 1594 a
2902 1538 3014 1595 Deo
3040 1540 3464 1610 proficiscuntur
3492 1558 3625 1614 sup-

2039 1627 2289 1697 peditare
2320 1627 2391 1682 iis
2435 1627 2529 1695 qui
2563 1643 2661 1698 per
2691 1630 2866 1699 ipsum
2922 1627 3147 1698 ejusque
3178 1632 3620 1687 communionem

2039 1716 2212 1771 sancti
2246 1726 2390 1781 sunt,
2422 1717 2550 1773 dum
2579 1720 2826 1786 materia,
2857 1734 3020 1790 quam
3053 1720 3166 1775 dixi
3200 1721 3620 1787 charismatum,

2039 1819 2070 1860 a
2106 1804 2214 1861 Deo
2240 1805 2458 1877 quidem
2490 1817 2770 1878 operatur,
2811 1824 2841 1863 a
2877 1810 3093 1866 Christo
3132 1821 3311 1867 autem
3341 1812 3621 1866 ministra-

366 1905 657 1959 ὑπολαϐεῖν
689 1903 923 1968 Παῦλος,
957 1903 1083 1974 περὶ
1112 1903 1465 1974 χαρισμάτων
1491 1901 1637 1958 οὕτω
1663 1921 1765 1957 που
1798 1904 1936 1977 γρά-

2041 1905 2146 1961 tur,
2174 1911 2275 1967 per
2304 1896 2565 1968 Spiritum
2589 1911 2716 1954 vero
2743 1907 2991 1956 sanctum
3034 1903 3276 1958 exsistit.
3313 1902 3465 1972 Quod
3500 1905 3622 1975 qui-

363 2012 511 2064 φων·
550 2014 569 2047 ι
607 1994 910 2068 Διαιρέσεις
962 1993 1018 2046 δὲ
1065 1994 1422 2065 χαρισμάτων
1466 1995 1610 2060 εἰσὶ,
1643 1993 1705 2048 τὸ
1734 1995 1779 2048 δ’
1806 1993 1939 2049 αὐτὸ

362 2085 623 2157 Πνεῦμαο
650 2086 743 2140 καὶ
772 2084 1060 2157 διαιρέσεις
1105 2083 1389 2139 διακονιῶν
1422 2086 1551 2149 είσι,
1597 2086 1692 2140 καὶ
1720 2088 1749 2140 δ
1778 2085 1940 2150 αὐτὸς

362 2176 570 2249 Κύριος
588 2195 603 2209 ο
634 2177 727 2231 καὶ¹
756 2175 1054 2248 διαιρέσεις
1076 2176 1466 2249 ἐνεργημάτων
1497 2177 1622 2242 εἰσὶ,
1665 2178 1760 2233 καὶ
1787 2179 1815 2231 ὁ
1842 2179 1940 2233 αῦ-

359 2267 456 2332 τός
484 2270 597 2321 ἐστι
630 2266 780 2333 Θεὸς,
814 2267 843 2320 ὁ
868 2267 1105 2339 ἐνεργῶν
1128 2268 1200 2321 τά
1225 2268 1403 2323 πάντα
1430 2270 1488 2323 ἐν
1518 2269 1701 2323 πᾶσιν.
1734 2290 1753 2322 ι
1787 2272 1940 2342 Ἔχει

359 2357 420 2412 δὲ
454 2358 796 2430 έπαπόρησιν
822 2358 931 2429 (l9)
962 2358 1052 2413 διά
1070 2376 1131 2412 τε
1161 2358 1223 2413 τό
1241 2381 1254 2393 ·
1281 2377 1301 2411 ι
1338 2360 1523 2414 Πάντα
1545 2360 1612 2414 δι’
1635 2361 1799 2415 αὑτοῦ
1816 2364 1942 2432 ἐγέ-

361 2464 504 2514 νετο,
531 2468 550 2498 ι
573 2448 667 2500 καὶ
683 2446 998 2502 ἀκολουθεῖν
1013 2448 1076 2501 τὸ
1099 2448 1344 2520 Πνεῦμα,
1377 2451 1603 2521 γενητὸν
1629 2451 1708 2517 ὃν,
1731 2451 1821 2506 διὰ
1844 2453 1938 2507 τοῦ

361 2537 534 2607 Λόγου
561 2536 863 2606 γεγονέναι,
891 2536 1008 2603 πῶς
1031 2539 1194 2592 οἱονεὶ
1213 2542 1545 2611 προτιμᾶται
1574 2540 1670 2595 τοῦ
1699 2540 1937 2614 Χριστοῦ

359 2628 419 2683 ἐν
456 2644 561 2681 τισι
617 2628 884 2700 Γραφαϊς,
930 2628 990 2683 έν
1049 2628 1149 2699 μὲν
1192 2628 1272 2700 τῷ
1327 2630 1523 2703 Ἡσαΐᾳ
1552 2631 1940 2704 ὁμολογοῦντος

362 2719 600 2789 Χριστοῦ
642 2719 741 2790 οὐχ
772 2718 879 2773 ὑπὸ
927 2721 1024 2773 τοῦ
1076 2720 1291 2793 Πατρὸς
1344 2722 1682 2778 ἀπεστάλθαι
1738 2724 1935 2796 μόνου,

361 2809 498 2865 ἀλλὰ
522 2809 611 2864 καὶ
635 2810 742 2863 ὑπὸ
773 2808 869 2864 τοῦ
897 2810 1054 2879 ἁγίου
1077 2812 1391 2885 Πνεῦματος
1433 2814 1589 2889 (φησι
1622 2817 1750 2889 γάρ’
1782 2838 1800 2870 ι
1830 2818 1941 2872 Κάι

361 2902 456 2955 νῦν
476 2900 678 2975 Κύριος
697 2901 984 2959 ἀπέστειλέ
1006 2920 1093 2974 με,
1109 2904 1204 2958 καὶ
1224 2905 1285 2959 τὺ
1302 2906 1524 2979 Πνεῦμα
1542 2907 1708 2962 αὑτοῦ
1724 2909 1790 2981 ›)·
1811 2910 1868 2964 έν
1881 2910 1938 2965 δὲ

358 2992 438 3064 τῷ
469 2993 785 3065 Εὑαγγελίῳ
814 2994 1007 3063 ἄφεσιν
1042 2995 1143 3067 μὲν
1191 2997 1663 3071 ἐπαγγελλομένου
1713 3001 1806 3055 ἐπὶ
1836 3001 1940 3073 τῆς

359 3088 440 3152 είς
468 3086 630 3141 αὑτὸν
655 3086 954 3159 ἁμαρτίας,
983 3088 1419 3162 ἀποφαινομένου
1445 3091 1503 3145 δὲ
1534 3091 1665 3164 περὶ
1713 3093 1815 3163 τῆς
1857 3096 1939 3160 είς

359 3178 420 3232 τὸ
449 3179 604 3248 ἅγιον
637 3179 863 3251 Πνεῦμα
894 3180 1260 3254 βλασφημίας,
1289 3181 1365 3247 ὡς
1391 3182 1452 3236 οὐ
1489 3184 1651 3256 μόνον
1677 3186 1736 3239 έν
1759 3185 1936 3259 τούτῳ

360 3267 439 3340 τῷ
471 3268 630 3323 αἰῶνι
677 3269 755 3342 μὴ
804 3270 1071 3343 ἐσομένης
1124 3271 1228 3343 τῆς
1273 3272 1522 3343 ἀφέσεως
1571 3273 1650 3347 τῷ
1693 3277 1773 3342 είς
1804 3277 1938 3332 αὐτὸ

361 3362 809 3433 δυσφημήσαντι,
853 3360 968 3417 ἀλλ’
993 3362 1115 3416 οὐδὲ
1147 3364 1208 3418 ἐν
1237 3363 1316 3436 τῷ
1354 3364 1622 3437 μέλλοντι.
1668 3369 1780 3422 Καὶ
1829 3369 1937 3442 μή-

362 3471 491 3509 ποτε
520 3454 580 3507 οὐ
624 3453 843 3520 πάντως
884 3454 973 3509 διὰ
998 3455 1060 3509 τὸ
1083 3454 1408 3530 τιμιώτερον
1441 3453 1581 3513 εἶναι
1611 3457 1673 3514 τὸ
1713 3462 1938 3535 Πνεῦμα

358 3544 422 3598 τὸ
445 3545 599 3615 ἆγιον
616 3544 711 3600 τοῦ
746 3546 1005 3618 Χριστοῦ,
1038 3548 1100 3602 οὐ
1123 3549 1333 3618 γίνεται
1371 3551 1564 3621 ἄφεσις
1595 3551 1673 3623 τῷ
1701 3554 1780 3620 είς
1806 3554 1939 3609 αὐτὸ

360 3636 472 3708 (ευ)
509 3637 869 3711 ἡμαρτηκότι,
915 3637 1052 3692 ἀλλὰ
1094 3637 1184 3693 διὰ
1228 3639 1290 3692 τὸ
1331 3640 1568 3713 Χριστοῦ
1609 3641 1708 3714 μὲν
1761 3642 1938 3698 πάντα

364 3726 614 3797 μετέχειν
667 3727 739 3782 τά
778 3727 974 3798 λογικά
992 3768 1007 3793 ,
1052 3722 1137 3794 οἷς
1177 3729 1374 3784 δίδοται
1420 3732 1719 3806 συγγνώμη
1773 3751 1940 3806 μετα-

360 3816 710 3889 ὀαλλομένοις
761 3818 871 3872 ἀπὸ
910 3817 1019 3872 τῶν
1061 3818 1498 3891 ἁμαρτημάτων,
1543 3822 1639 3876 τοῦ
1689 3824 1748 3877 δὲ
1778 3825 1937 3894 άγίου

360 3907 680 3979 Πνεῦματος
720 3909 845 3974 τοὺς
886 3907 1349 3981 κατηξιωμένους,
1411 3912 1680 3985 μηδεμιᾶς
1719 3912 1939 3985 εῦλογον

361 3995 501 4055 εἶναι
542 4001 869 4073 συγγνώμης
893 4005 1075 4075 τυχεῖν
1104 4002 1243 4075 μετὰ
1278 4003 1611 4078 τηλικαύτης
1639 4007 1734 4061 καὶ
1755 4008 1939 4063 τοιαύ-

362 4108 463 4162 της
502 4093 806 4163 συμπνοίας
844 4096 958 4159 τοῖς
997 4096 1078 4160 είς
1121 4093 1183 4148 τὸ
1231 4095 1401 4150 κακὸν
1442 4095 1522 4150 ἔτι
1572 4097 1939 4155 ἀποπίπτουσι

363 4183 460 4236 καὶ
484 4182 908 4253 έκτρεπομένοις
935 4184 1049 4257 (‘21)
1085 4184 1184 4249 τὰς
1216 4184 1310 4239 τοῦ
1336 4185 1735 4259 ἐνυπάρχοντος
1766 4189 1938 4243 Πνεῦ-

365 4290 534 4345 ματος
580 4274 927 4346 συμϐουλίας.
982 4277 1046 4330 El
1091 4276 1151 4330 δὲ
1196 4277 1337 4332 κατὰ
1376 4277 1470 4340 τὸν
1509 4278 1739 4336 Ἡσαΐαν
1775 4283 1939 4354 φησὶν

359 4366 391 4421 ὁ
440 4365 645 4438 Κύριος
691 4366 851 4438 ήμῶν
890 4366 997 4420 ὑπὸ
1041 4367 1135 4422 τοῦ
1184 4370 1400 4441 Πατρδς
1457 4371 1796 4427 ἀπεστάλθαι
1843 4375 1940 4428 καὶ

361 4456 456 4511 τοῦ
517 4457 834 4530 Πνεύματος
877 4459 1041 4514 αὐτοῦ
1067 4501 1083 4527 ,
1153 4460 1270 4516 ἔστι
1331 4462 1428 4518 καὶ
1497 4464 1732 4519 ἐνταῦθα
1810 4467 1939 4539 περὶ

2041 1988 2162 2043 dem
2208 1999 2266 2042 ut
2296 1990 2367 2042 ita
2400 2003 2521 2044 esse
2551 1999 2756 2058 putem,
2804 1992 2935 2047 facit
2965 1993 3163 2048 Paulus
3192 2033 3209 2060 ,
3243 1995 3335 2064 qui
3382 1996 3619 2065 quodam

2040 2075 2167 2133 loco
2196 2076 2216 2108 ³
2249 2077 2530 2148 (le-gratiis
2557 2082 2746 2135 scribit
2777 2081 2862 2138 his
2891 2083 3109 2138 verbis:
3142 2101 3160 2135 ι
3193 2083 3499 2141 Divisiones
3522 2101 3623 2140 au-

2044 2173 2150 2220 tem
2178 2166 2474 2236 gratiarum
2511 2176 2663 2233 sunt,
2697 2168 2837 2225 idem
2874 2179 3056 2226 autem
3090 2170 3367 2242 Spiritus:
3404 2182 3460 2230 et
3482 2174 3625 2229 divi-

2040 2260 2225 2315 siones
2256 2260 2716 2319 ministrationum
2748 2272 2898 2332 sunt,
2930 2264 3073 2319 idem
3110 2276 3289 2321 autem
3328 2265 3620 2334 Dominus;

2041 2362 2095 2407 et
2124 2351 2423 2407 divisiones
2450 2353 2828 2424 operationum
2861 2362 3016 2422 sum,
3057 2355 3197 2410 idem
3235 2365 3416 2411 autem
3453 2355 3619 2425 Deus,

2040 2442 2134 2511 qui
2169 2451 2426 2509 operatur
2455 2445 2712 2501 omniain
2731 2448 3028 2505 omnibus.»
3049 2445 3221 2500 liabet
3252 2454 3435 2500 autem
3455 2447 3619 2501 dubi-

2044 2533 2327 2600 tationem,
2346 2537 2490 2605 quod
2521 2553 2540 2587 ι
2564 2539 2753 2592 omnia
2786 2553 2880 2607 per
2903 2537 3076 2607 ipsum
3104 2537 3241 2593 facta
3269 2557 3289 2591 ι
3318 2539 3450 2605 sint,
3469 2549 3523 2594 et
3553 2554 3620 2593 ex

2039 2639 2106 2680 eo
2133 2635 2429 2697 sequatur,
2461 2637 2517 2681 ut
2547 2627 2783 2697 Spiritus
2815 2638 3058 2693 sanctus,
3091 2628 3182 2698 qui
3213 2626 3385 2683 factus
3412 2637 3515 2694 est,
3550 2628 3620 2682 ab

2041 2717 2159 2787 ipso
2215 2717 2393 2774 factus
2423 2720 2495 2776 sit
2534 2738 2549 2776 :
2591 2721 2865 2791 quomodo
2913 2720 3134 2776 Christo
3188 2720 3244 2776 in
3297 2722 3619 2792 quibusdam

2042 2808 2346 2879 Scripturis
2374 2820 2762 2883 anteponatur,
2799 2828 2921 2868 eum
2961 2812 3214 2871 Christus
3247 2812 3364 2883 ipse
3404 2814 3455 2868 in
3481 2811 3620 2868 lsaia

2039 2900 2258 2972 quidem
2290 2917 2351 2958 se
2379 2919 2488 2959 non
2523 2903 2699 2960 solum
2732 2919 2762 2959 a
2792 2903 2988 2970 Patre,
3020 2904 3115 2960 sed
3148 2904 3316 2960 etiam
3345 2919 3376 2958 a
3410 2904 3621 2976 Spiritu

2043 3002 2237 3051 saneto
2258 2995 2482 3051 missurn
2513 3010 2634 3053 esse
2662 2995 2932 3063 fateatur;
2961 2997 3037 3052 ait
3066 2995 3211 3051 enim
3237 2996 3299 3051 δι
3338 3015 3356 3050 ι
3385 2997 3448 3052 Et
3477 3012 3622 3051 nunc

2042 3083 2303 3141 Dominus
2326 3084 2478 3141 misit
2503 3101 2610 3153 me,
2635 3086 2861 3159 ejusque
2889 3086 3162 3157 Spiritus;
3196 3105 3217 3139 ι
3246 3087 3300 3142 in
3328 3087 3623 3156 Evangelio

2042 3189 2220 3234 autem
2271 3179 2647 3236 remissionem
2684 3179 2967 3250 promittat
3010 3181 3065 3235 in
3119 3190 3349 3252 peccato
3384 3184 3529 3253 quod
3565 3182 3631 3238 in.

2040 3272 2214 3344 ipsum
2241 3271 2632 3340 committitur;
2670 3271 2984 3343 pronuntiet
3020 3288 3150 3330 vero
3180 3275 3247 3332 de
3283 3275 3619 3345 blasphemia

2040 3364 2094 3420 in
2118 3373 2365 3420 sanctum
2398 3363 2683 3434 Spiritum,
2713 3382 2822 3422 non
2852 3365 2970 3423 fore
3003 3376 3061 3422 ut
3097 3376 3277 3438 pateat
3313 3383 3419 3423 non
3442 3367 3621 3424 solum

2038 3456 2093 3513 in
2128 3457 2232 3512 hoc
2267 3456 2488 3526 saeculo,
2516 3460 2611 3515 sed
2645 3460 2806 3516 etiam
2852 3460 2905 3516 in
2933 3459 3118 3515 futuro
3141 3461 3210 3515 ad
3258 3460 3377 3528 ejus
3404 3461 3621 3517 veniam

2036 3557 2094 3605 et
2120 3549 2509 3606 remissionem
2543 3549 2767 3608 auditus
2796 3553 2844 3607 ei
2877 3552 2970 3624 qui
3011 3552 3065 3607 in
3098 3552 3246 3607 illum
3279 3551 3625 3622 blasphema-

2039 3639 2199 3696 verit.
2237 3639 2305 3695 Et
2338 3640 2579 3696 fortasse
2606 3657 2712 3697 non
2744 3655 3034 3712 propterea
3065 3643 3115 3697 ei
3147 3642 3237 3710 qui
3270 3643 3323 3697 in
3357 3640 3621 3709 Spiritum

2038 3739 2285 3786 sanctum
2311 3733 2638 3801 peccaverit,
2671 3747 2779 3786 non
2805 3732 3126 3803 ignoscitur,
3146 3731 3289 3801 quod
3317 3730 3434 3801 ipse
3459 3729 3623 3784 Chri-

2040 3832 2127 3877 sto
2178 3821 2253 3876 sit
2300 3822 2617 3876 honoratior
2666 3821 2829 3891 eique
2882 3830 3288 3893 anteponatur,
3344 3821 3621 3892 sedquod

2042 3912 2227 3970 omnia
2258 3912 2311 3967 in
2343 3911 2539 3983 quibus
2565 3920 2651 3968 est
2679 3913 2839 3979 ratio,
2870 3913 3088 3970 Christo
3116 3914 3466 3985 participant,
3500 3914 3620 3985 qui-
3676 3952 3685 3959 ο

2040 4006 2144 4063 bus
2167 4045 2184 4072 ,
2220 4021 2342 4062 cum
2389 4021 2419 4061 a
2458 4007 2702 4078 peccatis
2741 4006 3052 4073 discedunt,
3098 4008 3255 4062 venia
3283 4007 3486 4062 datur:
3523 4020 3620 4061 eos

2041 4107 2221 4153 autem
2253 4100 2345 4170 qui
2387 4110 2580 4157 sancto
2610 4099 2816 4171 Spiritu
2860 4097 3011 4171 digiti
3051 4099 3281 4169 judicati
3329 4106 3478 4165 sunt,
3511 4113 3618 4153 non

2040 4206 2465 4250 consentaneum
2516 4197 2588 4252 sit
2620 4194 2836 4249 veniam
2870 4191 3134 4264 consequi
3163 4232 3181 4260 ,
3218 4206 3342 4247 cum
3380 4198 3531 4244 tanto
3562 4202 3619 4246 et

2043 4279 2135 4334 tali
2173 4280 2452 4349 instinctu,
2494 4294 2571 4349 et,
2600 4295 2660 4337 ut
2692 4281 2764 4338 ita
2794 4282 2991 4345 dicam,
3031 4280 3389 4351 inspiratione
3420 4278 3473 4333 in
3497 4290 3614 4332 uta-

2040 4371 2152 4427 lum
2180 4374 2376 4430 iterum
2413 4375 2740 4439 relabentes,
2778 4383 2834 4429 et
2865 4372 3095 4429 consilia
3133 4370 3375 4443 Spiritus
3403 4369 3577 4423 sancti
3601 4406 3617 4431 ,

2039 4467 2133 4537 qui
2184 4467 2238 4523 in
2277 4468 2360 4522 eis
2409 4467 2571 4533 inest,
2608 4475 2947 4539 respuentes.
2992 4465 3145 4534 Quod
3186 4464 3232 4519 si
3263 4464 3314 4518 id
3361 4460 3504 4531 quod
3532 4470 3619 4514 est

361 4549 456 4603 τοῦ
503 4551 925 4616 ἀποστείλαντος
972 4552 1062 4605 τὸν
1105 4553 1340 4626 Χριστὸν
1388 4555 1703 4627 Πνεῦματος
1750 4557 1938 4613 ἀπολο-

2045 4559 2186 4629 apud
2206 4541 2409 4615 olsaiam
2434 4559 2719 4631 scriptum,
2754 4559 2832 4614 ait
2861 4557 3123 4615 Servator
3148 4564 3336 4611 noster
3362 4568 3421 4607 se
3450 4566 3480 4606 a
3511 4550 3616 4606 Pa—

362 4643 672 4716 γησασθαι,
729 4645 828 4715 οὐχ
879 4643 956 4709 ὡς
1011 4643 1171 4715 φύσει
1220 4645 1605 4719 διαφέροντος,
1662 4649 1799 4704 ἀλλὰ
1850 4650 1940 4706 διὰ

360 4735 460 4807 τὴν
492 4736 793 4808 γενομένην
840 4736 1150 4808 οἰκονομίαν
1192 4737 1295 4808 τῆς
1329 4738 1796 4813 ὲνανορωπήσεως
1843 4741 1937 4796 τοῦ

363 4826 496 4882 Υἱοῦ
531 4827 625 4882 τοῦ
657 4827 793 4882 Θεοῦ
825 4868 839 4894 ,
901 4828 1296 4895 ὲλαττωθέντος
1346 4831 1474 4904 παρ’
1508 4831 1642 4887 αὐτὸ
1686 4834 1783 4888 τοῦ
1825 4833 1938 4889 Σω-

361 4916 548 4989 τῆρος.
604 4919 669 4973 Ei
707 4918 763 4972 δὲ
818 4920 877 4973 ὲν
922 4919 1096 4993 τούτῳ
1128 4921 1239 4994 (22)
1282 4921 1616 4994 προσκόπτει
1645 4923 1725 4995 τῷ
1758 4923 1938 4995 λέγειν

363 5008 705 5077 ἠλαττῶσοαι
754 5010 906 5083 παρὰ
949 5010 1012 5064 τὸ
1063 5012 1218 5081 ἅγιον
1275 5012 1503 5084 Πνεῦμα
1559 5015 1650 5070 τὸν
1712 5015 1938 5088 Σωτῆρα

436 5154 498 5209 ³1
524 5155 650 5212 Cor.
686 5170 785 5225 xit,
810 5155 844 5211 ι
873 5154 928 5211 6.
1002 5154 1024 5186 ⁸
1052 5153 1157 5210 lsa.
1189 5170 1371 5223 XLVIII,
1411 5155 1497 5211 56.

437 5296 547 5371 (l8)
574 5297 688 5371 Καὶ
728 5297 886 5371 τάχα
934 5296 1309 5371 αῇτηῌέστὶν
1346 5294 1667 5371 αἱτίαφιις,
1722 5294 1932 5352 Similis

366 5364 481 5426 fere
504 5364 589 5438 est
618 5364 925 5438 Basilii’ep.
946 5368 1038 5438 43,
1078 5364 1316 5438 ⁷(ἔνθεον.
1346 5364 1575 5436 Nysseui
1606 5364 1700 5438 lib.
1742 5381 1757 5419 l
1804 5383 1931 5438 conf

367 5450 452 5494 ινα
490 5437 839 5509 Eunpmigm,
862 5435 1177 5509 'Epiphanii
1203 5435 1587 5509 inﬁmorum,
1639 5435 1928 5509 Augustini

366 5510 469 5566 lib.
503 5523 571 5564 xv
598 5506 676 5562 De
715 5504 1009 5571 Trinit.,'c.
1034 5506 1126 5574 26,
1166 5516 1221 5564 et
1250 5505 1342 5560 lib.
1366 5520 1420 5559 nt
1447 5504 1648 5560 Contra
1682 5504 1932 5560 Maximi-

368 5595 516 5643 num,
551 5592 673 5647 cap.
710 5577 795 5639 l4.
830 5573 1167 5647 aliorumque
1193 5574 1558 5647 ratiocinatio,
1580 5590 1701 5647 eum
1734 5573 1932 5631 Filium

371 5647 579 5704 idcirco
617 5646 810 5702 Filium
844 5648 946 5703 dici
995 5645 1210 5707 etesse
1258 5646 1465 5713 volunt,
1519 5645 1665 5715 quod
1708 5659 1773 5700 ex
1822 5660 1933 5699 uno

370 5718 620 5785 oriatur;
658 5717 920 5787 Spiritum
970 5727 1218 5772 sanctum
1251 5716 1505 5787 nee__dici
1542 5714 1773 5781 Filium,
1829 5730 1934 5771 nec

371 5802 517 5847 esse.
539 5788 680 5859 quod
700 5785 968 5859 procedat
997 5804 1060 5841 ex
1096 5787 1320 5859 duolms.
1355 5785 1613 5859 liuentis.

444 5854 570 5930 (i9)
596 5854 762 5930 Ἔχὲι
810 5856 880 5911 δὲ
927 5857 1323 5928 ἐπαπόρησιγ,
1362 5866 1468 5913 etc.
1527 5855 1658 5911 Vide
1700 5854 1759 5910 S.
1791 5855 1934 5911 Tho-

2049 4659 2131 4706 tre
2158 4652 2385 4708 missum
2423 4668 2566 4720 esse,
2600 4664 2654 4709 et
2682 4656 2749 4710 ab
2790 4654 2961 4725 ipsius
3008 4648 3240 4719 Spiritu,
3278 4644 3617 4715 responden-

2045 4741 2174 4797 dum
2222 4753 2308 4799 est
2356 4744 2516 4800 etiam
2551 4747 2654 4802 hoc
2698 4746 2816 4801 loco
2851 4744 3077 4799 missum
3108 4753 3229 4797 csse
3264 4738 3541 4795 Christum
3587 4751 3617 4789 a

2047 4831 2277 4905 Spiritu,
2307 4850 2416 4891 non
2447 4838 2590 4906 quod
2639 4846 2833 4893 natura
2874 4834 3107 4901 dilfcrat,
3139 4833 3234 4891 sed
3279 4842 3497 4903 propter
3526 4828 3618 4885 Fi-

2046 4925 2103 4981 lii
2142 4925 2237 4981 Dei
2268 4929 2670 4984 conservatoris
2703 4928 2871 4984 nostri
2903 4967 2916 4994 ,
2947 4928 3040 4999 qui
3094 4942 3152 4983 se
3183 4924 3323 4981 infra
3357 4938 3478 4977 cum
3512 4918 3623 4975 mi-

2047 5018 2202 5087 nuit,
2260 5020 2316 5076 in
2382 5020 2719 5079 humanitate
2775 5024 3082 5088 sumenda,
3134 5015 3614 5090 dispensationem.

2034 5313 2175 5353 mam
2212 5312 2265 5366 ρ.
2297 5311 2337 5361 ι,
2374 5312 2429 5367 q.
2457 5295 2547 5361 43,
2580 5312 2629 5349 a.
2669 5295 2725 5352 8.

2107 5359 2225 5437 (20)
2248 5359 2431 5437 Codex
2457 5359 2785 5422 Bodleianns
2814 5370 2963 5420 recte
2988 5364 3068 5425 εἰς
3107 5359 3273 5415 αὐτόι
3305 5360 3479 5417 codex
3511 5359 3618 5417 Re-

2035 5434 2126 5507 giu
2143 5458 2183 5507 ς,
2211 5438 2292 5498 εἰς
2316 5434 2500 5497 αὑτὸν,
2528 5438 2686 5507 male.

2109 5506 2222 5577 (:21)
2262 5507 2392 5577 Τοῖς
2416 5509 2505 5573 εις
2529 5505 2598 5560 τὸ
2629 5504 2926 5577 κακόνέτι
2962 5500 3499 5577 ἀποπίπτουσιμκαὶ
3523 5501 3619 5577 ἐκ-

2035 5571 2440 5646 τρεπομένοις.
2474 5571 2781 5646 chendum
2815 5577 3047 5646 videtur,
3073 5574 3202 5638 τοὺς
3235 5574 3316 5639 είς
3353 5572 3414 5627 τὸ
3450 5571 3621 5627 κακὸν

2043 5644 2123 5700 ἔτι
2149 5644 2567 5720 άποπίπτοντας
2587 5644 2680 5720 καὶ
2720 5645 3173 5720 ἐκτραπομένοις.

2116 5717 2230 5787 (93)
2254 5719 2321 5771 Ei
2351 5715 2419 5772 δὲ
2448 5718 2518 5772 ἐν
2541 5706 2754 5786 τούτῳ,
2794 5706 2902 5775 οἰιε.
2933 5706 3075 5790 [lege
3102 5706 3167 5770 Ei.
3199 5714 3257 5769 δέ
3290 5732 3374 5779 τις
3399 5713 3457 5767 ἒν
3488 5706 3619 5765 ratio

2041 5804 2119 5857 τῳ
