4082 6224
353 390 462 446 135
1443 379 1804 439 COMMENT.
1842 378 1899 433 IN

2006 379 2132 434 :AS.
2179 377 2419 436 TOMl'S
2461 379 2522 436 ll.
3514 381 3614 437 134

352 505 600 560 δύναται.
649 503 830 557 Ταῦτα
867 502 920 554 δὲ
957 502 1051 554 καὶ
1083 502 1238 554 τοῦτο
1281 501 1341 553 οὐ
1378 502 1612 571 χαλεπὸν
1663 500 1899 571 ὲρμηνεῦ

2037 502 2090 554 in
2125 509 2362 552 montem
2397 512 2654 569 magnum
2683 496 2899 550 Thahor
2926 497 3189 567 portavit;
3221 517 3236 549 ι
3271 499 3315 552 is
3346 498 3613 555 dubitabit

353 615 463 651 σαι.
501 598 560 649 ΕΞ
595 596 702 666 γὰρ
726 597 756 647 ό
784 593 950 646 ποιῶν
973 593 1032 645 τὸ
1063 592 1274 662 θέλημα
1310 591 1422 661 (9.9)
1456 591 1552 644 τοῦ
1583 591 1795 660 Πατρὺς
1832 594 1899 644 τοί

2030 595 2118 662 qui
2173 593 2414 661 Spiritus
2461 599 2715 653 sanctus,
2754 591 2846 660 qui
2907 606 3003 659 per
3038 591 3271 645 Verbum
3309 591 3482 646 factus
3506 604 3611 655 est,

351 691 407 742 ἐν
431 691 540 751 τοῖς
567 689 813 759 οὐρανοῖς
846 685 1072 753 ἀδελφὸς
1095 686 1186 737 καὶ
1217 683 1420 754 ἀδελφὴ
1453 685 1545 738 καὶ
1574 683 1756 755 μήτηρ
1780 684 1897 736 ἐστὶ

2033 693 2208 738 mater
2235 683 2432 735 Christi
2465 695 2588 735 esse
2641 681 2829 749 possit.
2862 681 2966 733 Sed
3025 682 3138 734 lucc
3172 690 3336 751 atque
3367 684 3468 736 hoc
3504 698 3610 736 non

347 779 534 842 αὑτοῦ,
567 779 659 832 καὶ
688 777 876 846 φθάνει
904 777 964 828 τὸ
995 777 1224 844 ἁδελφὸς
1261 773 1499 847 Χριστοῦ
1541 774 1710 844 δνομα
1739 775 1798 827 οὐ
1833 775 1899 844 μό

2029 783 2112 830 est
2142 774 2360 827 dillicile
2395 772 2766 842 interpretari.
2799 772 2854 826 Si
2887 771 3031 824 enim
3067 772 3111 826 is
3142 772 3231 841 qui
3265 772 3395 827 facit
3425 775 3612 828 volun-

346 885 435 922 νον
457 868 547 920 ἐπὶ
583 865 643 918 τὸ
674 865 784 918 τῶν
832 864 1134 936 ἀνθρώπων
1177 865 1356 932 γένος,
1407 861 1542 917 ἀλλὰ
1588 863 1682 916 καὶ
1725 863 1819 916 ἐπὶ
1859 880 1899 915 τι

2029 876 2198 922 tatem
2230 865 2409 920 Patris
2441 867 2530 934 qui
2567 866 2618 918 in
2648 865 2801 920 cadis
2829 873 2930 931 est,
2964 863 3082 931 ejus
3131 874 3296 919 estet
3339 865 3526 929 frater,
3559 879 3608 920 et

345 959 532 1015 τούτου
566 957 814 1028 θειότερα
833 974 846 987 °
880 958 1032 1011 οὐδὲν
1070 958 1265 1011 ἄτοπον
1317 955 1469 1011 ἔσται
1513 955 1712 1017 μᾶλλον
1746 955 1894 1026 πάση

2029 971 2212 1019 soror,
2241 967 2297 1011 et
2340 965 2514 1010 mater
2534 957 2590 1022 ';
2633 965 2688 1009 et
2728 954 2913 1008 fratris
2939 955 3142 1009 Christi
3172 970 3365 1010 nomen
3395 973 3498 1010 non
3526 973 3612 1011 so-

349 1049 791 1121 χρηματιξοῦσης
825 1049 1030 1120 μητρὸς
1061 1046 1292 1118 Χριστοῦ
1325 1047 1414 1100 διὰ
1446 1046 1508 1099 τὸ
1549 1050 1723 1101 ποιεῖν
1751 1047 1812 1100 τὸ
1837 1047 1894 1100 Θέ

2029 1050 2134 1103 lum
2167 1049 2232 1103 ad
2265 1064 2436 1119 genus
2466 1047 2742 1101 hominum
2774 1046 2942 1110 venit,
2977 1047 3072 1101 sed
3100 1047 3261 1100 etiam
3292 1048 3358 1102 ad
3397 1064 3458 1102 ea
3491 1064 3612 1118 qum

345 1143 492 1212 λημα
537 1139 632 1193 τοῦ
680 1141 738 1192 ἐν
777 1143 890 1203 τοῖς
934 1140 1180 1211 οὐρανοῖς
1232 1138 1553 1210 Πατρὸς,τὺ
1598 1136 1824 1207 Πνεῦμα
1868 1155 1898 1190 τ

2029 1155 2094 1195 eo
2127 1137 2391 1192 diviniora
2431 1144 2576 1198 sunt,
2622 1135 2756 1189 nihil
2787 1135 2900 1202 jam
2931 1133 3225 1188 absurdum
3262 1136 3612 1202 alienumque

347 1231 496 1299 ἅγιον
532 1221 672 1284 εἶναι
731 1227 963 1302 μητέρα.
1005 1230 1121 1282 Ἔτι
1146 1230 1226 1293 είς
1255 1230 1349 1283 τό·
1387 1248 1406 1280 r
1446 1229 1630 1283 Πάντα
1658 1227 1725 1280 δι’
1763 1228 1896 1280 αὐτο

2031 1230 2158 1294 erit,
2191 1230 2311 1296 plus
2345 1228 2507 1283 etiam
2539 1242 2705 1296 quam
2758 1241 2856 1281 eos
2896 1228 2986 1294 qui
3039 1226 3180 1294 quod
3217 1224 3392 1279 Patris
3423 1226 3516 1294 qui
3556 1227 3608 1278 in

345 1325 582 1392 ἐγένετο,
622 1343 639 1374 ›
679 1324 773 1376 καὶ
804 1322 975 1376 ταῦτα
1009 1321 1292 1392 ζητητέον.
1330 1323 1409 1392 Τῇ
1451 1320 1664 1391 ἐπινοίᾳ
1695 1322 1725 1373 ό
1758 1321 1899 1388 Λόγο

2032 1329 2187 1382 cmlis
2217 1337 2299 1380 cst
2346 1327 2682 1381 voluntatem
2721 1325 2945 1391 faciant,
2987 1325 3188 1380 Christi
3225 1335 3395 1379 mater
3424 1327 3609 1396 appel-

343 1417 528 1488 ἕτερός
578 1419 694 1469 ἐστι
742 1415 894 1487 παρὰ
943 1415 1040 1485 τὴν
1090 1415 1258 1486 ζωὴν,
1302 1415 1397 1468 καὶ
1435 1433 1453 1464 ι
1490 1414 1519 1466 ὃ
1550 1414 1771 1482 γέγονεν
1811 1415 1868 1468 ὲν

2031 1418 2231 1483 lantur,
2272 1426 2500 1471 matrem
2551 1431 2670 1471 esse
2720 1425 2980 1470 sanetum
3023 1414 3332 1487 Spiritum]
3376 1417 3452 1470 Ad
3496 1418 3611 1472 lucc

341 1507 420 1578 τῷ
448 1509 603 1578 Λόγῳ
637 1528 654 1559 ‹
703 1508 814 1579 ζωὴ
843 1503 931 1578 ἦν,
967 1507 1060 1560 καὶ
1100 1505 1214 1578 ζωὴ
1243 1502 1314 1578 ἦν
1345 1507 1404 1560 τὸ
1437 1507 1550 1576 φῶς
1580 1505 1688 1560 τῶν
1722 1504 1899 1578 ἀνθρώ

2029 1525 2335 1579 qumramus
2374 1519 2587 1578 oportet
2626 1519 2681 1563 et
2715 1508 2800 1564 illa
2856 1509 2906 1562 in
2947 1508 3048 1561 hoc
3079 1508 3324 1562 dictum:
3365 1527 3381 1560 ε
3411 1509 3606 1564 Omnia

343 1616 481 1652 πων.
519 1619 536 1650 ι
564 1596 690 1672 ⁷Λρ“
722 1595 836 1663 οῦν,
871 1601 948 1662 ὡς
979 1599 1157 1652 πάντα
1183 1598 1250 1651 δι’
1284 1598 1446 1652 αὑτοῦ
1476 1598 1708 1666 ἐγένετο,
1750 1598 1844 1651 καὶ
1891 1614 1899 1648 1

2025 1616 2122 1670 per
2157 1601 2328 1670 ipsum
2365 1601 2507 1653 facta
2563 1610 2707 1654 sunt.
2745 1619 2762 1651 ›
2802 1598 2994 1653 Sermo
3037 1597 3410 1652 intellectione
3437 1599 3604 1652 animi

343 1691 456 1762 ζωὴ
487 1692 555 1744 δι’
580 1693 744 1746 αὐτοῦ
775 1693 1026 1761 ὲγένετο;
1053 1693 1174 1762 ἥτις
1204 1694 1318 1746 ἐστὶ
1342 1692 1402 1744 τὸ
1435 1692 1548 1761 φῶς
1573 1691 1680 1744 τῶν
1711 1691 1899 1764 ἀνθρώ

2025 1692 2165 1746 alius
2197 1700 2281 1744 est
2314 1706 2342 1742 a
2373 1691 2504 1753 vita,
2541 1699 2594 1742 et
2629 1706 2646 1738 ι
2676 1689 2819 1755 quod
2857 1688 3054 1741 factum
3084 1697 3164 1741 est
3195 1689 3245 1741 in
3281 1708 3299 1740 ι
3342 1687 3606 1744 Sermone

339 1799 482 1847 πων,
529 1785 624 1836 καὶ
667 1785 724 1837 αἱ
771 1785 928 1838 ἄλλαι
970 1781 1064 1838 τοῦ
1116 1785 1362 1855 Σωτῆρος
1405 1783 1668 1838 ἐπίνοιαι·
1722 1785 1754 1854 ἤ
1800 1784 1899 1838 καθ

2031 1801 2049 1834 ι
2083 1782 2190 1835 vita
2223 1787 2362 1846 erat,
2395 1790 2449 1834 et
2473 1779 2584 1831 vita
2611 1789 2726 1832 erat
2756 1778 2845 1830 lux
2873 1776 3151 1832 hominum
3185 1777 3247 1831 ¹⁰.
3284 1796 3302 1830 ι
3337 1779 3416 1832 An
3443 1779 3606 1846 igitur

342 1874 695 1945 ὑπεξαίρεσιν
712 1874 818 1927 τῶν
847 1877 904 1928 ὲν
933 1874 1078 1944 αὐτῷ
1104 1875 1318 1946 νοητὲον
1338 1874 1398 1927 τό
1443 1893 1461 1925 ι
1504 1874 1689 1928 Πάντα
1726 1874 1792 1928 δι’
1821 1875 1899 1928 αὑ·

2024 1881 2080 1926 ιιι
2109 1871 2286 1926 omnia
2334 1885 2430 1939 per
2459 1869 2636 1938 ipsum
2682 1867 2825 1922 facta
2869 1875 3016 1931 sunt,
3046 1865 3122 1920 sic
3162 1867 3328 1922 etiam
3362 1869 3470 1921 vita
3509 1884 3606 1938 per

335 1967 432 2020 τοῦ
461 1967 679 2035 ἐγένετο
702 1983 715 2029 ;
749 1987 766 2018 ι
797 1969 930 2039 ὅπερ
944 1968 1090 2020 δοκεῖ
1111 1985 1200 2038 μοι
1223 1965 1362 2022 εἶναι
1381 1972 1646 2038 κρεῖττον.
1670 1970 1787 2022 Ἵνα
1809 1968 1899 2039 γὰε

2022 1962 2194 2031 ipsum
2222 1961 2363 2016 facta
2395 1973 2500 2026 est,
2534 1976 2654 2028 qua:
2683 1969 2765 2016 est
2791 1959 2882 2014 lux
2912 1959 3214 2024 hominum,
3245 1971 3298 2015 et
3329 1961 3447 2014 alize
3477 1961 3605 2013 Ser—

337 2059 670 2130 συγχωρηθῇ
710 2059 795 2112 διὰ
821 2053 910 2112 τοῦ
937 2060 1220 2127 γεγονέναι
1253 2061 1352 2130 τὴν
1385 2060 1529 2131 ζωὴν
1579 2060 1640 2112 τὸ
1669 2060 1784 2129 φῶς
1811 2060 1899 2112 τῶ·

2023 2053 2226 2106 vatoris
2265 2051 2702 2106 intellectiones:
2737 2052 2821 2105 vel
2871 2052 3054 2106 omnia
3101 2068 3197 2120 per
3240 2054 3416 2120 ipsum
3460 2052 3601 2106 facta

335 2151 662 2223 ἀνθρώπων,
685 2153 736 2204 τί
762 2151 974 2204 λεκτέον
993 2151 1121 2222 περὶ
1153 2153 1252 2222 τῆς
1285 2153 1783 2222 προεπινοουμένης
1809 2150 1898 2221 (50

2025 2141 2192 2195 fuisse
2224 2141 2529 2210 intelligere
2552 2155 2690 2209 opus
2716 2149 2820 2204 est,
2846 2139 3106 2194 detractis
3136 2140 3220 2194 his
3247 2155 3368 2209 qum
3401 2140 3452 2193 in
3486 2140 3602 2208 iprf)

334 2242 434 2296 τοῦ
467 2243 641 2309 Λόγου
668 2242 891 2311 amplae;
924 2243 998 2294 Οὐ
1028 2242 1136 2314 γὰρ
1168 2243 1340 2313 δήπου
1386 2243 1475 2296 διὰ
1515 2243 1608 2296 τοῦ
1647 2243 1819 2310 Λόγου
1860 2244 1899 2295 τὲ

2023 2239 2187 2294 sunt?
2213 2237 2362 2305 Quod
2397 2237 2531 2292 mihi
2564 2235 2759 2291 melius
2781 2252 2901 2291 esse
2931 2237 3165 2291 videtur.
3198 2235 3270 2291 Ut
3295 2239 3438 2291 enim
3472 2253 3603 2292 con-

334 2332 467 2402 περὶ
497 2332 587 2384 τὸν
612 2332 780 2400 Λόγον
807 2331 1100 2404 γεγένηται
1121 2349 1135 2362 ο
1169 2332 1311 2386 ὥστε
1335 2332 1506 2402 χωρὶς
1535 2331 1646 2386 τῶν
1671 2333 1899 2384 ἑπινοου·

2017 2331 2242 2383 cedatur
2267 2331 2442 2395 ipsum
2472 2328 2670 2382 fecisse
2700 2328 2904 2390 omnia,
2935 2342 3000 2382 eo
3033 2329 3176 2396 quod
3211 2329 3342 2394 vita,
3372 2345 3491 2399 qua:
3520 2339 3604 2386 est

338 2422 514 2493 μένων
545 2424 623 2495 τῷ
656 2425 896 2496 Χριστῷ,
928 2424 1110 2478 πάντα
1145 2423 1235 2478 διὰ
1268 2425 1364 2477 τοῦ
1399 2424 1575 2491 Λόγου
1625 2422 1899 2494 γεγένηται

2017 2418 2106 2471 lux
2154 2417 2456 2479 hominum,
2511 2416 2652 2470 facta
2706 2416 2866 2470 fuerit
2891 2455 2906 2480 ,
2935 2418 3062 2486 quid
3096 2419 3383 2472 dieendmu
3416 2421 3482 2474 de
3515 2436 3603 2474 sa-

333 2513 429 2566 τοῦ
476 2513 633 2578 Θεοῦ,
688 2517 1014 2586 ποιήσαντος
1063 2519 1122 2568 ὲν
1181 2516 1343 2586 σοφία
1375 2514 1516 2568 αὐτὰ
1548 2513 1642 2567 τοῦ
1677 2513 1885 2585 Πατρός

2015 2509 2216 2581 pientia
2246 2524 2367 2577 quae
2407 2517 2533 2562 ante
2573 2507 2748 2576 ipsum
2799 2506 3117 2562 Sermonem
3171 2510 3602 2564 consideratur?

343 2623 361 2654 α
395 2605 578 2660 Πάντα
611 2603 741 2678 γὰρ,
773 2608 962 2680 φησιν,
989 2610 1048 2673 ὲν
1073 2607 1230 2678 σοφίᾳ
1265 2606 1547 2677 ἐποίησας,
1581 2624 1600 2657 θ
1631 2605 1691 2658 οὗ
1713 2605 1800 2658 διὰ
1823 2605 1899 2675 τῆ⁴

2019 2599 2151 2655 Nam
2185 2598 2426 2668 profecto
2461 2613 2558 2667 per
2583 2595 2903 2652 Sermonem
2945 2599 3147 2653 factum
3178 2616 3283 2654 non
3312 2610 3418 2664 est,
3454 2603 3598 2670 quo.l

335 2694 532 2764 σοφίας
555 2696 839 2772 ἐποίησας.

2017 2687 2234 2745 excellit
2274 2686 2618 2741 Sermonem.
2677 2685 2858 2753 Quare
2895 2688 3078 2742 omnia
3127 2705 3226 2759 per
3278 2688 3595 2745 Sermonem

335 2786 504 2842 Deum
554 2788 699 2843 facta
729 2797 874 2854 sunt,
911 2798 1112 2859 praeter
1145 2797 1209 2844 ea
1245 2805 1365 2861 qua:
1393 2792 1806 2848 considerantur
1852 2793 1906 2847 in
1946 2790 2181 2854 Christo,
2213 2788 2339 2858 quia
2374 2785 2539 2842 Pater
2567 2785 2760 2842 fecerit
2788 2801 2851 2842 ea
2900 2787 2952 2842 in
3001 2788 3291 2859 sapientia,
3343 2806 3361 2840 ι
3405 2789 3596 2845 Omnia

333 2880 719 2950 enim,in.1uit,
760 2881 814 2936 in
855 2865 1120 2950 sapientia
1154 2883 1330 2938 fecisti
1353 2885 1418 2950 ",
1450 2903 1468 2937 ι
1504 2899 1610 2939 non
1640 2901 1736 2955 per
1761 2885 2082 2956 sapientiam
2125 2881 2333 2936 fecisti.
3513 2923 3516 2928 .

411 2972 458 3024 7.
497 2971 726 3041 Ἴδωμεν
770 2971 826 3025 δὲ
854 2972 942 3026 διὰ
972 2970 1027 3026 τί
1065 2974 1384 3045 πρόσκειται
1419 2975 1515 3028 τό·
1550 2995 1568 3026 ι
1604 2975 1715 3029 Καὶ
1743 2976 1899 3048 χωρὶς

2085 2973 2138 3025 7.
2175 2970 2468 3026 Videamus
2500 2968 2664 3025 etiam
2708 2967 3061 3039 quamobrem
3105 2969 3307 3023 dictum
3340 2969 3436 3033 sit,
3477 2987 3496 3020 ς
3531 2967 3594 3023 Et

335 3063 502 3118 αὑτοῦ
548 3064 765 3132 ἐγένετο
812 3064 934 3117 οὐδὲ
982 3065 1071 3118 ἓν·
1119 3084 1139 3117 ι
1177 3067 1286 3119 τισὶ
1325 3065 1427 3120 κᾶν
1468 3067 1616 3132 δόξαι
1665 3069 1899 3138 περιττὺι

2017 3063 2134 3119 sine
2189 3063 2306 3132 ipso
2340 3063 2543 3117 factum
2565 3070 2649 3116 est
2692 3060 2827 3114 nihil
2861 3060 2926 3128 “,
2957 3079 2975 3112 ι
3009 3060 3222 3116 etiamsi
3269 3061 3592 3130 quihusdam

337 3155 620 3225 τυγχάνειν
645 3155 706 3208 τό
726 3165 737 3181 ‘
779 3173 798 3206 ι
839 3155 1022 3228 Χωρὶς
1051 3155 1216 3210 αὑτοῦ
1249 3157 1467 3225 ἐγένετο
1490 3160 1610 3212 οὐδὲ
1632 3159 1712 3225 ἓν,
1749 3180 1767 3212 ι
1797 3163 1899 3216 ὲπι-

2016 3154 2265 3208 videatur
2293 3153 2622 3222 superﬂuum
2657 3165 2779 3207 esse
2828 3151 2984 3217 illud,
3018 3171 3037 3204 ι
3075 3151 3208 3208 Sine
3239 3153 3354 3222 ipso
3387 3153 3590 3208 factmu

338 3245 632 3315 φερόμενον
662 3244 761 3315 τῷ⁶
809 3264 828 3297 ε
880 3247 1064 3300 Πάντα
1087 3247 1152 3300 δι’
1185 3247 1349 3302 αὑτοῦ
1383 3249 1614 3317 ἐγένετο.
1661 3270 1682 3304 ι
1715 3253 1778 3305 Ei
1805 3253 1914 3325 γὰρ

337 3335 441 3387 πᾶν
466 3333 750 3388 ὀτιποτοῦν
782 3334 869 3408 qia:
892 3334 987 3388 τοῦ
1013 3336 1186 3405 Λόγου
1226 3338 1541 3409 γεγένηται,
1568 3341 1719 3393 οὐδὲν
1745 3343 1914 3412 χωρὶς

335 3424 428 3478 τοῦ
455 3426 632 3493 Λόγου
657 3427 966 3498 γεγένηται.
991 3430 1185 3483 Οὐκέτι
1229 3430 1414 3500 μέντοι
1434 3447 1498 3499 γε
1534 3432 1815 3487 ἀκολουθεῖ
1835 3434 1912 3506 τῷ

331 3516 502 3585 χωρὶς
527 3516 620 3568 τοῦ
650 3517 826 3585 Λόγου
860 3520 1186 3589 γεγενῆσθαί
1227 3538 1281 3574 τι
1323 3521 1435 3592 (51)
1488 3520 1548 3575 τὸ
1584 3524 1761 3578 πάντα
1812 3525 1908 3580 τοῦ

332 3602 508 3673 Λόγου
550 3609 896 3678 γεγενῆσθαι.
943 3610 1155 3676 Ἔξεστι
1201 3611 1332 3684 γὰρ,
1369 3613 1579 3678 οὐδενὸς
1615 3616 1784 3688 χωρὶς
1816 3616 1908 3670 τοῦ

327 3695 503 3764 Λόγου
526 3699 914 3769 γεγενημένου,
953 3699 1027 3771 μὴ
1064 3700 1221 3772 μόνον
1271 3701 1360 3755 διὰ
1403 3703 1496 3756 τοῦ
1538 3703 1713 3772 Λόγου
1747 3721 1908 3773 γεγο-

334 3786 482 3841 νέναι
519 3789 720 3854 πάντα,
770 3791 907 3846 ἀλλὰ
953 3793 1046 3846 καὶ
1090 3793 1196 3847 ὑπὸ
1239 3792 1334 3847 τοῦ
1379 3796 1550 3864 Λόγου
1588 3797 1731 3851 τινά.
1787 3797 1908 3868 Χρὴ

339 3879 521 3932 τοίνυν
545 3881 742 3936 εἰδέναι
767 3883 883 3946 πῶς
914 3884 998 3938 δεῖ
1020 3884 1239 3938 ἀκούειν
1275 3885 1369 3939 τοῦ
1418 3886 1633 3950 πάντα,
1664 3887 1758 3942 καὶ
1793 3888 1908 3953 πῶς

328 3969 429 4022 τοῦ
481 3970 680 4025 οὐδέν.
716 3974 952 4027 Δυνατὺν
994 3974 1102 4044 γὰρ
1147 3975 1210 4027 ἐκ
1241 3974 1336 4028 τοῦ
1383 3975 1460 4046 μὴ
1506 3976 1908 4047 τετρανωκὲναι

328 4061 645 4134 ἀμφοτέρας
663 4064 761 4127 τὰς
783 4065 1336 4132 λέξεις,ὲκδέξασθαι,
1381 4068 1485 4130 ὅτι,
1521 4068 1569 4120 si
1610 4068 1786 4121 πάντα
1819 4067 1906 4122 διὰ

327 4151 424 4206 τοῦ
449 4153 623 4221 Λόγου
646 4155 880 4223 ἐγένετο,
914 4155 1021 4210 τῶν
1041 4157 1099 4210 δὲ
1131 4157 1348 4211 πάντων
1381 4159 1497 4212 ἐστὶ
1521 4160 1616 4213 καὶ
1642 4159 1675 4232 ή
1714 4159 1902 4225 κακία,

329 4243 427 4296 καὶ
455 4245 602 4297 πᾶσα
633 4246 665 4315 ἡ
699 4244 855 4316 χύσις
883 4247 981 4317 τῆς
1012 4247 1307 4318 ἁμαρτίας,
1342 4251 1436 4303 καὶ
1462 4250 1530 4304 τὰ
1555 4251 1787 4323 πονηρὰ,
1823 4252 1904 4304 ὅτι

2011 3256 2095 3302 est
2121 3247 2274 3311 nihil,
2305 3264 2323 3298 ι
2349 3245 2494 3316 quod
2518 3244 2866 3315 subjuugitur
2897 3243 2982 3300 his
3011 3245 3250 3300 verbiszr
3284 3245 3474 3302 Omnia
3497 3263 3595 3316 per

2011 3337 2186 3407 ipsum
2246 3337 2392 3391 facta
2442 3344 2589 3392 sunt.
2620 3355 2640 3390 ι
2681 3337 2740 3392 Si
2784 3350 2946 3391 omne
2985 3345 3040 3391 et
3077 3335 3340 3406 quidquid
3389 3338 3594 3394 dixeris

2011 3444 2108 3500 per
2138 3428 2459 3484 Sermonem
2491 3427 2696 3484 factum
2729 3425 2854 3492 fuit,
2887 3427 3021 3482 nihil
3052 3429 3175 3485 sine
3209 3429 3474 3484 Sermone
3506 3431 3589 3482 fa-

2009 3529 2158 3576 ctum
2184 3521 2303 3588 fuit,
2341 3533 2516 3575 tamen
2545 3534 2651 3575 non
2676 3519 2942 3589 sequitur,
2974 3522 3020 3575 si
3048 3520 3167 3576 sine
3194 3519 3456 3576 Sermone
3485 3535 3589 3575 non

2009 3610 2214 3667 factum
2261 3619 2347 3666 est
2391 3611 2594 3681 aliquid
2627 3651 2643 3675 ,
2697 3610 2880 3665 omnia
2926 3624 3023 3679 per
3074 3609 3395 3664 Sermonem
3450 3612 3589 3664 facta

2009 3702 2198 3757 fuisse.
2228 3701 2360 3756 Nam
2391 3702 2511 3757 fieri
2545 3709 2724 3770 potest
2750 3711 2828 3765 ut,
2859 3716 2983 3755 cum
3017 3700 3149 3754 nihil
3179 3701 3296 3754 sine
3327 3701 3592 3756 Sermone

2009 3790 2211 3844 factum
2245 3790 2438 3854 fuerit,
2493 3804 2598 3843 non
2653 3798 2860 3844 tantum
2913 3789 3096 3844 omnia
3137 3803 3232 3861 per
3264 3789 3586 3847 Sermonem

2007 3881 2149 3935 facta
2181 3881 2311 3946 sint,
2341 3881 2435 3936 sed
2469 3880 2649 3951 aliqua
2689 3882 2866 3938 solum
2911 3881 2979 3938 ab
3026 3882 3143 3953 ipso
3178 3883 3319 3938 facta
3358 3881 3586 3940 fuerint.

2008 3970 2241 4028 Proinde
2292 3971 2664 4044 intelligamus
2715 3989 2938 4030 necesse
2978 3985 3101 4038 est,
3134 3990 3371 4045 quonam
3425 3987 3588 4046 pacto

2007 4065 2253 4134 accipere
2279 4065 2577 4120 debeamus
2620 4067 2945 4122 vocabulum
2991 4070 3194 4134 omnia,
3227 4079 3280 4123 et
3315 4073 3587 4138 quomodo

2007 4157 2323 4212 vocabulum
2359 4155 2511 4214 nihil.
2544 4157 2688 4214 Fieri
2721 4160 2867 4215 enim
2899 4168 3109 4230 potest,
3144 4160 3196 4214 ni
3251 4161 3582 4232 explanave-

2003 4247 2176 4302 rimus
2205 4259 2467 4318 utrasque
2493 4249 2757 4306 dictiones
2778 4290 2793 4316 ,
2826 4252 2870 4306 si
2904 4251 3088 4305 omnia
3137 4267 3234 4322 per
3261 4252 3581 4308 Sermonem

329 4336 425 4388 καὶ
451 4335 621 4389 ταῦτα
647 4337 736 4390 διὰ
759 4337 851 4390 τοῦ
878 4338 1050 4409 Λόγου
1091 4341 1327 4409 ἐγένετο.
1368 4342 1537 4396 Τοῦτο
1577 4342 1633 4396 δὲ
1677 4342 1899 4412 ψεῦδος·

2009 4337 2147 4392 facta
2173 4349 2319 4404 sunt,
2357 4349 2411 4395 et
2430 4341 2790 4411 appellatione
2818 4343 3060 4396 omnium
3092 4344 3584 4413 comprehendatur

330 4427 606 4496 κτίσματα
645 4429 742 4499 μὲν
766 4427 874 4499 γὰρ
894 4429 982 4484 διὰ
1001 4430 1096 4483 τοῦ
1123 4432 1296 4500 Λόγου
1335 4432 1611 4501 γεγονέναι
1646 4434 1745 4487 οὐκ
1780 4432 1903 4487 ἆτο-

330 4535 452 4582 πον,
485 4519 622 4573 ἀλλὰ
653 4521 748 4574 καὶ
778 4521 868 4575 διὰ
885 4519 977 4575 τοῦ
1011 4522 1186 4590 Λόγου
1208 4523 1276 4576 τὰ
1305 4523 1785 4595 ἀνδραγαθήματα,
1809 4526 1904 4579 καὶ

331 4611 505 4664 πάντα
531 4612 598 4665 τὰ
619 4612 1016 4684 κατορθώματα
1050 4615 1441 4685 κατωρθῶσθαι
1470 4619 1581 4680 τοῖς
1612 4616 1903 4688 μακαρίοις

327 4703 466 4752 νοεῖν
489 4701 813 4769 ἁναγκαῖον’
849 4704 1033 4757 οὐκέτι
1058 4703 1115 4757 δὲ
1145 4705 1238 4756 καὶ
1283 4704 1353 4758 τὰ
1384 4706 1758 4777 ἁμαρτήματα
1804 4706 1899 4759 καὶ

326 4791 394 4843 τὰ
425 4791 820 4863 ἀποπτώματα.
865 4794 1240 4864 Ἐξειλήφασιν
1261 4791 1354 4848 οὖν
1391 4814 1536 4860 τινες
1557 4797 1666 4867 (52)
1687 4796 1763 4868 τῷ
1805 4797 1899 4850 ἅν-

277 4875 295 4938 ὶ
325 4882 624 4936 υπόστατον
667 4881 806 4938 εἶναι
827 4886 926 4955 τὴν
957 4887 1153 4941 κακίαν
1176 4889 1193 4950 (
1215 4887 1338 4940 οῦτε
1363 4887 1472 4960 γὰρ
1491 4883 1558 4958 ἦν
1578 4889 1670 4941 ἀπ’
1699 4888 1895 4960 ἀρχῆς,

326 4971 445 5026 οὔτε
481 4975 561 5038 εἰς
595 4975 687 5029 τὸν
719 4977 892 5030 αἰῶνα
921 4978 1093 5050 ἔσται)
1120 4979 1271 5032 ταῦτ’
1298 4975 1436 5033 εἶναι
1462 4979 1529 5032 τὰ
1557 4978 1754 5050 μηδέν’
1799 4979 1894 5032 καὶ

2006 4439 2060 4485 et
2089 4430 2303 4496 vitium,
2343 4439 2397 4485 et
2435 4432 2612 4486 otnnis
2654 4431 2790 4487 fusio
2822 4433 3054 4503 peccati,
3083 4444 3138 4488 et
3175 4435 3355 4489 omnia
3393 4452 3581 4504 prava,

2005 4533 2064 4577 ut
2120 4523 2486 4592 intelligamus
2532 4525 2699 4580 etiam
2752 4527 2867 4582 haec
2913 4541 3011 4595 per
3060 4526 3384 4582 Sermonem
3439 4527 3579 4584 facta

2005 4612 2196 4679 fuisse,
2229 4615 2375 4683 quod
2401 4624 2485 4669 est
2523 4614 2716 4668 falsum
2749 4634 2763 4670 :
2802 4626 3089 4672 creaturas
3135 4617 3278 4671 enim
3319 4633 3415 4688 per
3446 4619 3580 4674 Ser-

2005 4720 2220 4760 monem
2291 4705 2464 4760 factas
2525 4706 2695 4762 fuisse
2748 4708 2882 4761 nihil
2939 4715 3026 4762 est
3072 4709 3292 4764 absurdi
3340 4728 3354 4766 :
3417 4721 3580 4782 atque

2003 4795 2114 4866 65
2166 4795 2330 4849 etiam
2380 4796 2567 4851 beatos
2613 4797 2758 4850 viros
2798 4798 2976 4851 omnia
3023 4799 3280 4868 praeclare
3319 4800 3486 4869 facta,
3523 4811 3578 4857 et

2003 4886 2223 4955 egregia
2261 4884 2506 4940 facinora
2545 4899 2638 4953 per
2689 4885 3009 4945 Sermonem
3065 4892 3363 4964 peregisse,
3415 4895 3576 4950 nobis

2005 4976 2375 5031 necessarium
2412 4986 2496 5032 est
2517 4977 2821 5049 intelligere
2853 4995 2868 5032 :
2902 4995 3010 5038 non
3040 4982 3168 5040 item
3202 4999 3333 5042 vero
3368 4985 3573 5056 lapsus.

394 5109 419 5141 ’
439 5110 629 5167 Matth.
655 5127 756 5180 xu,
791 5115 880 5170 50.
962 5117 1005 5148 ¹⁶
1025 5115 1180 5172 Joan.
1207 5132 1246 5180 ι,
1268 5116 1324 5184 3,
1351 5117 1406 5172 4.
1481 5118 1518 5148 ¹¹
1544 5116 1684 5172 l’sal.
1723 5116 1893 5181 cut,2

2028 5114 2253 5173 "Juan.
2283 5131 2320 5182 ι,
2345 5117 2400 5172 5.

333 5247 487 5321 filice
501 5250 715 5319 quidem
729 5250 924 5307 Judmis
939 5261 1191 5321 tanquam
1212 5253 1371 5307 homo
1388 5253 1596 5306 dicebat
1617 5251 1890 5306 Dominus.

335 5317 624 5390 Iliseipulis
658 5336 792 5376 vero
816 5317 1156 5376 divinitatem
1186 5331 1241 5377 et
1268 5323 1699 5391 magnitudinem
1733 5336 1887 5376 suam

329 5391 643 5461 ostendens,
674 5407 777 5444 non
823 5394 934 5461 jam
981 5392 1212 5461 amplius
1247 5393 1510 5447 minorem
1562 5407 1620 5446 se
1655 5391 1882 5461 Spiritu,

2000 5253 2168 5340 ῗοιῶν
2195 5253 2256 5308 τὸ
2295 5253 2535 5325 θέλημαο
2571 5253 2711 5310 male
2743 5253 2947 5326 Regius
2985 5274 2998 5310 ε
3027 5255 3090 5310 Et
3126 5255 3236 5328 γὰρ
3277 5255 3461 5314 ὁποῖον
3510 5257 3574 5316 τὸ

1998 5322 2368 5474 magi-Xuthi.
2403 5394 2604 5465 Regius
2626 5392 3059 5474 etBarberinus,
3095 5399 3570 5474 Προεπινοουμέ-

327 5457 732 5536 sedunajorem
779 5457 898 5516 esse
924 5457 1282 5536 et_a2qualem
1336 5457 1883 5536 significans,_—dabat

2006 5457 2139 5536 me.
2158 5457 2514 5536 Bodleianus:
2545 5465 2970 5536 προνοουμένης.

328 5528 546 5592 quidem
585 5531 846 5599 Spiritum
878 5541 928 5584 et
977 5528 1236 5586 dicebat:
1269 5551 1287 5582 ι
1332 5528 1576 5599 Accipite
1609 5532 1873 5597 Spiritum

2061 5533 2680 5603 (51)Γεγενῆσθαί’τι.
2717 5533 3004 5594 Ferrarius
3054 5537 3205 5613 legit,
3237 5540 3314 5612 μὴ
3339 5541 3570 5614 γεγενῆ-

329 5609 581 5670 εουοιιιιη
603 5616 649 5650 ε»
694 5611 768 5662 el,
800 5619 819 5652 ι
862 5601 970 5668 Ego
999 5601 1147 5653 illum
1175 5603 1328 5655 mitto
1357 5618 1370 5652 :
1415 5620 1434 5653 ι
1469 5611 1553 5664 et,
1589 5619 1607 5651 ι
1642 5604 1758 5670 Ipse
1793 5617 1879 5654 me
1989 5603 2134 5656 σθαι.

329 5666 649 5740 gloriﬁeabit
685 5686 698 5720 :
741 5688 759 5720 ι
800 5666 1076 5737 majorem,
1115 5682 1334 5740 propter
1357 5666 1676 5739 dignitatem
1704 5683 1758 5726 et
1785 5686 1885 5723 au-

327 5738 630 5808 ctoritatem
661 5740 918 5806 originis;
972 5738 1252 5808 :rqualeni.
1282 5738 1515 5794 essentia
1556 5753 1605 5793 et
1662 5753 1881 5794 natura.

396 5806 505 5879 (29)
559 5809 734 5863 Codex
789 5806 1108 5863 Bodleiauus
1163 5822 1309 5864 recte
1373 5812 1532 5864 habet
1589 5812 1650 5862 Ei
1700 5811 1808 5878 γὰρ
1851 5812 1878 5863 ό

2067 5674 2180 5752 to?)
2222 5671 2651 5752 Ἐξειοξήεεασιν
2693 5669 2806 5736 ιῦν
2848 5693 3025 5747 τινες,
3061 5691 3165 5740 ctc.
3231 5679 3567 5752 Augustintt't

1993 5743 2214 5813 Soli/aq.
2248 5760 2367 5813 cap.
2391 5747 2446 5802 5.
