4082 6224
469 426 574 487 135

1937 413 2262 478 οῐιιοΕΝιε

3640 410 3741 465 156

472 554 529 600 et
565 555 809 617 peccata.
854 544 1237 617 Ettposueruat
1281 544 1445 618 igitur
1476 544 1736 616 quidam,
1765 552 2050 614 propterea

2156 540 2347 609 ὥσπερ
2386 535 2656 608 Ἑλλήνων
2684 536 2828 600 τινές
2865 553 3028 606 φασιν
3059 531 3199 590 εἶναι
3237 533 3345 589 τῶν
3377 532 3439 587 οῦ
3473 550 3635 587 τινων
3674 534 3743 588 τά

471 637 618 706 quod
672 652 778 691 non
822 637 1087 692 subsistat
1129 636 1319 691 vitium
1363 641 1579 706 (neque
1634 635 1779 690 enim
1830 635 1929 687 fuit
1977 635 2047 686 ab

466 726 647 793 initio,
699 743 764 783 ac
800 741 870 783 ne
909 727 962 782 in
991 729 1250 785 saaculutn
1287 727 1503 797 quidem
1553 725 1793 781 futurum
1824 724 1955 793 est),
1982 738 2046 778 ea

466 818 602 873 nihil
664 832 806 874 esse.
874 820 942 875 Et
1015 818 1470 890 quemadmodum
1535 815 1766 887 gentiles
1827 815 2044 886 quidam

464 924 684 980 genera,
712 920 764 967 et
786 911 1017 982 species,
1048 911 1214 967 veluti
1249 909 1476 975 animal,
1497 918 1550 964 et
1574 909 1872 973 hominem,
1911 904 2043 961 nihil

462 1016 586 1057 esse
615 1002 828 1070 dicunt,
864 1003 937 1057 ita
970 1003 1023 1057 bi
1066 1001 1315 1057 arbitrati
1361 1009 1491 1058 sunt
1535 1014 1656 1057 esse
1693 1013 1855 1054 omne
1891 997 2042 1065 illud,

463 1093 608 1164 quod
645 1108 746 1149 nec
776 1107 806 1148 a
851 1091 988 1158 Deo,
1022 1108 1123 1150 nec
1149 1107 1246 1164 per
1278 1093 1600 1148 Sermonem
1634 1089 1925 1160 sumpserit
1954 1104 2051 1159 ap-

466 1194 755 1253 parentem
818 1184 1257 1239 subsistentiam.
1332 1184 1399 1240 Et
1455 1183 1785 1238 adnotatnus
1845 1197 1972 1236 num
2018 1195 2051 1236 e

469 1271 772 1344 Scripturis
844 1274 1055 1344 possint
1126 1275 1244 1329 haec
1321 1272 1734 1329 accuratissime
1809 1271 2044 1328 ostendi.

467 1364 739 1433 Quantum
771 1365 937 1436 igitur
980 1366 1175 1421 attinet
1208 1365 1275 1419 ad
1309 1365 1610 1435 signiﬁcata
1646 1364 1808 1436 hujus
1842 1362 2049 1420 voculae.

462 1458 618 1522 nihil,
645 1466 701 1513 et
719 1458 928 1513 vocula:
948 1474 1052 1513 non
1069 1474 1184 1523 eus,
1217 1471 1519 1528 synonyma
1544 1455 1874 1510 videbuntur
1900 1469 2045 1521 esse,

461 1562 586 1603 cum
615 1564 718 1605 non
748 1565 847 1605 eus
879 1549 1099 1604 dicatur
1123 1549 1296 1613 nihil,
1324 1559 1381 1605 ct
1407 1548 1544 1604 nihil
1573 1564 1680 1605 non
1711 1564 1829 1605 ens.
1863 1549 2049 1621 Itaque

460 1642 678 1698 videtur
698 1641 992 1713 Apostolus
1014 1657 1122 1695 non
1150 1641 1297 1695 entia
1323 1641 1534 1704 dicere,
1574 1656 1680 1697 uou
1712 1656 1834 1710 quae
1867 1642 2046 1696 omni-

461 1747 534 1789 no
558 1747 897 1803 nequaquam
920 1742 1068 1800 suut,
1096 1732 1190 1786 sed
1220 1747 1285 1788 ea
1313 1747 1434 1802 quae
1462 1733 1575 1787 sint
1621 1746 1787 1802 prava
1807 1771 1824 1799 ,
1853 1732 2047 1788 existi-

462 1840 619 1881 mans
646 1840 811 1896 prava
843 1840 948 1880 non
1000 1825 1287 1880 exsistere.
1323 1841 1341 1871 ο
1368 1823 1500 1891 ρυω
1543 1824 1688 1880 enim
1733 1840 1836 1879 non
1868 1835 2045 1887 erant,

462 1894 661 1989 inquit,
698 1918 838 1973 Deus
862 1919 1009 1974 velut
1036 1916 1187 1973 entia
1219 1916 1454 1971 vocavit.
1474 1916 1645 1984 sQuin
1670 1914 2046 1971 Mardocltaeus
2080 1894 2123 1950 Β

461 2011 625 2066 etiam
654 2010 708 2066 in
749 2009 891 2066 libro
932 2008 1129 2064 Esther
1153 2005 1312 2076 juxta
1345 2006 1727 2077 Septuaginta,
1767 2023 1871 2062 non
1905 2008 2051 2062 exsi-

465 2109 670 2161 steutes
691 2110 849 2156 vocat
872 2099 1122 2155 inimicos
1140 2098 1334 2164 lsrael,
1353 2098 1540 2154 dicens
1566 2115 1580 2152 :
1613 2115 1633 2150 ι
1656 2096 1736 2153 Ne
1762 2098 2052 2155 tradideris

461 2204 735 2261 sceptrum
763 2201 938 2257 tuum,
984 2191 1234 2260 Domine,
1271 2207 1378 2247 uon
1418 2192 1816 2247 exsistentihus
1859 2190 1997 2245 ⁸³⁸⁸⁵.
2023 2211 2044 2245 ι

462 2283 764 2340 Possumus
793 2284 957 2339 etiam
990 2283 1284 2354 adjuugere
1312 2283 1588 2352 quomodo
1608 2291 1831 2353 propter
1861 2283 2051 2337 vitium

464 2376 594 2432 mali
621 2374 964 2448 appellentur
990 2392 1098 2431 non
1146 2377 1518 2441 exsisteutcs,
1559 2390 1627 2430 ex
1674 2375 1768 2430 Dei
1808 2377 2049 2441 nomine,

461 2469 604 2540 quod
634 2470 899 2539 scriptum
939 2476 1024 2521 est
1068 2469 1122 2522 in
1176 2467 1364 2522 Exodo
1396 2481 1409 2519 :
1446 2484 1464 2518 ι
1498 2467 1643 2521 Dixit
1684 2467 1834 2522 enim
1867 2463 2051 2522 Domi-

462 2576 565 2616 nus
587 2560 655 2613 ad
680 2558 862 2614 Mosen
887 2576 902 2613 :
927 2559 1214 2614 Exsisteus
1243 2559 1346 2613 hoe
1374 2558 1505 2613 mihi
1537 2568 1621 2613 est
1676 2574 1872 2613 nomen
1908 2561 1974 2615 η.
2025 2579 2046 2614 ι

461 2648 647 2706 Bonus
676 2647 820 2704 Deus
851 2649 967 2705 haec
1003 2648 1244 2719 loquitur
1284 2647 1492 2717 judicio
1542 2658 1753 2713 nostro,
1803 2649 1896 2718 qui
1945 2648 2053 2719 glo-

463 2743 674 2800 riamur
697 2758 819 2800 esse
850 2743 917 2799 de
946 2741 1186 2798 Ecclesia
1206 2780 1223 2806 ,
1261 2755 1423 2811 quem
1449 2739 1764 2810 glorificaus
1790 2739 2053 2796 Sert'ator

462 2837 596 2894 dicit
627 2853 642 2892 :
679 2853 700 2889 ι
740 2833 913 2892 Nemo
958 2835 1150 2901 bonus,
1185 2833 1293 2889 nisi
1329 2832 1477 2889 solus
1520 2831 1696 2900 Deus,
1730 2847 1926 2903 nempe
1959 2833 2050 2887 ille

462 2928 650 2984 Pater.
685 2927 731 2960 ¹⁶
772 2945 791 2980 ι
829 2925 998 2997 Igitur
1039 2927 1212 2983 bonus
1270 2925 1410 2982 idem
1451 2935 1534 2982 est
1564 2940 1685 2980 cum
1726 2922 2049 2982 exsistente.

461 3019 598 3077 Cum
625 3035 755 3077 vero
781 3020 981 3075 malum
1008 3028 1103 3075 aut
1135 3034 1365 3089 pravum
1406 3018 1744 3074 contrarium
1776 3018 1847 3074 sit
1885 3018 2048 3083 bono,

462 3122 520 3168 et
543 3111 878 3168 contrarium
902 3112 1188 3167 exsistenti
1216 3111 1289 3167 sit
1317 3125 1424 3167 non
1451 3109 1749 3175 exsisteus,
1800 3110 2052 3179 sequitur

2152 631 2286 703 γένη
2322 630 2419 683 καὶ
2439 628 2510 683 τά
2526 629 2641 700 εἴδη
2659 629 2794 700 (55),
2808 623 2920 682 οἷον
2946 628 3006 681 τὸ
3029 627 3170 694 ζῶον
3203 628 3299 681 καὶ
3318 627 3413 681 τὸν
3428 626 3525 681 ἄνθ
3532 642 3741 699 ρωπον,

2148 723 2321 787 οὕτως
2341 720 2611 776 ὑπέλαϐον
2630 720 2784 775 οὐδὲν
2802 720 3091 792 τυγχάνειν
3119 720 3228 773 πᾶν
3248 719 3310 773 τὸ
3329 718 3431 790 οὓχ
3449 717 3556 772 ὑπὸ
3575 717 3741 781 Θεοῦ,

2147 813 2270 867 οὐδὲ
2298 812 2389 867 διὰ
2416 812 2513 867 τοῦ
2542 813 2717 882 Λόγου
2756 810 2859 883 τὴν
2885 811 3149 865 δοκοῦσαν
3183 810 3443 864 σύστασιν
3493 808 3737 880 εἰληφός.

2149 904 2258 958 Καὶ
2291 904 2590 976 ὲφίσταμεν
2629 904 2679 958 εί
2709 903 2933 958 δυνατὸν
2960 903 3070 959 ἀπὸ
3097 902 3208 957 τῶν
3236 900 3468 974 Γραφῶν
3506 899 3740 972 πληκτι-

2149 995 2368 1052 κώτατα
2414 995 2586 1052 ταῦτα
2639 996 3007 1069 παραστῆσαι.
3060 995 3224 1049 Ὅσον
3265 992 3447 1048 τοίνυν
3494 994 3589 1047 ἐπὶ
3627 995 3743 1058 τοῖς

2152 1089 2572 1162 σημαινομένοις
2611 1088 2706 1144 τοῦ
2758 1088 2962 1153 οὐδὲν,
3005 1087 3099 1141 καὶ
3140 1086 3238 1140 τοῦ
3296 1087 3411 1141 οὐκ
3451 1084 3545 1150 ὄν,
3597 1084 3740 1150 δόξει

2150 1178 2290 1238 εἶναι
2328 1180 2642 1254 συνώνυμα,
2689 1179 2786 1235 τοῦ
2831 1180 2934 1236 οὐκ
2970 1180 3124 1243 ὄντος
3164 1175 3381 1243 οὐδενὸς
3406 1175 3472 1233 ἂν
3503 1177 3739 1249 λεγομέ-

2150 1292 2264 1340 νου,
2299 1275 2395 1329 καὶ
2423 1274 2517 1329 τοῦ
2542 1274 2757 1338 οὐδενὸς
2786 1273 2886 1327 οὐκ
2916 1272 3088 1337 ὄντος.
3122 1271 3379 1326 Φαίνεται
3411 1270 3469 1324 δὲ
3500 1272 3531 1325 6
3570 1271 3737 1324 Ἀπόο

2152 1367 2337 1433 στολος
2373 1367 2445 1422 τὰ
2479 1368 2580 1422 οὐκ
2617 1366 2746 1421 ὄντα
2776 1365 2898 1437 οὐχὶ
2939 1361 3170 1417 ἐπὶτῶν
3210 1361 3436 1434 μηδαμῆ
3473 1359 3740 1432 μηδαμῶς

2150 1460 2323 1515 ὄντων
2371 1459 2674 1533 ὀνομάζων,
2708 1457 2824 1513 ἀλλ’
2860 1456 2953 1511 ἐπὶ
2995 1454 3106 1509 τῶν
3146 1454 3460 1526 μοχθηρῶν,
3490 1452 3565 1525 μὴ
3608 1454 3743 1507 ὄντα

2150 1552 2479 1624 νομίζωντὰ
2520 1550 2753 1624 πονηρά⁶
2780 1568 2799 1602 ι
2852 1552 2932 1607 Τὰ
2972 1548 3047 1621 μὴ
3097 1550 3225 1604 ὄντα
3261 1548 3407 1621 γάρ,
3462 1550 3660 1619 φησὶν,
3708 1544 3741 1597 ὁ

2150 1643 2284 1709 Θεὸς
2301 1646 2377 1711 ὡς
2404 1645 2538 1700 ὄντα
2569 1643 2882 1700 ἐκάλεσεν.»
2903 1641 3065 1696 Ἀλλὰ
3100 1641 3195 1694 καὶ
3217 1640 3246 1692 6
3279 1637 3646 1710 Μαρδοχαῖος,
3681 1639 3740 1692 ὲν

2149 1742 2215 1812 τῇ
2247 1737 2389 1793 κατὰ
2414 1737 2542 1799 τοὺς
2585 1735 2987 1808 Ἐϐδομήκοντα
3038 1732 3261 1805 Ἐσθὴρ,
3310 1732 3385 1805 μὴ
3418 1732 3583 1795 ὄντας
3610 1732 3742 1795 τοὺς

2151 1830 2379 1904 ἐχθροὺς
2409 1828 2504 1883 τοῦ
2544 1827 2764 1900 Ἰσραὴλ
2786 1826 2943 1881 καλεῖ
2971 1824 3178 1894 λέγων·
3212 1844 3232 1876 ε
3264 1822 3356 1896 Μὴ
3392 1823 3653 1895 παραδῷς
3678 1822 3743 1877 τὸ

2153 1923 2432 1996 σκῆπτρόν
2488 1937 2603 1986 σου,
2651 1918 2852 1991 Κύριε,
2904 1919 3017 1982 τοϊς
3065 1917 3141 1989 μὴ
3191 1911 3362 1971 οὖσιν.
3409 1933 3428 1967 ι
3478 1915 3588 1969 Καὶ
3624 1914 3741 1969 ἔστι

2152 2014 2522 2089 προσαγαγεῖν
2555 2010 2673 2076 πῶς
2704 2010 2794 2065 διά
2834 2009 2933 2082 τὴν
2966 2009 3168 2064 κακίαν
3204 2006 3280 2080 μὴ
3307 2007 3463 2071 ὄντες
3497 2007 3549 2060 οί
3576 2023 3747 2077 πονηο

2154 2107 2239 2179 ροὶ
2265 2101 2763 2177 προσαγορεύονται
2800 2102 2866 2155 ἐκ
2894 2100 2991 2155 τοῦ
3028 2101 3088 2153 ὲν
3124 2101 3193 2171 τῇ
3250 2096 3449 2170 Ἐξόδῳ
3476 2097 3743 2169 ὀνόματος

2151 2198 2604 2272 ἀναγραφομένου
2648 2194 2744 2249 τοῦ
2776 2192 2943 2248 Θεοῦο
2982 2213 3001 2244 ι
3036 2188 3174 2247 Εἶπε
3207 2191 3316 2265 γὰρ
3360 2190 3570 2264 Κύριος
3604 2190 3742 2262 πρὸς

2151 2290 2422 2360 Μωῦσῆν·
2489 2288 2548 2341 ὐ
2574 2284 2675 2352 ὢν,
2704 2283 2865 2341 τοῦτό
2920 2284 3011 2356 μοί
3051 2285 3168 2337 ἔστι
3213 2282 3275 2337 τὸ
3307 2282 3497 2354 ὄνομα.
3541 2303 3561 2336 ι
3602 2278 3739 2336 Καθ’

2150 2384 2300 2456 ἡμᾶς
2328 2381 2387 2436 δὲ
2418 2381 2546 2444 τοὺς
2570 2377 2898 2451 εὐχομένους
2927 2376 3039 2448 (54)
3058 2371 3197 2431 εἶναι
3221 2376 3330 2430 ἀπὸ
3366 2375 3467 2447 τῆς
3514 2374 3744 2445 Ἐκκλη-

2153 2473 2295 2539 σίας,
2311 2475 2341 2528 6
2363 2471 2568 2542 ἀγαθὸς
2578 2470 2713 2535 Θεὸς
2741 2469 2920 2524 ταῦτά
2944 2486 3133 2541 φησιν,
3155 2468 3218 2523 ὄν
3232 2467 3473 2535 δοξάζων
3497 2468 3527 2521 6
3549 2464 3744 2538 Σωτὴρ

2149 2568 2331 2638 λέγει’
2373 2586 2392 2619 ι
2427 2565 2618 2630 Οὐδεὶς
2649 2563 2852 2634 ἀγαθὸς
2880 2565 2930 2618 εί
2968 2563 3043 2636 μὴ
3070 2558 3152 2628 εἷς
3180 2564 3210 2617 6
3236 2562 3369 2627 Θεὸς
3399 2563 3430 2616 6
3458 2562 3671 2634 Πατήρ.
3717 2579 3741 2616 ι

2150 2659 2357 2716 θύκοῦν
2384 2660 2414 2714 6
2438 2658 2641 2728 ἀγαθὸς
2665 2656 2745 2729 τῷ
2773 2655 2886 2711 ὄντι
2923 2658 2953 2711 6
2983 2656 3147 2720 αὐτός
3177 2658 3344 2711 ἐστιν.
3392 2655 3666 2711 Ἐναντίον
3686 2656 3746 2712 δὲ

2150 2753 2231 2826 τῷ
2255 2751 2447 2825 ἀγαθῷ
2479 2751 2541 2806 τὸ
2573 2750 2763 2817 κακὸν,
2795 2749 2829 2822 ἢ
2864 2748 2925 2803 τὸ
2957 2748 3215 2822 πονηρὸν,
3260 2750 3355 2804 καὶ
3392 2748 3634 2803 ἐναντίον
3662 2749 3743 2820 τῷ

2150 2847 2264 2901 ὄντι
2301 2844 2363 2900 τὸ
2409 2844 2511 2900 οὐκ
2543 2843 2635 2898 ὄν·
2671 2835 2754 2908 οἷς
2788 2841 3091 2906 ἀκολουθεῖ,
3125 2843 3208 2896 ὅτι
3261 2843 3323 2895 τὸ
3367 2841 3605 2914 πονηρὸν
3648 2842 3745 2896 καὶ

2153 2939 2322 2995 κακὸν
2340 2937 2441 2992 οὐκ
2462 2937 2543 2992 ὄν.
2561 2935 2673 2991 Καὶ
2698 2935 2842 3007 τάχα
2857 2934 3017 2990 τοῦτο
3035 2934 3198 3007 ἔσηνε
3222 2935 3348 2998 τοὺς
3359 2934 3614 3001 εἰπόντας
3627 2936 3742 3007 (551

2151 3035 2243 3089 τὸν
2269 3031 2513 3088 διάϐολον
2549 3030 2624 3103 μὴ
2648 3024 2789 3085 εἶναι
2819 3028 2956 3084 Θεοῦ
2992 3029 3389 3102 δημιούργημα
3410 3045 3424 3059 ·
3454 3027 3592 3084 καθὸ
3631 3034 3742 3100 γὰρ

2151 3126 2398 3191 διάϐολός
2415 3124 2583 3188 ἐστιν,
2599 3122 2699 3177 οὒκ
2719 3121 2833 3176 ἔστι
2852 3121 2988 3176 Θεοῦ
3007 3121 3399 3194 δημιούργημα
3418 3138 3432 3152 ο
3456 3113 3502 3190 ᾧ
3515 3121 3572 3176 δὲ
3605 3138 3745 3193 συμ-

465 3205 668 3261 malum
701 3212 755 3261 et
784 3219 1009 3275 pravum
1037 3218 1158 3260 esse
1183 3218 1292 3260 non
1323 3202 1620 3258 exsisteus.
1676 3201 1746 3256 Et
1794 3200 2047 3258 fortassis

2153 3223 2352 3295 Βέϐηκε
2370 3217 2600 3289 διαϐόλῳ
2623 3212 2784 3281 εἶναι,
2801 3215 3028 3287 γενητὸς
3044 3213 3141 3279 ὢν,
3162 3212 3376 3278 οὐδενὸς
3398 3213 3619 3267 κτίστου
3648 3213 3741 3268 ὄν-

463 3296 568 3352 hac
590 3297 804 3354 ratione
844 3296 1064 3352 adducti
1096 3295 1356 3362 fuerunt,
1398 3295 1493 3366 qui
1534 3294 1722 3350 dicunt
1770 3294 2044 3350 diabolum

467 3401 576 3443 non
607 3402 730 3444 esse
755 3386 850 3445 Dei
874 3388 1155 3460 opiﬁcium
1187 3403 1200 3440 :
1228 3385 1283 3442 in
1311 3393 1576 3455 quantum
1610 3383 1757 3442 enim
1797 3384 2048 3442 diabolus

463 3491 570 3552 est,
626 3500 733 3539 nou
763 3494 849 3539 est
878 3483 973 3539 Dei
1021 3483 1337 3555 opiﬁcium;
1382 3481 1438 3537 in
1467 3490 1732 3553 quantum
1783 3496 1912 3538 vero
1969 3481 2048 3538 illi

462 3575 692 3647 contigit
740 3575 956 3632 diabolo
1004 3589 1151 3644 esse,
1198 3576 1379 3631 factus
1441 3589 1567 3631 cum
1599 3574 1692 3640 sit,
1749 3588 1874 3630 cum
1912 3574 2049 3630 nihil

463 3677 709 3723 creatum
740 3667 813 3723 sit
841 3677 1000 3723 extra
1064 3666 1234 3722 Deum
1281 3677 1528 3723 nostrum
1556 3704 1575 3733 ,
1617 3665 1714 3721 Del
1761 3675 1845 3722 est
1893 3665 2049 3738 opili-

463 3757 608 3813 citun
652 3755 885 3831 (37),ut
927 3758 972 3814 si
1009 3758 1338 3828 parricidam
1396 3758 1492 3814 Dei
1532 3772 1669 3830 opus
1715 3773 1837 3815 esse
1886 3775 2051 3831 nega-

464 3863 674 3918 remus,
723 3866 828 3907 non
854 3853 1167 3910 auferentes
1194 3854 1371 3923 ipsum
1402 3867 1432 3907 a
1463 3852 1576 3908 Deo
1621 3851 1824 3908 factum
1857 3852 2048 3922 fuisse,

466 3940 522 3995 in
555 3952 819 4012 quantum
852 3945 1019 4000 homo
1050 3946 1162 4017 66
1182 3955 1286 4003 est.
1320 3945 1567 4016 Namque
1596 3956 1863 4018 ponentes
1882 3946 2046 4002 etiam

467 4045 589 4099 nos,
618 4047 742 4088 eum
787 4049 908 4090 esse
937 4038 1241 4108 sumpsisse
1270 4053 1300 4093 a
1337 4039 1482 4109 Dco,
1514 4040 1567 4093 in
1595 4048 1857 4108 quantum
1888 4039 2050 4095 homo

467 4133 578 4188 est,
607 4140 712 4180 nou
739 4127 994 4196 ponimus
1022 4129 1127 4184 hoc
1159 4144 1283 4185 eum
1318 4130 1613 4202 sumpsisse
1634 4172 1649 4197 ,
1685 4130 1739 4185 in
1782 4140 2046 4199 quantum

466 4222 551 4270 est
599 4215 938 4274 interfector.
997 4219 1185 4292 Itaque
1257 4234 1449 4277 omnes
1503 4221 1892 4291 participautes
1950 4234 2047 4274 eus

468 4307 1044 4381 (participantautem
1086 4313 1543 4382 saucti),z:tcrito
1572 4320 1733 4368 erunt
1775 4312 2047 4368 exsisteu-

2151 3331 2244 3379 τος
2271 3310 2449 3383 παρὲξ
2485 3308 2581 3364 τοῦ
2604 3307 2740 3362 Θεοῦ
2768 3308 2946 3381 ἡμῶν,
2980 3304 3117 3361 Θεοῦ
3153 3308 3270 3360 ἐστι
3302 3306 3541 3378 κτίσμω
3580 3305 3659 3371 ὼς
3692 3307 3742 3360 εἰ

2153 3404 2466 3475 ὲφάσκομεν
2497 3401 2699 3457 καὶτὸν
2730 3399 2894 3469 φονέα
2919 3400 2994 3471 μὴ
3014 3395 3155 3453 εἷναι
3170 3396 3306 3455 Θεοῦ
3322 3397 3709 3471 δημιούργημα
3721 3438 3741 3464 ,

2153 3496 2257 3551 οὐκ
2298 3493 2649 3566 ἀναιροῦντες
2692 3491 2777 3556 τὸ,
2895 3489 3181 3563 ἄνθρωπός
3220 3489 3360 3554 ἐστι,
3408 3489 3742 3561 πεποιῆσθαι

2156 3585 2320 3641 αὐτὸν
2342 3584 2455 3657 (56)
2485 3582 2593 3638 ὑπὸ
2636 3580 2796 3636 Θεοῦ.
2850 3579 3103 3644 Τιθέντες
3133 3578 3244 3652 γὰρ
3271 3580 3353 3645 τὸ,
3386 3573 3422 3654 ᾖ
3456 3579 3743 3652 ἄνθρωπος

2153 3676 2437 3750 τυγχάνει,
2482 3674 2593 3730 ἀπὸ
2630 3672 2767 3728 Θεοῦ
2818 3672 2984 3727 αὐτὸν
3023 3671 3087 3726 τὸ
3127 3668 3268 3726 εἶναι
3301 3671 3600 3744 εἰληφέναι,
3644 3675 3741 3729 καὶ

2156 3772 2318 3842 ⁴ἡμεῖς
2351 3768 2413 3823 οὐ
2431 3766 2653 3838 τίθεμεν
2676 3764 2757 3831 τὸ,
2851 3763 3046 3835 φονεύς
3083 3764 3253 3831 ἔστιν,
3291 3763 3401 3818 ἀπὸ
3431 3763 3566 3823 Θεοῦ
3598 3763 3742 3819 τοῦτ’

2157 3861 2320 3918 αὑτὸν
2336 3861 2635 3935 εἰληφέναι.
2658 3858 2869 3922 Πάντες
2887 3858 2986 3929 μὲν
3007 3852 3101 3911 οὖν
3113 3856 3163 3910 οἱ
3182 3855 3499 3928 μετέχοντες
3515 3855 3628 3928 (58)
3644 3858 3742 3912 τοῦ

2154 3956 2308 4021 ὄντος
2343 3952 2654 4028 (μετέχουσι
2679 3952 2737 4006 δὲ
2760 3952 2811 4006 οἱ
2835 3949 3028 4021 ἅγιοι),
3058 3949 3296 4019 εὐλόγως
3321 3949 3388 4004 ἂν
3418 3948 3573 4014 ὄντες
3602 3968 3740 4023 χρη-

2159 4045 2433 4119 ματίζοιεν
2451 4061 2465 4075 ⁸
2493 4044 2541 4097 οἱ
2569 4042 2629 4096 δὲ
2654 4038 3101 4111 ἀποστραφέντες
3131 4036 3233 4107 τὴν
3283 4034 3379 4091 τοῦ
3413 4034 3566 4102 ὄντος
3608 4054 3740 4108 μετ-

2153 4139 2309 4210 οχὴν,
2333 4136 2412 4209 τῷ
2437 4132 2761 4207 ἐστερῆσθαι
2779 4130 2875 4185 τοῦ
2914 4129 3085 4194 ὄντος,
3117 4127 3406 4198 γεγόνασιν
3435 4128 3538 4182 οὐκ
3566 4128 3742 4193 ὄντες.

2155 4228 2499 4302 Προείπομεν
2538 4226 2619 4291 δὲ,
2667 4225 2751 4279 ὅτι
2797 4222 3114 4294 συνωνυμία
3163 4221 3281 4275 ἐστὶ
3319 4218 3415 4274 τοῦ
3456 4221 3558 4275 οὐκ
3588 4220 3740 4285 ὄντος

2156 4316 2253 4371 καὶ
2290 4313 2387 4369 τοῦ
2418 4313 2664 4379 οὐδενός·
2706 4312 2802 4367 καὶ
2842 4310 2931 4367 διά
2966 4310 3126 4366 τοῦτο
3171 4310 3221 4365 οἱ
3259 4311 3363 4366 οὐκ
3403 4310 3557 4375 ὄντες
3590 4310 3752 4366 οὐδέν

540 4428 658 4462 ¹³υ¹⁶
683 4427 843 4485 Esth.
873 4445 986 4499 xw,
1016 4430 1105 4487 ll.
1183 4430 1226 4464 "
1273 4432 1372 4488 Ex.
1397 4446 1479 4497 ιιι,
1509 4445 1654 4485 vers.
1688 4428 1778 4485 14.
1857 4428 1901 4460 ¹⁶
1930 4428 2050 4484 Mart

2153 4447 2185 4498 :,
2222 4431 2324 4498 l8;
2360 4431 2494 4488 Luc.
2528 4447 2680 4494 xvut,
2723 4430 2811 4488 l9.

538 4522 659 4596 (33)
682 4516 852 4578 Εἶναι
893 4519 1016 4596 τῶν
1066 4521 1139 4596 οὔ
1171 4537 1351 4596 τινων
1384 4519 1458 4596 (is
1494 4521 1638 4596 γένη
1662 4519 1761 4596 καὶ
1790 4517 1863 4573 τὰ
1888 4517 2044 4588 εἴδη,
2079 4529 2123 4584 D
2152 4522 2338 4596 κακῶν
2369 4522 2758 4596 ἑστιν-όλθεόν

538 4522 650 4649 (55)
682 4522 852 4578 Εἶναι
895 4522 1016 4576 τῶν
1066 4522 1139 4576 οὔ
1171 4537 1351 4576 τινων
1384 4522 1458 4575 τὰ
1494 4522 1638 4590 γένη
1662 4522 1761 4573 καὶ
1790 4522 1863 4573 τὰ
1888 4522 2042 4588 εἴδη,

467 4610 576 4653 etc.
645 4594 735 4648 loc
758 4602 863 4661 est,
885 4591 1038 4663 juxta
1068 4593 1371 4673 doctrinam
1402 4590 1913 4673 Peripateticqruut,
1958 4605 2042 4643 re-

471 4682 589 4721 rum
617 4680 739 4735 qua:
785 4660 898 4718 non
947 4673 1075 4718 sunt
1131 4663 1234 4717 hoc
1270 4661 1498 4731 aliquid,
1532 4660 1672 4716 sive
1708 4660 1826 4714 τόδε
1849 4677 1904 4713 τι
1933 4676 1947 4712 :
1980 4674 2046 4714 ea

469 4744 600 4790 sunt
628 4745 808 4788 autem
834 4733 905 4787 τὰ
928 4733 1185 4798 καθόλου,
1216 4732 1322 4800 vel,
1358 4737 1513 4802 juxta
1545 4731 1883 4799 Platonicos,
1915 4730 2055 4785 ideae

472 4804 835 4859 universales.
876 4803 1142 4860 llus'rtus.

540 4871 824 4944 (31)Ka0‘
850 4873 1008 4943 ἡμᾶς
1050 4876 1120 4927 δὲ
1152 4873 1294 4944 τοὺς
1339 4870 1728 4943 εὐχομένους,
1763 4876 1868 4944 εἰς.
1914 4869 2056 4944 Mar-

469 4937 700 5000 cionitas
742 4937 1027 5016 suggillat,
1051 4937 1336 5016 οἰηθέντας
1387 4937 1595 5016 δίκαιον
1644 4937 1755 5016 μὲν
1791 4937 1929 5016 εἶναι
1960 4941 2054 4994 τὸν

467 5012 1075 5089 δημιουργὸνξξάγαθὸν
1104 5012 1162 5068 δὲ
1204 5015 1298 5068 τὸν
1319 5013 1413 5068 τοῦ
1448 5012 1685 5089 Χριστοῦ
1712 5012 1951 5084 Πατέρα,
1995 5020 2056 5066 ιιι

469 5084 613 5214 liget?
643 5084 803 5144 habet
827 5084 1092 5156 Origenes
1118 5100 1278 5157 supra
1304 5096 1435 5141 lout.
1466 5099 1481 5139 ι
1506 5084 1563 5138 iu
1586 5084 1871 5147 Joannem,
1902 5098 2051 5140 nutu.

548 5197 562 5212 .
612 5172 667 5213 1).

541 5228 652 5301 (35)
681 5229 793 5301 Kal
815 5228 973 5301 τάχα
999 5227 1172 5282 τοῦτο
1219 5225 1406 5301 ἔσηνε
1442 5223 1916 5301 τοὺςῌεὶεζόνῖας,
1947 5231 2052 5301 etc.

472 5294 808 5355 Vocabulum
866 5294 1027 5372 ισηνε
1078 5314 1182 5353 non
1240 5297 1519 5372 intellexit
1582 5294 1889 5372 Periouius,
1952 5294 2055 5372 hoc

470 5380 573 5440 est.
601 5372 898 5440 commovit.
937 5363 1199 5440 Origenes
1230 5371 1287 5440 iit
1318 5367 1508 5440 .llalth.
1542 5380 1614 5420 xx
1648 5383 1661 5420 :
1696 5364 1789 5440 Μὴ
1824 5363 2056 5440 σαινέτω

469 5438 528 5493 δὲ
553 5437 702 5512 ἡμᾶς
728 5441 777 5512 εί
807 5442 837 5494 6
865 5433 1076 5512 Σωτὴρ,
1105 5451 1211 5512 etc.
1275 5438 1419 5512 Infra
1466 5446 1598 5512 lout.
1639 5451 1691 5512 ιρι
1827 5433 2053 5512 locum,

471 5505 656 5583 nuntii
683 5526 708 5583 _:
740 5511 863 5583 ’Ότι
889 5513 919 5564 6
942 5505 1132 5583 καιρὸς
1158 5511 1258 5583 τῆς
1288 5506 1527 5583 Χριστοῦ
1554 5505 2054 5583 ὲπιδημίαςέσαινε

466 5579 562 5636 τὸν
596 5578 748 5635 λαόν.
784 5575 1055 5636 Caeterum
1079 5575 1360 5637 loco'huie
1393 5581 1622 5635 adsonat
1648 5575 1788 5632 alter
1815 5575 1906 5631 ille
1931 5575 2056 5643 Epi-

470 5651 658 5722 phanii
684 5652 879 5708 haeres.
901 5667 1051 5716 thv.
1077 5667 1201 5722 cap.
1238 5652 1300 5708 l9
1327 5669 1341 5706 :
1382 5649 1620 5722 [16096
1649 5647 1865 5722 φθόνος.
1892 5648 1925 5722 ῤ
1949 5646 2056 5722 ,ἀν-ξ

472 5714 698 5792 ὶιλέγων
730 5724 865 5792 ἐρεῖ.
907 5723 970 5777 Et
1014 5714 1124 5792 γὰρ
1147 5714 1285 5775 ’ἀπὸ
1312 5720 1408 5775 τοῦ
1435 5714 1704 5792 διαϐόλου,
1726 5720 1847 5792 Ακαὶ
1886 5714 1975 5792 διᾲ
2001 5714 2055 5792 τί

467 5772 709 5858 stabas;
733 5772 972 5863 ’ἱγὲξιεξό
989 5772 1038 5863 ;]
1056 5772 1123 5846 Et
1152 5772 1399 5863 ετξ...έά
1444 5772 1545 5863 ast
1565 5772 1847 5863 saga“,
1890 5785 2054 5863 αρτόν

469 5865 616 5920 ἑστιν
650 5859 822 5929 αἴτιος
850 5865 944 5921 τοῦ
986 5860 1123 5919 εἶναι
1156 5859 1346 5917 κακόν.
1403 5861 1541 5914 Ἀλλ’
1587 5859 1829 5923 ama-tm;
1875 5859 2055 5924 πάντη

2789 4522 3052 4594 ἀγένητος
3076 4522 3184 4594 ἄρα
3209 4522 3238 4575 6
3269 4520 3534 4594 διάόολος.
3576 4539 3596 4572 ι
3629 4519 3736 4577 Un-

2159 4595 2356 4665 deuam
2425 4593 2633 4665 invidia
2676 4592 2915 4665 profecta
2949 4592 3063 4658 sit,
3119 4592 3479 4665 adversarius
3518 4595 3742 4665 Aquarii.

2158 4663 2292 4719 Nam
2321 4665 2366 4720 si
2396 4678 2426 4735 ιι
2450 4661 2691 4735 ιιίιῴοιιι
2708 4665 3072 4735 respondeas;
3100 4678 3203 4735 cur
3222 4662 3449 4735 omnino
3498 4661 3739 4716 diabolus

2155 4734 2412 4792 exstitit?
2442 4733 2498 4790 Si
2552 4733 2727 4805 factus
2758 4731 2899 4805 est,
2923 4733 3015 4805 qui
3046 4734 3293 4805 condidit
3345 4731 3519 4805 illum,
3548 4743 3739 4786 auctor

2158 4806 2288 4860 ntali
2316 4805 2479 4860 debet
2511 4804 2708 4860 videri.
2743 4804 2903 4874 Atqui
2942 4802 3220 4858 'maloruut
3245 4816 3410 4858 causa
3440 4802 3746 4874 Deusesse

2158 4890 2263 4930 uou
2296 4884 2506 4944 potest;
2559 4889 2731 4944 quare
2764 4871 2846 4927 ab'
2884 4874 3032 4927 nullo
3085 4874 3385 4942 productus
3428 4882 3513 4926 est
3553 4871 3747 4926 diabo-

2157 4944 2261 5000 lus.
2288 4964 2307 4998 ι
2341 4946 2696 5001 Marcionitas
2732 4959 2894 5014 porro
2943 4953 3000 4998 et
3030 4944 3168 4998 alios
3194 4958 3384 5014 eorum
3414 4953 3740 5014 symmystas

2157 5014 2245 5071 hic
2273 5016 2523 5085 designat
2551 5013 2833 5085 Origenes,
2861 5014 2952 5085 qui
2989 5018 3091 5069 tria
3117 5013 3383 5085 principia
3404 5016 3741 5085 statuebant,

2156 5080 2769 5156 quorunt'Deus‘a'lter
2816 5080 2961 5140 esset
3005 5080 3204 5156 bonus,
3239 5080 3482 5156 ignotus,
3529 5080 3741 5156 Christi

2158 5152 2347 5220 Pater;
2402 5155 2543 5211 alter
2570 5154 2803 5211 Greater
2832 5165 2886 5225 et
2930 5154 3212 5225 cognitus;
3256 5152 3311 5207 et
3359 5154 3554 5225 tertius
3592 5152 3739 5207 inter

2159 5239 2450 5296 utrumque
2499 5225 2767 5281 diabolus.
2829 5223 3114 5297 Legendus
3154 5223 3488 5296 Epiphanius
3544 5225 3740 5279 haeres.

2159 5312 2293 5350 nu.
2327 5312 2450 5350 can.
2474 5296 2529 5350 5.
2573 5296 2649 5349 In.

2159 5312 2293 5360 nu,
2327 5312 2450 5364 cap.
2474 5310 2529 5350 ο.
2574 5310 2649 5349 ιιι.

2230 5367 2345 5441 (56)
2374 5360 2744 5441 Πεποιῆᾳθαι
2780 5366 2989 5433 αὐτόν,
3030 5373 3139 5421 etc.
3202 5364 3385 5420 Editio
3422 5360 3603 5420 Huetii
3645 5362 3736 5419 hac

2158 5436 2249 5492 bet
2277 5437 2352 5509 μὴ
2380 5436 2729 5509 πεποιῆσθαι.

2228 5506 2349 5579 (37)
2382 5507 2508 5579 liget:
2554 5506 2623 5579 ab
2651 5506 2940 5563 Ambrosio
2990 5506 3247 5579 Ferrario
3273 5506 3505 5564 omissa.
3557 5521 3624 5559 ac
3657 5518 3736 5558 m-

2159 5576 2557 5648 terprctatioue
2592 5576 2833 5634 Periouii
2871 5578 3203 5648 supplentus.

2229 5636 2345 5720 ('58)
2378 5646 2764 5717 Μετέχοντες.
2832 5636 3012 5703 Βάἰὶἰῦ
3058 5645 3262 5720 lluetii,
3294 5646 3368 5717 μὴ
3399 5636 3728 5720 μετ’ἕχοντες,

2158 5713 2467 5806 perperam.
2534 5713 2800 5776 Certeiiu
2848 5719 3041 5775 codice
3071 5713 3367 5774 Bodleiano
3401 5713 3725 5791 'uou'l'tgitar

2159 5807 2256 5862 μη·
