4082 6224
477 295 578 351 I39

1949 286 2272 345 ORIGENIS

3654 291 3765 348 ΗΘ

474 417 682 478 tirmat,
711 411 928 466 videtur
971 416 1027 464 et
1073 405 1385 478 suspicatus
1441 405 1608 464 fuisse
1657 406 1964 474 veritatem,
1998 416 2052 463 et

2174 407 2364 477 Λόγος,
2385 407 2449 460 ἵν’
2473 407 2617 462 οὕτω
2637 405 2802 479 νοηθῇ
2823 407 2905 473 τὸ,
2933 407 3010 461 δι’
3035 405 3242 472 αὑτοῦ,
3273 405 3390 460 ἁλλ’
3409 405 3576 461 αὑτοῦ
3602 409 3760 481 ἐνερ-

479 505 822 577 impudenter
846 503 1264 560 illiadversatus
1299 499 1487 556 dicens
1520 517 1534 555 :
1563 493 1682 556 Non
1719 499 1864 556 enim
1889 499 2059 555 facie-

474 599 566 654 bat
600 599 718 668 ipse
751 595 970 659 Sermo,
1006 603 1263 664 tanquam
1293 591 1362 646 ah
1385 591 1496 648 alio
1537 600 1798 662 operante
1843 592 1940 662 (ιιι
1976 595 2057 650 sic

473 692 870 762 intelligeretur
925 687 1117 744 vocula
1149 701 1241 755 per
1273 685 1486 754 quem),
1519 685 1613 740 sed
1654 685 1771 754 ipso
1796 697 2058 756 operante

470 779 613 834 alius
641 775 898 832 faciebat.
920 774 1192 831 Cazterum
1212 786 1321 827 non
1354 773 1643 842 prtesentis
1676 783 1761 829 est
1785 776 2058 844 temporis

472 865 708 934 probare
757 863 900 934 quod
952 861 1138 920 mundi
1172 858 1366 930 Opifex
1421 868 1478 914 et
1525 859 1825 917 fabricator
1859 863 2056 920 fecerit

471 953 758 1019 mundum,
790 966 897 1008 non
927 950 1102 1007 factus
1129 946 1380 1004 minister
1413 944 1720 1015 Sermonis,
1761 957 1817 1004 et
1861 958 2056 1004 osten-

472 1045 604 1101 dere
634 1044 776 1114 quod
829 1042 1027 1098 Sermo
1050 1077 1065 1105 ,
1106 1049 1164 1093 ut
1217 1036 1466 1092 minister
1497 1035 1758 1108 Opilicis,
1795 1038 2054 1093 mundum

440 1136 798 1191 -condiderit.
821 1133 982 1190 Juxta
1007 1133 1181 1189 David
1220 1135 1366 1189 enim
1403 1134 1728 1204 prophetam
1763 1131 1834 1194 ’°,
1866 1149 1885 1182 ι
1915 1131 2055 1186 Deus

470 1225 628 1291 dixit,
672 1233 728 1280 et
761 1224 907 1280 facta
957 1231 1123 1291 sunt;
1160 1221 1459 1289 mandavit,
1503 1230 1558 1277 et
1600 1229 1783 1277 creata
1815 1229 1980 1287 sunt;
2028 1239 2046 1272 ι

470 1317 751 1373 mandavit
779 1316 926 1371 enim
969 1315 1244 1386 ingenitus
1277 1315 1422 1370 Deus
1469 1314 1840 1385 Primogenito
1873 1314 2054 1368 omnis

469 1419 752 1473 creaturas,
797 1416 852 1463 et
892 1415 1078 1464 creata
1113 1417 1261 1474 sunt,
1318 1421 1428 1462 non
1479 1404 1659 1462 solum
1707 1405 1947 1461 mundus
1998 1415 2054 1460 ct

468 1519 589 1574 qua:
627 1511 756 1558 sunt
783 1501 836 1556 in
874 1501 987 1567 illo,
1019 1515 1208 1556 verum
1241 1500 1407 1555 etiam
1432 1497 1640 1568 reliqua
1662 1497 1866 1564 omnia,
1905 1497 2052 1554 «sive

2164 497 2388 565 γοῦντος
2420 497 2606 569 ἕτερος
2651 498 2845 552 ἐποίει.
2894 497 2971 551 Οὑ
3004 494 3098 550 τοῦ
3143 497 3414 569 παρόντος
3453 497 3510 551 δὲ
3562 497 3764 570 καιροῦ

2164 588 2380 658 ἐλέγξαι
2419 590 2504 654 τὸ,
2544 589 2620 661 μὴ
2649 590 2740 643 τὸν
2766 590 3110 662 Δημιουργὺν
3143 589 3424 664 ὑπηρέτην
3461 589 3557 644 τοῦ
3583 591 3767 660 Λόγου

2164 680 2526 752 γεγενημένον
2579 681 2671 736 τὸν
2727 681 2930 753 κόσμον
2983 681 3364 752 πεποιηκέναι,
3402 682 3497 736 καὶ
3536 681 3768 735 ἀποδεε-

2165 772 2375 839 κνύναι,
2397 774 2477 826 ὅτι
2499 773 2778 844 ὑπηρέτης
2795 771 2889 826 τοῦ
2913 773 3257 846 Δημιουργοῦ
3286 773 3574 844 γενόμενος
3595 774 3626 827 ὑ
3653 773 3768 831 Λό-

2164 877 2259 928 γος
2293 862 2386 914 τὸν
2416 862 2619 932 κόσμον
2649 863 3042 918 κατεσκεύασε.
3079 863 3240 918 Κατὰ
3274 862 3386 936 γὰρ
3414 862 3507 916 τὸν
3539 863 3762 935 προφή-

2159 969 2262 1022 την
2293 953 2481 1006 Δαυῖδ“
2523 973 2540 1004 ι
2581 954 2642 1006 'U
2675 953 2808 1020 Θεὸς
2843 950 2986 1020 εἷπε,
3033 955 3126 1009 καὶ
3153 954 3517 1027 ἐγενήθησανο
3551 954 3760 1012 ἐνετεί-

2162 1041 2312 1106 λατο,
2345 1043 2438 1095 καὶ
2472 1043 2829 1116 ἐκτίσθησανο
2866 1063 2886 1097 ι
2916 1044 3218 1099 ἐνετείλατο
3247 1045 3355 1117 γὰρ
3390 1046 3421 1098 ὁ
3460 1045 3802 1146 ἁγέννητοςχ

2162 1134 2292 1199 Θεὸς
2314 1134 2392 1206 τῷ
2417 1137 2756 1209 Πρωτοτόκῳ
2786 1137 2969 1208 πάσης
3003 1138 3256 1201 κτίσεως,
3281 1138 3377 1191 καὶ
3400 1136 3759 1209 ἐκτίσθησαν,

2160 1229 2219 1280 οὑ
2253 1229 2411 1298 μόνον
2441 1230 2469 1282 ὀ
2495 1229 2699 1302 κόσμος
2729 1231 2823 1284 καὶ
2846 1231 2915 1284 τὰ
2943 1233 2999 1286 ἐν
3030 1230 3199 1303 αὑτῷ,
3223 1230 3358 1285 ἁλλὰ
3378 1233 3472 1286 καὶ
3497 1230 3568 1284 τὰ
3592 1231 3761 1286 λοιπὰ

2161 1319 2360 1388 πάντα,
2386 1341 2403 1373 ι
2432 1323 2542 1375 εἴτε
2565 1321 2763 1394 θρόνοι,
2786 1323 2895 1376 εἴτε
2923 1323 3265 1394 κυριότητες,
3297 1322 3407 1376 εἴτε
3430 1323 3597 1396 ἁρχαὶ
3621 1323 3758 1392 (46),

2159 1411 2269 1464 εἴτε
2309 1411 2568 1478 ἐξουσίαι·
2617 1413 2795 1466 πάντα
2843 1413 2952 1485 γὰρ
3003 1413 3070 1467 δι’
3099 1413 3262 1468 αὑτοῦ
3313 1414 3408 1468 καὶ
3455 1417 3536 1477 είς
3593 1414 3762 1467 αὑτὸν

2160 1501 2428 1568 ἔκτισται,
2464 1507 2560 1558 καὶ
2583 1505 2744 1570 αὑτός
2778 1507 2894 1559 ἐστι
2927 1507 3034 1578 πρὸ
3065 1505 3302 1560 πάντων.
3349 1525 3367 1557 ο

471 1599 670 1664 throni,
704 1597 822 1654 sive
847 1596 1272 1660 dominationes,
1305 1595 1421 1651 sive
1446 1593 1804 1664 principatus,
1830 1594 1946 1650 sive
1977 1606 2276 1665 potestates
2301 1621 2314 1655 :
2339 1604 2522 1668 omnia
2553 1605 2698 1659 enim
2723 1619 2818 1674 per
2844 1603 3017 1668 illum,
3051 1614 3103 1657 et
3132 1605 3182 1658 in
3206 1604 3358 1659 illum
3379 1613 3568 1659 creata
3590 1612 3712 1658 sunt
3733 1621 3754 1660 :

467 1701 521 1746 et
549 1693 664 1762 ipse
691 1699 776 1747 est
798 1699 926 1747 ante
959 1690 1144 1746 omnia
1173 1691 1238 1744 ²¹.
1276 1709 1294 1742 ι

539 1791 594 1846 9.
624 1787 708 1844 Ad
745 1789 862 1843 haec
883 1786 937 1842 in
969 1788 1071 1842 hoc
1099 1787 1304 1843 dictum
1337 1804 1350 1840 :
1395 1805 1414 1839 ι
1441 1785 1510 1841 Ει
1547 1787 1666 1843 sine
1697 1787 1815 1858 ipso
1844 1787 2046 1843 factum
2078 1810 2121 1866 Β

467 1893 553 1939 est
604 1881 742 1938 nihil
772 1884 842 1949 η,
872 1900 890 1934 ι
951 1896 1058 1936 non
1107 1881 1312 1936 intacta
1369 1881 1604 1937 sinenda
1652 1890 1739 1938 est
1769 1883 1949 1938 oratio
1985 1883 2054 1940 de

467 1976 602 2032 vitio
634 1994 647 2031 :
678 1974 931 2046 quamvis
975 1974 1124 2030 enim
1160 1974 1456 2030 admodum
1507 1974 1853 2030 dissentanea
1890 1983 2052 2045 atque

467 2066 736 2122 absimilis
792 2079 917 2120 esse
971 2065 1244 2130 videatur,
1314 2080 1416 2136 ego
1467 2065 1602 2120 nihil
1660 2065 1835 2121 ferme
1890 2066 2052 2123 facile

466 2158 923 2214 contemnendum
952 2171 1074 2214 esse
1103 2169 1322 2212 censeo.
1368 2156 1732 2224 Quaerendum
1773 2158 1921 2214 enim
1967 2169 2053 2215 est

467 2268 533 2306 an
568 2250 732 2306 etiam
761 2249 952 2306 vitium
985 2263 1081 2320 per
1109 2248 1268 2318 λόγον
1299 2248 1376 2320 [id
1411 2258 1495 2304 est
1513 2249 1809 2320 rationem]
1849 2249 2050 2306 factum

466 2345 557 2410 sit,
583 2343 852 2400 sumendo
884 2357 1028 2398 nunc
1070 2341 1227 2411 λόγον
1264 2340 1356 2414 [id
1385 2350 1468 2396 cst
1499 2341 1812 2414 rationem]
1843 2352 2053 2398 attente

464 2447 522 2492 et
558 2436 850 2506 diligenter
878 2448 979 2505 pro
1030 2448 1096 2489 eo
1139 2435 1282 2504 λόγῳ
1308 2433 1400 2503 qui
1453 2443 1536 2488 est
1591 2433 1647 2489 in
1695 2449 2046 2505 unoquoque,

467 2528 728 2598 quoniam
755 2536 812 2582 et
844 2527 962 2596 ipse
988 2524 1261 2595 ingenitus
1291 2535 1376 2583 est
1408 2525 1638 2597 singulis
1679 2525 1748 2581 ab
1793 2540 1860 2581 eo
1895 2525 2054 2596 Λόγῳ

468 2621 562 2690 qui
596 2628 718 2676 erat
761 2621 813 2675 in
860 2619 1157 2690 principio.
1197 2619 1378 2688 lnquit
1426 2618 1596 2689 igitur
1635 2617 1930 2688 Apostolus
1961 2619 2050 2671 “:

473 2732 494 2766 ι
534 2713 668 2770 Sine
710 2713 830 2785 lege
889 2721 1169 2784 peccatum
1229 2722 1315 2768 est
1362 2720 1660 2776 mortuum,
1702 2731 1722 2763 ι
1773 2719 1828 2766 et
1854 2710 2048 2765 addit:

474 2828 492 2860 ι
525 2807 791 2864 Veniente
825 2814 1006 2862 autem
1034 2806 1293 2861 mandato
1319 2843 1335 2871 ,
1371 2813 1658 2876 peccatum
1695 2803 1890 2858 revixit
1930 2804 1996 2861 ".
2029 2821 2047 2854 ι

472 2901 726 2955 universe
752 2899 953 2955 docens
984 2897 1051 2954 de
1088 2909 1348 2969 peccato,
1379 2898 1525 2967 quod
1553 2905 1837 2967 peccatum
1879 2896 2052 2965 ipsum

468 2992 670 3047 nullam
704 2992 908 3049 haheat
941 2991 1321 3062 operationem
1345 3028 1361 3055 ,
1401 2971 1922 3058 antequam'veniat
1967 2988 2049 3041 lex

465 3095 522 3142 et
547 3085 888 3142 mandatum.
919 3082 1158 3139 Proinde
1199 3096 1318 3136 cum
1368 3081 1524 3150 λόγος
1567 3080 1646 3152 [id
1673 3090 1758 3136 est
1797 3078 1958 3151 ratio]
1984 3079 2053 3134 sit

2226 1792 2345 1846 Ἔτι
2379 1795 2458 1858 εἰς
2489 1795 2576 1847 τό·
2617 1812 2636 1845 ι
2669 1793 2853 1866 Χωρὶς
2884 1791 3050 1848 αὑτοῦ
3086 1790 3305 1860 ἐγένετο
3336 1789 3456 1844 οὑδέ
3488 1789 3570 1852 ἓν,
3603 1807 3622 1841 t
3653 1788 3760 1843 οὑκ

2154 1884 2503 1956 ἀγύμναστον
2530 1885 2714 1939 ἐατέον
2765 1885 2860 1938 καὶ
2897 1883 2990 1937 τὸν
3035 1883 3164 1955 περὶ
3197 1883 3296 1954 τῆς
3336 1882 3537 1946 κακίας
3564 1881 3755 1951 λόγον’

2155 1978 2260 2032 κᾶν
2292 1980 2402 2052 γὰρ
2428 1969 2630 2051 σφόδρα
2662 1978 3027 2049 ἁπεμφαίνειν
3071 1978 3227 2049 δοκῇ,
3249 1977 3311 2030 οὑ
3347 1977 3490 2031 πάνυ
3521 1995 3576 2030 τι
3601 1977 3755 2033 δοκεῖ

2158 2085 2247 2140 μοι
2276 2068 2749 2140 εὐκαταφρόνητον
2775 2063 2933 2122 εἶναι.
2962 2067 3233 2138 Ζητητέον
3259 2067 3369 2139 γὰρ
3397 2069 3447 2120 εί
3476 2068 3568 2120 καὶ
3593 2069 3626 2138 η
3655 2085 3757 2122 κα-

2156 2162 2250 2216 κία
2285 2161 2373 2217 διὰ
2417 2161 2512 2215 τοῦ
2555 2161 2714 2230 λόγου
2757 2159 3070 2231 γεγένηται,
3105 2158 3200 2213 νῦν
3257 2158 3419 2228 λόγου
3468 2160 3754 2233 προσεχῶς

2155 2253 2569 2325 λαμϐανομένου
2603 2253 2698 2308 τοῦ
2735 2256 2792 2308 ἐν
2820 2253 3056 2324 ἑκάστῳ,
3090 2253 3166 2318 ὡς
3198 2269 3293 2307 και
3329 2252 3493 2316 αὑτὸς
3520 2253 3628 2306 ἀπὸ
3656 2251 3752 2306 τοῦ

2158 2349 2216 2399 ὲν
2236 2347 2378 2418 ἀρχῇ
2396 2348 2570 2416 Λόγου
2597 2347 2814 2418 ἑκάστῳ
2847 2345 3158 2417 γεγένηται.
3178 2346 3316 2420 Φησὶ
3334 2347 3509 2400 τοίνυν
3529 2349 3561 2401 ό
3594 2345 3756 2399 Ἀπό-

2159 2437 2360 2500 στολος·
2388 2455 2406 2488 ι
2432 2438 2615 2507 Χωρὶς
2629 2437 2794 2508 νόμου
2809 2436 3052 2508 ἁμαρτία
3078 2437 3267 2508 νεκρὰ,
3292 2455 3314 2490 ι
3343 2435 3437 2490 καὶ
3465 2435 3752 2506 ἐπιφέρει*

2162 2547 2178 2579 ι
2232 2530 2521 2600 Ἐλθούσης
2557 2531 2616 2584 δὲ
2653 2529 2895 2601 ἐντολῆς,
2929 2533 2963 2601 ἡ
3001 2530 3099 2602 μὲν
3130 2530 3377 2601 ἁμαρτία
3428 2527 3692 2599 ἁνέζησε·
3725 2547 3749 2579 ι

2157 2619 2461 2685 καθολικῶς
2491 2620 2601 2692 (47)
2627 2620 2895 2674 διδάσκων
2929 2621 3058 2692 περὶ
3081 2615 3506 2691 τῆςὰμαρτίας,
3533 2619 3610 2681 ὡς
3641 2635 3753 2689 μη-

2155 2713 2346 2785 δεμίαν
2371 2711 2652 2784 ἐνέργειαν
2677 2711 2849 2782 αὑτῆς
2883 2711 3114 2782 ἐχούσης
3141 2711 3268 2781 πρὶν
3295 2711 3459 2781 νόμου
3488 2709 3583 2763 καὶ
3603 2710 3758 2762 ἐντο-

2157 2802 2284 2873 λῆς*
2326 2801 2445 2866 πῶς
2475 2801 2532 2856 δέ
2566 2801 2706 2872 ἔχων
2740 2803 2769 2854 ό
2799 2800 2954 2870 λόγος
2984 2801 3148 2872 νόμος
3201 2795 3343 2853 εἶναι
3393 2801 3488 2854 καὶ
3536 2797 3752 2872 ἐντολὴ.

2157 2897 2251 2950 καὶ
2282 2897 2384 2950 οὑκ
2417 2897 2484 2952 ἂν
2527 2895 2614 2968 εἴη
2656 2895 2903 2966 ἁμαρτία
2945 2893 3020 2965 μὴ
3071 2893 3223 2958 ὄντος
3267 2893 3455 2965 νόμου,
3486 2891 3754 2966 (ἁμαρτία

2157 2989 2265 3061 γὰρ
2318 2990 2392 3061 μὴ
2435 2988 2736 3057 ἐλλογᾶται
2788 2988 2864 3058 μὴ
2897 2986 3050 3050 ὄντος
3077 2986 3240 3057 νόμου
3261 2986 3299 3057 ·)
3334 2987 3427 3040 καὶ
3458 2986 3620 3040 πάλιν
3649 2985 3754 3040 οὑκ

2155 3079 2222 3135 ἂν
2270 3081 2355 3152 εῐη
2415 3080 2682 3152 ἁμαρτία,
2725 3078 2802 3151 μὴ
2847 3078 2999 3142 ὄντος
3048 3077 3239 3147 λόγου·
3270 3098 3288 3131 ι
3317 3080 3382 3132 Ei
3418 3098 3436 3130 ι
3469 3077 3578 3148 γὰρ
3615 3096 3634 3128 ι
3673 3078 3753 3148 μὴ

471 3179 654 3250 aliquo
685 3177 846 3233 modo
870 3177 952 3233 lex
986 3184 1041 3232 et
1075 3174 1420 3238 mandatum,
1456 3183 1512 3229 et
1537 3187 1643 3228 non
1671 3173 1742 3228 sit
1770 3180 2050 3242 peccatum

2158 3168 2316 3245 ἦλθον
2339 3202 2355 3235 ,
2440 3173 2576 3244 φησι
2599 3211 2616 3234 ,
2681 3171 2773 3226 καὶ
2820 3173 3058 3244 ἐλάλησα
3099 3175 3306 3237 αὐτοῖς,
3344 3173 3616 3244 ἁμαρτίαν
3648 3174 3752 3228 οὑκ
3819 3225 3822 3229 .

468 3286 573 3327 non
603 3270 907 3326 exsistente
949 3268 1066 3340 lege
1094 3266 1140 3338 (ι
1177 3275 1462 3337 peccatum
1505 3265 1653 3320 enirn'
1687 3279 1792 3320 non
1820 3265 2051 3333 imputa-

466 3374 578 3429 tur,
635 3377 758 3417 cum
803 3375 911 3417 non
961 3359 1033 3415 sit
1063 3358 1147 3414 lex
1180 3358 1224 3390 “
1252 3358 1322 3428 ι),
1356 3357 1524 3412 etiam
1562 3364 1752 3413 rursus
1792 3369 1898 3410 non
1949 3356 2053 3410 erit

466 3463 772 3526 peccatum,
801 3453 846 3509 si
873 3466 978 3507 non
1012 3451 1083 3506 sit
1113 3451 1274 3518 ratio,
1310 3464 1435 3505 nam
1467 3449 1554 3504 «Si
1589 3463 1694 3504 non
1740 3445 2007 3502 venissem
2031 3484 2045 3510 ,

465 3546 639 3617 inquit
693 3549 760 3612 ",
817 3554 871 3602 et
932 3543 1150 3598 locutus
1181 3543 1262 3598 eis
1300 3541 1564 3603 fuissem,
1612 3547 1894 3610 peccatum
1942 3553 2048 3592 non

465 3638 754 3695 haberent.
783 3653 802 3691 ι
833 3635 948 3708 68
969 3635 1233 3692 Aufertur
1261 3634 1406 3690 enim
1440 3641 1738 3704 praetextas
1766 3630 1947 3685 omnis
1980 3630 2048 3683 ah

462 3745 528 3784 eo
565 3731 656 3801 qui
692 3729 926 3785 voluerit
966 3742 1026 3783 se
1069 3729 1137 3783 de
1164 3734 1391 3798 peccato
1417 3723 1720 3780 defendere
1745 3765 1759 3789 ,
1791 3722 2046 3792 quoniam

461 3822 703 3877 sermoni
737 3831 793 3877 et
820 3821 1018 3876 rationi
1067 3821 1121 3875 in
1169 3836 1226 3876 se
1261 3819 1590 3881 exsistenti,
1632 3815 2050 3884 ostendentique

461 3911 590 3980 quid
627 3910 924 3980 agendum,
961 3924 1066 3964 non
1103 3911 1370 3979 paruerit.
1409 3908 1567 3964 Unde
1592 3907 1776 3962 omnia
1809 3905 1893 3960 vel
1932 3903 2048 3959 for-

463 4014 605 4060 tasse
631 4004 794 4058 etiam
824 4002 938 4072 ipsa
970 4002 1246 4055 deteriora
1285 4000 1422 4056 facta
1452 4010 1581 4056 sunt
1609 4015 1706 4069 per
1746 3998 2043 4064 rationem,

461 4105 517 4150 et
548 4099 667 4152 sine
707 4096 822 4165 ipsa
869 4095 1304 4165 (exponentibus
1348 4094 1504 4149 nobis
1544 4092 1845 4162 simplicius
1881 4107 2048 4148 vocu-

461 4185 572 4242 iam
619 4186 792 4256 nihil)
843 4185 1048 4241 factum
1091 4193 1175 4240 est
1225 4183 1379 4238 nihil.
1437 4181 1549 4238 Nec
1579 4183 1778 4237 rationi
1822 4182 2048 4236 omnino

462 4279 600 4335 vitio
623 4278 947 4335 vertendum
978 4287 1083 4344 est,
1120 4277 1166 4332 si
1205 4276 1391 4330 omnia
1421 4289 1516 4346 per
1547 4276 1720 4346 ipsam
1749 4274 1888 4328 facta
1913 4272 2044 4340 sint,

461 4380 518 4426 ct
547 4371 666 4426 sine
695 4370 814 4440 ipsa
845 4367 1046 4424 factum
1072 4367 1144 4422 sit
1171 4365 1306 4421 nihil
1346 4383 1356 4420 :
1391 4361 1850 4434 quemadmodum
1870 4374 2046 4428 neque

466 4465 731 4535 magistro
757 4461 889 4518 vitio
911 4460 1232 4518 vertendum
1262 4465 1368 4523 est,
1414 4457 1506 4528 qui
1536 4454 1768 4511 discenti
1797 4466 2044 4508 necessa-

2155 3261 2300 3338 εἶχον
2348 3264 2481 3336 (48).
2521 3285 2540 3318 ι
2585 3268 2742 3321 Πᾶσα
2793 3267 2904 3338 γὰρ
2953 3267 3223 3338 πρόφασις
3284 3269 3601 3339 ἀφαιρεῖται
3653 3266 3751 3320 τοῦ

2155 3356 2482 3428 βουλομένου
2533 3357 2626 3410 ἐπὶ
2689 3360 2754 3428 τῇ
2816 3357 3062 3429 ἁμαρτίᾳ
3103 3356 3549 3425 ἀπολογίσασθαι,
3584 3355 3746 3422 ἐπὰν,

2152 3448 2552 3522 ἐνυπάρχοντος
2613 3448 2770 3518 λόγου
2838 3452 2933 3504 καὶ
2991 3450 3448 3522 παραδεικνύντος
3522 3451 3552 3504 ὂ
3602 3468 3746 3524 πρα-

2153 3541 2310 3595 κτέον
2340 3540 2472 3612 (49),
2507 3541 2582 3613 μὴ
2623 3542 2877 3614 πείθηταί
2909 3559 2994 3608 τις
3019 3543 3188 3614 αὑτῷ.
3227 3544 3379 3614 Τάχα
3424 3539 3518 3598 οὖν
3568 3543 3745 3597 πάντα

2154 3633 2318 3704 μέχρι
2348 3633 2441 3686 κα)⁸
2472 3632 2582 3688 τῶν
2609 3634 2866 3708 χειρόνων
2888 3633 2977 3687 διὰ
3007 3633 3100 3687 τοῦ
3128 3634 3284 3702 λόγου
3306 3634 3616 3705 γεγένηται,
3649 3635 3743 3688 καὶ

2151 3727 2317 3798 χωρὶς
2351 3725 2518 3782 αὑτοῦ
2561 3725 2950 3799 (ἁπλούστερον
2993 3725 3152 3797 ἡμῶν
3200 3726 3655 3798 ἐκλαμϐανὸντων
3682 3725 3744 3780 τὶ

2150 3818 2351 3887 οὐδὲν)
2394 3819 2612 3888 ἐγένετο
2655 3818 2830 3873 οὐδέν.
2878 3819 2986 3872 Καὶ
3021 3819 3084 3872 οὐ
3110 3819 3328 3883 πάντως
3354 3819 3434 3891 τῷ
3472 3818 3616 3890 λόγῳ
3647 3821 3743 3888 ἐγ-

2151 3909 2374 3982 κλητέον
2396 3912 2446 3964 εί
2476 3911 2652 3966 πάντα
2682 3910 2749 3964 δι’
2773 3910 2936 3965 αὑτοῦ
2974 3910 3214 3980 ἐγένετο,
3248 3912 3341 3964 καὶ
3375 3913 3545 3982 χωρὶς
3577 3909 3743 3964 αὑτοῦ

2149 4003 2370 4072 ἐγένετο
2423 4003 2540 4074 (50)
2569 4003 2689 4057 οὑδὲ
2723 4003 2782 4056 ἐν
2801 4019 2814 4033 ⁸
2861 4003 2937 4067 ὡς
2977 4003 3100 4056 οὑδέ
3137 4003 3430 4074 ἐγκλητέον
3476 4003 3554 4075 τῷ
3599 4003 3743 4059 διδα-

2152 4095 2337 4166 σκάλῳ
2374 4094 2763 4168 παραδείξαντι
2790 4095 2859 4148 τὰ
2883 4095 3071 4149 δέοντα
3108 4095 3186 4166 τῷ
3229 4096 3570 4167 μανθάνοντι.
3603 4096 3742 4150 ἐπὰν

2148 4186 2236 4240 διὰ
2257 4186 2326 4240 τὰ
2353 4187 2544 4240 τούτου
2588 4187 2886 4260 μαθήματα
2921 4187 3117 4259 μηκέτι
3148 4188 3310 4252 τόπος
3346 4187 3741 4259 καταλείπηται

2150 4276 2227 4348 τῷ
2265 4279 2632 4350 ἁμαρτάνοντι
2685 4277 3001 4347 ἀπολογίας,
3050 4277 3127 4342 ὡς
3179 4279 3306 4350 περὶ
3357 4277 3600 4347 ἀγνοίας,
3644 4278 3742 4333 καί

2151 4372 2385 4443 μάλιστα
2431 4372 2526 4425 ἐὰν
2565 4373 2848 4442 νοήσωμεν
2880 4369 3198 4425 διδάσκαλον
3239 4369 3335 4424 τοῦ
3377 4369 3741 4442 μανθάνοντος

2147 4463 2468 4537 ἀχώριστον.
2501 4467 2677 4520 υίονε).
2715 4464 2823 4536 γὰρ
2866 4464 3181 4527 διδάσκαλος
3228 4463 3324 4516 τοῦ
3381 4462 3740 4534 μανθάνοντος

462 4559 542 4614 ria
575 4555 903 4622 ostenderit,
928 4569 1052 4610 cum
1084 4561 1306 4623 propter
1335 4550 1496 4618 hujus
1526 4547 1839 4618 disciplinas
1868 4543 2044 4599 nullus

2158 4558 2448 4631 ἐχώριστός
2480 4560 2692 4622 ἐστιν,ό
2722 4557 3043 4630 ἐνυπάρχων
3075 4559 3142 4628 τῇ
3177 4556 3334 4625 φύσει
3365 4553 3476 4608 τῶν
3504 4553 3739 4623 λογικῶν

460 4649 793 4706 defensionis
853 4647 1100 4720 peccanti
1155 4645 1483 4715 relinquitur
1535 4645 1688 4699 locus
1719 4683 1736 4709 ,
1817 4637 2043 4712 perinde

2158 4652 2323 4720 λόγος,
2351 4651 2438 4704 det
2484 4649 2803 4704 ὑποδάλλων
2832 4649 2900 4702 τὰ
2933 4647 3206 4719 πρακτέα,
3261 4646 3365 4701 κᾶν
3411 4644 3738 4718 παρακούω-

461 4741 615 4810 qnasi
647 4739 1000 4811 ignoraverit,
1028 4739 1192 4810 idque
1207 4737 1549 4810 praesertim,
1583 4739 1630 4792 sl
1660 4736 2029 4793 considerare-

2158 4759 2246 4814 μεν
2279 4741 2441 4796 αὑτοῦ
2474 4740 2583 4795 τῶν
2615 4739 2864 4805 ἐντολῶν,
2901 4739 3225 4804 ἐπιδιδόντες
3245 4739 3444 4803 αὑτοὺς
3474 4741 3593 4802 ταῖς
3617 4737 3738 4810 ὴδοο

462 4833 631 4887 rimus
665 4832 984 4902 magistrum
1011 4847 1040 4884 a
1077 4832 1327 4887 discente
1359 4829 1784 4903 inseparabilem
1824 4846 1839 4884 :
1875 4829 2040 4885 veluti

2158 4838 2280 4900 ναῖς.
2309 4836 2404 4889 καὶ
2433 4833 2925 4906 παραπεμπόμενοι
2963 4830 3062 4897 τὰς
3115 4830 3341 4902 ἀρίστας
3387 4828 3552 4885 αὑτοῦ
3600 4843 3738 4900 συμι

459 4926 604 4980 enim
643 4923 905 4995 magister
935 4924 1413 4994 inseparabilisest
1443 4939 1472 4978 a
1497 4925 1768 4987 discente,
1791 4923 1872 4977 sic
1900 4922 2040 4977 ratio

2158 4924 2353 4990 Ξουλάς.
2395 4924 2605 4995 Ὠσπερ
2651 4923 2710 4977 δὲ
2759 4922 3010 4994 ὑπηρέτῃ
3055 4919 3136 4992 τῷ
3183 4919 3448 4992 ὀφθαλμῷ
3503 4919 3597 4973 ἐπὶ
3621 4921 3736 4982 τοῖς

463 5022 514 5073 in
545 5031 873 5088 unoquoque
899 5017 990 5086 qui
1027 5016 1256 5072 rationis
1289 5027 1374 5070 est
1405 5032 1628 5086 compos
1655 5055 1672 5080 ,
1714 5017 2039 5071 naturaliter

2158 5019 2449 5090 κρείττοσιν
2490 5019 2622 5088 ἡμῖν
2671 5015 3023 5086 γεγενημένῳ
3044 5054 3059 5078 ,
3111 5013 3206 5067 καὶ
3258 5013 3344 5082 ἐφ’
3391 5005 3466 5066 ὧν
3515 5010 3577 5064 οὑ
3634 5027 3735 5065 κα-

459 5114 749 5174 cxsistens.
777 5127 992 5181 semper
1025 5109 1230 5179 agenda
1263 5124 1566 5180 suggerens
1593 5149 1608 5172 ,
1655 5109 1820 5164 etiam
1851 5109 1896 5164 si
1929 5124 2037 5163 non

2158 5109 2255 5174 λῶς
2281 5109 2394 5181 (51)
2420 5108 2637 5180 ὁρῶμεν
2665 5105 2946 5179 χρώμεθα,
2980 5105 3182 5176 ὁμοίως
3206 5105 3300 5158 καὶ
3328 5107 3394 5176 τῇ
3420 5105 3580 5175 ἀκοῇ,
3604 5102 3734 5157 ὅταν

527 5206 574 5236 ²⁶
600 5203 742 5258 Psal.
781 5219 950 5269 χχχιι,
983 5203 1036 5258 9.
1150 5203 1189 5233 ³⁸
1227 5201 1432 5256 Coloss.
1468 5217 1506 5264 ι,
1545 5201 1633 5268 16,
1671 5201 1758 5256 l7.
1866 5203 1910 5233 "
1940 5201 2052 5257 Joat

463 5275 506 5304 ""
538 5273 692 5328 Joan.
729 5291 817 5328 xv.
849 5275 938 5328 2‘2.

2158 5205 2242 5267 ,3.
2341 5201 2387 5234 ³³
2413 5200 2568 5257 Rom.
2600 5217 2693 5266 vtt,
2728 5201 2779 5254 8.
2876 5199 2925 5233 "‘
2959 5200 3089 5253 ihid.
3126 5198 3178 5253 9.
3280 5199 3326 5231 “
3353 5196 3514 5252 Rom.
3551 5211 3603 5262 ν,
3642 5195 3728 5251 i5.

489 5281 506 5300 ’⁵
538 5281 692 5328 Joan.
729 5291 817 5337 xv,
849 5281 938 5328 Ἦ.

553 5366 642 5437 ιθ)
670 5367 806 5420 Εἴτε
827 5368 1025 5437 ἀρχαί.
1062 5365 1405 5437 Haec-desunt
1428 5366 1481 5421 in
1509 5365 1698 5422 codice
1725 5363 2038 5430 Bodleiano,

460 5428 556 5492 sed
591 5428 841 5506 leguntur
861 5428 1258 5506 'it't'Barherino
1284 5447 1338 5492 et
1369 5436 1558 5500 Regio.
1788 5504 1797 5506 Α
1974 5504 1983 5506 _
2025 5428 2032 5430 ﬁ

2158 5428 2536 5506 τδξπρωεῖέρν·
2655 5498 2664 5506 .
2803 5497 2815 5506 .
2905 5494 2932 5506 -
2981 5493 3065 5506 ..
3464 5493 3479 5506 .
3624 5491 3686 5506 _.

531 5449 556 5492 [ι
591 5449 841 5504 teguntur
874 5454 927 5490 III
957 5449 1258 5493 Barhertno
1284 5449 1338 5492 et
1369 5449 1558 5500 nemo.

531 5504 644 5578 (47)
674 5505 1034 5572 καθολικῶς.
1076 5509 1150 5561 Ita
1183 5509 1351 5563 codex
1397 5507 1718 5563 Bodleianus
1757 5504 1944 5574 sicque
1971 5504 2044 5560 le-

531 5620 533 5625 .
564 5576 880 5628 Ferrarius:
916 5577 968 5628 itt
1011 5578 1195 5628 codice
1234 5577 1402 5628 Renin
1453 5593 1552 5628 nec
1601 5591 1708 5628 non
1745 5573 2042 5628 Barheriuo

2158 5449 2708 5628 τοδξιςῗῗὲἵῗχωρὶς
2749 5494 2934 5551 αὐτοῦ
2967 5493 3224 5563 ἐγένετο.
3279 5491 3405 5548 [late
3445 5493 3641 5547 desunt
3673 5491 3725 5544 in

2158 5587 2212 5628 co
2256 5589 2336 5628 tce
2367 5568 2558 5628 Beato.
2611 5570 2708 5624 sed
2759 5567 3079 5628 supplentur
3123 5580 3190 5618 ex
3223 5563 3380 5618 codd.
3430 5562 3725 5619 Bodleiano

460 5562 1202 5650 git'_Fe'rraritt_s;_i_tt'codice
1234 5577 1402 5650 Regio
1451 5562 1552 5633 nec
1601 5591 1708 5632 non
1745 5562 2042 5632 Barherino
2149 5562 2562 5650 codjcéﬁegio',‘
2607 5562 2708 5624 sed
2759 5562 3079 5636 supplentur
3123 5580 3190 5618 ex
3223 5563 3380 5618 codd.
3430 5562 3725 5619 Bodleiano

461 5645 659 5716 legitur
684 5644 991 5716 καθολικόν.
1315 5640 1344 5650 ⁷
1670 5715 1693 5716 η

2158 5653 2202 5699 ει
2233 5640 2553 5716 Darherino.

531 5700 643 5788 (48)
677 5700 880 5784 Εἶχον.
937 5717 1010 5788 Ita
1045 5716 1213 5771 codex
1264 5717 1634 5780 Bodleianus;
1668 5715 1869 5788 Regius
1909 5728 2039 5770 vero

2219 5713 2334 5783 (51)
2363 5711 2446 5788 03')
2472 5706 2689 5788 καλῶς.
2751 5705 2826 5788 ita
2873 5705 3230 5788 rectm-halm
3274 5700 3723 5788 codexﬂliarheri-

459 5797 510 5840 et
538 5773 886 5853 Darheri't'tus,
914 5786 1148 5858 εἴχοσαν.
1319 5773 1330 5775 ἡ
1418 5773 1421 5774 ⁷
1625 5773 1634 5780 ⁷
1751 5773 1780 5788 ’³

2158 5773 2279 5846 nus,
2308 5773 2449 5838 male
2481 5796 2607 5836 vero
2633 5777 2831 5846 Regius
2856 5785 2909 5832 et
2939 5775 3281 5840 Bodleiauus,
3310 5775 3410 5828 οὑκ
3434 5773 3630 5835 ἄλλως.

2224 5359 2337 5430 (l9)
2371 5357 2463 5430 Sic
2491 5357 2648 5413 codd.
2677 5355 2995 5412 Bodleianus
3025 5363 3081 5410 et
3107 5352 3472 5419 Barberinus;
3506 5351 3728 5423 Regius,
