4082 6224
316 309 416 365 HI

1419 309 1780 366 COMMENT.
1822 310 1890 367 ΙΝ
1927 309 2121 368 JOAN.
2159 311 2400 368 TOMUS
2426 311 2488 367 il.

3489 319 3594 373 ΗΞ

307 422 652 496 παρέχωμεν
676 423 898 488 εαυτοὺς
921 424 1216 496 ἀκροάσεσι
1243 427 1478 499 κρίσεως
1500 429 1782 500 ᾀσμάτων,
1811 429 1892 484 καῖ

2007 431 2328 486 obediamus
2365 433 2510 487 Illius
2541 433 2851 503 praeceptis,
2905 430 3283 504 permittentes
3315 447 3414 489 nos
3443 435 3593 505 ipsos

309 516 428 570 τῶν
457 516 921 588 ἀπηγορευμένων
962 517 1348 588 ἀκουσμάτων,
1377 519 1552 584 οὕτως
1593 519 1904 593 ἐνυϐρίζον-

308 625 407 671 se;
429 600 522 663 τιν
553 611 610 662 έν
637 609 766 680 ἡμῖν
789 606 966 676 λόγον,
996 607 1092 662 καὶ
1121 609 1223 663 οὐκ
1249 610 1330 674 εις
1358 610 1478 666 δέον
1511 612 1660 684 αὐτῷ
1691 611 1907 686 χρώμε-

309 718 415 766 νοι,
443 701 514 754 δι’
551 700 718 756 αὑτοῦ
744 701 1167 774 παρανομοῦμεν
1199 704 1280 767 είς
1308 706 1486 778 κρίμα
1521 709 1636 772 τοῖς
1663 707 1907 778 ἁμαρτά-

309 808 493 846 νουσιν
521 792 940 863 ἐνυπάρχοντος,
975 793 1068 846 καὶ
1099 793 1189 849 διὰ
1211 793 1373 848 τοῦτο
1402 796 1677 868 κρίνοντος
1701 797 1794 850 τὸν
1829 797 1904 868 μὴ

308 885 532 940 πάντων
562 884 722 940 αὐτὸν
755 885 1202 958 προτιμήσαντά·
1253 885 1379 942 ὅθεν
1420 889 1512 941 καί
1557 905 1747 960 φησιν·
1783 909 1802 941 ι
1848 891 1905 944 Ὁ

307 977 569 1046 λόγοςδν
619 976 880 1050 ἐλάλησα,
926 979 1090 1043 αὐτὸς
1135 983 1316 1052 κρινεῖ
1356 982 1519 1052 ὑμᾶς,
1553 1001 1572 1033 ι
1608 981 1718 1035 ἴσον
1759 982 1905 1037 διδά-

309 1087 456 1124 σκων
482 1070 578 1142 τῷσ
614 1070 756 1140 Ἐγὼ
785 1072 816 1126 ό
848 1072 1040 1141 Λόγος,
1069 1075 1099 1126 ό
1125 1075 1183 1128 ἐν
1214 1073 1344 1144 ὑμῖν
1363 1074 1449 1127 ἀεὶ
1474 1074 1703 1146 ὲνηχῶν,
1740 1075 1904 1140 αὐτὸς

307 1165 454 1233 ὑμᾶς
492 1163 862 1224 καταδικάσω.
887 1164 1052 1218 τόπον
1101 1165 1396 1236 ἀπολογίας
1439 1168 1908 1244 καταλειπόμενον

305 1257 532 1326 ἔχοντας
575 1255 846 1326 οὐδαμῶς.
893 1256 1043 1323 Δόξει
1093 1257 1341 1327 μέντοιγε
1409 1258 1688 1329 βιαιοτέρα
1764 1255 1906 1314 εἶναι

305 1347 448 1418 αὕτη
476 1349 510 1420 ὴ
544 1348 762 1419 ἐκδοχὴ,
798 1347 955 1403 ἄλλον
1003 1349 1101 1421 μὲν
1147 1350 1321 1419 Λόγον
1354 1350 1447 1404 τὸν
1481 1353 1540 1404 ὲν
1566 1352 1708 1422 ἀρχῇ
1747 1352 1906 1422 ήμῶν

306 1439 668 1512 ὲξειληφότων
705 1443 796 1497 τὸν
842 1442 980 1514 πρὸς
1024 1443 1116 1496 τὸν
1172 1443 1329 1507 Θεὸν,
1371 1444 1465 1496 τὸν
1515 1443 1646 1496 Θεὸν
1695 1445 1899 1512 Λόγονο

307 1530 482 1596 ἄλλως
507 1535 564 1588 δὲ
587 1533 750 1588 αὑτὸν
773 1534 1060 1599 νοούντων,
1093 1535 1189 1589 ἅτε
1222 1535 1284 1588 οὐ
1323 1534 1482 1606 μόνον
1511 1535 1733 1588 ἐπὶτῶν
1767 1553 1901 1608 προ-

308 1630 624 1701 ηγουμένων
673 1627 1175 1699 δημιουργημάτων
1214 1625 1315 1679 τό·
1353 1645 1371 1678 ι
1402 1626 1584 1680 Πάντα
1629 1627 1696 1679 δι’
1733 1625 1898 1681 αὑτοῦ

2009 524 2381 593 voluptatibus
2408 535 2466 580 et
2491 526 2975 595 prater-mittentes
2995 526 3199 596 optima
3239 526 3388 582 illius
3414 531 3596 586 consi-

2009 612 2098 666 lia.
2152 613 2221 669 Ut
2247 624 2430 668 autem
2475 615 2638 670 oculo
2675 614 2835 670 nobis
2882 615 2953 670 ad
3007 615 3150 670 bona
3185 613 3435 670 ministro
3465 615 3595 670 dato

2006 706 2172 758 etiam
2211 705 2495 760 abutimur
2525 705 2580 760 in
2609 705 2698 760 his
2740 720 2861 776 quae
2905 705 3133 760 honeste
3169 719 3274 758 non
3324 705 3592 772 videmus,

2008 797 2234 867 perinde
2265 808 2430 866 atque
2466 798 2518 851 in
2547 798 2732 852 auditu
2769 797 3023 858 facitnus.
3052 812 3177 852 etim
3220 806 3462 852 attentos
3492 811 3596 852 nos

2007 890 2314 960 praebemus
2389 889 2758 960 dijudicandis
2817 889 3052 946 canticis
3113 889 3593 960 auditionibusque

2010 982 2166 1034 nubis
2203 980 2408 1044 vetitis,
2466 982 2545 1037 sic
2595 982 2986 1036 contumeliam
3044 980 3340 1037 inferentes
3389 979 3592 1035 rationi

2006 1085 2127 1138 qum
2154 1072 2206 1124 in
2241 1071 2399 1126 nobis
2425 1073 2593 1139 inest,
2619 1088 2723 1128 nec
2751 1073 2841 1126 ubi
2867 1081 3084 1143 oportet
3111 1071 3200 1125 illa
3232 1081 3466 1138 utentes,
3498 1086 3591 1140 per

2009 1164 2175 1232 ipsam
2217 1164 2656 1233 trausgredimur
2684 1166 2881 1234 legem,
2910 1179 3032 1235 quae
3063 1164 3420 1234 peccantibus
3447 1163 3593 1218 inest

2006 1255 2072 1307 ad
2108 1253 2398 1321 judicium,
2431 1265 2489 1310 et
2521 1257 2727 1310 idcirco
2778 1272 2905 1310 eum
2954 1255 3214 1325 judicans
3267 1253 3359 1323 qui
3415 1254 3590 1323 ipsam

2005 1347 2260 1408 ριιιιιὶιιιιε
2309 1363 2415 1401 non
2452 1348 2781 1416 praetulerit.
2838 1348 2991 1404 Unde
3045 1349 3210 1403 etiam
3261 1346 3436 1415 inquit
3492 1345 3588 1396 ’τε

2010 1455 2028 1488 ι
2055 1436 2270 1501 Sermo,
2293 1453 2452 1505 quem
2479 1441 2690 1494 locutus
2712 1455 2857 1503 sum,
2885 1439 3000 1509 ipse
3023 1437 3411 1494 condemnabit
3426 1450 3541 1502 vos,
3568 1455 3587 1486 ι

2006 1527 2239 1593 perinde
2269 1529 2428 1598 quasi
2458 1530 2690 1590 diceret,
2723 1530 2840 1600 Ego
2876 1530 2964 1584 ille
2996 1528 3192 1596 Λόγος,
3239 1527 3328 1582 ille
3357 1527 3414 1581 in
3439 1526 3591 1582 vobis

2004 1617 2291 1682 insonans,
2327 1619 2442 1687 ipse
2467 1634 2562 1672 vos
2584 1621 2979 1686 comlemnabo,
3010 1621 3101 1689 qui
3136 1618 3342 1674 nullum
3367 1619 3590 1674 omnino

309 1722 542 1792 ἐγένετο,
579 1741 598 1775 ι
630 1720 887 1789 λέγεσθαι
914 1719 1252 1789 ὲφάσκομεν,
1279 1717 1414 1772 ἀλλὰ
1446 1719 1540 1772 καὶ
1561 1719 1652 1770 ἐπὶ
1677 1718 1892 1773 πάντων

2001 1710 2338 1766 delensionis
2369 1711 2628 1766 relictum
2653 1711 2870 1767 habetis
2897 1712 3098 1768 locum.
3134 1713 3330 1768 Verum
3347 1710 3590 1768 coactior

307 1815 412 1869 ὑπὸ
434 1815 545 1886 (52)
571 1813 684 1867 τῶν
724 1810 960 1880 λογικῶν
985 1808 1390 1880 πραττομένων,
1427 1802 1487 1862 οὗ
1515 1809 1672 1878 λόγου
1698 1811 1888 1882 χωρὶς,

1999 1803 2274 1858 videbitur
2293 1819 2414 1860 esse
2439 1805 2556 1862 iimc
2586 1807 2967 1877 intelligentia,
2991 1807 3392 1876 expouentibus
3427 1803 3588 1860 nobis

302 1904 458 1958 οὐδὲν
481 1902 890 1974 ἁμαρτάνομεν.
922 1899 1032 1952 Καὶ
1058 1897 1317 1968 ζητητέον
1343 1899 1390 1951 εἰ
1425 1898 1519 1952 καὶ
1554 1898 1646 1952 τὸν
1672 1901 1730 1952 ὲν
1754 1903 1891 1972 ἡμῖν

303 1996 460 2064 λόγον
491 1994 586 2048 τδν
610 1991 780 2046 αὑτὸν
802 1989 1019 2044 λεκτέον
1043 1988 1122 2059 τῷ
1140 1990 1200 2043 ὲν
1225 1989 1369 2060 ἀρχῇ
1405 1989 1501 2043 καὶ
1529 1989 1610 2061 τῷ
1632 1991 1770 2062 πρὸς
1798 1992 1890 2044 τὸν

301 2085 460 2149 Θεὸν,
483 2085 586 2138 καὶ
605 2083 684 2154 τῷ
704 2081 822 2153 Θεῷ
847 2081 1022 2150 Λόγῳ,
1060 2079 1296 2151 μάλιστα
1320 2081 1445 2134 ἐπεὶ
1470 2081 1568 2152 οὐχ
1599 2081 1676 2145 ὡς
1707 2082 1899 2154 ἑτέρου

301 2177 500 2232 τούτου
527 2176 884 2246 τυγχάνοντος
913 2172 1064 2245 παρὰ
1087 2172 1181 2226 τὸν
1213 2173 1272 2226 ἐν
1305 2173 1446 2245 ἀρχῇ
1479 2173 1617 2245 πρὸς
1655 2173 1746 2227 τὸν
1768 2173 1900 2228 Θεὸν

299 2270 500 2339 Λόγον,
529 2268 703 2322 ἔοικεν
730 2267 760 2319 ό
787 2265 1104 2328 ’Λπόστολος
1129 2266 1402 2320 διδάσκειν
1443 2267 1534 2320 τό·
1563 2287 1582 2320 ι
1617 2267 1710 2338 Μὴ
1739 2269 1900 2342 εἴπῃς

300 2364 361 2416 ὲν
389 2363 458 2432 τῇ
481 2359 681 2433 καρδίᾳ
713 2373 838 2412 σου*
867 2356 964 2422 Τίς
997 2357 1331 2430 ἀναϐήσεται
1369 2361 1451 2423 εις
1497 2358 1590 2412 τὸν
1631 2360 1894 2431 οὐρανόν;

299 2453 546 2509 τουτέστι
578 2449 812 2524 Χριστὸν
841 2452 1199 2519 καταγαγεῖν·
1216 2449 1272 2522 ἢ,
1301 2449 1386 2514 τίς
1411 2449 1786 2522 καταϐήσεται
1816 2451 1898 2514 εις

297 2547 401 2619 τὴν
421 2545 661 2628 ’ἄϐυσσρν
682 2559 696 2610 ;
718 2541 967 2596 τουτέστι
992 2541 1228 2613 Χριστὸν
1249 2543 1312 2595 ὲκ
1339 2541 1548 2614 νεκρῶν
1575 2544 1890 2612 ἀναγαγεῖν.

313 2635 476 2689 Ἀλλὰ
515 2634 571 2688 τί
614 2633 764 2704 λέγει
801 2635 835 2706 ἡ
871 2633 1100 2706 Γραφής
1139 2632 1338 2702 Ἐγγύς
1368 2649 1460 2686 σου
1502 2633 1562 2687 τὸ
1601 2633 1752 2705 ῥῆμά
1778 2635 1896 2687 ἔστι

298 2728 508 2800 σφόδρα
531 2727 590 2781 ὲν
607 2725 688 2799 τῷ
709 2725 938 2798 στόματί
963 2742 1080 2792 σου,
1115 2725 1211 2779 καὶ
1235 2727 1292 2780 ἐν
1322 2727 1387 2796 τῇ
1423 2724 1620 2797 καρδίᾳ
1648 2741 1762 2778 σου.
1799 2744 1820 2778 ι

1997 1896 2162 1950 alium
2211 1896 2385 1965 Λόγον
2430 1897 2484 1951 in
2531 1899 2800 1968 principio
2841 1900 3194 1954 exsisteutetu
3238 1897 3413 1966 Λόγον
3444 1895 3588 1965 apud

1999 1989 2196 2056 Deum;
2245 1989 2412 2044 Deum
2435 1989 2645 2058 Λόγον;
2677 1991 2845 2044 alium
2883 2001 3066 2046 autem
3107 1991 3283 2058 ipsum
3331 1989 3587 2044 conside—

2003 2078 2271 2140 rantibus,
2336 2081 2466 2149 quia
2504 2095 2611 2136 non
2651 2082 2826 2135 solum
2874 2084 2943 2138 de
2991 2081 3285 2152 pracipuis
3328 2080 3585 2149 opiﬁciis,

2002 2173 2183 2225 omnia
2231 2187 2328 2241 per
2357 2174 2537 2242 ipsum
2579 2172 2722 2228 facta
2756 2173 2922 2231 fuisse
2951 2175 3058 2231 dici
3091 2174 3357 2237 diximus,
3395 2185 3589 2226 verum

2001 2264 2164 2318 etiam
2195 2265 2264 2320 de
2305 2267 2558 2321 omnibus
2591 2281 2712 2335 qum
2742 2267 2884 2324 ﬁunt
2915 2266 2983 2322 ab
3022 2268 3108 2322 bis
3153 2265 3247 2336 qui
3296 2263 3458 2334 λόγου
3511 2262 3589 2335 [ει

2005 2355 2267 2429 rationis]
2317 2368 2444 2412 sunt
2489 2368 2804 2426 conpotes,
2847 2359 2968 2414 sine
3011 2373 3118 2428 quo
3159 2356 3304 2428 λόγῳ
3358 2355 3450 2429 [id
3503 2365 3588 2410 est.

2002 2449 2237 2522 ratione]
2268 2451 2402 2506 nihil
2440 2467 2756 2520 peccamus.
2786 2451 3009 2522 Insuper
3029 2451 3384 2522 qumrendum
3416 2450 3584 2508 etiam

1999 2552 2083 2599 est
2116 2559 2184 2598 an
2229 2545 2276 2599 is
2303 2544 2483 2614 λόγος,
2517 2545 2610 2615 qui
2643 2547 2696 2600 in
2733 2546 2889 2600 nobis
2910 2555 3016 2610 est,
3076 2544 3219 2598 idem
3248 2542 3319 2598 sit
3353 2557 3477 2597 cum
3515 2556 3584 2596 eo

2000 2635 2090 2706 qui
2137 2646 2220 2693 est
2247 2638 2301 2692 in
2330 2639 2622 2709 principio,
2647 2649 2702 2694 et
2728 2639 2820 2708 qui
2853 2649 2937 2694 est
2960 2639 3100 2707 apud
3129 2639 3318 2701 Deum,
3355 2645 3412 2692 et
3440 2635 3584 2688 Deus

2002 2728 2198 2798 Λόγος,
2273 2733 2578 2801 praesertim
2631 2734 2885 2802 quoniam
2955 2741 3217 2802 tanquam
3279 2732 3382 2786 hoc
3437 2729 3582 2802 λόγῳ

298 2823 474 2880 altero
503 2836 609 2878 non
639 2822 937 2878 exsistente
966 2822 1034 2875 ab
1055 2835 1120 2876 eo
1153 2820 1311 2891 Λόγῳ
1337 2821 1428 2890 qui
1457 2829 1542 2876 est
1575 2822 1626 2876 in
1657 2822 1924 2893 principio
1953 2826 2096 2893 apud
2124 2825 2316 2891 Deum,
2345 2828 2594 2883 videatur
2619 2828 2913 2898 Apostolus
2943 2829 3072 2882 illud
3107 2829 3308 2884 docere
3337 2827 3384 2859 ³³
3409 2845 3424 2882 :
3453 2845 3473 2878 ι
3499 2824 3581 2879 Ne

295 2915 508 2970 dixeris
538 2915 592 2971 in
619 2917 785 2973 corde
813 2925 910 2972 tuo
939 2929 954 2970 :
983 2916 1119 2984 Quis
1151 2918 1412 2971 ascendet
1431 2915 1484 2970 in
1508 2916 1865 2973 ctelum?boc
1891 2920 2268 2975 esthristum
2292 2922 2560 2978 deducere
2589 2943 2604 2978 :
2628 2923 2741 2994 69
2763 2925 2844 2980 vel
2873 2925 2995 2994 quis
3017 2923 3310 2979 descendet
3337 2921 3388 2975 in
3414 2921 3581 2990 abys-

294 3012 463 3065 sum?
487 3011 590 3066 hoc
625 3018 710 3066 est
739 3009 1016 3066 Christum
1049 3025 1115 3065 ex
1149 3010 1378 3064 mortuis
1425 3009 1708 3067 reducere.
1760 3011 1868 3068 Sed
1898 3015 2028 3084 quid
2055 3015 2186 3070 dicit
2227 3014 2507 3086 Scriptura
2536 3018 2625 3072 '9?
2655 3019 2831 3090 Prope
2887 3027 2941 3075 te
2968 3019 3190 3075 verbum
3220 3025 3303 3073 est
3341 3016 3496 3070 valde
3526 3017 3581 3071 in

291 3123 398 3164 ore
426 3117 517 3164 tuo
543 3119 595 3164 ει
617 3109 670 3164 in
698 3107 863 3163 corde
890 3117 1004 3162 tuo.
1045 3125 1064 3160 ι

376 3202 439 3255 Ὃ
478 3203 723 3272 γέγονεν
755 3201 825 3256 ἐν
854 3199 1014 3266 αὐτῷ
1041 3199 1153 3271 (53)
1182 3196 1294 3269 ᾆυὴ
1332 3195 1433 3271 ἦν,
1464 3200 1564 3254 καὶ
1603 3201 1642 3268 ἡ
1669 3197 1782 3265 ζωὴ
1810 3192 1890 3267 ἦν

2071 3198 2322 3264 lO.Quod
2347 3199 2546 3269 factum
2570 3210 2647 3256 est
2670 3218 2725 3255 m
2744 3202 2856 3271 ipso
2875 3203 2980 3256 vita
2996 3213 3134 3266 erat,
3149 3214 3198 3256 et
3231 3205 3336 3258 vita
3353 3205 3450 3259 illa
3467 3217 3579 3260 erat

294 3296 368 3351 τὸ
405 3295 530 3365 φῶς
573 3295 690 3349 τῶν
721 3291 1069 3362 ἀνθρώπων.
1101 3293 1256 3346 Ἐστι
1292 3294 1416 3347 τινὰ
1462 3293 1706 3364 δόγματα
1758 3293 1889 3363 παρ’

298 3387 547 3459 Ἕλλησι,
576 3385 885 3456 καλούμενα
919 3383 1218 3456 παράδοξα,
1261 3382 1340 3455 τῷ
1367 3385 1485 3438 κατ’
1512 3385 1709 3448 αὐτοὺς
1735 3382 1888 3455 σοφῷ

296 3481 529 3534 πλεῖστα
567 3481 670 3534 ὅσα
703 3478 1088 3550 προσάπτοντα
1119 3477 1258 3548 μετά
1288 3495 1433 3540 τινος
1478 3475 1806 3543 ἀποδείξεως
1853 3476 1886 3548 ἢ

295 3573 631 3645 φαινομένης
659 3570 1005 3638 ἀποδείξεως,
1043 3568 1185 3623 καθά
1215 3586 1347 3640 φησι
1390 3570 1548 3640 μόνον
1582 3567 1678 3621 καὶ
1710 3567 1888 3623 πάντα

294 3667 389 3720 τὸν
423 3666 581 3735 σοφὸν
611 3659 748 3718 εἶναι
783 3663 954 3735 ἱερέα,
978 3661 1056 3734 τῷ
1093 3662 1253 3734 μόνον
1279 3661 1371 3716 καὶ
1405 3663 1581 3716 πάντα
1605 3662 1696 3714 τὸν
1726 3660 1888 3730 σοφὸν

296 3759 609 3829 ἐπιστήμην
645 3756 788 3828 ἔχειν
821 3755 922 3825 τῆς
954 3753 1047 3807 τοῦ
1080 3753 1217 3807 Θεοῦ
1260 3753 1576 3825 θεραπείας·
1606 3754 1698 3806 καὶ
1727 3753 1888 3824 μόνον

296 3852 396 3905 καὶ
421 3851 597 3904 πάντα
623 3851 716 3902 τὸν
746 3848 908 3917 σοφὸν
949 3843 1088 3901 εἶναι
1121 3845 1429 3918 ἐλεύθερον,
1453 3843 1700 3908 ἐξουσίαν
1723 3845 1885 3896 αὐτο-

297 3944 542 4015 πραγίας
570 3941 679 3998 ἀπὸ
710 3941 806 3994 τοῦ
839 3939 985 3993 θείου
1012 3939 1177 4010 νόμου
1203 3937 1481 4009 εἰληφότα.
1512 3935 1621 3988 Καὶ
1662 3935 1760 4006 τὴν
1803 3935 1889 3998 ἐξ-

295 4039 485 4093 ουσίαν
525 4036 582 4090 δὲ
611 4034 878 4107 ὁρίζονται
919 4032 1147 4104 νόμιμον
1193 4031 1516 4102 ἐπιτροπήν.
1555 4029 1662 4080 Καὶ
1711 4029 1762 4080 τί
1809 4027 1889 4079 δεῖ

296 4133 394 4188 νῦν
419 4133 567 4204 ἡμᾶς
607 4128 785 4198 λέγειν
821 4127 947 4201 περὶ
992 4127 1098 4179 τῶν
1155 4116 1500 4194 καλουμένων
1545 4120 1884 4193 παραδόξων,

297 4225 500 4297 πολλῆς
523 4221 689 4295 οὔσης
724 4222 822 4292 τῆς
858 4223 936 4284 είς
974 4219 1112 4273 αὐτὰ
1139 4216 1539 4290 πραγματείας,
1567 4215 1660 4267 καὶ
1699 4212 1888 4283 δεομέ-

297 4336 403 4374 νων
426 4316 766 4388 συγκρίσεων
804 4315 914 4385 (54)
948 4313 1044 4384 τῆς
1073 4311 1208 4384 πρὸς
1241 4310 1302 4364 τὸ
1337 4309 1582 4380 βούλημα
1607 4308 1706 4379 τῆς
1744 4308 1884 4380 Γρα-

295 4411 403 4483 φῆς
432 4409 540 4462 τῶν
573 4407 663 4461 ὑπ’
691 4407 868 4461 αὐτῶν
897 4403 1036 4458 κατὰ
1062 4402 1129 4455 τὰ
1165 4401 1439 4474 παράδοξα
1476 4397 1886 4468 ἀπαγγελλομέ-

296 4522 422 4564 νων,
455 4502 544 4554 ἵνα
575 4501 667 4554 ἐπὶ
698 4501 858 4552 τίνων
903 4498 930 4550 ό
971 4496 1066 4565 τῆς
1110 4494 1418 4556 Θεοσεόείας
1453 4493 1609 4561 λόγος
1638 4493 1880 4562 συνηχεῖ,

1999 3294 2375 3349 lux/(ominum
2389 3295 2456 3350 ⁸⁸.
2477 3296 2734 3363 Quaedam
2759 3306 2884 3352 sunt
2901 3303 3040 3368 apud
3057 3299 3286 3370 gentiles
3305 3301 3577 3365 dogmata.

1998 3387 2272 3454 paradoxa
2295 3401 2414 3456 quae
2432 3389 2900 3458 vocant,sapienti
2934 3405 3032 3444 suo
3065 3391 3355 3445 tribuentia
3387 3408 3578 3461 qnam-

1997 3477 2250 3547 plurima,
2284 3495 2408 3534 cum
2435 3482 2668 3550 quadam
2697 3481 3159 3539 demonstratione
3182 3484 3266 3539 vel
3293 3487 3576 3554 apparenti

1996 3567 2478 3633 demonstratione,
2497 3571 2649 3636 juxta
2673 3585 2794 3639 qua:
2815 3571 3070 3642 inquiunt
3092 3575 3264 3627 solum
3288 3586 3341 3628 et
3361 3590 3576 3629 omnem

1994 3654 2296 3722 sapientem
2328 3669 2453 3709 esse
2496 3659 2956 3720 sacerdotcm;eo
2979 3663 3123 3728 quod
3166 3664 3314 3717 solus
3361 3667 3579 3733 sapiens

1995 3746 2170 3798 cultus
2197 3745 2366 3810 divini
2395 3747 2719 3812 sapientiam
2745 3757 2964 3814 teneat;
2989 3751 3162 3805 solum
3193 3755 3354 3810 etiam
3379 3767 3431 3812 et
3460 3775 3578 3814 om-

1996 3845 2116 3885 nem
2141 3831 2444 3900 sapientem
2480 3833 2729 3902 inquiunt
2757 3851 2879 3892 esse
2907 3838 3160 3909 liberum,
3189 3852 3442 3917 tanquam
3483 3854 3575 3920 qui

1993 3925 2267 3992 acceperit
2297 3923 2601 3980 libertatem
2632 3941 2699 3981 ex
2729 3931 2898 3985 animi
2932 3933 3012 3987 sui
3039 3939 3307 3992 sententia
3339 3956 3574 4012 operan-

1995 4014 2045 4068 di
2075 4032 2103 4068 a
2131 4015 2248 4086 lege
2279 4015 2484 4107 divina,
2515 4017 2824 4076 libertatem
2853 4025 3018 4080 etiam
3037 4027 3358 4088 deﬁnientes
3388 4036 3571 4107 legiti-

1994 4121 2135 4160 mam
2163 4106 2594 4177 permissionem.
2619 4111 2685 4166 Et
2705 4114 2834 4183 quid
2853 4130 2988 4186 opus
3004 4128 3207 4176 estnos
3229 4139 3372 4180 nunc
3389 4106 3575 4185 dicere

1991 4198 2059 4253 de
2081 4199 2164 4253 bis
2184 4214 2306 4269 quae
2324 4205 2594 4270 paradoxa
2613 4209 2920 4278 appellautu
2931 4226 2974 4277 r,
2999 4225 3120 4266 cum
3145 4215 3370 4272 multum
3391 4235 3572 4291 opera:

1991 4297 2298 4352 insumatur
2332 4298 2383 4351 in
2421 4300 2524 4362 eis,
2564 4310 2616 4354 et
2661 4317 2723 4355 ea
2776 4319 2898 4373 qua:
2941 4308 3009 4361 ab
3055 4307 3186 4377 ipsis
3217 4315 3573 4370 cnuntianlur
3631 4320 3636 4324 “

1984 4389 2134 4458 juxta
2181 4389 2488 4458 paradoxa,
2540 4391 2832 4447 collatione
2885 4405 3081 4464 egeant
3130 4415 3253 4452 cum
3294 4401 3572 4458 voluntate

1993 4481 2310 4554 Scriptum.
2341 4492 2398 4538 ut
2435 4485 2486 4538 in
2519 4487 2715 4553 quibus
2756 4488 3137 4544 cultus-divini
3178 4493 3314 4545 ratio
3341 4507 3572 4548 concor-

297 4597 391 4649 καὶ
419 4595 510 4647 ἐπὶ
547 4594 706 4646 τίνων
737 4589 798 4644 τὸ
828 4589 1066 4644 ἐναντίον
1110 4590 1218 4650 τοῖς
1265 4587 1356 4639 ὑπ’
1397 4585 1620 4638 ἐκείνων
1652 4583 1875 4654 λεγομέ-

1998 4577 2101 4637 .lct,
2132 4585 2186 4630 ct
2216 4579 2268 4630 in
2312 4577 2507 4645 quibus
2537 4581 2878 4632 contrarium
2905 4581 3059 4646 velit,
3090 4582 3173 4636 bis
3201 4598 3322 4652 quae
3363 4585 3430 4638 ab
3461 4571 3568 4639 illis

295 4705 406 4752 νοις
455 4685 723 4758 βούλεται,
759 4683 1105 4755 παραστῆσαι
1161 4677 1508 4749 δ·.δνηοὦμεν;
1561 4675 1776 4729 Τούτων
1826 4675 1882 4728 δὲ

295 4784 425 4853 ἡμῖν
461 4781 650 4851 μνήμη
690 4777 979 4848 γεγένηται
1024 4772 1241 4843 ζητοῦσι
1277 4771 1367 4824 τό·
1417 4790 1435 4819 ι
1471 4771 1535 4821 "O
1571 4769 1793 4837 γέγονεν
1824 4769 1882 4820 ὲν

295 4871 444 4942 αὐτῷ
476 4869 590 4942 ζωὴ
615 4865 704 4941 ἦν,
751 4888 768 4918 ι
797 4865 885 4920 διὰ
911 4864 971 4918 τὸ
1000 4863 1162 4916 οἱονεὶ
1189 4860 1266 4930 τῷ
1297 4859 1602 4930 χαρακτῆρι
1634 4856 1742 4909 τῶν
1773 4871 1878 4907 πα-

296 4959 556 5032 ραδόξων,
583 4957 676 5010 καὶ
707 4956 755 5008 εἰ
800 4955 881 5007 δεῖ
920 4955 1112 5013 εἰπεῖν,
1152 4948 1576 5020 παραδοξότερον
1620 4945 1772 5018 παρὰ
1809 4945 1880 4998 τὰ

1990 4671 2266 4730 dicuntur,
2286 4671 2573 4723 ostendere
2597 4671 2910 4738 possimus?
2933 4671 3133 4725 llorum
3157 4683 3336 4728 autem
3359 4691 3386 4728 a
3415 4679 3571 4732 nobis

1991 4761 2192 4813 mentio
2219 4759 2356 4811 facta
2383 4770 2465 4812 est
2495 4761 2896 4828 inquirentibus
2919 4759 3046 4814 illud
3076 4783 3089 4817 ;
3134 4781 3152 4813 ι
3179 4762 3331 4831 Quod
3368 4767 3567 4823 factum

1990 4861 2071 4904 cst
2100 4851 2151 4903 in
2187 4854 2303 4918 ipso
2325 4853 2434 4904 vita
2468 4863 2609 4916 erat,
2637 4871 2655 4902 ι
2686 4861 2971 4922 propterea
2995 4857 3138 4924 quod
3173 4860 3341 4928 possit
3372 4861 3568 4931 aliquis

1989 4944 2324 5012 Scripturam
2374 4957 2631 5011 sapiens,
2686 4942 2961 5013 complura
3017 4946 3328 5015 bnjusmodi
3379 4964 3566 5006 osten-

292 5053 382 5104 ὑπ’
438 5049 661 5104 ἐκείνων
716 5047 982 5117 λεγόμενα
1038 5043 1297 5096 δύνασθαι
1348 5043 1413 5095 ἄν
1451 5059 1572 5093 τινα
1614 5041 1879 5110 ἑπόμενον

1998 5036 2132 5099 lere,
2172 5049 2290 5103 quze
2332 5034 2562 5089 formam
2619 5035 2782 5090 veluti
2835 5037 3076 5091 habeant
3122 5043 3564 5109 paradoxorutu:

290 5143 357 5210 τῇ
381 5140 570 5210 Γραφῇ
591 5137 760 5205 δεῖξαι
783 5135 1006 5190 τοιαῦτα
1033 5135 1272 5187 πλείονα.
1315 5133 1439 5184 Ἐὰν
1465 5132 1574 5202 γὰρ
1594 5133 1876 5201 νοήσωμεν

1998 5142 2210 5196 pta'que
2253 5129 2414 5180 etiam
2445 5126 2510 5200 (si
2545 5128 2692 5195 quid,
2730 5131 2879 5197 quod
2914 5130 3086 5200 magis
3119 5131 3190 5183 sit
3229 5132 3564 5199 paradoxou,

288 5236 380 5288 τὸν
414 5235 472 5287 ἐν
504 5234 645 5305 ἀρχῇ
681 5232 868 5302 Λόγον,
902 5230 991 5282 τὸν
1025 5229 1158 5300 πρὸς
1187 5227 1278 5280 τὸν
1313 5225 1464 5289 Θεὸν,
1497 5225 1585 5276 τὸν
1610 5224 1742 5277 Θεὸν
1775 5223 1873 5276 Λό-

289 5345 405 5396 γον,
435 5326 578 5396 τάχα
603 5323 942 5395 δυνησόμεθα
979 5322 1137 5393 μόνον
1171 5319 1259 5372 τὸν
1284 5319 1496 5383 τούτου,
1527 5316 1670 5370 καθὰ
1706 5316 1878 5369 τοιοῦ-

362 5466 405 5498 "
442 5465 598 5523 Joan.
635 5481 734 5530 xu,
763 5464 852 5520 48.
933 5465 978 5495 ’⁸
1007 5465 1163 5515 tiam.
1201 5478 1250 5527 ς,
1281 5461 1336 5522 6,
1364 5461 1413 5516 7.

362 5583 478 5654 (5‘2)
522 5585 670 5637 ’Υπό
697 5585 850 5639 deest
886 5584 938 5638 in
988 5583 1228 5654 editione
1277 5579 1477 5644 liuetii,
1529 5581 1623 5635 sed
1654 5579 1871 5649 supple-

290 5663 382 5706 lttr
414 5653 634 5708 etadd.
671 5655 966 5710 Bnl'bcrinu
993 5668 1042 5706 et
1085 5653 1394 5706 Bodleiano.
1659 5665 1662 5669 '

360 5723 474 5794 (55-)
505 5728 576 5778 ὐ
603 5724 848 5794 γέγονεν
880 5725 946 5780 ἐν
972 5725 1156 5788 αὐτῷ.
1191 5737 1298 5776 etc.
1360 5721 1423 5794 lu_
1461 5720 1701 5794 editione
1734 5720 1872 5776 liue-

289 5789 539 5852 tit'dccst
571 5789 650 5862 ἐν,
679 5789 848 5866 ἠυυιι
902 5796 1180 5866 suppletur
1226 5809 1253 5848 e
1289 5791 1448 5847 codd.
1495 5789 1784 5846 Bodleiano
1818 5798 1872 5843 et

1985 5238 2121 5291 opus
2149 5232 2230 5274 cst
2267 5221 2472 5289 dicere)
2512 5221 2680 5291 magis
2710 5222 2822 5274 sint
2854 5227 3125 5290 paradoxa
3159 5239 3319 5291 quam
3353 5240 3472 5294 qua:
3498 5225 3567 5278 ab

1989 5315 2093 5370 illis
2139 5316 2412 5369 dicuntur.
2457 5314 2588 5368 Nam
2627 5315 2670 5369 si
2717 5309 3245 5371 consideraverimus
3283 5317 3456 5387 Λόγον
3487 5316 3563 5392 [id

1493 5461 1536 5490 ²⁹
1563 5461 1716 5514 Deut.
1748 5476 1874 5525 xxx,
1911 5459 1996 5512 Η.
2078 5454 2121 5489 ³ο
2156 5456 2317 5511 Joan.
2352 5471 2388 5521 I,
2422 5455 2555 5518 5,4.

1981 5577 2300 5632 Barbcrino.
2346 5575 2481 5628 llinc
2520 5583 2722 5627 tomum
2773 5574 2988 5628 tertium
3035 5576 3348 5645 auspicatur
3384 5573 3552 5632 codex

1981 5647 2326 5709 Budleiutttts,
2359 5661 2520 5713 quem
2553 5657 2770 5698 secutus
2808 5645 3017 5698 videtur
3043 5645 3355 5702 Ferrarius.

2051 5717 2162 5787 (5-4)
2211 5717 2610 5785 Συγκρίσεων.
2685 5713 2993 5786 cheudum
3057 5717 3272 5772 videtur
3336 5715 3561 5788 συγκρί-

1987 5804 2144 5851 σεως.
3246 5812 3252 5818 ’
