4082 6224
509 318 524 376 i
546 321 604 376 ιε’»
1617 359 1622 364 .
1954 314 2063 374 Oli!

2168 317 2273 373 NIS
2361 363 2364 366 .
2665 339 2672 350 ·
3027 313 3030 316 ’
3653 324 3780 378 ιιι-

497 450 580 495 cst
621 434 912 510 rationem]
949 447 1000 493 et
1033 436 1243 493 Filium
1279 437 1383 493 Dei
1418 437 1484 493 in
1500 438 1780 511 principio
1805 423 2063 497 exsisten-

2168 461 2278 510 τος,
2309 443 2599 516 μετέχοντα
2648 441 2863 512 λογικὸν
2910 443 3105 508 εἰπεῖν,
3140 439 3282 498 ὥστε
3331 439 3428 496 καί⁵
3473 443 3756 514 ἀποφήνα-

505 542 612 587 tem
651 530 917 586 rationem
965 530 1106 600 apud
1151 531 1340 594 Deum,
1365 539 1422 586 et
1448 531 1716 589 rationem
1743 533 1930 600 Deum,
1960 533 2069 588 for-

499 624 664 678 tassis
701 637 823 678 eum
853 622 1177 693 solum,-qui
1206 622 1367 692 hujus
1390 623 1670 693 particeps
1699 625 1790 690 sil,
1819 626 1870 680 in
1895 641 2064 695 quau-

500 721 612 768 i-ttm
647 722 730 768 est
773 713 920 779 talis,
950 713 1182 768 rationis
1225 727 1486 783 capacem
1513 713 1697 769 dicere
1727 716 2064 784 poterimus:

499 807 633 860 adeo
663 815 719 861 ut
750 807 1098 860 enuntienms
1136 804 1313 860 solum
1351 812 1597 860 sanctum
1643 806 1870 861 rationis
1903 821 2068 874 capa-

499 915 612 954 rem
639 915 780 956 esse.
810 901 1045 954 Rursum
1073 899 1118 953 si
1149 897 1582 953 intellexerimus
1631 897 1827 952 factam
1861 899 1912 952 in
1942 898 2070 952 Ser-

498 1007 657 1046 mone
687 992 873 1056 vit’am,
899 983 1052 1059 juxta
1083 1005 1206 1045 eum
1237 992 1328 1060 qui
1375 992 1508 1047 dicit
1530 992 1574 1024 “
1607 1007 1622 1045 :
1657 1008 1677 1041 ι
1706 989 1816 1060 Ego
1843 1004 1965 1044 sum
1990 989 2070 1042 vi-

499 1092 573 1149 ta,
601 1101 619 1134 ι
652 1082 847 1136 dicturi
876 1095 1063 1136 sumus
1099 1081 1369 1136 nemiuem
1396 1089 1551 1136 extra
1575 1079 1776 1135 Christi
1805 1077 1962 1133 [idem
1992 1078 2069 1132 via

499 1189 645 1239 vere,
670 1174 761 1229 sed
797 1188 990 1228 omnes
1019 1180 1261 1228 mortuos
1297 1185 1443 1236 esse,
1469 1172 1558 1240 qui
1588 1169 1696 1226 Deo
1726 1184 1831 1224 non
1859 1170 2066 1232 vivant,

495 1266 714 1336 etquod
756 1266 938 1320 vivere
983 1265 1220 1334 ipsorum
1251 1265 1322 1319 sit
1349 1263 1532 1318 vivere
1566 1272 1808 1333 peccato,
1836 1269 1890 1315 et
1913 1259 2069 1315 idcir-

495 1351 663 1422 co,’ut
693 1357 764 1410 ita
792 1357 992 1418 dicam,
1025 1356 1208 1410 vivere
1238 1357 1476 1426 ipsorum
1521 1355 1590 1410 ad
1633 1363 1862 1407 mortem
1901 1353 2084 1422 perii;

495 1458 638 1502 neat.
684 1449 893 1517 Inspice
928 1463 1058 1502 vero
1105 1461 1173 1501 an
1210 1463 1315 1502 non
1355 1449 1457 1502 hnc
1503 1447 1824 1516 frequenter
1866 1458 2066 1513 propo-

495 1549 626 1592 nant
651 1539 845 1594 divina:
874 1539 1198 1607 Scriptum,
1233 1539 1431 1594 alicubi
1469 1538 1767 1593 Servatore
1803 1534 2063 1589 dicente:

498 1650 516 1683 ι
557 1633 760 1686 Annon
799 1630 1002 1699 legistis
1039 1631 1182 1699 quod
1229 1629 1560 1684 dictum'est
1616 1627 1668 1680 in
1721 1625 1854 1682 rubo
1897 1642 1911 1677 :
1954 1623 2066 1692 Ego

499 1723 640 1777 Deus
668 1721 973 1785 Abraham,
997 1731 1052 1775 et
1085 1721 1225 1776 Deus
1254 1716 1424 1786 Isaac,
1455 1729 1508 1774 et
1541 1719 1684 1773 Deus
1715 1715 1926 1772 Jacob?
1950 1715 2065 1771 Non

492 1822 576 1869 est
598 1813 740 1868 Deus
771 1821 1131 1878 mortuorum,
1162 1813 1258 1866 sed
1303 1809 1602 1864 viventium
1627 1809 1690 1873 “,
1720 1825 1739 1861 ι
1767 1817 1822 1862 et
1853 1828 1865 1864 :
1899 1826 1916 1860 ι
1940 1806 2059 1862 Νοη

2172 534 2294 588 σθαι
2323 533 2408 602 ἂν,
2435 536 2516 588 ὅτι
2548 535 2708 605 μόνος
2738 536 2766 587 ὁ
2801 533 2953 602 ἅγιος
2984 533 3218 602 λογικός.
3245 532 3415 587 Πάλιν
3458 533 3554 586 ἐὰν
3582 535 3756 588 συνῶ-

2173 643 2271 696 μεν
2308 627 2406 699 τὴν
2438 625 2736 697 γενομένην
2761 628 2819 680 έν
2854 627 2932 697 τῷ
2964 623 3121 696 Λόγῳ
3149 625 3316 697 ζωὴν,
3358 625 3450 679 τὸν
3497 626 3722 680 εἰπόντα
3745 643 3761 658 ·

2177 735 2195 767 ι
2241 717 2381 786 Ἐγώ
2419 719 2536 788 είμι
2569 718 2602 788 ή
2638 716 2772 789 ζωὴ,
2815 729 2834 768 ι
2878 716 3110 788 ἐροῦμεν
3142 717 3345 787 μηδένα
3375 717 3481 770 τῶν
3519 717 3624 784 ἔξω
3653 718 3765 788 τῆς

2170 809 2403 873 πίστεως
2436 807 2672 880 Χριστοῦ
2703 810 2824 879 ζῇν,
2853 808 3060 872 πάντας
3091 805 3231 862 εἶναι
3263 811 3491 880 νεκροὺς
3517 811 3642 874 τοὺς
3677 811 3764 882 μὴ

2170 899 2378 963 ζῶντας
2407 898 2546 970 Θεῷ,
2571 900 2630 952 τό
2660 917 2718 952 τε
2764 900 2863 970 ζῇν
2900 899 3078 954 αὐτῶν
3115 900 3213 970 ζῇν
3259 897 3398 954 εἶναι
3440 902 3540 972 τῆς
3575 904 3764 975 ἁμαρ-

2167 990 2289 1053 τίας
2318 990 2452 1062 (55),
2485 991 2580 1044 καὶ
2616 989 2704 1044 διὰ
2735 989 2914 1054 τοῦτο,
2952 991 3022 1043 ἵν’
3053 989 3226 1055 οὕτως
3271 992 3426 1056 είπω,
3455 993 3555 1063 ζῇν
3585 993 3758 1048 θανά-

2168 1097 2259 1134 του
2292 1081 2597 1150 τυγχάνειν.
2635 1081 2958 1152 Ἐπίστησον
2989 1083 3045 1135 δὲ
3089 1084 3138 1136 εί
3183 1081 3257 1154 μὴ
3291 1083 3451 1137 τοῦτο
3482 1083 3760 1154 πολλαχοῦ

2169 1173 2497 1242 παριστᾶσιν
2523 1174 2579 1226 αἱ
2603 1172 2742 1226 θεῖαι
2771 1173 2985 1244 Γραφαὶ
3011 1175 3072 1227 τὸ
3091 1175 3225 1228 ὅπου
3253 1175 3352 1244 μὲν
3380 1173 3472 1228 τοῦ
3501 1177 3760 1248 Σωτῆρος

2169 1261 2499 1329 φάσκοντοςο
2529 1281 2548 1314 ι
2569 1264 2640 1316 Ἦ
2662 1264 2760 1316 οὐκ
2792 1264 3062 1333 ἀνέγνωτε
3103 1264 3163 1318 τὸ
3201 1263 3363 1336 ῥηθὲν
3395 1265 3486 1318 ἐπὶ
3525 1266 3626 1336 τῆς
3652 1266 3758 1334 βά-

2167 1367 2292 1403 του·
2330 1351 2470 1422 Ἐγὼ
2501 1352 2633 1417 Θεὸς
2667 1354 2937 1426 Ἀϐραὰμ,
2968 1358 3062 1409 καὶ
3101 1357 3232 1420 Θεὸς
3264 1356 3474 1420 Ἰσαὰκ,
3504 1359 3602 1430 καὶ
3622 1358 3761 1421 Θεὸς

2184 1439 2409 1508 Ἰακώ6;
2441 1443 2555 1496 Οὐκ
2582 1443 2696 1496 ἔστι
2724 1444 2858 1509 Θεὸς
2886 1445 3115 1518 νεκρῶν,
3147 1447 3282 1501 ἁλλὰ
3305 1444 3540 1511 ζώντων,
3569 1467 3587 1499 ι
3621 1450 3716 1502 καί
3739 1465 3754 1480 ·

2175 1551 2194 1584 ι
2229 1534 2307 1586 Οὐ
2353 1533 2770 1607 δικαιωθήσεται
2817 1537 3152 1592 κατενώπιόν
3199 1555 3294 1591 σου
3333 1540 3442 1602 πᾶς
3470 1538 3598 1603 ζῶν.
3635 1559 3654 1590 ι
3686 1541 3757 1593 Τί

2166 1623 2224 1675 δὲ
2267 1624 2396 1695 περὶ
2443 1625 2610 1679 αὑτοῦ
2652 1626 2831 1696 λέγειν
2865 1627 2944 1682 δεῖ
2976 1628 3070 1682 τοῦ
3105 1627 3238 1682 Θεοῦ
3275 1629 3308 1699 ἢ
3343 1628 3437 1682 τοῦ
3470 1629 3752 1702 Σωτῆρος;

2181 1714 2603 1786 Ἀμφιὸἀλλεται
2631 1717 2741 1790 γὰρ
2766 1719 3028 1789 ὁποτέρου
3050 1717 3189 1772 εἶναι
3209 1721 3244 1791 ή
3268 1719 3500 1788 λέγουσα
3540 1723 3597 1773 έν
3639 1725 3758 1784 τοῖς

2165 1810 2474 1879 προφήταις
2505 1811 2687 1881 φωνή·
2729 1829 2749 1862 ι
2784 1811 2873 1866 Ζῶ
2904 1810 3036 1879 ἐγὼ,
3073 1811 3221 1880 λέγει
3253 1811 3475 1884 Κύριος.
3518 1833 3536 1864 ι

491 1906 879 1976 iustiﬁcabitur
909 1905 961 1960 in
993 1913 1286 1975 conspectu
1318 1912 1411 1958 tuo
1434 1903 1615 1958 omnis
1637 1901 1828 1956 vivens
1853 1900 1922 1954 ⁸³.
1958 1919 1977 1954 ι
2008 1899 2276 1958 Caeterum
2301 1901 2432 1971 quid
2455 1901 2640 1958 dicere
2677 1917 2812 1974 opus
2840 1913 2926 1960 est
2949 1905 3014 1958 de
3039 1903 3154 1972 ipso
3175 1903 3288 1958 Deo
3314 1903 3398 1958 vel
3428 1903 3761 1961 Servatore!

492 1999 800 2068 Ambigitur
829 1997 974 2052 enim
1009 1997 1183 2052 utrius
1215 1997 1286 2050 sit
1317 2009 1416 2049 vox
1459 1994 1546 2048 illa
1575 2007 1697 2063 qua
1721 1991 1861 2062 apud
1888 1993 2181 2063 prophetas
2203 1991 2342 2048 .dicit
2373 2011 2386 2045 :
2418 2010 2438 2044 ι
2471 1989 2610 2048 Vivo
2637 2009 2759 2065 ego,
2786 1995 2917 2050 dicit
2943 1995 3203 2050 Dominus
3227 1993 3292 2048 ³⁸.
3329 2014 3348 2047 ι

504 2117 510 2122 υ
561 2061 682 2161 76
707 2091 794 2144 il.
833 2091 911 2146 Ac
969 2090 1237 2160 principio
1290 2088 1510 2159 quidem
1555 2061 1843 2143 videamus
1890 2061 2061 2142 illud:

2198 2133 2207 2138 .
2247 2087 2334 2141 H.
2367 2088 2478 2140 Καὶ
2502 2061 2717 2160 πρῶτόν
2747 2106 2809 2157 γε
2836 2089 3033 2160 ἴδωμεν
3055 2090 3137 2142 τό·
3171 2106 3192 2141 ι
3230 2089 3343 2143 Οὐκ
3371 2089 3486 2144 ἔστι
3514 2089 3644 2155 Θεὸς
3669 2061 3788 2146 νε-Δ

494 2203 513 2234 ι
543 2182 657 2237 Non
683 2191 765 2238 est
787 2181 928 2237 Deus
957 2189 1314 2246 mortuorum,
1340 2181 1434 2236 sed
1456 2180 1753 2236 viventium
1771 2179 1839 2246 ³⁸,
1867 2195 1885 2230 ι
1918 2179 2063 2247 quod

490 2277 715 2345 perinde
765 2264 912 2331 valet
959 2284 1122 2346 atque
1173 2274 1304 2331 illud
1336 2293 1348 2329 :
1377 2275 1493 2331 Non
1564 2283 1650 2333 est
1713 2281 2062 2346 peccatorum

493 2355 654 2434 Deus,
687 2368 781 2424 sed
809 2375 1122 2422 sanctorum
1169 2367 1330 2422 Deus.
1365 2361 1614 2437 Magnum
1655 2366 1800 2421 enim
1826 2364 2064 2434 patriar-

488 2463 714 2515 charum
763 2474 985 2524 munus,
1018 2460 1184 2515 Demu
1225 2459 1343 2513 vice
1391 2459 1474 2514 sui
1535 2456 1775 2512 nominis
1840 2454 2061 2510 illorum

491 2551 954 2606 nomenclatorem
1007 2549 1337 2620 applicuisse
1375 2564 1487 2604 sua:
1525 2547 1763 2618 propria:
1811 2545 2054 2616 appella-

491 2641 623 2695 tioni
658 2639 789 2706 Dei;
825 2639 1286 2709 quemadmodum
1322 2639 1487 2694 etiam
1533 2637 1732 2694 Paulus
1761 2637 1943 2707 inquit
1963 2636 2008 2667 ³⁸
2043 2651 2058 2689 :

495 2750 513 2784 ι
545 2727 954 2801 Ρτοριθι-ἠιιοά
999 2744 1110 2794 non
1170 2727 1442 2784 erubescit
1487 2727 1630 2784 Deus
1681 2727 1862 2783 vocari
1919 2728 2062 2783 Deus

491 2823 746 2890 ipsorum.
773 2839 792 2872 ι
825 2819 1010 2890 Itaque
1041 2819 1181 2875 Deus
1206 2827 1290 2874 est
1330 2830 1545 2888 patrum
1583 2827 1638 2874 et
1667 2818 1910 2874 omnium
1934 2832 2064 2874 san-

487 2923 732 2978 etorum;
771 2927 872 2966 nec
918 2911 1047 2965 alibi
1093 2910 1354 2980 scriptum
1422 2910 1687 2980 reperias,
1725 2909 1894 2965 Deum
1941 2923 2063 2966 esse

490 3003 720 3074 alicujus
764 3004 1056 3074 impiorum
1092 3002 1284 3058 Deum.
1321 3001 1377 3056 Si
1407 3016 1542 3072 ergo
1571 3001 1716 3057 Deus
1743 3011 2058 3058 sanctorum

487 3107 588 3161 cst,
625 3106 682 3152 et
713 3097 853 3152 Deus
880 3095 1179 3150 viventium
1213 3107 1336 3150 esse
1361 3093 1582 3160 dicitur,
1609 3093 1795 3148 sancti
1816 3101 1946 3148 sunt
1977 3091 2060 3148 vi-

488 3199 676 3245 ventes
707 3198 764 3244 et
808 3189 1054 3244 viventes
1097 3186 1296 3253 sancti,
1323 3185 1519 3256 quippe
1538 3200 1666 3241 cum
1695 3194 1920 3242 sanctus
1948 3199 2060 3241 non

487 3283 558 3336 sit
593 3290 750 3337 extra
800 3281 1062 3346 viventes,
1111 3294 1217 3336 nec
1262 3280 1463 3350 aliquis
1505 3278 1615 3349 jam
1639 3278 1713 3333 sit
1744 3277 1933 3333 vivens
1967 3278 2061 3348 qui

487 3389 612 3428 cum
644 3373 761 3444 ipsa
787 3372 898 3428 vita
935 3387 1042 3428 non
1079 3374 1245 3428 etiam
1275 3374 1380 3430 hoc
1406 3374 1604 3430 habeat
1629 3382 1688 3428 ut
1717 3373 1789 3430 sit
1815 3383 2057 3431 sanctus.

2170 2177 2337 2250 κρῶν,
2367 2179 2502 2232 άλλὰ
2534 2179 2770 2247 ζώντων,
2807 2200 2825 2232 ι
2858 2180 2970 2235 ῐσον
2995 2181 3290 2254 δυνάμενον
3323 2180 3432 2253 τῷ·
3465 2183 3578 2236 Οὐκ
3606 2183 3758 2236 ἐστιν

2169 2271 2528 2342 ἁμαρτωλῶν,
2583 2272 2718 2328 ἁλλὰ
2759 2273 2927 2341 ἁγίων
2971 2273 3121 2337 Θεός.
3164 2273 3390 2345 Μεγάλη
3428 2275 3534 2345 γὰρ
3579 2275 3758 2346 δωρεὰ

2169 2365 2280 2426 τοῖς
2308 2364 2695 2436 πατριάρχαις,
2723 2363 2782 2417 τὸ
2813 2363 2905 2416 τὸν
2948 2363 3082 2418 Θεὸν
3119 2365 3239 2418 ἀντὶ
3283 2365 3544 2436 ὀνόματος
3588 2383 3757 2436 προσ-

2169 2451 2303 2522 άψαι
2328 2453 2427 2524 τὴν
2447 2453 2670 2507 ἐκείνων
2697 2454 2990 2526 ὀνομασίαν
3012 2457 3079 2527 τῇ
3101 2454 3233 2520 Θεὸς
3264 2455 3368 2526 ίδίᾳ
3392 2455 3557 2510 αὑτοῦ
3585 2474 3758 2528 προσ‹

2171 2544 2368 2616 ηγορίᾳ
2386 2562 2400 2576 ·
2437 2544 2580 2600 καθὰ
2607 2547 2701 2600 καὶ
2733 2547 2761 2600 δ
2780 2545 2991 2610 Παῦλός
3020 2562 3153 2618 φησι
3174 2563 3188 2577 ’
3216 2564 3234 2598 ι
3261 2547 3352 2600 Διὸ
3379 2547 3480 2602 οὐκ
3501 2550 3758 2620 ἐπαισχύ-

2170 2651 2320 2689 νεται
2339 2637 2369 2690 ὁ
2382 2635 2514 2699 Θεὸς
2539 2635 2670 2700 Θεὸς
2698 2635 2978 2690 καλεῖσθαι
3006 2636 3206 2690 αὐτῶν.
3222 2656 3239 2688 ι
3258 2637 3467 2692 Οὐκοῦν
3489 2637 3618 2703 Θεός
3639 2639 3760 2691 ἐστι

2169 2726 2278 2781 τῶν
2299 2727 2551 2799 πατέρων
2581 2727 2677 2780 καὶ
2714 2727 2931 2781 πάντων
2965 2725 3072 2780 τῶν
3092 2727 3259 2796 ἁγίων
3276 2744 3289 2758 ο
3323 2728 3418 2782 καὶ
3441 2728 3541 2782 οὐκ
3563 2729 3628 2782 ἄν
3651 2746 3762 2781 που

2169 2818 2654 2891 ἀναγεγραμμένον
2680 2819 2984 2890 εὑρίσκοιτο
3000 2818 3092 2873 τὸν
3113 2818 3246 2872 Θεὸν
3261 2814 3398 2873 εἶναι
3417 2819 3509 2876 τὸν
3530 2819 3664 2873 Θεόν
3684 2837 3764 2874 τι·

2169 2926 2260 2975 νος
2281 2910 2391 2963 τῶν
2415 2909 2648 2965 ἀσεϐῶν.
2671 2909 2735 2962 Ei
2758 2909 2937 2963 τοίνυν
2955 2910 2984 2963 ὁ
3008 2909 3142 2972 Θεὸς
3162 2910 3332 2978 ἁγίων
3358 2911 3475 2964 ἐστὶ
3505 2911 3597 2964 καὶ
3625 2909 3758 2974 Θεὸς

2170 3000 2386 3067 ζώντων
2434 2997 2572 3055 εἶναι
2614 3001 2850 3071 λέγεται,
2895 3001 2945 3054 οί
2989 3000 3134 3069 ἁγιοι
3168 2999 3367 3065 ζῶντές
3410 3003 3535 3066 εἰσι,
3568 3001 3661 3055 καὶ
3705 3004 3762 3054 οἱ

2170 3093 2372 3159 ζῶντες
2399 3095 2564 3164 ἁγιοι,
2591 3093 2713 3148 οὔτε
2743 3094 2900 3163 ἁγίου
2927 3093 3077 3156 ὄντος
3102 3093 3207 3158 ἔξω
3226 3093 3336 3148 τῶν
3368 3093 3605 3159 ζώντων,
3631 3093 3755 3147 οὔτε

2171 3187 2371 3252 ζῶντος
2391 3184 2818 3258 χρηματίζοντος
2852 3186 3031 3257 μόνον,
3054 3186 3148 3240 καὶ
3173 3186 3292 3256 οὐχὶ
3320 3187 3437 3257 μετ’
3466 3186 3629 3240 αὑτοῦ
3660 3186 3756 3238 τοῦ

2170 3277 2269 3350 ζῇν
2319 3278 2430 3351 (56)
2461 3278 2676 3350 ἔχοντος
2720 3278 2814 3332 καὶ
2843 3278 2906 3332 τὸ
2949 3278 3103 3347 ἁγιον
3135 3278 3296 3332 αὑτὸν
3342 3279 3645 3349 τυγχάνειν.
3681 3278 3759 3331 Τὸ

2169 3372 2550 3444 παραπλήσιον
2586 3371 2644 3425 δέ
2673 3371 2912 3446 ἐστικαὶ
2941 3370 3036 3424 ἐπὶ
3063 3369 3185 3424 τοῦ·
3226 3389 3245 3422 ι
3287 3371 3650 3442 Εὐαρεστήσω
3676 3368 3762 3436 τῷ

486 3463 630 3518 fdem
675 3463 788 3519 fere
817 3463 887 3518 de
921 3477 988 3518 eo
1019 3462 1368 3519 sentiendum
1399 3471 1485 3519 est
1513 3464 1657 3533 quod
1689 3451 1767 3518 ait
1786 3463 1834 3536 "_
1869 3481 1882 3517 :
1914 3481 1932 3516 ι
1963 3463 2061 3520 iii-

2168 3463 2357 3536 Κυρίῳ
2388 3464 2446 3517 ἐν
2479 3462 2632 3535 χώρᾳ
2659 3461 2894 3528 ζώντων,
2939 3481 2957 3513 ι
2995 3461 3149 3516 ἰδεῖν·
3180 3461 3256 3525 ώς
3287 3463 3335 3514 εί
3369 3461 3551 3530 ἔλεγεν
3583 3463 3640 3514 ἐν
3663 3462 3754 3514 τάς

486 3555 678 3609 lariter
724 3553 956 3611 aﬂ‘ectus
995 3569 1091 3610 ero
1131 3569 1260 3626 erga
1305 3553 1590 3610 Dominum
1627 3555 1681 3609 in
1721 3557 1941 3626 regione
1982 3557 2072 3614 vi-,

489 3645 769 3711 ventium;
807 3664 826 3698 ι
863 3645 1090 3715 perinde
1137 3660 1202 3701 ac
1251 3646 1300 3701 si
1335 3645 1558 3701 dixisset
1592 3645 1646 3700 in
1689 3647 1886 3702 ordine
1935 3663 2062 3703 san-

487 3747 720 3803 ctorum,
750 3737 835 3806 vel
863 3738 918 3792 in
943 3735 1065 3793 loco
1090 3745 1432 3804 sanctorum,
1461 3751 1656 3809 nempe
1681 3738 1851 3793 animi
1877 3739 2064 3795 hilari-

488 3836 597 3881 tate
626 3827 863 3896 proprie,
897 3827 981 3882 vel
1017 3829 1070 3883 in
1109 3829 1321 3896 ordine,
1357 3828 1441 3885 vel
1492 3830 1547 3885 in
1601 3829 1720 3886 loco
1749 3839 2062 3886 sanctorum

485 3914 806 3979 exsistente,
832 3925 888 3971 et
930 3919 1155 3986 perinde
1207 3919 1361 3986 quasi
1411 3918 1592 3974 nullus
1643 3934 1764 3975 eam
1805 3919 1963 3988 plene
1992 3920 2064 3974 sit

487 4018 862 4075 possessurus,
893 4005 984 4074 qui
1019 4007 1100 4062 vel
1131 4009 1198 4062 ad
1228 4009 1472 4063 ordinem
1499 4019 1840 4078 sanctorum,
1880 4009 1964 4066 vel
1994 4011 2062 4066 ad

486 4093 666 4150 locum
695 4106 1004 4151 sanctorum
1037 4113 1142 4152 non
1191 4083 1525 4168 pervenerit,
1555 4102 1622 4154 ad
1652 4115 1814 4170 quem
1842 4103 2064 4158 accedat

486 4195 699 4254 oportet
735 4187 980 4256 quisquis
1021 4187 1124 4243 hac
1165 4187 1220 4242 iu
1267 4190 1378 4243 vita
1449 4190 1757 4258 perceperit
1813 4191 2060 4245 umbram

487 4277 650 4331 veluti
692 4287 748 4333 et
787 4279 1080 4348 imaginem
1121 4294 1264 4336 vera:
1304 4280 1623 4336 hilaritatis.
1653 4278 1792 4348 Quin
1821 4279 2059 4337 illud”:

493 4390 510 4422 ι
539 4368 655 4425 Νοη
693 4369 1084 4442 justiilcabitur
1105 4387 1290 4428 coram
1329 4373 1440 4429 Deo
1476 4373 1656 4430 omnis
1679 4373 1890 4438 vivens,
1919 4391 1938 4424 ι
1973 4373 2064 4428 de-

487 4463 657 4518 clarat
691 4464 988 4530 neminem,
1012 4465 1410 4535 quantumlibet
1447 4467 1686 4534 beatum,
1718 4465 1764 4522 si
1795 4481 1917 4522 cum
1953 4466 2060 4522 Deo

487 4571 548 4612 ac
588 4556 800 4624 justitia
852 4557 1022 4626 ipsius
1067 4557 1402 4624 conteratur,
1437 4556 1750 4626 iustiﬁcari,
1804 4559 1967 4615 veluti
2013 4561 2057 4615 si

2167 3553 2248 3620 εει
2268 3554 2460 3622 ἁγίων,
2479 3555 2511 3626 ἢ
2530 3556 2588 3608 έν
2609 3553 2688 3624 τῷ
2705 3554 2856 3625 τόπῳ
2882 3553 2989 3608 τῶν
3014 3554 3185 3623 ἁγίων
3205 3554 3300 3624 τῆς
3332 3554 3533 3624 κυρίως
3563 3553 3754 3625 εὐαρε-

2167 3644 2438 3716 στήσεως,
2468 3645 2587 3716 ήτοι
2619 3647 2678 3699 έν
2707 3647 2772 3717 τῇ
2801 3644 2952 3710 τάξει
2980 3645 3090 3698 τῶν
3124 3645 3318 3714 ἁγίων,
3347 3644 3380 3716 ἢ
3420 3645 3477 3696 ὲν
3500 3643 3578 3714 τῷ
3602 3644 3754 3714 τόπῳ

2163 3733 2272 3788 τῶν
2307 3736 2478 3804 ἁγίων
2513 3736 2919 3807 τυγχανούσης·
2943 3735 3164 3810 ,οὐδέπω
3195 3735 3380 3807 ἄκρως
3402 3732 3755 3806 εὐαρεστοῦνο

2164 3842 2254 3890 τος
2278 3825 2372 3880 τοῦ
2406 3826 2480 3897 μὴ
2508 3827 2591 3890 είς
2620 3825 2721 3898 τὴν
2749 3825 2901 3892 τάξιν
2942 3825 3052 3879 τῶν
3081 3826 3254 3894 ἁγίων
3293 3825 3688 3896 κεχωρηκότος,
3717 3825 3752 3895 ἢ

2161 3918 2257 3972 τοῦ
2293 3918 2368 3991 μὴ
2392 3920 2474 3983 εἰς
2495 3918 2586 3972 τὸν
2620 3919 2784 3972 τόπον
2811 3917 2918 3972 τῶν
2951 3917 3121 3987 ἁγίων
3143 3917 3542 3989 γεγενημένουο
3578 3918 3657 3980 είς
3691 3916 3754 3970 ὃν

2164 4011 2410 4083 χωρῆσαι
2437 4010 2618 4082 δεήσει
2662 4012 2837 4065 πάντα
2874 4009 2962 4062 τὸν
3014 4010 3178 4063 οίονεὶ
3225 4009 3383 4064 σκιὰν
3432 4010 3526 4063 καὶ
3567 4007 3754 4062 είκόνα

2163 4100 2264 4171 τῆς
2311 4101 2722 4172 εὐαρεστήσεως
2768 4100 2866 4170 τῆς
2909 4098 3170 4171 ἀληθινῆς
3220 4100 3278 4152 έν
3327 4099 3406 4171 τῷ
3440 4099 3540 4171 βίῳ
3576 4099 3752 4171 τούτῳ

2165 4190 2652 4262 προσανειληφότα.
2700 4189 2812 4242 Καὶ
2861 4189 2953 4243 τό’
2989 4209 3006 4242 ι
3053 4191 3128 4243 Οὐ
3181 4189 3636 4261 δικαιωθήσεσθαι
3690 4191 3750 4244 δὲ

2163 4281 2285 4335 κατ’
2331 4279 2559 4334 ἐνώπιον
2613 4279 2708 4334 τοῦ
2757 4280 2892 4335 Θεοῦ
2941 4281 3122 4336 πάντα
3170 4281 3366 4346 ζῶντα,
3409 4300 3429 4334 ι
3462 4281 3630 4352 δηλοῖ,
3667 4282 3751 4335 ὅτι

2162 4372 2240 4436 ὡς
2261 4371 2372 4442 (57)
2399 4372 2535 4444 πρὸς
2559 4372 2690 4426 Θεὸν
2717 4373 2812 4426 καὶ
2839 4372 2937 4444 τὴν
2962 4374 3020 4426 ὲν
3041 4372 3192 4444 αὑτῷ
3209 4372 3553 4445 δικαιοσύνην
3573 4373 3750 4436 οὐδεὶς

2161 4464 2577 4538 δικαιωθήσεται
2609 4466 2716 4520 τῶν
2741 4467 2880 4521 πάνυ
2918 4467 3224 4538 μακαρίων,
3254 4466 3331 4530 ώς
3351 4468 3400 4518 εί
3435 4467 3532 4520 καὶ
3565 4465 3749 4534 ἐλέγο-

2165 4573 2267 4626 μεν
2297 4557 2390 4610 ἐπὶ
2421 4557 2607 4629 ἐτέρου
2641 4556 3086 4628 παραδείγματος
3126 4557 3366 4612 τοιοῦτον
3387 4574 3400 4588 ο
3433 4559 3509 4610 Οὐ
3559 4561 3752 4627 φωτιεῖ

487 4647 592 4702 tale
614 4649 872 4718 quiddam
900 4649 1072 4705 altero
1095 4649 1347 4720 exemplo
1375 4651 1679 4706 diceremus
1701 4648 1852 4706 :Non
1878 4650 2060 4721 splen-

2168 4650 2271 4712 πᾶς
2289 4648 2479 4722 λύχνος
2510 4649 2738 4707 ἐνώπιον
2780 4652 2932 4724 ἡλίου
2951 4669 2965 4682 ·
3017 4653 3212 4721 φωτιεῖ
3247 4649 3345 4721 μὲν
3367 4649 3476 4721 γὰρ
3503 4651 3610 4714 πᾶς
3651 4649 3748 4704 λύ-

485 4739 636 4793 debit
683 4740 902 4796 lucerna
947 4741 1056 4797 ulla
1096 4755 1283 4798 coram
1319 4743 1464 4810 sole;
1495 4742 1803 4814 splendebit
1835 4743 2056 4814 quidem

488 4830 902 4856 ιι.....ξη1....-......
958 4837 1049 4856 -..Α
1079 4843 1187 4856 .--μ
1240 4849 1353 4856 --μμ
1393 4836 1666 4856 --Δε-----.
1708 4835 1835 4856 --I!_
1878 4836 2023 4856 __I_._

2168 4759 2310 4814 χνος,
2338 4743 2450 4797 ἁλλ’
2480 4745 2607 4798 ὅταν
2640 4743 2716 4816 μὴ
2743 4742 3151 4816 καταυγὰζηται
3179 4743 3285 4796 ὑπὸ
3313 4743 3486 4814 ἡλίου.
3517 4746 3750 4796 Δικαιωο

485 4831 662 4884 omnis
689 4830 929 4899 lucerna,
957 4837 1052 4889 sed
1079 4843 1190 4888 tum
1235 4849 1356 4890 cum
1393 4836 1671 4890 radiorum
1705 4835 1838 4892 solis
1874 4836 2059 4906 splen-

2168 4835 2385 4907 θήσεται
2409 4836 2466 4891 δὲ
2499 4837 2593 4890 καὶ
2625 4839 2733 4900 πᾶς
2773 4836 2901 4902 ζῶν,
2923 4837 3038 4891 ἀλλ’
3065 4837 3166 4890 οὐκ
3192 4835 3422 4891 ἐνώπιον
3455 4837 3549 4891 τοῦ
3574 4836 3708 4890 Θεοῦ
3729 4853 3742 4865 ·

453 4913 457 4916 ’
485 4915 618 4969 dore
648 4932 753 4971 non
781 4917 1109 4975 illustratur.
1139 4919 1540 4978 Justiticahitur
1567 4923 1731 4979 etiam
1764 4925 1944 4980 omnis
1979 4925 2062 4979 vi-

2168 4927 2247 4980 ΰτε
2271 4929 2384 4990 τοῖς
2412 4927 2563 4981 κάτω
2600 4927 2968 4999 συγκρίνεται,
3001 4928 3096 4980 καὶ
3129 4927 3239 4980 ὑπὸ
3273 4927 3368 4982 τοῦ
3403 4927 3628 4990 σκότους
3655 4943 3748 4980 κε·-

486 5019 634 5070 vens,
668 5014 724 5059 at
755 5021 883 5062 vero
931 5024 1038 5064 non
1071 5025 1256 5064 coram
1293 5010 1402 5066 Deo
1428 5011 1847 5080 justiiicabitur,
1883 5029 2058 5084 quan-

2168 5016 2541 5088 κρατημένοις,
2594 5019 2724 5090 παρ’
2749 5014 2829 5082 οἷς
2871 5017 3075 5088 λάμψει
3123 5017 3303 5072 αὐτῶν
3343 5018 3406 5071 τὸ
3457 5017 3594 5086 φῶς.
3637 5017 3747 5071 Καὶ

483 5098 550 5148 do
581 5111 702 5151 cum
733 5098 837 5153 illis
860 5110 1209 5169 comparatur
1241 5103 1335 5171 qui
1380 5102 1595 5158 inferne
1617 5105 1886 5169 habitant,
1928 5106 2052 5175 qui-

2168 5106 2259 5177 ὅρα
2288 5108 2336 5160 εί
2367 5107 2506 5160 κατὰ
2532 5107 2690 5162 τοῦτο
2721 5109 2815 5161 καὶ
2855 5108 2917 5161 τὸ
2962 5109 3020 5160 ὲν
3047 5106 3126 5177 τῷ
3148 5107 3465 5177 Εὐαγγελίῳ
3493 5106 3741 5178 νοητέον·

483 5202 586 5255 que
615 5189 854 5244 tenebris
885 5190 1222 5256 detinentur,
1252 5192 1392 5262 apud
1419 5208 1557 5263 quos
1603 5193 2052 5252 lucebit'illorum

2168 5216 2184 5248 ι
2211 5195 2494 5268 Λαμψὰτω
2513 5199 2574 5251 τὸ
2602 5198 2719 5268 φῶς
2739 5199 2892 5270 ὑμῶν
2914 5199 3223 5272 ἔμπροσθεν
3246 5199 3355 5252 τῶν
3379 5197 3703 5271 ἀνθρώπων·
3719 5216 3736 5246 ν

484 5276 594 5331 lux.
639 5275 704 5332 Et
753 5281 877 5336 vide
939 5297 1065 5336 num
1121 5281 1221 5337 hac
1276 5285 1484 5339 ratione
1531 5283 1938 5354 intelligendum
1985 5287 2058 5341 sit

2168 5289 2224 5342 οὐ
2247 5289 2354 5361 γάρ
2371 5306 2385 5320 ο
2415 5289 2695 5360 Λαμψὰτω
2713 5289 2772 5343 τὸ
2801 5290 2915 5360 φῶς
2943 5292 3095 5362 ὑμῶν
3116 5288 3423 5362 ἔμπροσθεν
3446 5289 3540 5342 τοῦ
3571 5287 3705 5341 Θεοῦ
3725 5303 3739 5320 ·

554 5410 600 5487 ³¹-
622 5411 780 5487 ξοίιη.
811 5432 888 5487 xi,
911 5416 1002 5472 ‘25.
1081 5417 1123 5449 ³¹
1154 5416 1318 5472 Marc.
1349 5432 1445 5482 xu,
1467 5417 1558 5483 26,
1586 5417 1678 5472 27.
1755 5419 1800 5451 ⁸⁸
1837 5419 1979 5476 Psal.
2011 5433 2063 5474 ω

2168 5461 2181 5487 ,
2215 5421 2272 5476 2.
2360 5420 2405 5454 ³⁸
2435 5420 2594 5476 Num.
2621 5438 2732 5487 xw,
2754 5422 2845 5477 9.8.
2921 5423 2966 5457 ³³
2995 5423 3160 5478 Marc.
3198 5436 3293 5487 χιι,
3322 5421 3416 5477 ‘27.
3497 5421 3545 5453 “
3571 5420 3736 5476 llebr.

484 5495 556 5548 χι,
584 5483 667 5538 16.
744 5484 787 5523 ³²
819 5486 961 5541 Psal.
998 5503 1142 5553 cxrv,
1169 5490 1222 5542 9.
1300 5488 1344 5520 ³⁸
1382 5487 1523 5544 Psal.
1551 5503 1712 5553 CXLII,
1747 5490 1801 5546 2.

519 5597 673 5682 ⁹(55)Δ
698 5597 1144 5682 τῆςιιίμαριτίας.
1166 5601 1362 5682 _Codex
1396 5601 1736 5673 Bodleianus,
1763 5608 1830 5677 τῇ
1873 5607 2055 5679 ἁμαρ-

479 5671 600 5740 τία,
627 5679 680 5740 et
712 5671 784 5723 ita
811 5671 937 5739 legit
966 5671 1266 5724 Ferrarius.

550 5739 660 5812 (56)
690 5740 826 5795 Mer‘
853 5741 1040 5796 αὐτοῦ
1069 5739 1174 5794 τοῦ
1214 5740 1334 5809 ζῇν.
1381 5745 1472 5801 Sic
1500 5747 1665 5802 codex
1695 5746 2053 5812 Bodleianus;

2168 5599 2368 5672 Regius
2393 5610 2448 5672 et
2481 5598 2824 5672 Barlterintts,
2859 5601 2995 5672 μετὰ
3032 5599 3127 5653 τοῦ
3151 5599 3271 5671 ζῇν.

2238 5667 2350 5740 (57)
2393 5670 2506 5735 Ὦς.
2561 5667 2660 5740 Sic
2689 5667 3240 5737 cudcx'Budleianus;
3297 5669 3496 5740 Regius
3525 5681 3582 5727 ct
3609 5672 3722 5731 Βίην

2169 5739 2410 5808 lacrimis,
2437 5739 2590 5804 ὡσεί,
2617 5750 2718 5795 etc.

4065 1859 4072 1920 ἶ
