4082 6224
323 285 444 339 1ῒὸ

1457 285 1813 343 COMMENT.
1851 285 1918 342 ΙΝ
1958 285 2152 343 ιοΑΝ.
2194 285 2433 343 TOMUS
2472 286 2533 341 ll.

3501 295 3598 349 “6

325 399 490 455 τοῦτο
519 400 627 473 γὰρ
658 401 707 454 εἰ
723 399 1058 466 ἐνετέλλετο,
1096 398 1359 454 ἀδύνατον
1387 399 1455 454 ἂν
1487 399 1657 454 ἐδίδου
1682 399 1920 471 ἐντολὴν,

2029 401 2196 457 etiam
2231 401 2365 456 illud
2411 401 2553 472 quod
2584 409 2667 456 est
2713 401 2766 455 in
2799 400 3092 474 Evangelio
3115 401 3160 439 ³’
3187 417 3203 462 :
3233 421 3252 455 ι
3283 401 3484 458 Luceat
3514 405 3601 458 lux
3685 473 3688 478 _

327 493 465 546 ὡσεὶ
497 494 590 546 καὶ
628 495 738 548 τοῖς
765 492 973 563 λύχνοις
1012 491 1279 564 ἐμψύχοις
1314 487 1474 546 οὖσιν
1501 492 1916 562 ὲντολὴνὲδίδου

337 585 392 638 τὸ
422 585 632 656 λάμψαι
659 583 721 636 τὸ
773 583 888 653 φῶς
931 583 1116 637 αὐτῶν
1145 583 1455 655 ἔμπροσθεν
1487 583 1580 637 τοῦ
1610 583 1784 655 ἡλίου.
1805 583 1917 654 Οὐχ

331 677 379 728 οἰ
411 675 662 745 τυχόντες
687 669 785 727 οὗν
809 674 957 744 μόνοι
990 674 1098 726 τῶν
1129 672 1356 738 ζώντων
1378 675 1441 728 οὐ
1466 673 1917 744 δικαιωθήσονται

331 765 667 820 κατενώπιον
714 764 807 818 τοῦ
854 764 1013 830 Θεοῦ,
1060 764 1199 819 ἀλλά
1225 765 1319 818 καὶ
1355 766 1405 820 οἰ
1441 765 1518 828 ὡς
1550 768 1608 820 ὲν
1638 764 1772 830 ζῶσι
1811 763 1918 818 τῶν

327 857 626 910 ἐλαττόνων
654 856 1002 928 διαφέροντες
1021 873 1034 887 ο
1080 857 1114 928 ἢ
1149 857 1288 928 ὅπερ
1322 857 1541 928 μᾶλλον,
1571 858 1687 927 ἀμα
1712 859 1745 928 η
1779 857 1916 911 πάν-

326 966 436 1002 των
484 949 594 1002 τῶν
641 948 858 1014 ζώντων
901 948 1245 1020 δικαιοσύνηξ
1263 949 1325 1002 οὐ
1369 947 1788 1020 δικαιωθήσεται
1842 947 1918 1012 ὡς

331 1041 468 1111 πρὸς
492 1041 592 1112 τὴν
616 1039 711 1093 τοῦ
734 1040 872 1094 Θεοῦ
897 1040 1262 1112 δικαιοσύνην,
1291 1041 1368 1104 ὡς
1399 1041 1449 1093 εἰ
1478 1039 1574 1094 καὶ¹
1603 1039 1719 1110 ἅμα
1741 1040 1921 1093 πάντα

328 1133 396 1186 τά
424 1133 520 1187 ἐπὶ
541 1133 645 1203 γῆς
671 1133 964 1206 νυκτερινὰ
1006 1133 1327 1203 συναγαγὼν
1377 1132 1536 1204 φῶτα
1579 1131 1815 1202 ἔφασκον
1845 1132 1920 1202 μὴ

325 1222 584 1276 δύνασθαι
623 1222 800 1276 ταῦτα
850 1223 1100 1291 φωτίζειν
1149 1223 1226 1286 ὡς
1275 1223 1414 1294 πρὸς
1463 1222 1564 1286 τάς
1601 1221 1791 1275 τούτου
1828 1221 1923 1276 τοῦ

329 1312 478 1383 ἡλίου
508 1313 701 1382 αὐγάς.
750 1313 886 1368 Κατ’
911 1313 1247 1368 ὲπανάϐασιν
1277 1313 1335 1366 δὲ
1375 1314 1442 1366 ὲκ
1477 1311 1589 1366 τῶν
1617 1311 1924 1382 εἰρημένων

328 1404 547 1474 νοητέον
572 1404 668 1458 καὶ
695 1404 758 1457 τό
777 1421 789 1434 ·
827 1422 847 1454 ‹
883 1403 968 1456 Ζῶ
996 1403 1128 1473 ἐγὼ,
1159 1403 1313 1473 λέγει
1333 1403 1560 1475 Κύριος.
1599 1420 1618 1454 ι
1650 1403 1804 1472 Τάχα
1827 1403 1921 1455 τοῦ

327 1496 535 1566 κυρίως
563 1496 684 1567 ζῇν,
715 1495 950 1566 μάλιστα
973 1497 1039 1550 ὲκ
1069 1496 1176 1549 τῶν
1203 1497 1514 1568 εἰρημένων
1535 1493 1778 1567 περὶτοῦ
1801 1493 1920 1564 ζῇν,

327 1589 479 1660 παρά
505 1589 650 1660 μόνῳ
677 1590 1038 1660 τυγχάνοντος
1058 1588 1137 1660 τῷ
1159 1587 1308 1659 Θεῷ.⁴
1329 1588 1440 1642 Καὶ
1458 1589 1560 1660 δρα
1585 1589 1634 1640 εἰ
1655 1586 1747 1640 διά
1764 1585 1922 1640 τοῦτο

325 1679 548 1732 δύναται
569 1681 598 1733 6
626 1679 948 1743 Ἀπόστολος
979 1679 1092 1749 (58)
1115 1678 1214 1751 τὴν
1234 1681 1313 1742 εἰς
1330 1676 1631 1749 ὑπερϐολὴν
1648 1676 1920 1748 ὑπεροχὴν

2025 503 2208 548 vestra
2241 508 2426 549 comm
2461 493 2808 558 hominibus;
2834 513 2853 546 ι
2890 510 2994 550 non
3027 495 3171 552 enim
3203 495 3374 552 dixit:
3403 496 3605 552 Luceat

2026 586 2116 639 lux
2146 595 2326 640 vestra
2375 601 2562 641 coram
2604 587 2735 653 Deo,
2765 587 2965 658 alioqui
3017 583 3358 661 praeceptum
3382 587 3607 646 daturus

2025 671 2385 744 impossibile,
2427 674 2472 729 si
2521 673 2622 729 hoc
2660 677 3031 744 praecepisset,
3062 679 3285 748 perinde
3335 694 3401 734 ac
3435 680 3478 735 si
3520 681 3605 734 lu-

2025 765 2208 819 cernis
2250 766 2509 820 animalis
2553 767 2928 835 praecepisset,
2963 768 3039 822 uti
3085 766 3176 823 lux
3235 765 3479 840 ipsorum
3514 787 3608 826 co-

2027 870 2142 910 ram
2166 857 2280 912 sole
2311 855 2541 912 luceret.
2571 853 2934 924 Quamobrem
2977 874 3082 913 non
3116 861 3276 915 modo
3304 860 3495 932 vulgus
3525 863 3605 914 vi-

2026 948 2264 1003 ventium
2332 963 2436 1002 non
2484 947 2876 1017 justiﬁcahitnr
2933 965 3116 1004 coram
3168 951 3320 1016 Deo,
3359 953 3454 1008 sed
3507 968 3604 1008 nec

2024 1037 2189 1091 etiam
2225 1036 2281 1092 Iri
2315 1037 2408 1108 qui
2450 1052 2550 1094 ceu
2596 1037 2740 1093 inter
2790 1024 3031 1094 viventes
3079 1038 3428 1098 inferioribus
3459 1040 3608 1112 prmo

2027 1136 2212 1194 stant;
2256 1127 2511 1198 quodque
2559 1127 2732 1198 magis
2777 1129 2942 1183 etiam
2986 1139 3092 1194 est,
3127 1131 3368 1185 omnium
3416 1129 3606 1187 viven-

2031 1217 2165 1271 tium
2201 1217 2255 1271 in
2307 1234 2477 1272 unum
2509 1218 2743 1274 collecta
2769 1217 3004 1286 justitia,
3040 1222 3607 1290 comparationc'liei,

2032 1322 2140 1362 non
2174 1306 2588 1376 justiﬁeabitur,
2617 1307 2843 1377 perinde
2871 1323 2936 1362 ac
2963 1306 3008 1364 si
3041 1298 3345 1366 luminibus
3364 1328 3487 1382 qum
3513 1315 3605 1368 ‘su-

2030 1412 2130 1467 per
2169 1401 2370 1453 terram
2400 1408 2527 1453 sunt
2569 1399 2854 1454 nocturnis
2889 1397 2940 1450 in
2986 1415 3154 1453 unum
3183 1401 3610 1458 collectis'dice-

2032 1505 2144 1544 rem
2175 1505 2296 1560 ego,
2334 1491 2450 1546 ﬁeri
2501 1506 2607 1545 non
2642 1506 2823 1561 posse,
2861 1493 2937 1546 uti
2981 1492 3331 1562 splendorem
3361 1494 3610 1563 aﬂ'eraut,

2029 1583 2132 1652 71
2170 1583 2520 1652 splendorum
2553 1584 2714 1654 hujus
2747 1584 2878 1638 solis
2914 1585 3350 1654 comparatione.
3387 1586 3493 1642 Per
3520 1603 3610 1644 re-

2029 1673 2347 1743 petitionem
2392 1689 2527 1729 vero
2572 1689 2762 1730 eorum
2809 1691 2932 1744 qua:
2956 1677 3222 1741 diximus,
3254 1667 3608 1734 considerau-

325 1772 523 1842 νοήσας
557 1771 661 1841 τῆς
699 1771 846 1841 ζωῆς
879 1769 976 1824 τοῦ
1013 1770 1172 1835 Θεοῦ,
1223 1769 1316 1822 καὶ
1341 1769 1506 1832 ἀξίως
1550 1768 1686 1823 Θεοῦ
1728 1767 1920 1831 συνιεὶς

2027 1764 2155 1820 dum
2183 1765 2344 1821 etiam
2363 1763 2496 1820 illud
2527 1774 2648 1822 est:
2678 1783 2698 1818 ι
2733 1765 2868 1823 Vivo
2895 1780 3020 1837 ego,
3047 1767 3182 1824 dicit
3213 1758 3482 1826 Dominus
3504 1771 3606 1836 “,s

323 1863 418 1916 τόο
456 1881 476 1914 ι
507 1862 597 1917 Ζῶ
619 1861 751 1931 ἐγὼ,
783 1863 933 1931 λέγει
967 1861 1186 1932 Κύριος,
1224 1877 1243 1912 ι
1287 1857 1566 1930 εἰρηκέναι
1600 1858 1730 1930 περὶ
1758 1856 1918 1922 Θεοῦ,

2026 1872 2152 1913 cum
2194 1859 2474 1928 proprium
2510 1858 2715 1924 vivere,
2748 1858 3019 1928 praecipue
3047 1874 3116 1915 ex
3148 1861 3232 1916 bis
3263 1878 3386 1932 qua:
3415 1849 3491 1920 dei
3525 1865 3609 1920 vi-

331 1973 350 2006 ι
380 1957 409 2007 6
425 1955 590 2025 μόνος
613 1954 756 2025 ἔχων
773 1953 1092 2015 ἀθανασίαν,
1117 1970 1136 2004 ι
1157 1950 1368 2015 οὐδενὸς
1379 1950 1489 2004 τῶν
1511 1949 1664 2022 παρά
1676 1951 1768 2004 τὸν
1787 1950 1920 2003 Θεὸν

2027 1952 2206 2005 vendo
2245 1949 2627 2013 disseruimus,
2659 1964 2828 2019 penes
2857 1952 3033 2006 solum
3058 1953 3131 2006 sit
3161 1953 3351 2009 Deum.
3384 1955 3454 2011 Et
3483 1957 3609 2015 vide

323 2044 544 2108 ζώντων
573 2045 791 2116 ἔχοντος
810 2045 910 2116 τὴν
936 2043 1204 2115 ἄτρεπτον
1233 2042 1410 2113 πάντη
1438 2042 1533 2095 καὶ
1565 2041 1920 2096 ἀναλλοίωτον

2029 2055 2160 2095 num
2189 2039 2262 2095 ob
2295 2040 2399 2095 hoc
2433 2041 2604 2110 possit
2629 2041 2923 2110 Apostolus
2954 2045 3009 2099 in
3058 2044 3392 2115 hyperbolen
3438 2043 3610 2119 usique

323 2135 495 2206 ζωήν.
528 2137 638 2190 και
668 2137 722 2190 τί
757 2133 1079 2207 διστάζομεν
1110 2135 1242 2207 περὶ
1279 2133 1390 2188 τῶν
1417 2133 1643 2200 λοιπῶν,
1673 2135 1762 2186 ὅτε
1801 2133 1920 2188 οὐδὲ

2031 2132 2377 2188 considerata
2407 2131 2504 2188 Dei
2535 2131 2662 2186 vita:
2700 2134 3051 2201 excellentia,
3083 2147 3159 2205 et,
3189 2145 3250 2192 ut
3276 2137 3500 2206 dignum
3527 2150 3612 2194 est

317 2230 348 2280 6
373 2227 611 2298 Χριστὸς
643 2227 767 2297 ἔσχε
797 2227 894 2298 τὴν
929 2226 1020 2280 τοῦ
1055 2225 1269 2298 Πατρὸς
1303 2223 1634 2290 ἀθανασίαν;
1665 2222 1920 2294 ἐγεύσατο

2033 2222 2168 2289 Deo,
2205 2221 2511 2293 intelligens
2540 2221 2672 2279 illud
2699 2240 2714 2278 :
2745 2241 2764 2277 ι
2792 2223 2927 2283 Vivo
2961 2242 3083 2297 ego,
3116 2228 3250 2284 dicit
3275 2229 3560 2296 Dominus,
3586 2251 3606 2284 ο

319 2313 433 2389 γὰρ
461 2318 602 2387 ὑπὲρ
625 2317 824 2383 παντὸς
847 2317 1102 2373 θανάτου.
1359 2335 1362 2338 ‘

2031 2313 2099 2368 de
2121 2312 2234 2369 Deo
2268 2312 2542 2370 dixisse“
2574 2328 2591 2367 :
2628 2314 2768 2383 «Qui
2813 2317 2961 2374 solus
3012 2319 3180 2376 habet
3226 2320 3607 2376 immortalita-

321 2421 458 2476 tem,
493 2430 513 2464 ι
553 2411 702 2468 nullo
737 2421 937 2484 praeter
968 2415 1142 2470 Deum
1178 2411 1501 2477 viventium,
1535 2409 1933 2466 immutabilem
1962 2408 2473 2481 iualterabilemque
2498 2409 2842 2467 divinitatem
2873 2412 3128 2471 habente.
3166 2415 3234 2471 Et
3265 2417 3395 2486 quid
3431 2419 3608 2473 ambi-

320 2503 506 2572 gimus
539 2503 609 2560 de
639 2505 871 2572 exteris,
910 2505 1128 2576 quando
1156 2520 1226 2561 ne
1241 2504 1501 2571 Christus
1526 2501 1745 2572 quidem
1773 2501 1955 2559 Patris
1984 2501 2235 2559 habuerit
2265 2501 2780 2560 immortalitatem?
2817 2519 2942 2560 nam
2971 2520 3071 2577 pro
3104 2521 3433 2580 quocunque
3459 2525 3608 2566 mor-

322 2606 435 2650 tem
469 2596 706 2666 gustavit
726 2596 792 2650 ⁸³.

2903 2609 2910 2618 ι
2967 2605 2972 2612 ⁴
3229 2605 3232 2609 ‘
3287 2603 3290 2606 ’
3381 2599 3383 2602 ⁴

397 2688 550 2759 Ἅμα
571 2687 628 2742 δὲ
663 2688 1008 2755 ἐξετάζοντες
1031 2689 1102 2744 τὰ
1128 2690 1258 2761 περὶ
1275 2688 1372 2744 τοῦ
1393 2689 1492 2762 ζῇν
1515 2691 1612 2746 τοῦ
1633 2687 1794 2756 Θεοῦ,
1818 2691 1913 2746 καί⁵

2099 2687 2189 2742 12.
2229 2686 2366 2742 Cum
2397 2699 2530 2742 vero
2573 2685 2914 2758 inquiramus
2940 2687 3008 2745 de
3040 2687 3128 2744 his
3168 2702 3291 2760 qua:
3325 2691 3390 2745 ad
3438 2691 3606 2747 Deum

319 2780 491 2851 ζωῆς,
530 2780 653 2850 ητις
667 2781 816 2833 ἐστὶν
835 2783 865 2834 6
887 2781 1146 2853 Χριστὸς,
1180 2781 1275 2836 καὶ
1297 2779 1517 2846 ζώντων
1544 2783 1602 2837 έν
1631 2781 1785 2854 χώρᾳ
1812 2781 1919 2855 ἰδίᾳ

2027 2777 2298 2834 viventem
2341 2775 2640 2848 pertinent,
2686 2786 2743 2834 et
2788 2779 2857 2835 de
2897 2778 3007 2834 vita
3051 2794 3175 2850 quae
3212 2790 3300 2837 est
3330 2780 3605 2850 Christus,

317 2872 721 2944 τυγχανόντων,
756 2875 852 2927 καὶ
887 2872 1106 2937 ζώντων
1129 2875 1192 2928 οὐ
1235 2874 1448 2928 δικαιου
1455 2874 1634 2947 μένων
1684 2874 1918 2928 ἐνώπιον

2025 2871 2202 2942 deque
2233 2868 2545 2927 viventibus
2565 2870 2660 2941 qui
2692 2879 2821 2926 sunt
2851 2871 2906 2927 in
2933 2886 3034 2927 sua
3067 2874 3314 2944 regione,
3342 2885 3507 2946 atque
3538 2877 3605 2932 de

317 2961 419 3015 τοῦ
447 2961 603 3026 Θεοῦ,
643 2962 955 3027 ἀκολούθως
985 2963 1197 3027 τούτοις
1225 2962 1654 3036 παρατιθέμενοι
1681 2965 1762 3018 τό·
1797 2982 1816 3015 ι
1862 2965 1920 3018 '0

2025 2960 2332 3018 viventibus
2357 2961 2525 3016 etiam
2560 2960 2649 3017 his
2672 2961 2766 3031 qui
2802 2976 2991 3017 coram
3026 2963 3138 3019 Deo
3159 2980 3266 3020 non
3291 2965 3608 3034 justilicauc

323 3055 490 3124 μόνος
527 3053 666 3125 ἔχων
701 3055 1023 3121 ἀθανασίαν,
1067 3075 1087 3108 ι
1127 3055 1198 3110 τὰ
1220 3056 1594 3127 ὑπονοούμενα
1628 3073 1921 3128 συμπαρα-

321 3145 612 3216 ληψόμεθα
647 3149 778 3218 περὶ
803 3146 898 3202 τοῦ
924 3149 1032 3202 πᾶν
1079 3148 1361 3202 ότιποτοῦν
1389 3148 1607 3217 λογικὸν
1632 3147 1708 3220 μὴ
1734 3148 1923 3201 οὺσιω-

321 3237 437 3301 δῶς
467 3237 634 3308 ἔχειν,
681 3238 758 3302 ώς
791 3237 1094 3310 ἀχώριστον
1125 3239 1494 3311 συμϐεϐηκὸς,
1521 3240 1620 3310 τὴν
1655 3239 1921 3310 μακαριό-

324 3346 488 3398 τητα.
531 3329 658 3382 Ἐἀν
675 3329 788 3400 γάρ
815 3328 1120 3400 ἀχώριστον
1147 3330 1246 3402 ἔχῃ
1281 3331 1380 3402 τὴν
1419 3329 1800 3402 μακαριότητα
1827 3332 1922 3384 καὶ

323 3422 428 3493 τὴν
455 3419 876 3492 προηγουμένην
894 3418 1060 3489 ζωὴν,
1079 3420 1195 3484 πῶς
1219 3420 1300 3474 έτι
1320 3421 1473 3476 ἔσται
1497 3421 1696 3493 ἀληθὲς
1709 3423 1772 3476 τὸ
1793 3424 1922 3494 περὶ

323 3511 423 3566 τοῦ
455 3512 592 3566 Θεοῦ
614 3511 1021 3584 λεγόμενονοιὍ
1046 3513 1204 3584 μόνος
1228 3513 1339 3585 (59)
1359 3513 1500 3585 ἔχων
1528 3513 1859 3582 ἀθανασίαν;
1897 3533 1915 3566 ι

325 3601 450 3673 Χρὴ
469 3601 716 3672 μέντοιγε
742 3603 959 3668 εἰδέναι,
983 3603 1064 3657 ὅτι
1092 3604 1218 3657 τινὰ
1247 3607 1276 3658 6
1312 3604 1503 3676 Σωτὴρ
1538 3605 1637 3675 οὐχ
1659 3603 1810 3675 αύτῷ
1845 3601 1920 3658 εἰ-

329 3714 415 3748 ναι
439 3695 571 3766 (60),
601 3695 717 3749 ἀλλ’
744 3695 975 3766 ἑτέροις,
1001 3696 1125 3750 τινά
1151 3696 1209 3749 δὲ
1245 3695 1394 3766 αὑτῷ
1425 3696 1520 3750 καὶ
1557 3697 1785 3768 ἑτέρως’
1823 3696 1921 3767 ζη-

329 3789 520 3858 τητέον
547 3789 606 3843 δὲ
632 3788 688 3842 εἰ
706 3804 828 3841 τινα
860 3786 1040 3858 ἑαυτῷ
1079 3786 1171 3839 καὶ
1203 3787 1398 3841 οὐδενί.
1434 3785 1630 3856 Σαφῶς
1667 3786 1766 3857 μὲν
1812 3785 1922 3858 γὰρ

325 3882 536 3954 ἑτέροις
563 3882 682 3935 ἐστὶ
722 3880 948 3952 ποιμὴν,
975 3880 1078 3950 οὐχ
1115 3879 1192 3944 ώς
1216 3881 1265 3933 οἰ
1292 3879 1442 3951 παρά
1467 3877 1774 3950 ἀνθρώποις
1801 3895 1912 3932 ποι·

332 3973 494 4044 μένες
521 3973 706 4045 ὄνησιν
733 3976 799 4026 ὲκ
822 3973 918 4026 τοῦ
942 3972 1252 4044 ποιμαίνειν
1284 3973 1366 4037 εἰς
1394 3971 1589 4026 ἑαυτὸν
1607 3970 1922 4041 λαμϐάνων,

327 4067 379 4118 εἰ
407 4065 482 4136 μὴ
505 4066 613 4136 ἀρα
647 4066 747 4137 τὴν
784 4067 894 4119 τῶν
923 4065 1366 4136 ποιμαινομένων
1401 4064 1674 4134 ὠφέλειαν
1710 4063 1800 4118 διὰ
1839 4081 1926 4133 φι-

329 4156 676 4227 λανθρωπίαν
709 4157 844 4212 ἰδίαν
867 4153 1006 4212 εἶναι
1037 4157 1330 4227 λογίσαιτο·
1351 4156 1487 4210 ἀλλά
1510 4157 1604 4209 καὶ
1633 4155 1753 4220 όδός
1775 4156 1922 4208 ἐστιν

327 4254 539 4324 ἑτέροις
589 4251 810 4323 ὁμοίως,
861 4254 956 4307 καὶ
1001 4253 1163 4324 θύρα,
1219 4250 1669 4322 ὁμολογουμένως
1721 4253 1778 4306 δὲ
1829 4252 1923 4306 καὶ

329 4344 545 4415 ῥάϐδος·
571 4344 752 4415 ἑαυτῷ
777 4345 836 4398 δὲ
869 4344 964 4398 καὶ
994 4345 1200 4418 ἑτέροις
1235 4344 1418 4414 σοφία,
1447 4344 1589 4415 τάχα
1619 4343 1677 4398 δὲ
1707 4343 1800 4398 καὶ
1824 4344 1914 4398 λό-

327 4452 445 4502 γος.
491 4435 759 4506 Ζητητέον
790 4435 847 4489 δὲ
877 4429 929 4488 εἰ
961 4438 1303 4508 συστήματος
1353 4434 1724 4510 θεωρημάτων
1763 4437 1915 4501 ὄντος

326 4524 390 4574 ὲν
443 4523 612 4594 αύτῷ,
658 4522 795 4576 καθὸ
827 4523 990 4592 σοφία
1044 4524 1212 4588 ἐστὶν,
1267 4523 1382 4577 ἐστι
1430 4524 1554 4578 τινὰ
1583 4523 1916 4597 θεωρήματα

327 4614 592 4686 ἀχώρητα
621 4615 877 4688 τῇ’λοιπῇ
919 4615 1050 4688 παρ’
1080 4615 1244 4670 αὐτὸν
1284 4619 1516 4688 γεννητῇ
1550 4616 1730 4686 φύσει,
1759 4618 1916 4672 ἆτινα

323 4703 480 4759 οἶδεν
503 4706 700 4778 ἑαυτῷ.
738 4709 848 4760 Καὶ
875 4707 982 4760 οὐκ
1017 4705 1375 4770 ἀνεξέταστον
1398 4707 1557 4775 λόγον
1591 4707 1777 4760 ἐατέον
1823 4706 1915 4762 διά

325 4799 428 4869 τὴν
443 4797 680 4870 περὶτοῦ
711 4797 866 4866 ἁγίου
893 4796 1213 4868 Πνεύματος
1233 4796 1536 4851 εὐλάϐειαν·
1571 4798 1654 4851 ὅτι
1679 4797 1778 4867 μὲν
1805 4795 1916 4869 γάρ

328 4891 424 4945 καὶ
438 4889 568 4943 αὐτὸ
593 4887 744 4959 αὺτῷ
777 4888 1166 4960 μαθητεύεται,
1200 4887 1387 4957 σαφῶς
1415 4888 1526 4960 (61)
1555 4890 1621 4942 ὲκ
1637 4887 1732 4941 τοῦ
1758 4888 1914 4958 λεγο-

329 4978 497 5051 μένου
537 4981 665 5050 περὶ
709 4980 1064 5052 παρακλήτου
1113 4979 1210 5035 καὶ
1241 4980 1398 5049 ἁγίου
1444 4980 1781 5052 Πνεύματος,
1835 4983 1916 5036 ὅτι

329 5091 351 5123 ε
397 5073 495 5124 Ἐκ
519 5071 614 5124 τοῦ
641 5071 776 5143 ἐμοῦ
807 5071 1055 5142 λήψεται,
1089 5071 1184 5124 καὶ
1208 5071 1498 5142 ἀναγγελεῖ
1527 5073 1676 5144 ὑμῖν.
1709 5093 1728 5124 ι
1758 5074 1822 5127 Εἰ
1859 5073 1918 5127 δὲ

330 5162 772 5235 μαθητευόμενον
809 5162 922 5235 (62)
967 5163 1145 5218 πάντα
1177 5166 1363 5234 χωρεῖ,
1405 5162 1441 5218 ἀ
1471 5165 1790 5229 ένατενίζων
1837 5164 1918 5236 τῷ

403 5317 450 5351 ⁸⁸
473 5316 662 5374 Matth.
690 5333 745 5387 v,
777 5319 864 5375 16.
939 5317 987 5352 ⁸⁸
1013 5319 1172 5377 Νυηι.
1215 5338 1324 5388 xlv,
1350 5322 1440 5378 ‘28.
1516 5323 1558 5354 "
1589 5323 1604 5377 l
1631 5321 1773 5378 Tim.
1799 5340 1873 5392 vr,
1907 5324 1996 5382 16.

399 5444 918 5526 (δὸλἌπόστοτζος
955 5453 1202 5526 ῥεοειίίη
1242 5453 1480 5511 editione
1501 5454 1784 5524 lluetiana,
1813 5457 1908 5513 sed

333 5518 637 5572 restituitur
668 5535 700 5574 e
727 5521 921 5575 codice
953 5522 1268 5580 Bodleiano.

405 5586 522 5656 (59)
555 5588 1104 5670 Qudexliodleinnus
1134 5593 1750 5670 et_Barbcrinus_recte
1769 5599 1798 5651 6
1826 5597 1915 5670 μό-

335 5671 452 5722 νος,
491 5657 633 5715 male
677 5661 845 5715 editio
895 5658 1160 5720 Huctiana
1204 5665 1454 5721 in'textu
1506 5665 1666 5723 habet
1703 5669 1764 5722 οὐ
1812 5657 1912 5740 ,ὶά-

333 5743 446 5790 νος.

2025 3062 2131 3119 tur,
2163 3060 2564 3121 consequenter
2597 3049 2685 3106 bis
2727 3061 3064 3123 apponentes
3097 3071 3112 3108 :
3145 3071 3166 3106 ι
3189 3053 3293 3122 Qui
3324 3056 3475 3113 solus
3510 3056 3610 3111 ha-

2023 3143 2114 3199 bet
2164 3143 2630 3200 immortalitatem
2653 3142 2723 3208 “,
2754 3161 2775 3196 ι
2816 3145 3024 3216 pariter
3054 3146 3220 3203 etiam
3268 3162 3608 3205 assumemus

2021 3250 2145 3306 qua:
2184 3236 2690 3308 subintelliguntur,
2725 3253 2920 3310 nempe
2951 3239 3096 3310 quod
3140 3254 3303 3297 omne
3342 3242 3605 3311 quidquid

2023 3329 2224 3384 dixeris
2273 3330 2508 3386 rationis
2555 3345 2757 3402 capax,
2787 3345 2894 3386 non
2924 3331 3129 3391 habeat
3168 3332 3609 3390 substantialiter

2023 3417 2164 3489 (ceu
2192 3418 2559 3491 inseparabile
2605 3419 2884 3492 accidens)
2925 3421 3346 3479 beatitudinem.
3395 3423 3530 3479 Nam
3557 3424 3605 3478 si

2023 3510 2444 3580 inseparabilem
2495 3511 2695 3568 habeat
2739 3513 3134 3570 beatitudinem
3178 3523 3238 3570 et
3275 3516 3637 3589 praecipuam,

2022 3598 2210 3666 vitam,
2259 3603 2534 3669 quomodo
2579 3615 2770 3657 verum
2805 3602 2920 3657 erit
2951 3603 3086 3658 illud
3117 3604 3260 3671 quod
3287 3604 3353 3658 de
3383 3605 3496 3658 Deo
3522 3603 3606 3657 di-

2022 3690 2167 3744 citur
2198 3707 2213 3744 :
2249 3707 2268 3743 ι
2291 3692 2395 3758 Qui
2437 3691 2585 3747 solus
2614 3682 2783 3748 habet
2828 3692 3341 3749 immortalitatem?
3363 3712 3382 3746 ι
3416 3694 3608 3749 ὃοὶοιισ

2022 3779 2152 3834 dum
2183 3789 2268 3835 est
2294 3789 2542 3836 attamen
2574 3781 2930 3837 Servatorem
2953 3796 3060 3836 non
3093 3796 3215 3836 esse
3239 3780 3346 3837 sibi
3373 3783 3475 3854 ipsi
3508 3782 3610 3837 ali-

2022 3888 2152 3942 qua,
2189 3873 2284 3930 sed
2312 3873 2468 3940 aliis;
2501 3873 2682 3942 aliqua
2722 3888 2854 3930 vero
2892 3882 2947 3930 et
2970 3874 3074 3945 ipsi
3103 3883 3158 3928 et
3200 3873 3342 3930 aliis.
3381 3876 3606 3946 Insuper

2023 3962 2374 4032 quzerendum
2421 3971 2507 4019 est
2551 3978 2623 4018 an
2659 3963 2843 4034 aliqua
2885 3964 3003 4036 ipse
3041 3964 3242 4021 habeat
3267 3981 3388 4036 quae
3428 3965 3606 4021 nullus

2023 4053 2184 4110 alius.
2212 4053 2460 4126 Namque
2503 4053 2682 4124 palam
2721 4054 2844 4112 aliis
2867 4065 2956 4113 est
3001 4066 3188 4128 pastor
3216 4073 3234 4112 :
3265 4073 3370 4112 non
3399 4058 3540 4113 sicut
3569 4059 3604 4113 ii

2023 4149 2114 4217 qui
2157 4148 2298 4218 apud
2342 4147 2593 4204 homines
2637 4158 2884 4220 pastores
2933 4161 3081 4217 sunt,
3117 4151 3407 4206 utilitatem
3452 4153 3518 4208 ad
3549 4169 3606 4208 se

1957 4255 2000 4311 ι)
2029 4241 2248 4296 trahens
2297 4254 2364 4296 eo
2409 4242 2562 4311 quod
2602 4251 2812 4312 pascat,
2852 4244 2957 4299 nisi
3003 4243 3143 4300 forte
3167 4259 3359 4300 eorum
3385 4247 3477 4314 qui
3510 4260 3606 4315 pa-

2024 4341 2250 4388 scantur
2303 4333 2619 4399 utilitatem,
2669 4334 3026 4405 benignitatis
3077 4351 3265 4400 causa,
3323 4337 3602 4405 propriam

2021 4438 2145 4481 esse
2202 4434 2441 4496 reputet.
2489 4426 2632 4494 Quin
2665 4425 2839 4482 etiam
2900 4427 2989 4480 via
3023 4436 3127 4492 est,
3177 4427 3312 4482 aliis-
3350 4426 3606 4483 similiter

2022 4516 2190 4572 etiam
2242 4519 2471 4583 ostium,
2495 4516 2614 4588 jam
2641 4518 2810 4573 etiam
2855 4517 2909 4572 in
2951 4518 3205 4576 confesso
3234 4529 3319 4574 est
3345 4519 3490 4588 quod
3535 4519 3607 4574 sit.

2021 4611 2190 4664 etiam
2236 4610 2433 4680 virga;
2476 4610 2581 4666 sibi
2619 4625 2748 4666 vero
2789 4610 2889 4681 ipsi
2919 4619 2975 4665 et
3003 4611 3126 4666 aliis
3157 4610 3463 4680 sapientia;
3492 4610 3604 4667 for-

2025 4701 2188 4758 tassis
2216 4702 2382 4757 etiam
2425 4703 2584 4772 λόγος
2628 4702 2706 4775 [id
2754 4711 2839 4758 est
2887 4702 3072 4774 ratio].
3111 4702 3474 4771 Quaerendum
3520 4713 3605 4759 est

2023 4793 2246 4864 insuper
2273 4809 2400 4848 num
2435 4809 2506 4850 ex
2533 4811 2598 4851 ea
2626 4795 2977 4850 multitudine
3021 4796 3456 4866 speculationum
3483 4813 3604 4868 qua:

2020 4895 2148 4942 sunt
2175 4885 2228 4941 in
2261 4886 2401 4956 ipso,
2433 4886 2488 4942 in
2533 4895 2799 4956 quantum
2833 4886 3101 4957 sapientia
3131 4897 3238 4957 est,
3263 4889 3374 4944 sint
3405 4889 3602 4959 aliqua:

2023 4977 2428 5048 speculationes
2459 4977 2602 5050 apud
2635 4978 2835 5050 ipsum,
2867 4994 3004 5050 quas
3035 4979 3246 5050 reliqua
3283 4989 3478 5036 natura
3502 4995 3601 5050 ge-

2025 5080 2215 5127 nerata
2267 5071 2552 5144 percipere
2626 5084 2868 5144 nequeat
2939 5089 3278 5144 quarumque
3337 5071 3443 5128 sibi
3500 5072 3602 5142 ipsi

2025 5166 2314 5223 scientiam
2356 5177 2622 5224 reservet.
2664 5167 2774 5224 Nec
2829 5167 3200 5224 inexaminata
3245 5165 3598 5238 relinquenda

2078 5325 2121 5358 δ’
2148 5325 2312 5383 Hebr.
2341 5343 2403 5392 tl,
2430 5328 2486 5384 9.
2556 5325 2638 5380 “l
2668 5325 2806 5382 Tim.
2835 5341 2908 5395 vr,
2943 5325 3029 5381 16.

2111 5459 2202 5534 (ill)
2227 5461 2416 5534 Εἶναί.
2450 5461 2762 5534 Legcudum
2792 5462 3003 5534 videtur
3028 5463 3164 5522 ἐστί.

2111 5531 2202 5668 (εις
2235 5531 2462 5600 Σαφῶς.
2503 5531 2645 5600 [ἱεεο
2678 5531 2866 5602 σαφές.
3477 5587 3480 5590 .

2115 5602 2181 5654 6‘2
2231 5601 2393 5656 Είδὲ
2434 5604 2940 5668 μαθητευόμενον,
2979 5615 3084 5662 etc.
3141 5607 3275 5668 Quia
3311 5610 3480 5665 scient

2091 5601 2202 5672 (6‘2)
2231 5605 2300 5656 El
2325 5601 2393 5655 δὲ
2434 5604 2940 5677 μαθητευόμειίον,
2979 5615 3084 5662 etc.
3141 5607 3275 5677 Quia
3311 5610 3596 5665 scientiam

2019 5685 2330 5742 cmteraque
2377 5673 2556 5727 outnia
2598 5674 2771 5746 habet
2817 5674 3053 5746 Spiritus
3101 5673 3322 5736 sanctus
3371 5699 3398 5733 ει
3429 5678 3593 5741 Filio,

2022 5751 2281 5813 tanquam
2316 5761 2343 5800 a
2372 5743 2734 5814 proccssiouis
2759 5743 3045 5818 principio,
3076 5760 3347 5823 utcunque
3384 5751 3596 5808 ratione
