4082 6224
514 308 618 362 ιιι
1943 303 2281 361 ontosNts-
3665 313 3779 369 us

513 432 598 478 est
620 421 796 477 oratio
819 429 1042 492 propter
1059 419 1304 490 Spiritus
1324 422 1500 477 sancti
1529 421 1886 478 reverentiam
1915 438 1932 476 :
1957 436 2084 475 nam

2190 418 2364 490 Πατρὶ
2415 417 2720 488 ἀρχόμενος
2766 419 2796 473 6
2839 415 2968 482 Υίδς
3022 416 3303 486 γινώσκει,
3353 416 3785 493 δπιμελέοτερον

510 515 654 584 quod
703 513 866 567 etiam
905 513 1016 583 ipse
1075 511 1143 567 ab
1191 511 1287 566 illo
1343 511 1660 576 edneeatur,
1694 510 1863 579 liquet
1913 525 1980 565 ex
2015 525 2085 565 eo

511 606 654 674 quod
681 604 752 659 de
783 603 1059 672 paracleto
1083 610 1140 656 et
1171 611 1362 657 sancto
1395 600 1600 670 Spiritu
1637 597 1902 653 dicitur“
1933 615 1950 650 :
1974 597 2084 652 «De

512 709 632 748 meo
654 693 904 762 accipiet,
940 701 994 746 et
1014 690 1361 745 annuntiabit
1387 690 1577 754 vobis;
1609 709 1628 741 ι
1651 692 1748 744 sed
1771 688 2085 758 diligentius

511 783 894 852 inquirendum
923 791 1008 838 est
1034 798 1103 836 an
1125 797 1248 838 cum
1279 783 1507 837 docetur
1535 780 1716 836 omnia
1743 779 1942 850 capiat,
1976 779 2084 848 72

509 891 631 943 quae
670 875 862 931 deﬁxis
890 875 942 929 in
981 873 1198 929 Patrem
1241 872 1414 928 oculis
1443 887 1472 926 a
1501 871 1770 942 principio
1813 870 2086 927 exsisteus

511 967 683 1024 Filius
712 966 982 1037 agnoscit.
1013 964 1070 1019 Si
1095 979 1228 1034 ergo
1261 963 1523 1019 Servator
1551 961 1729 1032 aliqua
1755 961 1973 1032 quidem
2002 969 2087 1016 est

511 1060 655 1125 aliis,
685 1059 866 1127 aliqua
901 1071 1031 1112 vero
1059 1055 1284 1110 forsitan
1313 1055 1416 1110 sibi
1457 1055 1582 1122 ipsi,
1613 1069 1787 1123 eaque
1812 1053 1896 1106 vel
1925 1051 2082 1117 nulli,

511 1150 595 1206 vel
645 1150 761 1214 uni,
796 1148 882 1204 vel
933 1147 1139 1218 paucis,
1175 1147 1600 1202 examinandum
1632 1155 1714 1200 est
1750 1155 1928 1198 utrum
1960 1143 2087 1204 Ser-

509 1251 684 1305 vator,
715 1251 984 1312 quatenus
1009 1247 1094 1294 est
1134 1239 1240 1294 vita
1285 1240 1370 1292 illa
1421 1253 1542 1306 quae
1577 1238 1719 1293 facta
1758 1247 1840 1291 est
1869 1237 1924 1292 in
1961 1234 2088 1290 Ser-

510 1349 692 1400 mone,
745 1333 848 1389 sibi
895 1332 998 1402 ipsi
1052 1341 1108 1386 et
1159 1331 1278 1384 aliis
1329 1331 1400 1386 sit
1446 1330 1578 1394 vita,
1622 1345 1689 1384 an
1733 1329 1895 1391 aliis;
1947 1336 2002 1382 et
2042 1327 2086 1380 si

510 1426 655 1488 aliis,
683 1425 880 1494 quibus
907 1425 1050 1479 aliis.
1081 1422 1442 1490 Quamobrem
1488 1423 1534 1477 si
1565 1422 1674 1476 vita
1719 1430 1776 1476 et
1799 1420 1886 1474 lux
1915 1419 2089 1476 homi-

514 1533 644 1571 num
673 1516 815 1570 idem
854 1526 1003 1580 sunt,
1032 1515 1207 1583 inquit
1235 1515 1380 1568 enim
1414 1532 1427 1566 :
1463 1533 1479 1565 ι
1505 1513 1657 1579 Quod
1687 1514 1888 1566 factum
1916 1521 2000 1566 est
2035 1511 2084 1564 in

512 1608 630 1676 ipso
663 1605 770 1659 vita
816 1617 956 1670 erat,
997 1615 1052 1660 ct
1080 1606 1188 1659 vita
1229 1605 1316 1658 illa
1358 1614 1477 1658 erat
1517 1605 1605 1658 lux
1653 1603 2022 1667 hominum“,
2063 1621 2082 1654 ι

2187 507 2464 583 ζητητέον.
2500 511 2562 562 Εἰ
2583 509 2761 562 τοίνυν
2785 510 2814 562 6
2838 510 3028 582 Σωτὴρ
3054 511 3092 564 θ.
3121 509 3220 580 μέν
3249 526 3375 564 τινα
3398 509 3629 582 ἑτέροις,
3653 515 3785 566 τινὰ

2184 601 2241 654 δὲ
2264 601 2403 672 τάχα
2424 600 2525 654 ποῦ
2550 600 2718 672 αὐτῷ,
2751 603 2896 675 καὶῆ
2924 602 3119 666 οὐδενὶ,
3141 603 3175 674 ἦ
3206 601 3309 669 ἑνὶ,
3331 603 3364 674 ἦ
3390 603 3612 672 ὀλίγοις,
3638 605 3783 660 καθὸ

2185 689 2298 762 ζωή
2331 692 2479 745 ἐστιν
2496 693 2529 761 ἡ
2547 691 2816 762 γενομένη
2837 693 2894 745 ὲν
2918 691 2998 762 τῷ
3021 692 3199 762 Λόγῳ,
3227 693 3578 763 βασανιστέον
3611 697 3784 748 πότε-

2189 800 2280 854 ρον
2315 781 2464 854 αὐτῷ
2485 783 2578 836 καὶ
2602 783 2808 854 ἑτέροις
2835 783 2946 854 ζωή
2981 785 3152 849 ὲστιν,
3187 784 3220 854 ἢ
3257 785 3489 856 ἑτέροις,
3527 787 3622 839 καὶ
3653 786 3784 839 ἑτέ-

2190 889 2304 941 ροις
2322 874 2432 926 τισὶ
2453 873 2682 937 τούτοις.
2719 875 2782 927 Εί
2806 873 2870 944 δὴ
2895 875 3093 928 ταύτόν
3112 876 3232 928 ἐστι
3255 874 3368 948 ζωὴ
3396 876 3492 929 καὶ
3527 876 3641 945 φῶς
3662 876 3782 930 τῶν
3823 877 3828 880 ’

2187 959 2510 1031 ἀνθρώπων,
2551 963 2685 1033 φησι
2717 963 2846 1034 γάρ·
2873 983 2891 1014 ι
2927 965 3038 1018 Καὶ
3063 965 3093 1019 6
3134 967 3360 1035 γέγονεν
3391 969 3452 1020 ὲν
3480 968 3630 1039 αὐτῷ
3656 969 3780 1039 ζωὴ

2186 1047 2274 1121 ἦν,
2294 1053 2389 1106 καὶ
2409 1051 2522 1125 ζωὴ
2540 1048 2608 1124 ἦν
2636 1055 2696 1108 τὸ
2718 1055 2831 1126 φῶς
2853 1055 2962 1110 τῶν
2975 1057 3072 1111 ἀνθ
3081 1057 3296 1127 ρώπων·
3321 1079 3339 1110 ι
3359 1060 3419 1113 τὸ
3447 1059 3505 1112 δὲ
3529 1061 3644 1129 φῶς
3662 1061 3785 1114 τῶν

2188 1141 2490 1213 ἀνθρώπιον
2508 1145 2669 1198 τινῶν
2700 1147 2819 1199 ἐστι
2842 1147 2979 1216 φῶς,
3013 1149 3288 1204 καὶτοῦτο
3319 1150 3381 1203 οὐ
3412 1151 3630 1205 πάντων
3663 1151 3786 1205 τῶν

2188 1232 2443 1300 λογικῶν,
2461 1234 2584 1288 ὅσον
2600 1236 2692 1288 ἐπὶ
2712 1235 2775 1289 τὸ
2792 1236 3006 1292 κεῖσθαι
3028 1238 3110 1302 τὸ,
3133 1239 3480 1308 ἀνθρώπων,
3501 1241 3640 1294 ἀλλὰ.
3664 1242 3784 1294 τῶν

2187 1324 2489 1396 ἀνθρώπιον
2515 1329 2631 1382 ἐστὶ
2663 1328 2800 1398 φῶςο
2833 1330 2916 1402 εἴη
2951 1331 3017 1385 ἂν
3060 1331 3156 1386 καὶ
3184 1329 3296 1403 ζωὴ
3332 1332 3656 1404 ἀνθρώπων,
3696 1327 3784 1387 ὧν

2190 1417 2284 1470 καὶ
2313 1416 2429 1486 φῶς
2451 1418 2587 1471 ἐστι·
2613 1421 2707 1473 καὶ
2746 1421 2881 1474 καθὸ
2913 1421 3049 1491 ζωὴ,
3076 1423 3286 1491 λέγοιτο
3315 1422 3380 1476 ἂν
3407 1426 3438 1477 ό
3459 1425 3651 1496 Σωτὴρ
3676 1426 3785 1496 οὐχ

2189 1510 2358 1580 αὐτῷ,
2387 1511 2523 1567 ἀλλά
2537 1513 2743 1585 ἑτέροις
2776 1510 2916 1570 εἶναι
2939 1515 3075 1588 ζωὴ,
3099 1508 3174 1570 ὧν
3201 1517 3318 1569 ἐστι
3341 1518 3434 1571 καὶ
3473 1517 3786 1590 φῶςκΛῦτη

2187 1602 2244 1656 δὲ
2284 1605 2316 1675 ἡ
2349 1606 2460 1678 ζωὴ
2493 1606 2571 1678 τῷ
2607 1607 2750 1678 λόγῳ
2779 1609 3082 1676 ἐπιγίνεται
3108 1609 3411 1682 ἀχώριστος
3445 1609 3611 1664 αὑτοῦ
3640 1614 3786 1682 μετά

509 1711 563 1756 et
609 1700 697 1756 lux
741 1702 1020 1755 hominum
1075 1699 1382 1766 aliquorum
1427 1707 1510 1752 est
1544 1699 1657 1758 lttx.
1713 1707 1767 1752 et
1822 1697 1938 1752 hac
1973 1713 2080 1751 non

2192 1699 2252 1751 τὸ
2289 1698 2636 1766 ἐπιγενέσθαι
2681 1699 3042 1769 τυγχάνουσα·
3083 1700 3242 1769 λόγον
3273 1701 3384 1774 γὰρ
3428 1703 3784 1774 προῦπάρξαι

509 1794 749 1848 omnium
791 1793 882 1862 qui
935 1792 1164 1846 rationis
1189 1791 1299 1845 sint
1329 1805 1584 1859 capaces,
1615 1799 1903 1859 propterea
1935 1789 2081 1857 quod

2192 1788 2283 1840 τὸν
2309 1765 2638 1858 καθαίροντα
2681 1765 2986 1860 τὴν-ψυχὴν
3019 1791 3077 1842 ὲν
3105 1765 3170 1860 τῇ
3199 1765 3484 1860 ψυχῇόεί,
3504 1790 3594 1844 ἵνα
3639 1765 3787 1858 ῥέτά

504 1884 689 1938 addita
722 1885 790 1938 sit
819 1884 1007 1937 vocula
1037 1883 1330 1947 hominum,
1384 1883 1480 1937 sed
1533 1882 1811 1937 hominum
1856 1889 1940 1935 est
1971 1880 2082 1944 lux,

509 1976 614 2032 vita
647 1977 752 2030 erit
783 1978 946 2031 etiam
997 1977 1299 2041 hominum,
1349 1991 1578 2044 quorum
1632 1974 1794 2028 etiam
1829 1973 1920 2027 lux
1950 1984 2032 2028 est
2069 1989 2083 2022 :

509 2062 648 2117 etin
697 2074 958 2130 quantum
989 2075 1072 2118 est
1109 2064 1237 2129 vita,
1289 2065 1393 2118 dici
1441 2073 1618 2133 potest
1667 2063 1928 2118 Servator
1976 2077 2082 2117 non

509 2152 604 2207 sibi
641 2154 762 2222 ipsi,
791 2155 888 2209 sed
942 2153 1064 2208 aliis
1091 2155 1222 2218 vita,
1255 2169 1485 2224 quorum
1517 2163 1600 2208 est
1625 2151 1790 2210 etiam
1815 2153 1928 2210 lux.
1961 2153 2085 2208 Haec

2192 1879 2381 1934 τοῦτον
2417 1879 2511 1934 καὶ
2525 1881 2623 1950 τὴν
2650 1882 2745 1935 ἀπ’
2765 1881 2931 1936 αὐτοῦ
2973 1881 3266 1953 κάθαρσιν,
3288 1882 3470 1952 πάσης
3496 1898 3784 1953 περιαιρε-

2193 1969 2378 2040 θείσης
2411 1971 2735 2042 νεκρότητος
2775 1973 2867 2026 καὶ
2905 1973 3208 2038 ἀσθενείας,
3241 1977 3276 2045 ἡ
3316 1974 3623 2046 ἀκραιφνὴς
3663 1972 3785 2044 ζωὴ

2193 2062 2484 2134 ἐγγένηται
2511 2062 2666 2135 παρά
2684 2064 2844 2118 παντὶ
2858 2065 2936 2136 τῷ
2959 2066 3054 2119 τοῦ
3087 2066 3282 2136 Λόγου,
3301 2067 3436 2121 καθὸ
3461 2066 3594 2129 Θεός
3607 2067 3781 2128 ἐστιν,

2192 2155 2354 2211 αὑτὸν
2387 2157 2672 2228 ποιήσαντι
2699 2156 3025 2229 χωρητικὸν.

509 2262 636 2302 sane
684 2248 792 2301 vita
844 2248 895 2300 in
927 2247 1085 2318 Λόγῳ
1118 2245 1246 2318 [hoc
1289 2257 1373 2301 est
1423 2250 1475 2302 in
1521 2247 1614 2302 Dei
1651 2245 1817 2318 Εσιίο]
1862 2247 1921 2302 tit
1975 2248 2356 2318 inseparabilis
2405 2249 2476 2305 ab
2527 2251 2646 2320 ipso
2695 2250 2990 2316 exsistens,
3037 2250 3202 2306 simul
3250 2260 3414 2322 atque
3463 2249 3605 2306 facta
3659 2247 3779 2302 fue-

508 2341 618 2405 rit;
647 2338 990 2408 pt-zeexsistat
1014 2340 1161 2394 enim
1192 2339 1349 2408 λόγος
1381 2338 1458 2408 [id
1487 2348 1571 2393 est
1604 2354 1809 2405 sermo,
1849 2339 1966 2394 sive
2001 2340 2186 2414 ratio,]
2222 2342 2274 2395 in
2307 2343 2486 2396 anima
2530 2353 2776 2413 oportet,
2832 2346 2924 2416 qui
2979 2345 3158 2416 ipsam
3195 2351 3462 2414 expurget
3485 2382 3501 2408 ,
3543 2351 3605 2397 ut
3658 2349 3782 2410 post

509 2436 670 2498 hunc,
718 2442 772 2488 et
823 2431 892 2487 ab
932 2433 1049 2502 ipso
1085 2433 1499 2502 provenientetn
1547 2433 1948 2502 purgationem,
1987 2435 2135 2490 omni
2183 2449 2408 2505 prorsus
2455 2437 2638 2493 ablata
2697 2440 3122 2496 mortificationo
3170 2447 3226 2493 et
3281 2435 3618 2500 inﬁrmitate,
3644 2447 3785 2503 pura

508 2528 827 2596 sinceraque
857 2527 964 2580 vita
1001 2526 1352 2596 ingeneretnr
1377 2525 1518 2596 apud
1545 2540 1763 2582 omnem
1789 2527 1881 2596 qui
1914 2527 2103 2584 iecerit
2127 2530 2364 2600 seipsum
2391 2545 2646 2599 capacem
2673 2531 2979 2597 Sermonis,
3003 2533 3055 2586 in
3077 2540 3337 2602 quantum
3363 2527 3506 2583 Deus
3531 2538 3635 2582 esu

569 2622 666 2674 43.
709 2622 977 2675 (Steterunt
1031 2622 1137 2674 duo
1182 2619 1496 2688 singulatim
1548 2618 1888 2674 observanda
1933 2631 2082 2686 sunt,

507 2711 922 2781 diii'crentiaqnc
975 2725 1161 2766 eorum
1227 2720 1487 2764 accurate
1537 2709 2084 2780 exantiuandatpri-

508 2821 656 2859 mum
690 2803 910 2874 quidem
945 2822 958 2858 :
997 2801 1168 2870 Λόγος
1201 2800 1276 2872 [id
1300 2809 1384 2856 est
1424 2799 1637 2872 Serum]
1667 2809 1750 2856 est
1785 2801 1836 2855 in
1877 2800 2084 2870 princi-

507 2897 630 2966 pio;
659 2895 854 2951 deinde
883 2895 1028 2964 quod
1061 2895 1171 2949 vita
1203 2895 1254 2948 iu
1284 2891 1570 2948 Sermone.
1603 2893 1710 2948 Sed
1738 2893 1932 2949 Sermo
1959 2895 2083 2966 qui-

507 2991 628 3044 dem
673 2987 726 3041 in
783 2986 1052 3056 principio
1115 3002 1221 3042 non
1261 2996 1345 3040 est
1401 2985 1576 3040 iactus
1609 3003 1623 3039 :
1660 3000 1760 3040 nec
1783 2990 1930 3042 enim
1956 2986 2079 3051 fuit,

508 3081 724 3148 quando
752 3080 1074 3150 principium
1115 3078 1278 3134 fuerit
1328 3080 1533 3147 absque
1569 3077 1836 3135 Sermone
1887 3087 1945 3133 et
2004 3094 2090 3133 ra-

511 3175 677 3240 tione,
702 3187 865 3242 quam
891 3173 963 3228 ob
992 3186 1215 3235 causam
1263 3171 1466 3227 dicitur
1492 3187 1506 3225 ι
1540 3189 1558 3224 t
1583 3171 1637 3224 ln
1667 3170 1940 3240 principio
1965 3168 2093 3225 Ser-

505 3285 598 3321 mo
621 3267 827 3322 erat“.
860 3285 878 3318 ι
915 3269 983 3322 At
1011 3281 1141 3322 vero
1184 3265 1294 3322 vita
1326 3265 1378 3321 in
1409 3265 1566 3336 Λόγῳ
1598 3264 1676 3337 [id
1699 3276 1782 3322 est
1803 3264 2089 3337 Sermone]

509 3377 614 3415 non
645 3370 786 3428 erat,
817 3361 912 3416 sed
961 3359 1105 3416 facta
1133 3367 1239 3426 est,
1273 3359 1715 3429 quandoquidem
1747 3360 1858 3415 vita
1889 3369 1973 3414 est
2001 3359 2090 3412 lux

507 3451 818 3515 hominum;
841 3466 966 3508 cum
989 3451 1134 3506 enim
1159 3450 1323 3508 homo
1349 3449 1582 3504 nondum
1609 3460 1776 3519 esset,
1805 3465 1980 3520 neque
2001 3449 2092 3504 lux

512 3542 792 3598 hominum
820 3552 962 3607 erat,
1005 3542 1354 3599 considerata
1386 3540 1506 3597 luce
1531 3541 1812 3597 hominum
1824 3542 1980 3612 juxta
2009 3555 2093 3596 re-

511 3633 765 3689 lationem
797 3635 863 3690 ad
885 3634 1150 3690 homines.
1182 3635 1452 3689 (Laterum
1476 3649 1634 3690 nemo
1662 3650 1762 3688 nos
1791 3642 1981 3705 urgeat
2005 3647 2094 3686 ra-

513 3737 596 3782 tus
627 3742 726 3782 nos
751 3728 863 3784 hate
895 3727 1264 3796 temporaliter
1279 3718 1586 3790 enuntﬂlre,
1607 3727 1800 3784 ordine
1818 3726 2089 3794 exigente,

511 3819 768 3886 primum,
817 3831 872 3874 et
923 3821 1247 3884 secundum,
1278 3830 1333 3875 et
1363 3836 1482 3891 qua:
1524 3820 1809 3888 deinceps,
1873 3817 2090 3872 etiamsi

514 3918 729 3976 tempus
767 3925 872 3962 non
905 3908 1236 3975 inveniatur,
1276 3911 1494 3978 quando
1527 3909 1798 3964 ternarias
1829 3922 2089 3961 numerus

511 4007 602 4056 aut
620 4009 846 4069 quartus
869 4001 1290 4070 haudquaquam
1311 4017 1340 4054 a
1355 4015 1608 4056 sermone
1621 3999 1885 4056 substrati
1911 4008 2088 4052 erant.

518 4091 586 4148 Ut
613 4091 777 4162 igitur
811 4109 832 4144 ο
860 4093 1044 4147 omnia
1074 4109 1170 4162 per
1198 4097 1370 4158 ipsum
1410 4093 1549 4148 facta
1574 4101 1722 4154 sunt,
1768 4111 1787 4144 s
1821 4107 1928 4145 non
1973 4106 2093 4143 om-

2261 2623 2540 2695 Τηρητέον
2580 2624 2636 2677 δὲ
2677 2624 2746 2678 τὰ
2795 2625 2889 2678 δύο
2927 2624 3020 2690 ἓν,⁵
3054 2625 3148 2678 καὶ
3179 2623 3278 2694 τὴν
3310 2619 3575 2692 διαφορὰν
3601 2618 3787 2674 αὐτῶν

2187 2714 2523 2781 ὲξεταπέονο
2559 2717 2781 2787 πρῶτον
2815 2717 2914 2787 μὲν
2941 2716 3054 2787 γὰρ
3081 2717 3140 2768 έν
3172 2714 3269 2785 τῷ·
3303 2713 3479 2781 Λόγος
3515 2714 3574 2764 ἓν
3612 2711 3782 2780 ἀρκῇ’

2185 2810 2438 2881 δεύτερον
2469 2809 2528 2864 δὲ
2549 2810 2610 2862 ἐν
2633 2808 2732 2879 τῷο
2761 2807 2877 2881 ζωὴ
2908 2811 2968 2862 ὲν
2989 2808 3168 2880 Λόγῳ.
3210 2805 3370 2860 Ἀλλά
3401 2804 3571 2872 Λόγος
3598 2805 3698 2874 μὲν
3721 2806 3786 2857 ἑν

2188 2903 2330 2974 ἀρχῇ
2367 2903 2467 2955 οὐκ
2499 2901 2737 2969 ἐγένετο,
2773 2900 2874 2955 οὐκ
2902 2896 2971 2972 ἦν
2995 2900 3105 2972 γὰρ
3126 2900 3265 2969 ὅτεὴ
3290 2897 3434 2968 ἀρχὴ
3459 2897 3653 2964 ἄλογος
3687 2890 3783 2965 ἧν,

2189 2993 2271 3048 διὸ
2295 2993 2533 3062 λέγεται’
2559 3011 2577 3045 t
2630 2993 2718 3046 ’Ev
2750 2994 2891 3064 ἀρχῇ
2922 2989 2992 3064 ἦν
3031 2995 3061 3045 6
3097 2991 3289 3060 Λόγοςο
3327 3009 3346 3041 ι
3385 2989 3499 3060 ζωὴ
3525 2989 3584 3041 δὲ
3613 2990 3670 3040 έν
3702 2987 3786 3058 τῷ

2194 3085 2353 3157 Λόγῳ
2391 3086 2492 3140 οὐκ
2517 3080 2609 3156 ἦν,
2653 3085 2790 3139 ἀλλά
2831 3083 2945 3156 ζωὴ
2979 3085 3218 3153 ἐγένετο,
3247 3082 3300 3135 εἴ
3327 3099 3390 3152 γε
3420 3081 3533 3152 ζωή
3565 3083 3680 3133 ἐστι
3717 3079 3786 3132 τὸ

2196 3173 2312 3243 φῶς
2340 3174 2448 3228 τῶν
2479 3171 2803 3246 ἀνθρώπων.
2842 3176 2974 3227 "Urs
2988 3174 3097 3244 γὰρ
3118 3173 3332 3226 οὐδέπω
3357 3171 3646 3242 ἄνθρωπος
3685 3165 3782 3241 ἦν,

2195 3264 2312 3318 οὐδὲ
2351 3265 2469 3335 φῶς
2509 3265 2616 3320 τῶν
2648 3265 2951 3338 ἀνθρώπων
2975 3261 3064 3336 ἦν,
3098 3263 3194 3318 τοῦ
3217 3263 3395 3334 φωτὸς
3430 3261 3540 3316 τῶν
3572 3259 3787 3333 ἀνθρώ-

2194 3374 2313 3411 πων
2339 3357 2481 3412 κατά
2504 3357 2602 3429 τὴν
2625 3359 2760 3430 πρὸς
2774 3357 3096 3430 ἀνθρώπους
3116 3356 3299 3426 σχέσιν
3323 3355 3634 3423 νοουμένου.
3661 3355 3786 3424 Μη-

2192 3451 2304 3516 δεὶς
2320 3452 2364 3505 δ’
2389 3454 2540 3523 ἡμᾶς
2562 3451 2809 3517 θλισέτω,
2839 3451 3108 3522 χρονικῶς
3133 3448 3377 3518 οἰόμενος
3401 3447 3573 3501 ταῦτα
3601 3447 3787 3513 ἀπαγ-

2193 3542 2425 3611 γέλλειν,
2458 3542 2556 3612 τῆς
2596 3541 2806 3608 τάξεως
2837 3542 2898 3594 τὸ
2940 3540 3156 3612 πρῶτον
3187 3539 3284 3593 καὶ
3310 3538 3372 3591 τὸ
3399 3538 3652 3608 δεύτερον
3685 3537 3786 3590 καὶ

2193 3635 2262 3689 τά
2294 3632 2494 3703 ἑφεξῆς
2537 3632 2894 3704 ἀπαιτούσης,
2928 3631 3033 3686 κᾶν
3085 3630 3274 3702 χρόνος
3324 3629 3399 3702 μὴ
3436 3629 3782 3701 εὑρίσκηται,

2191 3728 2282 3782 ὅτε
2305 3728 2374 3784 τὰ
2399 3725 2505 3780 ὑπὸ
2548 3725 2642 3780 τοῦ
2671 3725 2848 3794 Λόγου
2889 3722 3300 3794 ὑποϐαλλόμενα
3330 3720 3512 3792 τρίτα,
3563 3720 3656 3772 καὶ
3691 3716 3786 3771 τέ-

2193 3839 2366 3894 ταρτα
2381 3819 2633 3890 οὐδαμῶς
2649 3813 2736 3889 ἦν.
2777 3819 2875 3871 Ὃν
2906 3817 3105 3889 τρόπον
3121 3817 3302 3870 τοίνυν
3324 3835 3342 3866 t
3381 3813 3558 3867 πάντα
3581 3812 3648 3864 δι’
3680 3811 3784 3865 αὺ-

2192 3915 2287 3967 τοῦ
2328 3913 2564 3982 ἐγένετο,
2600 3931 2619 3962 ι
2656 3909 2750 3963 καὶ
2799 3910 2922 3980 οὐχὶ
2962 3910 3141 3964 πάντα
3177 3909 3244 3961 δι’
3289 3905 3456 3960 αὑτοῦ
3505 3900 3595 3974 ἦν,
3633 3923 3650 3953 t
3690 3903 3786 3955 καὶ

2195 4005 2364 4077 χωρὶς
2406 4004 2573 4058 αὐτοῦ
2613 4003 2831 4072 ἐγένετο
2855 4001 2978 4054 οὐδὲ
3017 4000 3096 4064 ἓν,
3130 4020 3149 4052 ι
3184 3998 3306 4071 οὺχῖ⁹
3331 3997 3386 4051 δὲ
3409 3995 3580 4068 χωρὶς
3615 3991 3785 4048 αὐτοῦ

2192 4091 2262 4166 ἦν
2293 4094 2402 4164 (65)
2439 4095 2563 4148 οὐδὲ
2594 4094 2674 4147 ἕν’
2699 4092 2874 4156 οὕτως
2903 4111 2919 4143 t
2954 4091 2983 4144 6
3013 4091 3237 4160 γέγονεν
3257 4090 3315 4141 ὲν
3346 4087 3516 4158 αὐτῷ,
3553 4104 3572 4137 ι
3600 4084 3722 4154 οὐχὶ
3753 4083 3787 4137 6

513 4183 603 4238 nia
635 4198 732 4251 per
759 4185 938 4254 ipsum
967 4193 1146 4248 erant,
1182 4203 1199 4235 ι
1228 4193 1283 4238 et
1311 4184 1428 4238 sine
1462 4183 1580 4254 ipso
1627 4184 1829 4238 factum
1878 4190 1962 4234 est
2005 4181 2086 4234 ui-

2193 4181 2262 4255 ἦν
2285 4188 2344 4239 ἐν
2367 4184 2537 4255 αὐτῷ,
2565 4205 2584 4235 ι
2623 4183 2736 4254 ζωὴ
2776 4179 2866 4254 ἦν.
2898 4202 2916 4234 ι
2951 4181 3061 4235 Καὶ
3084 4179 3246 4234 πάλιν
3266 4177 3384 4246 οὐχὶ
3411 4175 3440 4228 6
3471 4174 3689 4242 ἐγένετο
3725 4172 3786 4222 ἐν

515 4273 608 4338 hil,
637 4293 658 4328 ι
693 4290 797 4330 non
843 4276 960 4331 sine
999 4276 1117 4345 ipso
1153 4284 1273 4329 erat
1312 4274 1478 4340 nihil;
1513 4275 1592 4329 sic
1649 4273 1831 4343 «quod
1888 4271 2086 4326 factum

2194 4277 2360 4349 ἀρχῇ,
2383 4279 2414 4330 6
2449 4275 2619 4343 Λόγος
2646 4271 2735 4346 ἦν,
2762 4273 2898 4329 ἀλλὰ
2924 4273 2952 4326 ὃ
2975 4269 3043 4343 ἦν
3072 4272 3130 4325 ὲν
3151 4271 3315 4342 ἀρχῇ,
3337 4266 3506 4334 Λόγος
3531 4261 3619 4335 ἦν.
3649 4261 3788 4316 Τινά

513 4378 598 4424 est
624 4368 675 4422 in
713 4369 850 4438 ipso,
877 4387 896 4420 ι
933 4383 1039 4423 non
1085 4370 1230 4438 quod
1263 4376 1382 4424 erat
1433 4372 1487 4421 ltt
1543 4367 1681 4437 ipso,
1711 4385 1732 4418 t
1753 4365 1861 4419 vita
1893 4373 2034 4419 erat.
2065 4383 2084 4416 ι

2199 4369 2446 4440 μέντοιγε
2479 4367 2589 4422 τῶν
2615 4365 2967 4438 ἀντιγράφων
2994 4364 3131 4434 ἔχει,
3166 4362 3261 4416 καὶ
3287 4361 3426 4430 τάχα
3454 4358 3555 4411 οὐκ
3585 4355 3787 4410 ἀπιθά-

516 4461 581 4516 Et
616 4477 806 4518 rursus
837 4476 944 4516 non
981 4463 1120 4531 quod
1154 4464 1356 4517 factum
1383 4470 1469 4517 est
1493 4461 1544 4515 in
1575 4461 1866 4531 principio,
1891 4458 2086 4514 Sermo

2196 4479 2322 4525 νως·
2357 4480 2374 4512 ι
2421 4462 2485 4512 Ὀ
2521 4460 2765 4528 γέγονεν,
2809 4460 2866 4514 έν
2891 4455 3042 4527 αὐτῷ
3071 4455 3183 4526 ζωή
3224 4455 3393 4507 ἐστιν.
3423 4471 3442 4502 ι
3477 4451 3540 4503 Ei
3570 4448 3629 4502 δὲ
3667 4446 3784 4516 ζωὴ

511 4563 654 4622 erat,
679 4553 774 4610 sed
803 4555 950 4624 quod
975 4566 1095 4609 erat
1126 4555 1175 4607 in
1210 4553 1499 4622 principio,
1541 4553 1734 4608 Sermo
1761 4542 1904 4605 erat.
1935 4549 2086 4616 Quat-

2198 4554 2394 4609 ταὺτόν
2425 4555 2541 4606 ἐστι
2565 4551 2644 4623 τῷ
2671 4550 2780 4604 τῶν
2804 4549 3108 4620 ἀνθρώπων
3131 4547 3291 4616 φωτὶ,
3319 4543 3496 4606 οὐδεὶς
3517 4544 3576 4596 ὲν
3605 4541 3785 4610 σκότῳ

513 4647 637 4703 dant
675 4655 853 4701 tamen
881 4646 1240 4717 exemplaria.
1273 4655 1330 4704 et
1355 4646 1606 4702 fortassis
1629 4661 1734 4699 non
1765 4642 2086 4709 improbabi-

2199 4646 2481 4716 τυγχάνων
2508 4644 2596 4715 ζῇ,
2616 4643 2712 4697 καὶ
2739 4641 2914 4704 οὐδεὶς
2932 4640 3040 4694 τῶν
3066 4638 3283 4705 ζώντων
3313 4638 3370 4690 ὲν
3400 4634 3578 4706 σκότῳ
3609 4630 3782 4684 ἐστίν.

515 4737 658 4802 liter,
688 4738 887 4794 habent
915 4755 929 4790 :
970 4757 988 4790 ι
1017 4739 1175 4805 Quod
1209 4739 1409 4793 factum
1441 4745 1547 4803 est,
1577 4737 1631 4792 in
1663 4738 1784 4806 ipso
1818 4737 1926 4789 vita
1955 4741 2086 4788 est.t

2213 4737 2374 4792 ’Λλλά
2408 4739 2515 4800 πᾶς
2549 4739 2577 4791 6
2599 4735 2707 4800 ζῶν
2733 4735 2825 4788 καὶ
2854 4735 2913 4786 ὲν
2940 4732 3080 4801 φωτὶ
3110 4730 3368 4801 ὑπάρχει,
3403 4726 3498 4781 καὶ
3527 4727 3636 4787 πᾶς
3659 4724 3690 4775 6
3721 4723 3783 4774 έν

517 4826 672 4891 Quod
696 4828 746 4884 si
782 4829 890 4882 vita
931 4830 1076 4884 idem
1119 4842 1207 4886 est
1255 4845 1376 4884 cum
1408 4830 1528 4885 luce
1573 4829 1883 4894 hominum,
1915 4825 2086 4880 nullus

2199 4831 2339 4899 φωτὶ
2372 4829 2632 4899 ὑπάρχων
2662 4827 2748 4897 ζῇ·
2783 4825 2924 4878 ὥστε
2957 4823 3117 4895 μόνον
3154 4822 3247 4876 τὸν
3275 4820 3452 4885 ζῶντα
3475 4818 3572 4872 καὶ¹
3602 4816 3784 4871 πάντα

517 4917 612 4986 qni
647 4918 717 4974 sit
749 4920 802 4975 in
837 4921 1080 4976 tenebris
1111 4922 1263 4987 vivit,
1298 4937 1398 4977 nec
1425 4921 1568 4976 ullus
1589 4920 1891 4976 viventium
1926 4923 2008 4973 est
2036 4917 2086 4970 ia

2203 4915 2344 4974 εἶναι
2376 4917 2553 4988 φωτὸς
2586 4917 2716 4970 υίόνε
2744 4915 2922 4986 φωτὸς
2955 4915 3013 4968 δὲ
3046 4914 3181 4978 υίὸς,
3215 4905 3278 4966 οὗ
3307 4911 3513 4981 λάμπει
3553 4905 3624 4962 τά
3647 4907 3786 4976 έργα

519 5011 782 5078 tenebris,
821 5027 947 5066 cum
976 5013 1154 5068 omnis
1197 5014 1292 5082 qui
1317 5013 1464 5078 vivit,
1503 5015 1551 5068 is
1575 5015 1745 5068 etiam
1775 5015 1847 5068 sit
1871 5014 1925 5068 in
1951 5013 2086 5077 luce.

2201 5009 2508 5082 ἔμπροσθεν
2536 5008 2645 5063 τῶν
2672 5007 2770 5062 ἀνθ
2777 5005 2992 5078 ρώπων.

517 5116 572 5162 et
601 5105 782 5162 omnis
805 5105 897 5175 qui
929 5107 999 5162 sit
1034 5108 1086 5160 in
1140 5105 1279 5171 luce,
1333 5107 1381 5161 is
1419 5108 1582 5162 etiam
1637 5108 1808 5172 vivat,
1849 5107 1956 5178 73
1995 5111 2130 5163 adeo
2158 5117 2216 5162 ut
2247 5107 2418 5171 solus,
2447 5113 2503 5160 et
2533 5105 2710 5159 omnis
2740 5102 2927 5158 vivens
2957 5099 3029 5154 sit
3069 5097 3206 5152 lucis
3233 5095 3412 5161 ﬁlius;
3441 5091 3582 5148 ﬁlius
3601 5097 3782 5146 autem

519 5200 678 5264 lucis.
709 5200 865 5270 cujus
893 5203 1109 5256 luceant
1129 5213 1294 5268 opera
1323 5213 1506 5254 coram
1539 5199 1849 5254 hominibus
1868 5199 1936 5252 ".

590 5333 812 5391 “Jcan.
847 5354 957 5402 xvt,
991 5337 1077 5392 Η.
1151 5333 1200 5366 ⁸⁵
1235 5333 1363 5390 ibid.
1405 5348 1443 5398 t,
1474 5333 1530 5398 5,
1556 5333 1610 5388 4.
1687 5333 1733 5365 ⁸⁵
1762 5333 1896 5388 ibid.
1931 5333 1981 5389 Ι.
2053 5331 2086 5362 ⁸1

2190 5330 2320 5386 atth.
2350 5344 2404 5390 v,
2435 5329 2516 5381 i6.

521 5466 750 5536 originis
773 5468 878 5522 diei
932 5478 1110 5535 potest
1138 5467 1206 5521 ab
1235 5482 1301 5522 eo
1334 5467 1580 5528 edoctus,
1633 5465 2092 5536 quemadmodum
2204 5482 2315 5531 xvt,
2360 5463 2446 5528 14,
2486 5461 2712 5536 colligit.
2763 5462 2954 5536 omnia
2985 5461 3323 5536 capiat‘qtup
3369 5456 3540 5512 Filius
3587 5468 3812 5524 eost»,

519 5530 713 5592 eadem
737 5538 803 5590 de
849 5530 1013 5592 causa
1047 5553 1143 5605 per
1175 5537 1528 5593 Athanasium
1557 5530 1804 5605 oratione
1835 5534 1870 5589 2
1907 5545 2093 5588 contra
2202 5530 2323 5598 scit,
2359 5530 2824 5605 qnamvis‘sancti
2865 5531 3100 5602 Spiritus
3139 5530 3448 5592 ιύλάόειαν,
3478 5545 3496 5578 ι
3527 5538 3779 5580 reveren-

521 5608 770 5677 Arit‘tnos,
806 5623 858 5677 p.
881 5607 1010 5677 357.
1041 5595 1244 5677 r'minor
1276 5608 1366 5663 illo
1394 5609 1740 5676 medicatur.
1778 5595 2086 5660 Periculose

2203 5595 2352 5677 tiam.
2378 5595 2399 5654 ὶ
2431 5601 2790 5677 proﬁteatur.

522 5693 654 5731 vero
683 5666 946 5747 Origenes
1001 5676 1086 5730 hic
1119 5678 1300 5732 vocari
1353 5666 1466 5732 vult
1521 5677 1973 5747 itthquzstionem
2023 5689 2090 5747 an
2272 5674 2386 5746 (63)
2418 5666 2602 5730 Codex
2638 5671 2985 5736 Bodleianus,
3013 5666 3102 5743 ἦν,
3141 5669 3365 5740 Regius,
3395 5667 3632 5736 ἐγένετο.

525 5747 762 5818 Spiritus
787 5744 1041 5813 sanctus,
1080 5760 1240 5816 quem
1281 5747 1464 5802 doceri
1502 5763 1532 5800 a
1583 5745 1722 5804 Filio
1750 5762 1818 5802 ex
1867 5744 2096 5802 Joannis

4037 1469 4055 1652 ι

4045 1739 4055 1930 ἓ

4047 1941 4057 2134 l

4045 2301 4056 2532 ξ
