4082 6224
355 313 492 373 ’κθ

1467 307 1825 365 ΟΟΜΜΕΝΤ.
1869 307 1934 362 IN
1971 306 2165 362 JOAN.
2201 306 2440 365 TOMUS
2475 305 2542 364 ll.

3533 313 3635 370 150

463 430 544 485 ﬂ.
576 426 742 482 Πάλιν
769 426 886 478 ἐπεί
916 427 1028 479 ἐστι
1051 425 1116 479 τὰ
1149 425 1628 496 παραλελειμμένα
1658 424 1769 480 τῶν
1805 425 1953 477 ἐναν-

2137 424 2224 478 ll.
2261 423 2491 488 llursus,
2539 425 2796 492 quoniam
2823 438 2889 479 ex
2917 423 3002 480 his
3029 437 3152 492 qua;
3181 421 3538 481 disseruimus
3564 428 3634 483 de

383 519 514 573 τίων
537 513 768 570 νοετσοαι
797 515 862 566 ὲκ
895 512 1004 565 τῶν
1036 514 1342 585 εἰρημένων
1371 515 1500 585 περὶ
1541 511 1648 567 τῶν
1679 512 1955 579 ἐναντίων,

385 611 602 678 λέγεται
621 607 678 660 δὲ
712 604 838 677 περὶ
860 604 1004 674 ζωῆς
1029 605 1124 658 καὶ
1161 605 1340 674 φωτὸς
1372 604 1695 675 ἀνθρώπων,
1719 605 1958 658 ἐναντίον

383 701 440 754 δὲ
465 703 530 771 τῇ
561 701 670 770 ζωῇ
698 697 946 761 Θάνατος,
977 697 1070 751 καὶ
1085 697 1326 774 ἐναντίον
1349 698 1488 767 φωτὶ
1511 698 1609 752 ἀνθ
1616 697 1812 770 ρώπων
1837 697 1960 752 σκό-

386 808 471 854 τος
501 789 822 860 ἀνθρώπων,
857 788 1004 843 ἔστιν
1040 789 1190 852 ίδεῖν,
1221 789 1305 842 ὅτι
1335 791 1364 843 6
1406 790 1465 842 ὲν
1499 789 1677 860 σκότῳ
1712 788 1822 842 τῶν
1861 790 1957 843 άν-

377 882 611 954 θρὼπων
628 880 920 952 τυγχάνων
949 882 1007 934 ἐν
1035 881 1255 952 θανάτῳ
1282 882 1419 944 ἐστὶ,
1455 880 1548 934 καὶ
1577 881 1606 934 6
1639 879 1706 933 τὰ
1728 881 1823 934 τοῦ
1857 881 1955 934 θα-

378 974 538 1028 νάτου
569 971 824 1042 πράττων
846 972 946 1026 οὐκ
965 971 1228 1043 ἀλλαχόσε
1252 971 1347 1026 τοῦ
1376 973 1596 1035 σκότους
1623 973 1788 1026 ἐστίν.
1823 973 1882 1026 ’0
1901 973 1957 1026 δὲ

380 1063 732 1134 μνημονεύσω
763 1062 858 1119 τοῦ
889 1064 1046 1130 Θεοῦ,
1091 1064 1185 1122 ἐάν
1209 1080 1272 1134 γε
1312 1063 1521 1136 νοῶμεν
1553 1064 1604 1118 τί
1633 1065 1697 1117 τὸ
1745 1081 1957 1134 μνημο-

370 1156 550 1212 νεύειν
579 1155 771 1219 αύτοῦ,
802 1158 904 1212 οὐκ
935 1157 1080 1214 ἔστιν
1102 1159 1158 1214 ἐν
1185 1155 1264 1227 τῷ
1290 1156 1526 1229 θανάτῳ,
1559 1155 1776 1212 κατὰτὸ
1807 1158 1958 1229 εἰρη-

358 1249 558 1319 ,μένοψ
610 1265 628 1299 t
664 1249 778 1305 υὺκ
833 1248 978 1302 ἔστιν
1023 1251 1080 1306 ὲν
1125 1248 1202 1320 τῷ
1252 1247 1468 1319 θανάτῳ
1519 1249 1550 1301 ὁ
1604 1247 1959 1318 μνημονεύων

377 1357 495 1393 σου.
541 1360 557 1391 t
597 1340 722 1394 Εἴτε
753 1340 810 1396 δὲ
858 1342 1048 1406 σκότος
1094 1341 1402 1414 ἀνθρώπων
1440 1340 1550 1395 εἴτε
1586 1339 1843 1404 Θάνατος,
1895 1340 1956 1398 οὐ

373 1432 535 1501 φύσει
555 1433 779 1488 τοιαῦτά
833 1434 1000 1499 ἐστιν,
1043 1433 1202 1492 ἄλλον
1250 1435 1434 1504 λόγου·
1467 1454 1484 1486 ι
1535 1433 1724 1503 Ἡμεῖς
1780 1432 1960 1502 ἦμεθά

376 1539 508 1578 ποτε
557 1525 766 1590 σκότος,
811 1525 905 1579 νῦν
934 1525 994 1584 δὲ
1027 1525 1142 1595 φῶς
1175 1528 1233 1579 ὲν
1272 1526 1484 1598 Κυρίῳ,
1523 1545 1543 1581 ρ
1591 1524 1694 1581 κᾶν
1728 1523 1958 1595 μάλιστα

372 1617 520 1683 ἅγιοι
572 1617 666 1670 καὶ
715 1619 1078 1687 πνευματικοῖῖ⁹
1123 1615 1227 1688 ἠδη
1271 1616 1716 1689 χρηματίζωμεν.
1771 1615 1957 1678 Οὕτως

367 1705 519 1769 ὅστις
553 1709 673 1760 ποτ’
697 1707 762 1761 ἂν
795 1708 906 1778 (64)
998 1709 1209 1772 σκότος,
1240 1707 1427 1778 ὥσπερ
1449 1707 1506 1762 δὲ
1529 1705 1773 1768 δεκτικὸς
1795 1705 1905 1776 (65)
1927 1707 1956 1760 6

2063 515 2374 580 contrariis,
2411 515 2636 585 intelligi
2679 524 2904 584 possunt
2932 514 3208 572 contraria
3243 515 3632 584 prastermissa,

2001 613 2022 628 ’
2059 604 2351 660 disseritur
2380 612 2558 659 autem
2593 605 2662 659 de
2687 604 2796 664 vita
2828 613 2885 659 et
2915 603 3034 660 luce
3068 603 3376 671 hominum,
3406 616 3628 662 contra-

2062 697 2200 750 rium
2231 705 2410 752 autem
2446 697 2572 769 vita:
2599 711 2744 752 mors
2777 706 2898 763 est,
2927 704 2983 751 et
3011 696 3346 752 contrarium
3388 699 3494 753 luci
3526 697 3628 755 ho-

2061 786 2266 840 minum
2314 788 2554 844 tenebras
2581 787 2860 844 hominum
2892 826 2908 852 ,
2939 787 3127 843 videre
3159 797 3250 843 est
3275 777 3418 858 quod
3446 790 3540 860 qui
3577 791 3630 847 in

2061 877 2302 934 tenebris
2321 880 2556 935 exsistat
2595 879 2900 943 hominum,
2930 879 2976 935 is
3017 879 3183 935 etiam
3222 880 3298 936 sit
3331 881 3386 935 in
3432 893 3630 949 morte,

2057 979 2112 1024 et
2143 985 2264 1040 quae
2287 971 2484 1028 mortis
2509 980 2821 1042 suntagens
2853 986 2959 1026 non
2996 972 3127 1029 alibi
3160 973 3232 1029 sit
3261 988 3424 1043 quam
3457 975 3511 1029 in
3543 986 3626 1030 te-

2059 1061 2264 1116 nebris.
2320 1061 2511 1131 Atqui
2548 1076 2756 1118 memor
2793 1070 2880 1117 est
2925 1060 3058 1126 Dei,
3099 1061 3144 1116 si
3191 1063 3631 1121 consideraret-i-

2059 1165 2180 1208 mus
2206 1153 2334 1222 quid
2365 1155 2437 1209 sit
2464 1169 2763 1210 memorem
2803 1166 2926 1210 esse
2951 1153 3066 1218 Dei,
3098 1168 3204 1209 non
3234 1163 3318 1210 est
3352 1156 3406 1211 in
3433 1167 3630 1227 morte,

2057 1241 2212 1311 juxta
2241 1245 2369 1300 illud
2409 1246 2554 1315 quod
2601 1245 2804 1300 dicitur
2836 1245 2880 1278 ιδ
2914 1262 2926 1298 :
2955 1261 2976 1297 ι
3015 1241 3156 1300 Nihil
3183 1243 3261 1300 rei
3307 1260 3430 1301 cum
3463 1259 3635 1306 morte

2063 1332 2268 1400 habet,
2302 1337 2391 1404 qui
2426 1349 2633 1390 memor
2663 1345 2752 1391 est
2797 1335 2895 1390 tui.
2938 1354 2956 1387 ι
2989 1335 3072 1391 Αη
3102 1351 3232 1394 vero
3261 1339 3501 1396 tenebrae
3535 1342 3632 1397 ho-

2063 1424 2268 1482 minum
2297 1437 2352 1481 et
2393 1442 2542 1483 mors
2578 1437 2775 1482 natura
2808 1427 2933 1482 talia
2981 1428 3091 1483 sint
3116 1468 3131 1490 ,
3170 1444 3342 1486 necne
3364 1471 3379 1496 ,
3411 1432 3635 1490 alterius

2059 1527 2140 1573 est
2165 1519 2620 1574 coasiderationis
2670 1540 2680 1574 :
2719 1538 2738 1571 ι
2773 1518 2884 1574 Nos
2916 1535 3132 1578 eramus
3155 1522 3451 1592 aliquando
3485 1531 3636 1580 tene-

2057 1611 2190 1674 ϋηο,
2227 1625 2374 1666 nunc
2406 1621 2585 1666 autem
2613 1612 2703 1666 lux
2737 1612 2789 1666 in
2825 1613 3057 1668 Domino
3086 1616 3157 1679 ⁸³,
3206 1634 3223 1668 ι
3255 1615 3470 1670 etiamsi
3505 1629 3635 1672 san.-

2055 1701 2125 1755 cti
2159 1700 2588 1771 spiritualesque
2605 1701 2719 1772 jam
2761 1702 2946 1772 aliquo
2980 1705 3218 1762 maxime
3249 1716 3410 1775 pacto
3439 1710 3630 1764 simus.

367 1796 582 1861 Παῦλος
599 1799 788 1862 σκότος
821 1799 897 1853 ὢν
919 1799 1111 1868 γέγονε
1129 1799 1220 1854 τοῦ
1243 1798 1490 1870 γενέσθαι
1509 1796 1623 1865 φῶς
1656 1799 1714 1849 ὲν
1737 1797 1948 1868 Κυρίῳ.

2055 1789 2314 1860 Quisquis
2348 1789 2448 1846 fuit
2473 1792 2768 1862 aliquando
2801 1797 3056 1863 tenebrae,
3091 1797 3266 1855 factus
3293 1809 3376 1856 est
3408 1799 3630 1870 perinde

369 1888 526 1941 Κατὰ
555 1888 612 1941 δὲ
643 1889 772 1954 τοὺς
808 1889 1086 1960 οἰομένους
1131 1887 1266 1944 εἶναι
1315 1887 1500 1956 φύσεις
1550 1887 1948 1958 πνευματικὰς,

367 1975 561 2050 ὥσπερ
589 1979 681 2032 τὸν
713 1979 924 2033 Παῦλον
957 1981 1050 2034 καὶ
1084 1981 1208 2044 τοὺς
1242 1979 1432 2048 ἁγίους
1469 1979 1820 2044 ἀποστόλους,
1852 1981 1955 2036 οὐκ

363 2065 485 2123 οἶδα
509 2073 559 2123 εί
596 2070 826 2136 σώζεται
865 2073 925 2126 τὸ
961 2074 1052 2127 τὸν
1081 2072 1450 2144 πνευματικὸν
1489 2068 1630 2127 εἶναι
1667 2090 1798 2126 ποτε
1830 2073 1954 2128 σκό-

362 2178 480 2225 τος,
531 2164 624 2216 καὶ
675 2164 895 2236 ὕστερον
939 2166 1100 2221 αὑτὸν
1160 2165 1444 2234 γεγονέναι
1505 2164 1642 2234 φῶςο
1691 2166 1740 2218 εί
1787 2165 1894 2236 γὰρ
1926 2168 1954 2218 6

365 2254 735 2323 πνευματικός
763 2273 894 2309 ποτε
917 2258 1104 2320 σκότος
1129 2252 1219 2329 ἦν,
1250 2258 1279 2309 6
1303 2256 1486 2327 χοῖκὺς
1505 2257 1589 2320 τίς
1617 2255 1795 2321 tactv;
1826 2256 1888 2310 Εί
1906 2255 1952 2310 δ’

359 2344 580 2415 ἀληθὲς,
619 2349 702 2402 ὅτι
729 2348 792 2402 τὸ
815 2349 1005 2413 σκότος
1033 2349 1315 2420 γεγονέναι
1337 2347 1448 2420 (66)
1479 2347 1616 2418 φῶς,
1645 2348 1731 2412 τίς
1758 2349 1790 2418 ἡ
1821 2349 1954 2403 duo.

363 2436 638 2507 κλήρωσις
657 2439 750 2494 τοῦ
781 2439 855 2512 μὴ
883 2443 990 2495 πᾶν
1024 2441 1214 2505 σκότος
1239 2439 1500 2496 δύνασθαι
1520 2438 1774 2509 γενέσθαι
1801 2440 1949 2507 φῶς;

363 2529 430 2580 El
457 2528 531 2600 μὴ
567 2529 680 2602 γὰρ
705 2531 800 2586 ἐπὶ
841 2531 1055 2586 Παύλου
1085 2533 1322 2602 ἐλέγετο,
1345 2533 1428 2586 ὅτι
1455 2551 1472 2588 t
1506 2532 1725 2604 Ἧμεθά
1745 2549 1874 2586 ποτε
1895 2533 1952 2589 ὲν

363 2620 564 2691 σκότῳ,
593 2621 690 2675 νῦν
706 2622 764 2676 δὲ
780 2625 1031 2692 φωτεινώ⁸
1062 2625 1121 2680 ἐν
1150 2625 1358 2697 Κυρίῳο
1393 2643 1411 2678 t
1441 2624 1535 2678 tm
1560 2624 1618 2679 δὲ
1645 2617 1720 2679 ὧν
1747 2625 1952 2680 οἴονται

361 2711 579 2779 φύσεων
602 2713 1012 2785 ἀπολλυμένων,
1035 2717 1115 2770 ὄτι
1148 2717 1338 2781 σκότος
1361 2711 1526 2787 ἦσαν.
1551 2716 1585 2787 ἢ
1614 2717 1803 2780 σκότος
1824 2717 1950 2777 elei,

361 2799 469 2852 xiv
497 2799 681 2871 χώραν
706 2799 851 2873 εἶχεν
882 2805 914 2874 ή
949 2804 1078 2874 περὶ
1118 2804 1334 2874 φύσεων
1360 2805 1634 2869 ὑπόθεσις.
1669 2806 1808 2860 Novi.
1837 2804 1894 2858 δὲ
1923 2807 1953 2857 6

364 2891 576 2954 Παῦλός
633 2910 766 2965 φησι
809 2897 1090 2963 γεγονέναι
1120 2899 1249 2954 ποτὲ
1283 2897 1496 2962 σκότος,
1533 2895 1628 2955 νῦν
1659 2897 1716 2951 δὲ
1750 2897 1865 2967 φῶς
1893 2899 1952 2950 ὲν

363 2981 576 3053 Κυρίῳ,
605 2983 680 3048 ὡς
707 2985 930 3039 δυνατοῦ
963 2985 1116 3050 ὄντος
1142 2987 1234 3041 τοῦ
1271 2988 1494 3052 σκότους
1525 2992 1606 3052 είς
1640 2991 1756 3059 φῶς
1783 3009 1950 3061 μεταο

362 3076 564 3133 ϐαλεῖν.
591 3080 667 3132 Οὐ
698 3081 932 3150 χαλεπὸν
951 3083 1007 3136 δὲ
1032 3083 1100 3137 τὰ
1121 3084 1249 3156 περὶ
1277 3087 1474 3150 παντὸς
1500 3087 1722 3152 σκότους
1741 3089 1951 3160 ἀνθρώ-
1978 3131 2020 3186 c

2051 1893 2218 1952 atque
2248 1882 2468 1950 Paulus,
2519 1887 2756 1946 tenebrae
2793 1902 2917 1943 eum
2959 1899 3146 1957 esset,
3179 1904 3349 1960 capax
3379 1898 3434 1946 et
3473 1901 3633 1960 aptus

2055 1983 2114 2029 ut
2135 1975 2290 2032 lieret
2319 1975 2410 2030 lux
2434 1979 2489 2031 in
2507 1977 2756 2038 Domino.
2780 1978 2932 2036 Haud
2955 1996 3082 2038 vero
3104 1984 3218 2038 scio
3247 1999 3313 2037 an
3332 1983 3491 2054 juxta
3512 1985 3631 2054 opi-

2055 2065 2272 2120 nionem
2299 2081 2490 2124 eorum
2524 2070 2614 2136 qui
2647 2078 2874 2126 naturas
2915 2081 3106 2126 rentur
3151 2073 3464 2142 spirituales
3489 2115 3505 2141 ,
3534 2089 3630 2128 ve-

2057 2156 2154 2214 luti
2189 2155 2414 2212 Paulum
2449 2172 2514 2214 ac
2541 2169 2760 2216 sanctos
2795 2160 3070 2230 apostolos
3094 2201 3110 2227 ,
3135 2164 3432 2231 consistat,
3467 2167 3632 2234 spiri-

2060 2249 2258 2308 tualem
2293 2265 2414 2306 esse
2453 2251 2743 2321 aliquando
2773 2254 3030 2310 tenebras
3054 2295 3069 2320 ,
3118 2255 3404 2326 ipsumque
3442 2267 3628 2328 postea

2055 2341 2230 2400 lucem
2261 2341 2379 2398 ﬁeri
2411 2359 2426 2408 ;
2459 2357 2581 2398 nam
2614 2343 2658 2398 si
2689 2344 2995 2414 spiritualis
3029 2347 3264 2404 tenebrae
3309 2348 3632 2418 quandoque

2053 2435 2176 2501 fuit,
2216 2435 2494 2492 terrestris
2519 2435 2733 2505 qualis?
2761 2435 2914 2504 Quod
2943 2437 2988 2495 si
3017 2454 3202 2495 verum
3233 2450 3339 2506 est,
3375 2442 3632 2497 tenebras

2057 2528 2228 2584 factas
2257 2528 2428 2584 fuisse
2455 2527 2654 2595 lucem,
2684 2544 2930 2599 quamam
2957 2531 3170 2600 privata
3201 2534 3400 2588 electio
3429 2515 3513 2590 est
3534 2551 3631 2590 cur

2055 2633 2161 2674 non
2191 2633 2383 2675 omnes
2417 2621 2654 2676 tenebrat
2680 2621 2774 2676 lux
2805 2621 2921 2677 ﬁeri
2955 2623 3202 2693 queant?
3248 2624 3355 2678 Nisi
3392 2625 3538 2680 enim
3566 2627 3633 2680 de

2055 2709 2223 2768 Paulo
2269 2712 2476 2768 dictum
2531 2709 2728 2769 fuisset
2756 2713 2843 2766 l’°:
2879 2731 2897 2764 ι
2959 2713 3186 2769 Eramus
3233 2715 3528 2783 aliquando
3573 2715 3632 2769 in

2057 2803 2319 2870 tenebris,
2349 2815 2495 2858 nunc
2537 2811 2715 2861 autem
2746 2802 2908 2858 lucidi
2938 2816 3060 2858 eum
3091 2801 3343 2870 Domino,
3375 2823 3393 2856 ο
3425 2805 3498 2860 de
3527 2804 3634 2860 illis

2055 2909 2184 2950 vero
2217 2909 2355 2964 quos
2383 2895 2723 2951 arbitrantur
2755 2905 2965 2950 natura:
3004 2893 3297 2964 deperdita:
3323 2935 3339 2961 ,
3375 2898 3630 2965 quoniam

2057 2988 2292 3042 tenebras
2319 2997 2480 3043 erant
2506 2998 2558 3042 et
2607 2990 2845 3044 tenebrae
2887 2997 3016 3043 sunt
3040 3026 3057 3054 ,
3095 2989 3270 3044 locum
3313 2989 3500 3060 utique
3531 2993 3632 3046 ha-

2056 3079 2261 3135 buisset
2291 3094 2477 3135 eorum
2512 3081 2579 3136 de
2613 3081 2820 3136 naturis
2854 3079 3200 3151 hypothesis.
3248 3080 3407 3136 Nunc
3442 3092 3628 3137 autem

365 3188 503 3233 πων,
545 3172 794 3244 καὶπερὶ
837 3173 932 3228 τοῦ
975 3174 1204 3230 θανάτου
1234 3176 1426 3230 τούτου
1458 3180 1819 3249 τυγχάνοντος
1869 3183 1946 3254 τῷ

2053 3172 2254 3229 Paulus
2288 3174 2464 3244 inquit
2493 3189 2554 3229 se
2583 3175 2875 3244 aliquando
2927 3175 3181 3231 tenebras
3213 3177 3380 3232 fuisse
3410 3218 3425 3243 ,
3458 3192 3627 3231 nunc-

366 3263 542 3334 σκότῳ
586 3263 694 3316 τῶν
725 3265 1024 3336 ἀνθρώπων
1068 3268 1343 3339 ἐπιμελῶς
1376 3270 1504 3324 ίὸεἰν
1543 3271 1610 3324 ὲκ
1644 3272 1750 3326 τῶν
1790 3275 1944 3345 είρηυ-

2051 3279 2158 3334 que
2184 3280 2306 3321 esse
2335 3267 2509 3325 lucem
2533 3268 2587 3322 in
2621 3267 2866 3335 Domino,
2900 3270 3053 3340 quasi
3087 3270 3138 3324 in
3179 3271 3352 3326 lucem
3389 3272 3628 3325 tenebrat

367 3352 564 3422 μένων,
598 3354 658 3407 τὸ
672 3355 1016 3426 ἐνδεχόμενον
1045 3357 1258 3430 ὁρῶντα
1282 3358 1384 3429 τῆς
1421 3360 1514 3413 ἐπὶ
1545 3359 1606 3412 τὸ
1637 3363 1818 3431 χεῖρον
1855 3363 1946 3414 καὶ

2057 3358 2291 3414 transire
2339 3359 2568 3429 possint.
2603 3359 2757 3416 Haud
2807 3371 2988 3417 autem
3031 3362 3250 3420 dilIicile
3277 3372 3630 3425 estmernen-

363 3444 609 3512 κρεῖττον
641 3444 874 3500 ἑκάστου
909 3446 1232 3519 μεταϐολῆς.

2055 3459 2160 3506 tem
2227 3451 2656 3523 uniuscujusque
2705 3453 3108 3525 contingentem
3161 3454 3516 3510 mutationem
3571 3453 3626 3506 in

362 3539 555 3596 melius
587 3539 669 3593 vel
715 3540 766 3594 iu
801 3539 954 3610 pejus
984 3580 1001 3607 ,
1047 3542 1337 3612 diligenter
1385 3543 1694 3613 perspicere
1741 3559 1810 3598 ex
1866 3544 1951 3599 his
1997 3558 2118 3615 qua;
2165 3543 2442 3607 diximus,
2493 3558 2616 3614 quae
2661 3546 2727 3600 ad
2776 3560 2966 3602 omnes
3013 3547 3265 3602 tenebras
3306 3547 3625 3609 hominum,

357 3642 414 3685 et
445 3649 570 3699 qum
612 3635 678 3688 ad
712 3634 851 3689 hanc
883 3645 1112 3692 mortem
1152 3638 1205 3694 in
1239 3636 1482 3693 tenebris
1520 3639 1802 3695 hominum
1839 3639 2192 3696 exsistentem
2230 3639 2524 3708 pertinent.

435 3726 579 3778 Πάνυ
608 3725 665 3779 δὲ
699 3725 889 3795 βιαίως
920 3727 1060 3782 κατὰ
1077 3729 1170 3782 τὸν
1200 3731 1364 3783 τόπον
1395 3732 1686 3802 γενόμενος
1709 3733 1738 3784 ό
1777 3731 1945 3802 Ἦρα-

2126 3731 2213 3785 l5.
2261 3729 2532 3786 Caeterum
2571 3729 2723 3784 valde
2759 3738 2946 3784 coactc
2996 3729 3060 3782 ad
3111 3729 3258 3783 hunc
3310 3737 3628 3784 contextum

361 3817 554 3881 κλέων,
587 3817 669 3869 τόο
710 3837 726 3868 t
774 3819 838 3871 Ὃ
876 3818 1098 3887 γέγονεν
1133 3820 1192 3874 ὲν
1225 3821 1373 3892 αὐτῷ
1405 3821 1516 3893 ζωὴ
1549 3817 1638 3892 ἦν,
1690 3841 1707 3873 ι
1740 3821 1946 3892 ὲξιίλη-

2051 3819 2272 3874 veniens
2299 3819 2599 3874 lleracleon
2635 3838 2647 3873 :
2692 3837 2710 3870 ι
2747 3817 2900 3886 Quod
2940 3818 3144 3875 factum
3171 3828 3256 3876 est
3285 3821 3338 3875 in
3373 3821 3490 3890 ipso
3515 3820 3624 3873 vita

359 3926 463 3979 φεν
505 3909 626 3963 ἀντὶ
679 3908 796 3976 τοῦ,
837 3910 908 3963 ἐν
937 3908 1122 3976 αὐτῷ,
1175 3913 1256 3975 είς
1299 3913 1424 3976 τοὺς
1463 3911 1785 3984 ἀνθρώπους
1818 3913 1943 3976 τοὺς

2051 3918 2168 3965 erat
2192 3910 2237 3942 “
2271 3928 2284 3963 :
2321 3928 2338 3961 ι
2378 3911 2433 3964 in
2477 3911 2591 3979 ipso
2643 3911 3028 3981 interpretatus
3081 3920 3168 3968 est
3211 3910 3264 3967 in
3313 3911 3623 3968 hominibus

360 4001 786 4072 πνευματικούς·
815 4003 976 4056 οἱονεὶ
1004 4001 1204 4058 ταύτὸν
1235 4003 1462 4074 νομίσας
1492 3997 1630 4059 εῖναι
1656 4003 1747 4057 τὸν
1771 4002 1942 4071 Λόγον

2052 3999 2432 4068 spiritualibus
2462 4018 2474 4056 ε
2506 4001 2664 4070 quasi
2697 3999 3023 4058 Sermonem
3060 4013 3115 4058 et
3137 4003 3450 4073 spirituales
3479 4003 3623 4059 idem

359 4091 456 4145 καὶ
495 4093 624 4155 τοὺς
655 4091 1076 4162 πνευματικούς.
1114 4093 1176 4148 Εἰ
1219 4093 1315 4147 καὶ
1351 4093 1424 4164 μὴ
1467 4093 1657 4162 σαφῶς
1687 4093 1841 4148 ταῦτ’
1875 4095 1945 4148 ετ-

362 4199 522 4253 ρηκε,
552 4182 648 4237 καὶ
673 4183 914 4256 ὡσπερεὶ
929 4185 1247 4254 αίτιολογῶν
1263 4201 1449 4256 φησιν·
1471 4205 1488 4238 ι
1523 4185 1693 4248 Αὐτὸς
1712 4185 1822 4257 γὰρ
1847 4185 1944 4256 τὴν

361 4272 587 4346 πρώτην
621 4274 902 4345 μόρφωσιν
931 4275 1030 4348 τὴν
1053 4277 1196 4332 κατὰ
1216 4276 1316 4349 τὴν
1341 4276 1556 4344 γένεσιν
1586 4279 1772 4344 αὐτοῖς
1803 4296 1945 4351 παρ-

361 4366 521 4435 ἐσχε·
557 4365 625 4419 τὰ
664 4366 755 4419 ὑπ’
784 4366 942 4421 ἄλλου
975 4368 1220 4439 παρέντα
1239 4370 1320 4434 είς
1349 4371 1564 4444 μορφὴν
1592 4371 1686 4425 καὶ
1715 4374 1797 4436 είς
1831 4390 1944 4443 φω-

361 4454 553 4526 τισμὸν
573 4457 667 4511 καὶ
681 4457 1051 4530 παραγραφὴν
1077 4459 1214 4516 ἰδίαν
1235 4460 1460 4530 ἀγαγὼν
1485 4461 1580 4516 καὶ
1595 4462 1895 4528 ἀναδείξας.
1923 4484 1941 4515 ι

359 4547 440 4600 θὺ
467 4549 818 4622 παρατήρησε
841 4549 901 4603 δὲ
926 4550 1018 4603 καὶ
1039 4550 1101 4604 τὸ
1127 4551 1378 4624 περὶτῶν
1396 4554 1778 4626 πνευματικῶν
1794 4556 1948 4626 παρὰ

357 4640 440 4712 τῷ
489 4641 688 4714 Παύλῳ
735 4644 1064 4715 λεγομένων,
1107 4645 1196 4698 ὅτι
1227 4645 1550 4718 ἀνθρώπους
1573 4646 1771 4710 αὐτοὺς
1806 4643 1946 4700 εἶναι

361 4729 738 4802 ἀπεσιώπησε
793 4749 810 4782 t
855 4732 1100 4804 Ψυχικδς
1153 4733 1439 4805 ἄνθρωπος
1489 4735 1552 4788 οὐ
1609 4735 1824 4806 δέχεται
1877 4737 1948 4789 τά

363 4821 456 4875 τοῦ
489 4821 798 4892 πνεύματος
823 4823 918 4878 τοῦ
944 4823 1099 4878 Θεοῦο
1134 4827 1315 4899 μωρία
1346 4825 1456 4898 γάρ
1473 4828 1622 4880 ἐστιν
1649 4827 1815 4898 αὐτῷ·
1839 4831 1868 4882 6
1891 4828 1948 4882 δὲ

362 4916 731 4984 πνευματικὸς
772 4917 1050 4989 ἀνακρίνει
1085 4919 1278 4977 πάντα.
1322 4939 1340 4970 ι
1397 4919 1587 4990 Ἡμεῖς
1613 4918 1721 4991 γὰρ
1757 4920 1818 4973 οὐ
1853 4921 1950 4991 μά-

360 5021 464 5075 την
483 5006 646 5060 αὐτόν
675 5025 854 5080 φαμεν
883 5009 975 5062 ἐπὶ
997 5009 1092 5063 τοῦ
1115 5011 1488 5082 πνευματικοῦ
1523 5011 1597 5080 μὴ
1627 5012 1946 5083 προστεθει-

364 5096 520 5150 abet
562 5099 646 5160 τὸ,
694 5099 1000 5171 ἄνθρωπος·
1050 5103 1295 5171 κρεῖττον
1344 5100 1454 5172 γὰρ
1499 5101 1532 5170 ἢ
1589 5100 1877 5170 ἄνθρωπος
1919 5103 1948 5155 ό

2050 4109 2172 4150 esse
2213 4095 2514 4152 arbitratus
2549 4096 2732 4155 fuerit.
2787 4095 2902 4152 Etsi
2937 4111 3043 4152 non
3090 4106 3282 4166 aperte
3311 4098 3364 4153 id
3398 4098 3621 4161 dixerit,

2053 4197 2106 4242 at
2149 4187 2311 4244 veluti
2361 4201 2582 4244 causam
2631 4187 2884 4253 reddens,
2921 4187 3142 4257 inquit:
3173 4206 3192 4240 ι
3254 4189 3429 4258 Ipsam
3473 4189 3623 4244 enim

2051 4278 2278 4348 primam
2326 4277 2710 4334 formationem
2738 4320 2752 4346 ,
2782 4281 2964 4350 quoad
3013 4286 3194 4334 ortum
3224 4281 3420 4335 attinet
3439 4321 3456 4346 ,
3488 4281 3622 4350 ipsis

1971 4352 2023 4412 1)
2050 4367 2282 4436 prtebuit
2303 4405 2320 4434 ,
2355 4370 2424 4424 ab
2449 4367 2558 4424 alio
2587 4369 2962 4438 prmtermissa
2990 4369 3042 4423 in
3074 4369 3306 4424 formam
3339 4408 3355 4434 ,
3401 4378 3458 4424 et
3490 4368 3620 4422 illu-

2049 4456 2434 4525 minationem,
2485 4468 2543 4513 et
2587 4455 3008 4518 delineationem
3050 4457 3330 4527 propriam
3373 4455 3578 4510 ducens
3604 4495 3619 4520 ,

2045 4557 2100 4604 et
2124 4547 2234 4622 74
2263 4552 2576 4606 ostendens.
2616 4567 2638 4600 ι
2676 4547 3139 4605 Νοηίοὺθοιινονὶι
3167 4556 3350 4602 autem
3386 4543 3616 4600 Paulum

2046 4642 2115 4696 de
2137 4641 2513 4712 spiritualibus
2545 4642 2878 4710 loquentem,
2913 4653 3010 4695 eos
3031 4639 3284 4694 homines
3312 4651 3456 4706 esse,
3489 4638 3622 4693 reti-

2047 4734 2226 4789 coisse
2257 4750 2269 4786 :
2306 4750 2325 4784 ι
2371 4732 2638 4788 Animalia
2665 4734 2812 4788 enim
2840 4772 2856 4799 ,
2889 4731 3104 4799 inquit,
3138 4730 3304 4786 homo
3333 4745 3440 4787 non
3477 4729 3617 4786 reci-

2046 4824 2125 4894 pit
2149 4839 2274 4894 ~quae
2299 4834 2427 4880 sunt
2451 4823 2692 4894 Spiritus
2724 4822 2816 4879 Dei
2863 4839 2878 4876 :
2921 4821 3151 4877 stultitia
3177 4821 3332 4893 enim
3362 4830 3447 4879 est
3485 4822 3562 4878 illi
3603 4839 3618 4877 ε

2047 4925 2103 4969 at
2145 4914 2444 4986 spiritualis
2470 4914 2652 4969 omnia
2687 4914 2951 4986 diiudicat
2981 4915 3050 4970 ".
3085 4934 3104 4969 ι
3146 4915 3256 4973 Nos
3297 4915 3454 4973 enim
3483 4914 3618 4970 dici-

2048 5025 2168 5066 mus
2190 5024 2295 5066 non
2327 5010 2424 5066 abs
2451 5024 2510 5064 re
2535 5025 2731 5067 nomen
2761 5011 2995 5068 hominis
3021 5027 3050 5066 a
3079 5009 3244 5067 Paulo
3291 5007 3624 5082 praetermis-

2049 5117 2192 5168 sum,
2223 5115 2347 5157 cum
2369 5100 2710 5172 spiritualem
2751 5102 2976 5166 diceret,
3003 5116 3069 5157 eo
3095 5101 3240 5170 quod
3272 5097 3620 5170 praestantius

365 5190 751 5260 πνευματικὸς,
763 5189 860 5244 τοῦ
884 5191 1174 5264 ἀνθρώπου
1201 5193 1320 5264 ἦτοι
1345 5193 1402 5245 ὲν
1427 5191 1572 5262 ψυχῇ
1597 5192 1630 5261 ἢ
1659 5193 1716 5244 ἐν
1734 5191 1944 5263 σώματι

2052 5193 2306 5262 quiddam
2345 5193 2644 5260 spiritualis
2669 5195 2780 5258 sit,
2827 5208 2990 5263 quam
3025 5194 3185 5248 homo
3218 5211 3232 5247 :
3268 5203 3462 5260 nempe
3515 5188 3616 5244 bo-

363 5279 399 5351 I,
429 5283 488 5335 ὲν
512 5283 938 5355 συναμφοτέροις
979 5283 1089 5354 (67)
1123 5283 1689 5355 χαρακτηριζομένου,
1733 5283 1852 5354 οὐχὶ
1891 5284 1948 5337 δὲ

2059 5283 2221 5346 mine,
2261 5282 2343 5338 vel
2376 5284 2428 5338 in
2462 5283 2666 5348 anima,
2701 5280 2784 5336 vel
2818 5281 2870 5336 in
2899 5295 3149 5351 corpore,
3175 5279 3256 5334 vel
3287 5277 3340 5332 in
3377 5275 3622 5345 utrisque

437 5421 482 5453 ”
507 5421 654 5478 l‘sal.
675 5437 746 5486 τι,
768 5425 821 5480 6.
905 5425 947 5458 ¹⁶⁹
972 5425 1169 5495 Ephes.
1201 5440 1250 5488 ν,
1281 5424 1334 5479 8.
1413 5425 1458 5456 ‘°
1486 5423 1612 5480 ibid.
1689 5425 1732 5455 ⁵¹
1760 5424 1917 5480 Joan.

2057 5464 2070 5478 .
2178 5426 2221 5456 δ’
2263 5425 2279 5478 l
2316 5425 2502 5480 Cor."
2534 5464 2547 5489 ,
2594 5423 2680 5476 Μ.

2119 5540 2230 5610 (66)
2267 5538 2605 5610 ’ἐτὀνένας·
2653 5537 2790 5607 Lesc
2822 5537 3030 5605 γέγονε,
3067 5535 3147 5592 vel
3195 5535 3505 5607 praecedens
3539 5537 3620 5589 ὅτι

2048 5608 2364 5666 mutandum
2396 5609 2446 5661 in
2471 5608 2607 5662 ἐστί.

2118 5679 2230 5748 (67)
2271 5679 2338 5733 Ἢ
2361 5679 2430 5732 ἐν
2474 5678 2966 5748 συναμφοτέροις.
3029 5677 3120 5731 Sic
3169 5677 3337 5732 codex
3373 5675 3623 5733 Bodleia-

2118 5764 2200 5816 IS;
2236 5749 2400 5805 editio
2422 5747 2706 5815 iiuetiana,
2743 5748 2774 5818 ἧ
2807 5753 2902 5803 σὺν
2938 5745 3285 5818 ἀμφοτέροις.

397 5599 422 5622 ν
440 5538 548 5606 (64)
578 5538 779 5604 Οὕτως
802 5539 968 5605 ὅστις
991 5539 1120 5592 ποτ’
1150 5539 1247 5602 ἄν,
1275 5547 1381 5594 etc.
1422 5541 1707 5597 Ferrarius
1735 5541 1945 5618 legebat

367 5624 550 5748 adigi")
589 5678 816 5744 ’Ὠσπερ
861 5677 930 5732 δὲ
958 5679 1250 5745 δεκτικός,
1286 5689 1390 5735 etc.
1433 5679 1743 5748 Legendum
1789 5681 1941 5738 vide-

374 5756 477 5808 tur.
510 5746 753 5812 δεκτικὸς
779 5748 966 5818 ὥσπερ
985 5750 1013 5802 ὁ
1042 5748 1275 5815 Παῦλος,
1307 5760 1412 5806 etc.
1517 5746 1537 5748 ﬁ

2059 5764 2159 5805 nus
2183 5746 2400 5816 {editio
2422 5746 2706 5815 ilueliana,
2743 5748 2774 5819 ἧ
2807 5753 2902 5803 σὺν
