  <div class='ocr_page' id='page_1' title='image "/cluster/home/n/w/nwhite01/storage/ocr_20150623/14/hvd.32044073501363/082.png"; bbox 0 0 4040 6210; ppageno 0'>
   <div class='ocr_carea' id='block_1_1' title="bbox 307 275 3578 360">
    <p class='ocr_par' dir='ltr' id='par_1_1' title="bbox 307 275 3578 360">
     <span class='ocr_line' id='line_1_1' title="bbox 307 275 3578 360; baseline 0.004 -14"><span class='ocrx_word' id='word_1_1' title='bbox 307 275 418 346; x_wconf 61' lang='lat' dir='ltr'><strong>is:</strong></span> <span class='ocrx_word' id='word_1_2' title='bbox 1411 291 1769 348; x_wconf 64' lang='lat' dir='ltr'><strong>coemam.</strong></span> <span class='ocrx_word' id='word_1_3' title='bbox 1812 293 1878 350; x_wconf 78' lang='lat' dir='ltr'><strong>IN</strong></span> <span class='ocrx_word' id='word_1_4' title='bbox 1915 294 2105 351; x_wconf 77' lang='lat' dir='ltr'><strong>JOAN.</strong></span> <span class='ocrx_word' id='word_1_5' title='bbox 2143 295 2384 352; x_wconf 86' lang='lat' dir='ltr'><strong>TOMUS</strong></span> <span class='ocrx_word' id='word_1_6' title='bbox 2421 295 2484 350; x_wconf 87' lang='grc' dir='ltr'>ιι.</span> <span class='ocrx_word' id='word_1_7' title='bbox 3479 305 3578 360; x_wconf 70' lang='lat' dir='ltr'><strong>tsi</strong></span> 
     </span>
    </p>
   </div>
   <div class='ocr_carea' id='block_1_2' title="bbox 315 396 1881 479">
    <p class='ocr_par' dir='ltr' id='par_1_2' title="bbox 315 396 1881 473">
     <span class='ocr_line' id='line_1_2' title="bbox 315 396 1881 473; baseline 0.003 -21"><span class='ocrx_word' id='word_1_8' title='bbox 315 396 566 470; x_wconf 78' lang='grc' dir='ltr'>Ἀϐραὰμ</span> <span class='ocrx_word' id='word_1_9' title='bbox 596 397 792 468; x_wconf 80' lang='grc' dir='ltr'>τριῶν,</span> <span class='ocrx_word' id='word_1_10' title='bbox 834 398 928 452; x_wconf 76' lang='grc' dir='ltr'>καὶ</span> <span class='ocrx_word' id='word_1_11' title='bbox 961 399 1270 470; x_wconf 80' lang='grc' dir='ltr'><strong>γενομένων</strong></span> <span class='ocrx_word' id='word_1_12' title='bbox 1296 401 1353 453; x_wconf 81' lang='grc' dir='ltr'>ὲν</span> <span class='ocrx_word' id='word_1_13' title='bbox 1384 401 1638 473; x_wconf 85' lang='grc' dir='ltr'><strong>Σοδόμοις</strong></span> <span class='ocrx_word' id='word_1_14' title='bbox 1665 402 1778 466; x_wconf 85' lang='grc' dir='ltr'>δύο,</span> <span class='ocrx_word' id='word_1_15' title='bbox 1810 405 1881 458; x_wconf 84' lang='grc' dir='ltr'><strong>κα</strong></span> 
     </span>
    </p>
   </div>
   <div class='ocr_carea' id='block_1_3' title="bbox 1983 396 3579 479">
    <p class='ocr_par' dir='ltr' id='par_1_3' title="bbox 2007 403 3579 479">
     <span class='ocr_line' id='line_1_3' title="bbox 2007 403 3579 479; baseline 0.009 -21"><span class='ocrx_word' id='word_1_16' title='bbox 2007 403 2283 458; x_wconf 77' lang='lat' dir='ltr'><strong>Abraham</strong></span> <span class='ocrx_word' id='word_1_17' title='bbox 2329 406 2566 475; x_wconf 86' lang='lat' dir='ltr'><strong>hospitio</strong></span> <span class='ocrx_word' id='word_1_18' title='bbox 2609 407 2764 464; x_wconf 74' lang='lat' dir='ltr'><strong>fuere</strong></span> <span class='ocrx_word' id='word_1_19' title='bbox 2815 409 3028 479; x_wconf 77' lang='lat' dir='ltr'><strong>excepti</strong></span> <span class='ocrx_word' id='word_1_20' title='bbox 3069 410 3143 476; x_wconf 81' lang='lat'><strong>“,</strong></span> <span class='ocrx_word' id='word_1_21' title='bbox 3176 419 3232 464; x_wconf 91' lang='lat' dir='ltr'><strong>et</strong></span> <span class='ocrx_word' id='word_1_22' title='bbox 3265 411 3318 466; x_wconf 91' lang='lat' dir='ltr'><strong>in</strong></span> <span class='ocrx_word' id='word_1_23' title='bbox 3366 415 3579 472; x_wconf 81' lang='lat' dir='ltr'><strong>duobus</strong></span> 
     </span>
    </p>
   </div>
   <div class='ocr_carea' id='block_1_4' title="bbox 303 487 1898 562">
    <p class='ocr_par' dir='ltr' id='par_1_4' title="bbox 303 487 1898 562">
     <span class='ocr_line' id='line_1_4' title="bbox 303 487 1898 562; baseline 0.003 -20"><span class='ocrx_word' id='word_1_24' title='bbox 303 492 360 543; x_wconf 71' lang='grc' dir='ltr'>ἐν</span> <span class='ocrx_word' id='word_1_25' title='bbox 382 490 488 559; x_wconf 82' lang='grc' dir='ltr'><strong>ὅλῳ</strong></span> <span class='ocrx_word' id='word_1_26' title='bbox 511 487 593 558; x_wconf 82' lang='grc' dir='ltr'><strong>τῷ</strong></span> <span class='ocrx_word' id='word_1_27' title='bbox 621 488 804 559; x_wconf 83' lang='grc' dir='ltr'>εἱρμῷ</span> <span class='ocrx_word' id='word_1_28' title='bbox 836 489 938 559; x_wconf 84' lang='grc' dir='ltr'>τῆς</span> <span class='ocrx_word' id='word_1_29' title='bbox 971 489 1196 562; x_wconf 70' lang='grc' dir='ltr'>Γραφῆς</span> <span class='ocrx_word' id='word_1_30' title='bbox 1221 491 1310 544; x_wconf 78' lang='grc' dir='ltr'><strong>ὁτὲ</strong></span> <span class='ocrx_word' id='word_1_31' title='bbox 1339 493 1437 561; x_wconf 81' lang='grc' dir='ltr'><strong>μὲν</strong></span> <span class='ocrx_word' id='word_1_32' title='bbox 1461 491 1654 562; x_wconf 83' lang='grc' dir='ltr'>ἄνδρες</span> <span class='ocrx_word' id='word_1_33' title='bbox 1673 532 1686 556; x_wconf 93' lang='grc'><strong>,</strong></span> <span class='ocrx_word' id='word_1_34' title='bbox 1731 494 1820 546; x_wconf 79' lang='grc' dir='ltr'>ὁτὲ</span> <span class='ocrx_word' id='word_1_35' title='bbox 1842 494 1898 547; x_wconf 84' lang='grc' dir='ltr'>δὲ</span> 
     </span>
    </p>
   </div>
   <div class='ocr_carea' id='block_1_5' title="bbox 304 575 1896 656">
    <p class='ocr_par' dir='ltr' id='par_1_5' title="bbox 304 575 1896 656">
     <span class='ocr_line' id='line_1_5' title="bbox 304 575 1896 656; baseline 0.003 -24"><span class='ocrx_word' id='word_1_36' title='bbox 304 579 522 650; x_wconf 74' lang='grc' dir='ltr'>ἄγγελοι</span> <span class='ocrx_word' id='word_1_37' title='bbox 555 575 698 632; x_wconf 74' lang='grc' dir='ltr'>εἶναι</span> <span class='ocrx_word' id='word_1_38' title='bbox 732 579 1004 649; x_wconf 85' lang='grc' dir='ltr'>λέγονται.</span> <span class='ocrx_word' id='word_1_39' title='bbox 1053 581 1200 651; x_wconf 81' lang='grc' dir='ltr'>Πλὴν</span> <span class='ocrx_word' id='word_1_40' title='bbox 1226 582 1256 632; x_wconf 87' lang='grc' dir='ltr'><strong>ό</strong></span> <span class='ocrx_word' id='word_1_41' title='bbox 1289 580 1448 635; x_wconf 88' lang='grc' dir='ltr'>τοῦτο</span> <span class='ocrx_word' id='word_1_42' title='bbox 1481 583 1716 653; x_wconf 76' lang='grc' dir='ltr'>νομίζων</span> <span class='ocrx_word' id='word_1_43' title='bbox 1761 587 1896 656; x_wconf 81' lang='grc' dir='ltr'><strong>ὲρεί,</strong></span> 
     </span>
    </p>
   </div>
   <div class='ocr_carea' id='block_1_6' title="bbox 303 670 1899 746">
    <p class='ocr_par' dir='ltr' id='par_1_6' title="bbox 303 670 1899 746">
     <span class='ocr_line' id='line_1_6' title="bbox 303 670 1899 746; baseline 0.002 -20"><span class='ocrx_word' id='word_1_44' title='bbox 303 675 402 733; x_wconf 79' lang='grc' dir='ltr'>ὅτι,</span> <span class='ocrx_word' id='word_1_45' title='bbox 429 672 624 744; x_wconf 79' lang='grc' dir='ltr'>ὥσπερ</span> <span class='ocrx_word' id='word_1_46' title='bbox 647 671 801 743; x_wconf 76' lang='grc' dir='ltr'>παρὰ</span> <span class='ocrx_word' id='word_1_47' title='bbox 831 675 948 736; x_wconf 85' lang='grc' dir='ltr'>τοῖς</span> <span class='ocrx_word' id='word_1_48' title='bbox 972 670 1432 742; x_wconf 57' lang='grc' dir='ltr'><strong>ὁμολογουμένοις⁴</strong></span> <span class='ocrx_word' id='word_1_49' title='bbox 1451 671 1563 744; x_wconf 78' lang='lat'><strong>(75)</strong></span> <span class='ocrx_word' id='word_1_50' title='bbox 1591 673 1899 746; x_wconf 80' lang='grc' dir='ltr'>ἀνθρώποις</span> 
     </span>
    </p>
   </div>
   <div class='ocr_carea' id='block_1_7' title="bbox 302 755 1898 836">
    <p class='ocr_par' dir='ltr' id='par_1_7' title="bbox 302 755 1898 836">
     <span class='ocr_line' id='line_1_7' title="bbox 302 755 1898 836; baseline 0.003 -20"><span class='ocrx_word' id='word_1_51' title='bbox 302 763 441 816; x_wconf 73' lang='grc' dir='ltr'>εἰσὶν</span> <span class='ocrx_word' id='word_1_52' title='bbox 488 763 731 831; x_wconf 74' lang='grc' dir='ltr'>ἄγγελοι,</span> <span class='ocrx_word' id='word_1_53' title='bbox 775 762 854 826; x_wconf 81' lang='grc' dir='ltr'>ὡς</span> <span class='ocrx_word' id='word_1_54' title='bbox 887 763 916 815; x_wconf 89' lang='grc' dir='ltr'><strong>ό</strong></span> <span class='ocrx_word' id='word_1_55' title='bbox 962 755 1240 836; x_wconf 75' lang='grc' dir='ltr'><strong>Ζαχαρίας</strong></span> <span class='ocrx_word' id='word_1_56' title='bbox 1278 763 1486 832; x_wconf 74' lang='grc' dir='ltr'>λέγων’</span> <span class='ocrx_word' id='word_1_57' title='bbox 1547 783 1565 816; x_wconf 79' lang='grc' dir='ltr'><strong>ι</strong></span> <span class='ocrx_word' id='word_1_58' title='bbox 1633 766 1898 835; x_wconf 77' lang='grc' dir='ltr'>Ἀγγελος</span> 
     </span>
    </p>
   </div>
   <div class='ocr_carea' id='block_1_8' title="bbox 301 853 1899 929">
    <p class='ocr_par' dir='ltr' id='par_1_8' title="bbox 301 853 1899 929">
     <span class='ocr_line' id='line_1_8' title="bbox 301 853 1899 929; baseline 0.003 -22"><span class='ocrx_word' id='word_1_59' title='bbox 301 853 442 907; x_wconf 85' lang='grc' dir='ltr'>Θεοῦ</span> <span class='ocrx_word' id='word_1_60' title='bbox 477 854 586 924; x_wconf 73' lang='grc' dir='ltr'><strong>ἐγὼ</strong></span> <span class='ocrx_word' id='word_1_61' title='bbox 633 854 751 924; x_wconf 81' lang='grc' dir='ltr'>μεθ’</span> <span class='ocrx_word' id='word_1_62' title='bbox 785 853 942 924; x_wconf 86' lang='grc' dir='ltr'>ὐμῶν</span> <span class='ocrx_word' id='word_1_63' title='bbox 987 855 1126 926; x_wconf 80' lang='grc' dir='ltr'>ειμι,</span> <span class='ocrx_word' id='word_1_64' title='bbox 1170 855 1319 923; x_wconf 82' lang='grc' dir='ltr'><strong>λέγει</strong></span> <span class='ocrx_word' id='word_1_65' title='bbox 1349 855 1551 926; x_wconf 81' lang='grc' dir='ltr'>Κύριος</span> <span class='ocrx_word' id='word_1_66' title='bbox 1595 860 1899 929; x_wconf 81' lang='grc' dir='ltr'>παντοκρά-</span> 
     </span>
    </p>
   </div>
   <div class='ocr_carea' id='block_1_9' title="bbox 303 940 1894 1019">
    <p class='ocr_par' dir='ltr' id='par_1_9' title="bbox 303 940 1894 1019">
     <span class='ocr_line' id='line_1_9' title="bbox 303 940 1894 1019; baseline 0.003 -19"><span class='ocrx_word' id='word_1_67' title='bbox 303 963 453 1017; x_wconf 83' lang='grc' dir='ltr'>τωρ·</span> <span class='ocrx_word' id='word_1_68' title='bbox 494 966 511 997; x_wconf 79' lang='grc' dir='ltr'><strong>ι</strong></span> <span class='ocrx_word' id='word_1_69' title='bbox 550 947 700 999; x_wconf 83' lang='grc' dir='ltr'>καὶὸ</span> <span class='ocrx_word' id='word_1_70' title='bbox 743 946 1016 1016; x_wconf 82' lang='grc' dir='ltr'><strong>Ἰωάννης,</strong></span> <span class='ocrx_word' id='word_1_71' title='bbox 1057 947 1188 1018; x_wconf 77' lang='grc' dir='ltr'>περὶ</span> <span class='ocrx_word' id='word_1_72' title='bbox 1215 940 1278 999; x_wconf 79' lang='grc' dir='ltr'><strong>οὐ</strong></span> <span class='ocrx_word' id='word_1_73' title='bbox 1307 948 1650 1019; x_wconf 74' lang='grc' dir='ltr'>γέγραπταιο</span> <span class='ocrx_word' id='word_1_74' title='bbox 1691 968 1710 1001; x_wconf 77' lang='grc' dir='ltr'><strong>ι</strong></span> <span class='ocrx_word' id='word_1_75' title='bbox 1763 950 1894 1004; x_wconf 84' lang='grc' dir='ltr'>Ἰδοὺ</span> 
     </span>
    </p>
   </div>
   <div class='ocr_carea' id='block_1_10' title="bbox 305 1037 1888 1111">
    <p class='ocr_par' dir='ltr' id='par_1_10' title="bbox 305 1037 1888 1111">
     <span class='ocr_line' id='line_1_10' title="bbox 305 1037 1888 1111; baseline 0.001 -21"><span class='ocrx_word' id='word_1_76' title='bbox 305 1037 417 1104; x_wconf 80' lang='grc' dir='ltr'><strong>ἐγὼ</strong></span> <span class='ocrx_word' id='word_1_77' title='bbox 434 1037 752 1091; x_wconf 73' lang='grc' dir='ltr'><strong>ἀποστέλλω</strong></span> <span class='ocrx_word' id='word_1_78' title='bbox 775 1037 868 1090; x_wconf 80' lang='grc' dir='ltr'><strong>τὸν</strong></span> <span class='ocrx_word' id='word_1_79' title='bbox 891 1037 1120 1107; x_wconf 75' lang='grc' dir='ltr'>ἄγγελόν</span> <span class='ocrx_word' id='word_1_80' title='bbox 1143 1055 1247 1108; x_wconf 90' lang='grc' dir='ltr'><strong>μου</strong></span> <span class='ocrx_word' id='word_1_81' title='bbox 1276 1039 1384 1110; x_wconf 86' lang='grc' dir='ltr'><strong>πρὸ</strong></span> <span class='ocrx_word' id='word_1_82' title='bbox 1406 1039 1700 1111; x_wconf 77' lang='grc' dir='ltr'><strong>προσώπου</strong></span> <span class='ocrx_word' id='word_1_83' title='bbox 1722 1058 1838 1108; x_wconf 91' lang='grc' dir='ltr'>σου,</span> <span class='ocrx_word' id='word_1_84' title='bbox 1869 1062 1888 1092; x_wconf 73' lang='grc' dir='ltr'><strong>ι</strong></span> 
     </span>
    </p>
   </div>
   <div class='ocr_carea' id='block_1_11' title="bbox 304 1121 1896 1204">
    <p class='ocr_par' dir='ltr' id='par_1_11' title="bbox 304 1121 1896 1204">
     <span class='ocr_line' id='line_1_11' title="bbox 304 1121 1896 1204; baseline 0.003 -20"><span class='ocrx_word' id='word_1_85' title='bbox 304 1130 474 1194; x_wconf 76' lang='grc' dir='ltr'>οὕτως</span> <span class='ocrx_word' id='word_1_86' title='bbox 499 1131 596 1184; x_wconf 78' lang='grc' dir='ltr'><strong>καὶ</strong></span> <span class='ocrx_word' id='word_1_87' title='bbox 627 1131 676 1183; x_wconf 78' lang='lat' dir='ltr'><strong>oi</strong></span> <span class='ocrx_word' id='word_1_88' title='bbox 715 1129 810 1184; x_wconf 87' lang='grc' dir='ltr'><strong>τοῦ</strong></span> <span class='ocrx_word' id='word_1_89' title='bbox 840 1129 974 1184; x_wconf 83' lang='grc' dir='ltr'>Θεοῦ</span> <span class='ocrx_word' id='word_1_90' title='bbox 1007 1129 1228 1198; x_wconf 79' lang='grc' dir='ltr'>ἄγγελοι</span> <span class='ocrx_word' id='word_1_91' title='bbox 1261 1121 1420 1201; x_wconf 68' lang='grc' dir='ltr'>παρὰ</span> <span class='ocrx_word' id='word_1_92' title='bbox 1446 1131 1507 1183; x_wconf 92' lang='grc' dir='ltr'><strong>τὸ</strong></span> <span class='ocrx_word' id='word_1_93' title='bbox 1547 1131 1708 1204; x_wconf 77' lang='grc' dir='ltr'>ἔργον</span> <span class='ocrx_word' id='word_1_94' title='bbox 1737 1132 1896 1188; x_wconf 87' lang='grc' dir='ltr'>τοῦτο</span> 
     </span>
    </p>
   </div>
   <div class='ocr_carea' id='block_1_12' title="bbox 308 1207 1892 1295">
    <p class='ocr_par' dir='ltr' id='par_1_12' title="bbox 308 1207 1892 1295">
     <span class='ocr_line' id='line_1_12' title="bbox 308 1207 1892 1295; baseline 0.001 -20"><span class='ocrx_word' id='word_1_95' title='bbox 308 1222 724 1295; x_wconf 75' lang='grc' dir='ltr'><strong>χρηματίζουσι,</strong></span> <span class='ocrx_word' id='word_1_96' title='bbox 769 1222 968 1276; x_wconf 74' lang='grc' dir='ltr'>καὶόὐ</span> <span class='ocrx_word' id='word_1_97' title='bbox 1008 1207 1303 1292; x_wconf 71' lang='grc' dir='ltr'>παράτὴν</span> <span class='ocrx_word' id='word_1_98' title='bbox 1333 1211 1496 1290; x_wconf 78' lang='grc' dir='ltr'>φύσιν</span> <span class='ocrx_word' id='word_1_99' title='bbox 1523 1221 1716 1294; x_wconf 79' lang='grc' dir='ltr'>ἄνδρες</span> <span class='ocrx_word' id='word_1_100' title='bbox 1761 1225 1892 1295; x_wconf 84' lang='grc' dir='ltr'><strong>κλη-</strong></span> 
     </span>
    </p>
   </div>
   <div class='ocr_carea' id='block_1_13' title="bbox 312 1313 1893 1385">
    <p class='ocr_par' dir='ltr' id='par_1_13' title="bbox 312 1313 1893 1385">
     <span class='ocr_line' id='line_1_13' title="bbox 312 1313 1893 1385; baseline 0.002 -17"><span class='ocrx_word' id='word_1_101' title='bbox 312 1314 518 1378; x_wconf 72' lang='grc' dir='ltr'><strong>θέντες.⁸</strong></span> <span class='ocrx_word' id='word_1_102' title='bbox 549 1315 660 1367; x_wconf 75' lang='grc' dir='ltr'><strong>Καὶ</strong></span> <span class='ocrx_word' id='word_1_103' title='bbox 698 1313 781 1367; x_wconf 76' lang='grc' dir='ltr'>ἔτι</span> <span class='ocrx_word' id='word_1_104' title='bbox 822 1313 1024 1385; x_wconf 81' lang='grc' dir='ltr'>μᾶλλον</span> <span class='ocrx_word' id='word_1_105' title='bbox 1055 1313 1529 1384; x_wconf 82' lang='grc' dir='ltr'>παραμυθήσεται,</span> <span class='ocrx_word' id='word_1_106' title='bbox 1553 1315 1636 1368; x_wconf 86' lang='grc' dir='ltr'>ὅτι</span> <span class='ocrx_word' id='word_1_107' title='bbox 1662 1315 1756 1367; x_wconf 73' lang='grc' dir='ltr'><strong>ἐπὶ</strong></span> <span class='ocrx_word' id='word_1_108' title='bbox 1783 1315 1893 1371; x_wconf 86' lang='grc' dir='ltr'><strong>τῶν</strong></span> 
     </span>
    </p>
   </div>
   <div class='ocr_carea' id='block_1_14' title="bbox 315 1404 1892 1476">
    <p class='ocr_par' dir='ltr' id='par_1_14' title="bbox 315 1404 1892 1476">
     <span class='ocr_line' id='line_1_14' title="bbox 315 1404 1892 1476; baseline 0.001 -18"><span class='ocrx_word' id='word_1_109' title='bbox 315 1405 630 1476; x_wconf 76' lang='grc' dir='ltr'>κρειττόνων</span> <span class='ocrx_word' id='word_1_110' title='bbox 654 1405 940 1475; x_wconf 83' lang='grc' dir='ltr'>δυνάμεων</span> <span class='ocrx_word' id='word_1_111' title='bbox 973 1404 1043 1458; x_wconf 82' lang='grc' dir='ltr'>τὰ</span> <span class='ocrx_word' id='word_1_112' title='bbox 1070 1405 1309 1475; x_wconf 82' lang='grc' dir='ltr'>ὀνόματα</span> <span class='ocrx_word' id='word_1_113' title='bbox 1337 1405 1458 1474; x_wconf 59' lang='grc' dir='ltr'><strong>οὐχ)⁵</strong></span> <span class='ocrx_word' id='word_1_114' title='bbox 1489 1404 1703 1474; x_wconf 80' lang='grc' dir='ltr'>φύσεων</span> <span class='ocrx_word' id='word_1_115' title='bbox 1737 1404 1892 1470; x_wconf 82' lang='grc' dir='ltr'>ζώων</span> 
     </span>
    </p>
   </div>
   <div class='ocr_carea' id='block_1_15' title="bbox 317 1486 1892 1565">
    <p class='ocr_par' dir='ltr' id='par_1_15' title="bbox 317 1486 1892 1565">
     <span class='ocr_line' id='line_1_15' title="bbox 317 1486 1892 1565; baseline 0.003 -21"><span class='ocrx_word' id='word_1_116' title='bbox 317 1494 454 1545; x_wconf 71' lang='grc' dir='ltr'>ἐστὶν</span> <span class='ocrx_word' id='word_1_117' title='bbox 485 1494 745 1564; x_wconf 81' lang='grc' dir='ltr'>ὀνόματα,</span> <span class='ocrx_word' id='word_1_118' title='bbox 779 1492 916 1546; x_wconf 79' lang='grc' dir='ltr'><strong>ἀλλὰ</strong></span> <span class='ocrx_word' id='word_1_119' title='bbox 957 1493 1182 1558; x_wconf 83' lang='grc' dir='ltr'>τάξεων,</span> <span class='ocrx_word' id='word_1_120' title='bbox 1211 1486 1287 1546; x_wconf 81' lang='grc' dir='ltr'><strong>ὧν</strong></span> <span class='ocrx_word' id='word_1_121' title='bbox 1312 1493 1408 1565; x_wconf 76' lang='grc' dir='ltr'>ἥδε</span> <span class='ocrx_word' id='word_1_122' title='bbox 1447 1509 1532 1554; x_wconf 87' lang='grc' dir='ltr'><strong>τις</strong></span> <span class='ocrx_word' id='word_1_123' title='bbox 1563 1495 1658 1548; x_wconf 78' lang='grc' dir='ltr'>καὶ</span> <span class='ocrx_word' id='word_1_124' title='bbox 1681 1493 1776 1565; x_wconf 79' lang='grc' dir='ltr'>ἥδε</span> <span class='ocrx_word' id='word_1_125' title='bbox 1805 1493 1892 1548; x_wconf 90' lang='grc' dir='ltr'><strong>λο-</strong></span> 
     </span>
    </p>
   </div>
   <div class='ocr_carea' id='block_1_16' title="bbox 317 1581 1890 1657">
    <p class='ocr_par' dir='ltr' id='par_1_16' title="bbox 317 1581 1890 1657">
     <span class='ocr_line' id='line_1_16' title="bbox 317 1581 1890 1657; baseline 0.002 -20"><span class='ocrx_word' id='word_1_126' title='bbox 317 1585 436 1657; x_wconf 78' lang='grc' dir='ltr'>γικὴ</span> <span class='ocrx_word' id='word_1_127' title='bbox 467 1585 624 1654; x_wconf 77' lang='grc' dir='ltr'>φύσις</span> <span class='ocrx_word' id='word_1_128' title='bbox 650 1586 905 1655; x_wconf 83' lang='grc' dir='ltr'>τέτευχεν</span> <span class='ocrx_word' id='word_1_129' title='bbox 939 1585 1048 1639; x_wconf 83' lang='grc' dir='ltr'><strong>άπὸ</strong></span> <span class='ocrx_word' id='word_1_130' title='bbox 1069 1584 1205 1638; x_wconf 90' lang='grc' dir='ltr'><strong>Θεοῦ</strong></span> <span class='ocrx_word' id='word_1_131' title='bbox 1225 1602 1240 1617; x_wconf 76' lang='grc' dir='ltr'><strong><em>ο</em></strong></span> <span class='ocrx_word' id='word_1_132' title='bbox 1277 1585 1467 1657; x_wconf 83' lang='grc' dir='ltr'>Θρόνος</span> <span class='ocrx_word' id='word_1_133' title='bbox 1494 1585 1724 1656; x_wconf 82' lang='grc' dir='ltr'>γὰρόὐκ</span> <span class='ocrx_word' id='word_1_134' title='bbox 1749 1581 1890 1650; x_wconf 73' lang='grc' dir='ltr'>εἶδος</span> 
     </span>
    </p>
   </div>
   <div class='ocr_carea' id='block_1_17' title="bbox 321 1664 1885 1748">
    <p class='ocr_par' dir='ltr' id='par_1_17' title="bbox 321 1664 1885 1748">
     <span class='ocr_line' id='line_1_17' title="bbox 321 1664 1885 1748; baseline -0.001 -18"><span class='ocrx_word' id='word_1_135' title='bbox 321 1675 448 1739; x_wconf 63' lang='lat' dir='ltr'><strong>(dies</strong></span> <span class='ocrx_word' id='word_1_136' title='bbox 488 1677 621 1747; x_wconf 72' lang='grc'><strong>(74),</strong></span> <span class='ocrx_word' id='word_1_137' title='bbox 653 1677 776 1730; x_wconf 82' lang='grc' dir='ltr'>οὐδὲ</span> <span class='ocrx_word' id='word_1_138' title='bbox 821 1677 986 1748; x_wconf 80' lang='grc' dir='ltr'>ἀρχὴ,</span> <span class='ocrx_word' id='word_1_139' title='bbox 1017 1677 1136 1730; x_wconf 87' lang='grc' dir='ltr'>οὐδὲ</span> <span class='ocrx_word' id='word_1_140' title='bbox 1167 1664 1606 1747; x_wconf 79' lang='grc' dir='ltr'>κυριότης,ὀύδὲ</span> <span class='ocrx_word' id='word_1_141' title='bbox 1646 1676 1885 1743; x_wconf 78' lang='grc' dir='ltr'>ἐξουσία,</span> 
     </span>
    </p>
   </div>
   <div class='ocr_carea' id='block_1_18' title="bbox 2006 493 3575 570">
    <p class='ocr_par' dir='ltr' id='par_1_18' title="bbox 2006 493 3575 570">
     <span class='ocr_line' id='line_1_18' title="bbox 2006 493 3575 570; baseline 0.01 -26"><span class='ocrx_word' id='word_1_142' title='bbox 2006 495 2098 561; x_wconf 87' lang='lat' dir='ltr'><strong>qui</strong></span> <span class='ocrx_word' id='word_1_143' title='bbox 2135 493 2388 565; x_wconf 81' lang='lat' dir='ltr'><strong>Sodomis</strong></span> <span class='ocrx_word' id='word_1_144' title='bbox 2419 495 2640 548; x_wconf 81' lang='lat' dir='ltr'><strong>luerunt</strong></span> <span class='ocrx_word' id='word_1_145' title='bbox 2673 495 2739 559; x_wconf 82' lang='lat'><strong>.“,</strong></span> <span class='ocrx_word' id='word_1_146' title='bbox 2771 497 2903 550; x_wconf 90' lang='lat' dir='ltr'><strong>etin</strong></span> <span class='ocrx_word' id='word_1_147' title='bbox 2939 507 3051 552; x_wconf 89' lang='lat' dir='ltr'><strong>tota</strong></span> <span class='ocrx_word' id='word_1_148' title='bbox 3086 498 3384 569; x_wconf 67' lang='lat' dir='ltr'><strong>Scriptura:</strong></span> <span class='ocrx_word' id='word_1_149' title='bbox 3409 504 3575 570; x_wconf 88' lang='lat' dir='ltr'><strong>serie,</strong></span> 
     </span>
    </p>
   </div>
   <div class='ocr_carea' id='block_1_19' title="bbox 2003 586 3578 660">
    <p class='ocr_par' dir='ltr' id='par_1_19' title="bbox 2003 586 3578 660">
     <span class='ocr_line' id='line_1_19' title="bbox 2003 586 3578 660; baseline 0.008 -22"><span class='ocrx_word' id='word_1_150' title='bbox 2003 586 2302 655; x_wconf 77' lang='lat' dir='ltr'><strong>aliquando</strong></span> <span class='ocrx_word' id='word_1_151' title='bbox 2329 587 2550 660; x_wconf 83' lang='lat' dir='ltr'><strong>quidem</strong></span> <span class='ocrx_word' id='word_1_152' title='bbox 2582 587 2758 658; x_wconf 91' lang='lat' dir='ltr'><strong>angeli</strong></span> <span class='ocrx_word' id='word_1_153' title='bbox 2785 627 2802 655; x_wconf 91' lang='lat'><strong>,</strong></span> <span class='ocrx_word' id='word_1_154' title='bbox 2833 589 3126 660; x_wconf 80' lang='lat' dir='ltr'><strong>aliquando</strong></span> <span class='ocrx_word' id='word_1_155' title='bbox 3155 606 3284 646; x_wconf 90' lang='lat' dir='ltr'><strong>vero</strong></span> <span class='ocrx_word' id='word_1_156' title='bbox 3326 593 3578 651; x_wconf 82' lang='lat' dir='ltr'><strong>homines</strong></span> 
     </span>
    </p>
   </div>
   <div class='ocr_carea' id='block_1_20' title="bbox 2000 677 3576 750">
    <p class='ocr_par' dir='ltr' id='par_1_20' title="bbox 2000 677 3576 750">
     <span class='ocr_line' id='line_1_20' title="bbox 2000 677 3576 750; baseline 0.006 -20"><span class='ocrx_word' id='word_1_157' title='bbox 2000 691 2122 731; x_wconf 82' lang='lat' dir='ltr'><strong>esse</strong></span> <span class='ocrx_word' id='word_1_158' title='bbox 2152 678 2429 734; x_wconf 81' lang='lat' dir='ltr'><strong>dicuntur.</strong></span> <span class='ocrx_word' id='word_1_159' title='bbox 2460 677 2602 744; x_wconf 87' lang='lat' dir='ltr'><strong>Quin</strong></span> <span class='ocrx_word' id='word_1_160' title='bbox 2633 681 2822 743; x_wconf 88' lang='lat' dir='ltr'><strong>etiam,</strong></span> <span class='ocrx_word' id='word_1_161' title='bbox 2857 681 2952 750; x_wconf 91' lang='lat' dir='ltr'><strong>qui</strong></span> <span class='ocrx_word' id='word_1_162' title='bbox 2985 682 3092 738; x_wconf 92' lang='lat' dir='ltr'><strong>hoc</strong></span> <span class='ocrx_word' id='word_1_163' title='bbox 3119 683 3438 748; x_wconf 76' lang='lat' dir='ltr'><strong>existimat,</strong></span> <span class='ocrx_word' id='word_1_164' title='bbox 3491 687 3576 740; x_wconf 84' lang='lat' dir='ltr'><strong>di-</strong></span> 
     </span>
    </p>
   </div>
   <div class='ocr_carea' id='block_1_21' title="bbox 1998 767 3562 846">
    <p class='ocr_par' dir='ltr' id='par_1_21' title="bbox 1998 767 3562 846">
     <span class='ocr_line' id='line_1_21' title="bbox 1998 767 3562 846; baseline 0.008 -26"><span class='ocrx_word' id='word_1_165' title='bbox 1998 776 2085 820; x_wconf 89' lang='lat' dir='ltr'><strong>cet</strong></span> <span class='ocrx_word' id='word_1_166' title='bbox 2113 767 2257 836; x_wconf 89' lang='lat' dir='ltr'><strong>quod</strong></span> <span class='ocrx_word' id='word_1_167' title='bbox 2289 777 2348 822; x_wconf 84' lang='lat' dir='ltr'><strong>ut</strong></span> <span class='ocrx_word' id='word_1_168' title='bbox 2393 769 2641 828; x_wconf 81' lang='lat' dir='ltr'><strong>homines</strong></span> <span class='ocrx_word' id='word_1_169' title='bbox 2668 773 2846 827; x_wconf 78' lang='lat' dir='ltr'><strong>vocati</strong></span> <span class='ocrx_word' id='word_1_170' title='bbox 2877 784 3003 828; x_wconf 91' lang='lat' dir='ltr'><strong>sunt</strong></span> <span class='ocrx_word' id='word_1_171' title='bbox 3031 775 3246 844; x_wconf 85' lang='lat' dir='ltr'><strong>angeli,</strong></span> <span class='ocrx_word' id='word_1_172' title='bbox 3296 777 3437 846; x_wconf 90' lang='lat' dir='ltr'><strong>apud</strong></span> <span class='ocrx_word' id='word_1_173' title='bbox 3466 792 3562 832; x_wconf 90' lang='lat' dir='ltr'><strong>eos</strong></span> 
     </span>
    </p>
   </div>
   <div class='ocr_carea' id='block_1_22' title="bbox 1996 859 3564 935">
    <p class='ocr_par' dir='ltr' id='par_1_22' title="bbox 1996 859 3564 935">
     <span class='ocr_line' id='line_1_22' title="bbox 1996 859 3564 935; baseline 0.008 -25"><span class='ocrx_word' id='word_1_174' title='bbox 1996 873 2134 927; x_wconf 80' lang='lat' dir='ltr'><strong>qttos</strong></span> <span class='ocrx_word' id='word_1_175' title='bbox 2160 859 2335 928; x_wconf 83' lang='lat' dir='ltr'><strong>palam</strong></span> <span class='ocrx_word' id='word_1_176' title='bbox 2371 874 2600 918; x_wconf 89' lang='lat' dir='ltr'><strong>cernere</strong></span> <span class='ocrx_word' id='word_1_177' title='bbox 2625 872 2710 918; x_wconf 89' lang='lat' dir='ltr'><strong>est</strong></span> <span class='ocrx_word' id='word_1_178' title='bbox 2753 878 2875 918; x_wconf 91' lang='lat' dir='ltr'><strong>esse</strong></span> <span class='ocrx_word' id='word_1_179' title='bbox 2905 865 3172 928; x_wconf 90' lang='lat' dir='ltr'><strong>homines,</strong></span> <span class='ocrx_word' id='word_1_180' title='bbox 3207 868 3564 935; x_wconf 87' lang='lat' dir='ltr'><strong>quemadmo-</strong></span> 
     </span>
    </p>
   </div>
   <div class='ocr_carea' id='block_1_23' title="bbox 1995 950 3574 1028">
    <p class='ocr_par' dir='ltr' id='par_1_23' title="bbox 1995 950 3574 1028">
     <span class='ocr_line' id='line_1_23' title="bbox 1995 950 3574 1028; baseline 0.006 -24"><span class='ocrx_word' id='word_1_181' title='bbox 1995 950 2124 1004; x_wconf 89' lang='lat' dir='ltr'><strong>dum</strong></span> <span class='ocrx_word' id='word_1_182' title='bbox 2182 951 2484 1007; x_wconf 79' lang='lat' dir='ltr'><strong>Zacharias</strong></span> <span class='ocrx_word' id='word_1_183' title='bbox 2513 953 2701 1008; x_wconf 79' lang='lat' dir='ltr'><strong>dicens</strong></span> <span class='ocrx_word' id='word_1_184' title='bbox 2733 972 2747 1009; x_wconf 92' lang='lat'><strong>:</strong></span> <span class='ocrx_word' id='word_1_185' title='bbox 2789 972 2809 1006; x_wconf 75' lang='grc' dir='ltr'><strong>ι</strong></span> <span class='ocrx_word' id='word_1_186' title='bbox 2845 955 3084 1025; x_wconf 75' lang='lat' dir='ltr'><strong>Angelus</strong></span> <span class='ocrx_word' id='word_1_187' title='bbox 3133 955 3227 1012; x_wconf 92' lang='lat' dir='ltr'><strong>Dei</strong></span> <span class='ocrx_word' id='word_1_188' title='bbox 3263 973 3364 1028; x_wconf 89' lang='lat' dir='ltr'><strong>ego</strong></span> <span class='ocrx_word' id='word_1_189' title='bbox 3395 960 3574 1013; x_wconf 82' lang='lat' dir='ltr'><strong>vobis-</strong></span> 
     </span>
    </p>
   </div>
   <div class='ocr_carea' id='block_1_24' title="bbox 1995 1044 3572 1116">
    <p class='ocr_par' dir='ltr' id='par_1_24' title="bbox 1995 1044 3572 1116">
     <span class='ocr_line' id='line_1_24' title="bbox 1995 1044 3572 1116; baseline 0.007 -21"><span class='ocrx_word' id='word_1_190' title='bbox 1995 1057 2120 1096; x_wconf 88' lang='lat' dir='ltr'><strong>cum</strong></span> <span class='ocrx_word' id='word_1_191' title='bbox 2169 1058 2312 1111; x_wconf 89' lang='lat' dir='ltr'><strong>sum,</strong></span> <span class='ocrx_word' id='word_1_192' title='bbox 2341 1044 2473 1099; x_wconf 85' lang='lat' dir='ltr'><strong>dicit</strong></span> <span class='ocrx_word' id='word_1_193' title='bbox 2496 1044 2756 1101; x_wconf 85' lang='lat' dir='ltr'><strong>Dominus</strong></span> <span class='ocrx_word' id='word_1_194' title='bbox 2777 1048 3124 1116; x_wconf 88' lang='lat' dir='ltr'><strong>onmipotens</strong></span> <span class='ocrx_word' id='word_1_195' title='bbox 3149 1051 3194 1081; x_wconf 84' lang='lat'><strong><em>“</em></strong></span> <span class='ocrx_word' id='word_1_196' title='bbox 3230 1065 3245 1103; x_wconf 90' lang='lat'><strong>:</strong></span> <span class='ocrx_word' id='word_1_197' title='bbox 3288 1068 3310 1104; x_wconf 72' lang='grc' dir='ltr'><strong>ι</strong></span> <span class='ocrx_word' id='word_1_198' title='bbox 3343 1050 3572 1106; x_wconf 82' lang='lat' dir='ltr'><strong>etJoan-</strong></span> 
     </span>
    </p>
   </div>
   <div class='ocr_carea' id='block_1_25' title="bbox 2003 1133 3571 1208">
    <p class='ocr_par' dir='ltr' id='par_1_25' title="bbox 2003 1133 3571 1208">
     <span class='ocr_line' id='line_1_25' title="bbox 2003 1133 3571 1208; baseline 0.006 -23"><span class='ocrx_word' id='word_1_199' title='bbox 2003 1147 2124 1196; x_wconf 85' lang='lat' dir='ltr'><strong>nes,</strong></span> <span class='ocrx_word' id='word_1_200' title='bbox 2152 1133 2220 1188; x_wconf 92' lang='lat' dir='ltr'><strong>de</strong></span> <span class='ocrx_word' id='word_1_201' title='bbox 2245 1149 2354 1203; x_wconf 88' lang='lat' dir='ltr'><strong>quo</strong></span> <span class='ocrx_word' id='word_1_202' title='bbox 2385 1135 2648 1204; x_wconf 89' lang='lat' dir='ltr'><strong>scriptum</strong></span> <span class='ocrx_word' id='word_1_203' title='bbox 2675 1145 2758 1191; x_wconf 89' lang='lat' dir='ltr'><strong>est</strong></span> <span class='ocrx_word' id='word_1_204' title='bbox 2786 1137 2831 1198; x_wconf 55' lang='grc' dir='ltr'><strong>εξ</strong></span> <span class='ocrx_word' id='word_1_205' title='bbox 2869 1155 2883 1192; x_wconf 91' lang='lat'>:</span> <span class='ocrx_word' id='word_1_206' title='bbox 2921 1156 2940 1190; x_wconf 79' lang='grc' dir='ltr'><strong>ι</strong></span> <span class='ocrx_word' id='word_1_207' title='bbox 2974 1137 3113 1192; x_wconf 86' lang='lat' dir='ltr'><strong>Ecce</strong></span> <span class='ocrx_word' id='word_1_208' title='bbox 3143 1153 3244 1208; x_wconf 80' lang='lat' dir='ltr'><strong>ego</strong></span> <span class='ocrx_word' id='word_1_209' title='bbox 3288 1141 3444 1208; x_wconf 83' lang='lat' dir='ltr'><strong>mitto</strong></span> <span class='ocrx_word' id='word_1_210' title='bbox 3469 1158 3571 1194; x_wconf 78' lang='lat' dir='ltr'><strong>an-</strong></span> 
     </span>
    </p>
   </div>
   <div class='ocr_carea' id='block_1_26' title="bbox 1994 1223 3568 1295">
    <p class='ocr_par' dir='ltr' id='par_1_26' title="bbox 1994 1223 3568 1295">
     <span class='ocr_line' id='line_1_26' title="bbox 1994 1223 3568 1295; baseline 0.004 -19"><span class='ocrx_word' id='word_1_211' title='bbox 1994 1223 2174 1291; x_wconf 87' lang='lat' dir='ltr'><strong>gelum</strong></span> <span class='ocrx_word' id='word_1_212' title='bbox 2227 1239 2404 1279; x_wconf 87' lang='lat' dir='ltr'><strong>meum</strong></span> <span class='ocrx_word' id='word_1_213' title='bbox 2439 1234 2566 1279; x_wconf 87' lang='lat' dir='ltr'><strong>ante</strong></span> <span class='ocrx_word' id='word_1_214' title='bbox 2597 1225 2793 1284; x_wconf 77' lang='lat' dir='ltr'><strong>faciem</strong></span> <span class='ocrx_word' id='word_1_215' title='bbox 2834 1235 3004 1292; x_wconf 84' lang='lat' dir='ltr'><strong>tuam,</strong></span> <span class='ocrx_word' id='word_1_216' title='bbox 3050 1245 3069 1278; x_wconf 77' lang='grc' dir='ltr'><strong>ι</strong></span> <span class='ocrx_word' id='word_1_217' title='bbox 3128 1227 3443 1295; x_wconf 81' lang='lat' dir='ltr'><strong>sieetiam-</strong></span> <span class='ocrx_word' id='word_1_218' title='bbox 3478 1229 3568 1284; x_wconf 90' lang='lat' dir='ltr'><strong>Dei</strong></span> 
     </span>
    </p>
   </div>
   <div class='ocr_carea' id='block_1_27' title="bbox 1993 1315 3569 1390">
    <p class='ocr_par' dir='ltr' id='par_1_27' title="bbox 1993 1315 3569 1390">
     <span class='ocr_line' id='line_1_27' title="bbox 1993 1315 3569 1390; baseline 0.005 -24"><span class='ocrx_word' id='word_1_219' title='bbox 1993 1315 2168 1384; x_wconf 85' lang='lat' dir='ltr'><strong>angeli</strong></span> <span class='ocrx_word' id='word_1_220' title='bbox 2201 1317 2307 1370; x_wconf 90' lang='lat' dir='ltr'><strong>hoc</strong></span> <span class='ocrx_word' id='word_1_221' title='bbox 2337 1316 2606 1372; x_wconf 86' lang='lat' dir='ltr'><strong>vocabulo</strong></span> <span class='ocrx_word' id='word_1_222' title='bbox 2637 1327 3034 1385; x_wconf 88' lang='lat' dir='ltr'><strong>nuncupantur,</strong></span> <span class='ocrx_word' id='word_1_223' title='bbox 3061 1329 3284 1390; x_wconf 83' lang='lat' dir='ltr'><strong>propter</strong></span> <span class='ocrx_word' id='word_1_224' title='bbox 3309 1319 3569 1383; x_wconf 79' lang='lat' dir='ltr'><strong>alliciunt.</strong></span> 
     </span>
    </p>
   </div>
   <div class='ocr_carea' id='block_1_28' title="bbox 1992 1407 3576 1480">
    <p class='ocr_par' dir='ltr' id='par_1_28' title="bbox 1992 1407 3576 1480">
     <span class='ocr_line' id='line_1_28' title="bbox 1992 1407 3576 1480; baseline 0.005 -22"><span class='ocrx_word' id='word_1_225' title='bbox 1992 1415 2046 1458; x_wconf 88' lang='lat' dir='ltr'><strong>et</strong></span> <span class='ocrx_word' id='word_1_226' title='bbox 2069 1421 2175 1460; x_wconf 90' lang='lat' dir='ltr'><strong>non</strong></span> <span class='ocrx_word' id='word_1_227' title='bbox 2207 1414 2432 1476; x_wconf 84' lang='lat' dir='ltr'><strong>propter</strong></span> <span class='ocrx_word' id='word_1_228' title='bbox 2454 1417 2708 1461; x_wconf 87' lang='lat' dir='ltr'><strong>naturam</strong></span> <span class='ocrx_word' id='word_1_229' title='bbox 2742 1408 2915 1463; x_wconf 83' lang='lat' dir='ltr'><strong>vocati</strong></span> <span class='ocrx_word' id='word_1_230' title='bbox 2945 1407 3069 1462; x_wconf 85' lang='lat' dir='ltr'><strong>viri.</strong></span> <span class='ocrx_word' id='word_1_231' title='bbox 3098 1408 3366 1464; x_wconf 57' lang='lat' dir='ltr'><strong>Praeterea</strong></span> <span class='ocrx_word' id='word_1_232' title='bbox 3396 1412 3576 1480; x_wconf 79' lang='lat' dir='ltr'><strong>magis</strong></span> 
     </span>
    </p>
   </div>
   <div class='ocr_carea' id='block_1_29' title="bbox 1989 1497 3566 1567">
    <p class='ocr_par' dir='ltr' id='par_1_29' title="bbox 1989 1497 3566 1567">
     <span class='ocr_line' id='line_1_29' title="bbox 1989 1497 3566 1567; baseline 0.004 -17"><span class='ocrx_word' id='word_1_233' title='bbox 1989 1497 2154 1550; x_wconf 88' lang='lat' dir='ltr'><strong>etiam</strong></span> <span class='ocrx_word' id='word_1_234' title='bbox 2179 1497 2280 1552; x_wconf 91' lang='lat' dir='ltr'><strong>hoc</strong></span> <span class='ocrx_word' id='word_1_235' title='bbox 2297 1499 2674 1552; x_wconf 89' lang='lat' dir='ltr'><strong>corroborabit</strong></span> <span class='ocrx_word' id='word_1_236' title='bbox 2690 1499 2946 1567; x_wconf 85' lang='lat' dir='ltr'><strong>quoniam</strong></span> <span class='ocrx_word' id='word_1_237' title='bbox 2967 1501 3184 1554; x_wconf 90' lang='lat' dir='ltr'><strong>nomina</strong></span> <span class='ocrx_word' id='word_1_238' title='bbox 3204 1500 3256 1554; x_wconf 86' lang='lat' dir='ltr'><strong>in</strong></span> <span class='ocrx_word' id='word_1_239' title='bbox 3275 1501 3566 1556; x_wconf 80' lang='lat' dir='ltr'><strong>virtutibus</strong></span> 
     </span>
    </p>
   </div>
   <div class='ocr_carea' id='block_1_30' title="bbox 1989 1587 3565 1667">
    <p class='ocr_par' dir='ltr' id='par_1_30' title="bbox 1989 1587 3565 1667">
     <span class='ocr_line' id='line_1_30' title="bbox 1989 1587 3565 1667; baseline 0.004 -27"><span class='ocrx_word' id='word_1_240' title='bbox 1989 1587 2626 1667; x_wconf 67' lang='lat' dir='ltr'><strong>prazstantioribusnon</strong></span> <span class='ocrx_word' id='word_1_241' title='bbox 2680 1601 3004 1644; x_wconf 85' lang='lat' dir='ltr'><strong>naturarum</strong></span> <span class='ocrx_word' id='word_1_242' title='bbox 3064 1591 3565 1667; x_wconf 74' lang='lat' dir='ltr'><strong>aniinaliumsunt</strong></span> 
     </span>
    </p>
   </div>
   <div class='ocr_carea' id='block_1_31' title="bbox 1989 1665 3670 1751">
    <p class='ocr_par' dir='ltr' id='par_1_31' title="bbox 1989 1665 3670 1751">
     <span class='ocr_line' id='line_1_31' title="bbox 1989 1665 3670 1751; baseline 0.005 -18"><span class='ocrx_word' id='word_1_243' title='bbox 1989 1679 2234 1744; x_wconf 88' lang='lat' dir='ltr'><strong>nomina,</strong></span> <span class='ocrx_word' id='word_1_244' title='bbox 2282 1680 2380 1736; x_wconf 77' lang='lat' dir='ltr'><strong>sed</strong></span> <span class='ocrx_word' id='word_1_245' title='bbox 2429 1665 2702 1744; x_wconf 86' lang='lat' dir='ltr'><strong>ordinum,</strong></span> <span class='ocrx_word' id='word_1_246' title='bbox 2737 1681 3019 1751; x_wconf 72' lang='lat' dir='ltr'><strong>quoshzec</strong></span> <span class='ocrx_word' id='word_1_247' title='bbox 3067 1691 3122 1738; x_wconf 90' lang='lat' dir='ltr'><strong>et</strong></span> <span class='ocrx_word' id='word_1_248' title='bbox 3150 1665 3298 1744; x_wconf 28' lang='lat' dir='ltr'><strong>,luec&#39;</strong></span> <span class='ocrx_word' id='word_1_249' title='bbox 3330 1685 3564 1742; x_wconf 71' lang='lat' dir='ltr'><strong>rationis</strong></span> <span class='ocrx_word' id='word_1_250' title='bbox 3665 1701 3670 1708; x_wconf 77' lang='lat'><strong>‘</strong></span> 
     </span>
    </p>
   </div>
   <div class='ocr_carea' id='block_1_32' title="bbox 325 1761 1881 1840">
    <p class='ocr_par' dir='ltr' id='par_1_32' title="bbox 325 1761 1881 1840">
     <span class='ocr_line' id='line_1_32' title="bbox 325 1761 1881 1840; baseline -0.001 -18"><span class='ocrx_word' id='word_1_251' title='bbox 325 1768 448 1822; x_wconf 79' lang='grc' dir='ltr'><strong>ἀλλὰ</strong></span> <span class='ocrx_word' id='word_1_252' title='bbox 485 1768 726 1840; x_wconf 80' lang='grc' dir='ltr'>ὀνόματα</span> <span class='ocrx_word' id='word_1_253' title='bbox 787 1769 1167 1840; x_wconf 82' lang='grc' dir='ltr'>πραγμάτων,</span> <span class='ocrx_word' id='word_1_254' title='bbox 1217 1769 1304 1836; x_wconf 73' lang='grc' dir='ltr'><strong>ἐφ’</strong></span> <span class='ocrx_word' id='word_1_255' title='bbox 1350 1761 1424 1820; x_wconf 85' lang='grc' dir='ltr'>ὧν</span> <span class='ocrx_word' id='word_1_256' title='bbox 1472 1767 1784 1839; x_wconf 77' lang='grc' dir='ltr'>ἐτάχθησαν</span> <span class='ocrx_word' id='word_1_257' title='bbox 1844 1773 1881 1822; x_wconf 84' lang='lat' dir='ltr'><strong>oi</strong></span> 
     </span>
    </p>
   </div>
   <div class='ocr_carea' id='block_1_33' title="bbox 1983 1761 3564 1840">
    <p class='ocr_par' dir='ltr' id='par_1_33' title="bbox 1995 1771 3564 1840">
     <span class='ocr_line' id='line_1_33' title="bbox 1995 1771 3564 1840; baseline 0.004 -16"><span class='ocrx_word' id='word_1_258' title='bbox 1995 1785 2223 1840; x_wconf 87' lang='lat' dir='ltr'><strong>compos</strong></span> <span class='ocrx_word' id='word_1_259' title='bbox 2272 1779 2464 1826; x_wconf 85' lang='lat' dir='ltr'><strong>natura</strong></span> <span class='ocrx_word' id='word_1_260' title='bbox 2516 1771 2714 1826; x_wconf 85' lang='lat' dir='ltr'><strong>sortita</strong></span> <span class='ocrx_word' id='word_1_261' title='bbox 2763 1773 2836 1826; x_wconf 81' lang='lat' dir='ltr'><strong>sit</strong></span> <span class='ocrx_word' id='word_1_262' title='bbox 2871 1787 2900 1825; x_wconf 90' lang='lat' dir='ltr'><strong>a</strong></span> <span class='ocrx_word' id='word_1_263' title='bbox 2952 1772 3106 1827; x_wconf 88' lang='lat' dir='ltr'><strong>Deo:</strong></span> <span class='ocrx_word' id='word_1_264' title='bbox 3142 1774 3372 1830; x_wconf 81' lang='lat' dir='ltr'><strong>thronus</strong></span> <span class='ocrx_word' id='word_1_265' title='bbox 3417 1778 3564 1831; x_wconf 86' lang='lat' dir='ltr'><strong>enim</strong></span> 
     </span>
    </p>
   </div>
   <div class='ocr_carea' id='block_1_34' title="bbox 319 1853 1890 1932">
    <p class='ocr_par' dir='ltr' id='par_1_34' title="bbox 319 1853 1890 1932">
     <span class='ocr_line' id='line_1_34' title="bbox 319 1853 1890 1932; baseline -0.001 -19"><span class='ocrx_word' id='word_1_266' title='bbox 319 1861 446 1914; x_wconf 71' lang='grc' dir='ltr'>οὕτω</span> <span class='ocrx_word' id='word_1_267' title='bbox 470 1861 1025 1932; x_wconf 83' lang='grc' dir='ltr'>προσαγορευόμενοι,</span> <span class='ocrx_word' id='word_1_268' title='bbox 1052 1853 1128 1912; x_wconf 81' lang='grc' dir='ltr'>ὧν</span> <span class='ocrx_word' id='word_1_269' title='bbox 1159 1860 1220 1914; x_wconf 80' lang='grc' dir='ltr'>τὸ</span> <span class='ocrx_word' id='word_1_270' title='bbox 1247 1859 1604 1930; x_wconf 81' lang='grc' dir='ltr'>ὑποκείμενον</span> <span class='ocrx_word' id='word_1_271' title='bbox 1630 1859 1731 1912; x_wconf 87' lang='grc' dir='ltr'><strong>οὐκ</strong></span> <span class='ocrx_word' id='word_1_272' title='bbox 1759 1858 1890 1912; x_wconf 78' lang='grc' dir='ltr'>ἄλλο</span> 
     </span>
    </p>
   </div>
   <div class='ocr_carea' id='block_1_35' title="bbox 320 1947 1887 2023">
    <p class='ocr_par' dir='ltr' id='par_1_35' title="bbox 320 1947 1887 2023">
     <span class='ocr_line' id='line_1_35' title="bbox 320 1947 1887 2023; baseline -0.002 -20"><span class='ocrx_word' id='word_1_273' title='bbox 320 1951 367 2003; x_wconf 80' lang='grc' dir='ltr'><strong>τί</strong></span> <span class='ocrx_word' id='word_1_274' title='bbox 386 1953 520 2005; x_wconf 79' lang='grc' dir='ltr'>ἐστιν</span> <span class='ocrx_word' id='word_1_275' title='bbox 550 1952 582 2022; x_wconf 79' lang='grc' dir='ltr'>ἢ</span> <span class='ocrx_word' id='word_1_276' title='bbox 609 1952 923 2023; x_wconf 81' lang='grc' dir='ltr'>ἄνθρωπος,</span> <span class='ocrx_word' id='word_1_277' title='bbox 952 1953 1047 2006; x_wconf 77' lang='grc' dir='ltr'>καὶ</span> <span class='ocrx_word' id='word_1_278' title='bbox 1075 1950 1156 2022; x_wconf 83' lang='grc' dir='ltr'>τῷ</span> <span class='ocrx_word' id='word_1_279' title='bbox 1195 1949 1544 2020; x_wconf 78' lang='grc' dir='ltr'>ὑποκειμένῳ</span> <span class='ocrx_word' id='word_1_280' title='bbox 1573 1947 1887 2020; x_wconf 76' lang='grc' dir='ltr'>συμϐέϐηκε</span> 
     </span>
    </p>
   </div>
   <div class='ocr_carea' id='block_1_36' title="bbox 322 2032 1889 2120">
    <p class='ocr_par' dir='ltr' id='par_1_36' title="bbox 322 2032 1889 2120">
     <span class='ocr_line' id='line_1_36' title="bbox 322 2032 1889 2120; baseline -0.001 -27"><span class='ocrx_word' id='word_1_281' title='bbox 322 2040 376 2093; x_wconf 73' lang='grc' dir='ltr'>τὸ</span> <span class='ocrx_word' id='word_1_282' title='bbox 403 2040 562 2112; x_wconf 81' lang='grc' dir='ltr'>θρόνῳ</span> <span class='ocrx_word' id='word_1_283' title='bbox 589 2036 751 2105; x_wconf 76' lang='grc' dir='ltr'>εἶναι,</span> <span class='ocrx_word' id='word_1_284' title='bbox 789 2043 822 2114; x_wconf 81' lang='grc' dir='ltr'>ἢ</span> <span class='ocrx_word' id='word_1_285' title='bbox 857 2040 1224 2114; x_wconf 76' lang='grc' dir='ltr'>κυριότητι,-ἢ</span> <span class='ocrx_word' id='word_1_286' title='bbox 1247 2032 1416 2120; x_wconf 56' lang='grc' dir='ltr'>ᾲργῇ,</span> <span class='ocrx_word' id='word_1_287' title='bbox 1445 2039 1479 2111; x_wconf 82' lang='grc' dir='ltr'>ἢ</span> <span class='ocrx_word' id='word_1_288' title='bbox 1511 2033 1748 2111; x_wconf 70' lang='grc' dir='ltr'>ἐξουσία.</span> <span class='ocrx_word' id='word_1_289' title='bbox 1778 2039 1889 2092; x_wconf 75' lang='grc' dir='ltr'><strong>Καὶ</strong></span> 
     </span>
    </p>
   </div>
   <div class='ocr_carea' id='block_1_37' title="bbox 322 2122 1889 2205">
    <p class='ocr_par' dir='ltr' id='par_1_37' title="bbox 322 2122 1889 2205">
     <span class='ocr_line' id='line_1_37' title="bbox 322 2122 1889 2205; baseline 0.001 -23"><span class='ocrx_word' id='word_1_290' title='bbox 322 2131 378 2182; x_wconf 85' lang='grc' dir='ltr'>ὲν</span> <span class='ocrx_word' id='word_1_291' title='bbox 408 2131 480 2202; x_wconf 83' lang='grc' dir='ltr'>τῷ</span> <span class='ocrx_word' id='word_1_292' title='bbox 525 2133 700 2204; x_wconf 78' lang='grc' dir='ltr'>Ἰησοῦ</span> <span class='ocrx_word' id='word_1_293' title='bbox 735 2133 794 2187; x_wconf 81' lang='grc' dir='ltr'>δὲ</span> <span class='ocrx_word' id='word_1_294' title='bbox 821 2133 898 2204; x_wconf 81' lang='grc' dir='ltr'>τῷ</span> <span class='ocrx_word' id='word_1_295' title='bbox 921 2133 1025 2186; x_wconf 78' lang='grc' dir='ltr'>’τοῦ</span> <span class='ocrx_word' id='word_1_296' title='bbox 1057 2122 1215 2205; x_wconf 83' lang='grc' dir='ltr'><strong>Ναυῆ</strong></span> <span class='ocrx_word' id='word_1_297' title='bbox 1256 2137 1429 2188; x_wconf 84' lang='grc' dir='ltr'>κεῖται</span> <span class='ocrx_word' id='word_1_298' title='bbox 1459 2132 1552 2186; x_wconf 85' lang='grc' dir='ltr'>τό·</span> <span class='ocrx_word' id='word_1_299' title='bbox 1600 2131 1778 2202; x_wconf 73' lang='grc' dir='ltr'><strong>Ὠφίὶη</strong></span> <span class='ocrx_word' id='word_1_300' title='bbox 1809 2130 1889 2202; x_wconf 83' lang='grc' dir='ltr'>τῷ</span> 
     </span>
    </p>
   </div>
   <div class='ocr_carea' id='block_1_38' title="bbox 336 2221 1887 2297">
    <p class='ocr_par' dir='ltr' id='par_1_38' title="bbox 336 2221 1887 2297">
     <span class='ocr_line' id='line_1_38' title="bbox 336 2221 1887 2297; baseline 0.001 -22"><span class='ocrx_word' id='word_1_301' title='bbox 336 2222 496 2294; x_wconf 80' lang='grc' dir='ltr'>Ἰησοῦ</span> <span class='ocrx_word' id='word_1_302' title='bbox 520 2224 805 2296; x_wconf 71' lang='grc' dir='ltr'>ἄνθρωπος</span> <span class='ocrx_word' id='word_1_303' title='bbox 843 2227 901 2278; x_wconf 81' lang='grc' dir='ltr'>ὲν</span> <span class='ocrx_word' id='word_1_304' title='bbox 942 2225 1174 2297; x_wconf 82' lang='grc' dir='ltr'>Ἵεριχὼ,</span> <span class='ocrx_word' id='word_1_305' title='bbox 1211 2225 1272 2288; x_wconf 70' lang='grc' dir='ltr'><strong>ὃς</strong></span> <span class='ocrx_word' id='word_1_306' title='bbox 1301 2241 1493 2296; x_wconf 73' lang='grc' dir='ltr'>φησιν·</span> <span class='ocrx_word' id='word_1_307' title='bbox 1533 2242 1554 2277; x_wconf 80' lang='lat' dir='ltr'><strong>t</strong></span> <span class='ocrx_word' id='word_1_308' title='bbox 1612 2221 1755 2292; x_wconf 87' lang='grc' dir='ltr'><strong>Ἐγὼ</strong></span> <span class='ocrx_word' id='word_1_309' title='bbox 1783 2223 1887 2295; x_wconf 79' lang='grc' dir='ltr'><strong>ἁρ-</strong></span> 
     </span>
    </p>
   </div>
   <div class='ocr_carea' id='block_1_39' title="bbox 323 2313 1880 2388">
    <p class='ocr_par' dir='ltr' id='par_1_39' title="bbox 323 2313 1880 2388">
     <span class='ocr_line' id='line_1_39' title="bbox 323 2313 1880 2388; baseline 0.001 -23"><span class='ocrx_word' id='word_1_310' title='bbox 323 2313 662 2385; x_wconf 76' lang='grc' dir='ltr'>χιστράτηγος</span> <span class='ocrx_word' id='word_1_311' title='bbox 704 2316 911 2388; x_wconf 80' lang='grc' dir='ltr'>Κυρίου</span> <span class='ocrx_word' id='word_1_312' title='bbox 955 2317 1237 2387; x_wconf 86' lang='grc' dir='ltr'>δυνάμεως</span> <span class='ocrx_word' id='word_1_313' title='bbox 1277 2317 1396 2369; x_wconf 77' lang='grc' dir='ltr'>νυνὶ</span> <span class='ocrx_word' id='word_1_314' title='bbox 1434 2315 1806 2386; x_wconf 77' lang='grc' dir='ltr'>παραγέγονά.</span> <span class='ocrx_word' id='word_1_315' title='bbox 1861 2332 1880 2366; x_wconf 80' lang='grc' dir='ltr'><strong>ι</strong></span> 
     </span>
    </p>
   </div>
   <div class='ocr_carea' id='block_1_40' title="bbox 325 2401 1888 2478">
    <p class='ocr_par' dir='ltr' id='par_1_40' title="bbox 325 2401 1888 2478">
     <span class='ocr_line' id='line_1_40' title="bbox 325 2401 1888 2478; baseline 0.004 -22"><span class='ocrx_word' id='word_1_316' title='bbox 325 2403 465 2456; x_wconf 74' lang='grc' dir='ltr'>Κατὰ</span> <span class='ocrx_word' id='word_1_317' title='bbox 501 2404 655 2458; x_wconf 68' lang='grc' dir='ltr'>τοῦτο</span> <span class='ocrx_word' id='word_1_318' title='bbox 693 2401 810 2472; x_wconf 84' lang='grc' dir='ltr'>οὖν,</span> <span class='ocrx_word' id='word_1_319' title='bbox 855 2406 934 2470; x_wconf 81' lang='grc' dir='ltr'>ὡς</span> <span class='ocrx_word' id='word_1_320' title='bbox 983 2407 1095 2461; x_wconf 73' lang='grc' dir='ltr'>ἴσον</span> <span class='ocrx_word' id='word_1_321' title='bbox 1132 2406 1460 2478; x_wconf 87' lang='grc' dir='ltr'>δυνάμενον,</span> <span class='ocrx_word' id='word_1_322' title='bbox 1495 2406 1793 2478; x_wconf 56' lang='lat' dir='ltr'><strong>samem:</strong></span> <span class='ocrx_word' id='word_1_323' title='bbox 1825 2407 1888 2462; x_wconf 79' lang='grc' dir='ltr'>τὸ</span> 
     </span>
    </p>
   </div>
   <div class='ocr_carea' id='block_1_41' title="bbox 325 2493 1886 2569">
    <p class='ocr_par' dir='ltr' id='par_1_41' title="bbox 325 2493 1886 2569">
     <span class='ocr_line' id='line_1_41' title="bbox 325 2493 1886 2569; baseline 0.004 -22"><span class='ocrx_word' id='word_1_324' title='bbox 325 2493 428 2561; x_wconf 78' lang='grc' dir='ltr'>φῶς</span> <span class='ocrx_word' id='word_1_325' title='bbox 447 2495 546 2548; x_wconf 79' lang='grc' dir='ltr'><strong>τῶν</strong></span> <span class='ocrx_word' id='word_1_326' title='bbox 573 2496 877 2569; x_wconf 78' lang='grc' dir='ltr'>ἀνθρώπων</span> <span class='ocrx_word' id='word_1_327' title='bbox 907 2498 1002 2551; x_wconf 66' lang='grc' dir='ltr'><strong>καί⁵</strong></span> <span class='ocrx_word' id='word_1_328' title='bbox 1034 2499 1150 2566; x_wconf 83' lang='grc' dir='ltr'><strong>φῶς</strong></span> <span class='ocrx_word' id='word_1_329' title='bbox 1183 2498 1384 2561; x_wconf 84' lang='grc' dir='ltr'>παντὸς</span> <span class='ocrx_word' id='word_1_330' title='bbox 1416 2497 1656 2567; x_wconf 83' lang='grc' dir='ltr'>λογικοῦ,</span> <span class='ocrx_word' id='word_1_331' title='bbox 1687 2499 1886 2564; x_wconf 80' lang='grc' dir='ltr'>παντὸς</span> 
     </span>
    </p>
   </div>
   <div class='ocr_carea' id='block_1_42' title="bbox 322 2583 1884 2661">
    <p class='ocr_par' dir='ltr' id='par_1_42' title="bbox 322 2583 1884 2661">
     <span class='ocr_line' id='line_1_42' title="bbox 322 2583 1884 2661; baseline 0.004 -22"><span class='ocrx_word' id='word_1_332' title='bbox 322 2584 518 2653; x_wconf 79' lang='grc' dir='ltr'>λογικοῦ</span> <span class='ocrx_word' id='word_1_333' title='bbox 554 2587 633 2659; x_wconf 83' lang='grc' dir='ltr'>τῷ</span> <span class='ocrx_word' id='word_1_334' title='bbox 663 2590 784 2642; x_wconf 82' lang='grc' dir='ltr'>κατ’</span> <span class='ocrx_word' id='word_1_335' title='bbox 814 2590 999 2644; x_wconf 79' lang='grc' dir='ltr'>εἰκόνα</span> <span class='ocrx_word' id='word_1_336' title='bbox 1026 2590 1122 2643; x_wconf 76' lang='grc' dir='ltr'>καὶ</span> <span class='ocrx_word' id='word_1_337' title='bbox 1158 2589 1417 2661; x_wconf 82' lang='grc' dir='ltr'>ὁμοίωσιν</span> <span class='ocrx_word' id='word_1_338' title='bbox 1446 2585 1587 2644; x_wconf 78' lang='grc' dir='ltr'>εἶναι</span> <span class='ocrx_word' id='word_1_339' title='bbox 1623 2583 1760 2644; x_wconf 83' lang='grc' dir='ltr'>Θεοῦ</span> <span class='ocrx_word' id='word_1_340' title='bbox 1787 2593 1884 2646; x_wconf 83' lang='grc' dir='ltr'>άν-</span> 
     </span>
    </p>
   </div>
   <div class='ocr_carea' id='block_1_43' title="bbox 323 2675 1887 2756">
    <p class='ocr_par' dir='ltr' id='par_1_43' title="bbox 323 2675 1887 2756">
     <span class='ocr_line' id='line_1_43' title="bbox 323 2675 1887 2756; baseline 0.004 -26"><span class='ocrx_word' id='word_1_341' title='bbox 323 2675 520 2748; x_wconf 73' lang='grc' dir='ltr'>θρώπου</span> <span class='ocrx_word' id='word_1_342' title='bbox 550 2681 928 2751; x_wconf 83' lang='grc' dir='ltr'>τυγχάνοντος.</span> <span class='ocrx_word' id='word_1_343' title='bbox 977 2681 1051 2735; x_wconf 77' lang='grc' dir='ltr'><strong>Τὸ</strong></span> <span class='ocrx_word' id='word_1_344' title='bbox 1087 2681 1216 2734; x_wconf 83' lang='grc' dir='ltr'>αὐτὸ</span> <span class='ocrx_word' id='word_1_345' title='bbox 1250 2683 1499 2752; x_wconf 86' lang='grc' dir='ltr'>μέντοιγέ</span> <span class='ocrx_word' id='word_1_346' title='bbox 1537 2684 1653 2736; x_wconf 74' lang='grc' dir='ltr'>ἐστι</span> <span class='ocrx_word' id='word_1_347' title='bbox 1680 2685 1887 2756; x_wconf 84' lang='grc' dir='ltr'>τριχῶς</span> 
     </span>
    </p>
   </div>
   <div class='ocr_carea' id='block_1_44' title="bbox 321 2769 1884 2844">
    <p class='ocr_par' dir='ltr' id='par_1_44' title="bbox 321 2769 1884 2844">
     <span class='ocr_line' id='line_1_44' title="bbox 321 2769 1884 2844; baseline 0.002 -18"><span class='ocrx_word' id='word_1_348' title='bbox 321 2769 715 2844; x_wconf 69' lang='grc' dir='ltr'>ὀνομαζόμενον,</span> <span class='ocrx_word' id='word_1_349' title='bbox 745 2773 875 2841; x_wconf 77' lang='grc' dir='ltr'>Φῶς</span> <span class='ocrx_word' id='word_1_350' title='bbox 897 2775 1016 2828; x_wconf 84' lang='grc' dir='ltr'>τῶν</span> <span class='ocrx_word' id='word_1_351' title='bbox 1043 2775 1392 2843; x_wconf 75' lang='grc' dir='ltr'>ἀνθρώπων,</span> <span class='ocrx_word' id='word_1_352' title='bbox 1424 2778 1519 2830; x_wconf 73' lang='grc' dir='ltr'>καὶ</span> <span class='ocrx_word' id='word_1_353' title='bbox 1545 2775 1884 2842; x_wconf 81' lang='grc' dir='ltr'>ἁπαξαπλῶς</span> 
     </span>
    </p>
   </div>
   <div class='ocr_carea' id='block_1_45' title="bbox 323 2861 1883 2940">
    <p class='ocr_par' dir='ltr' id='par_1_45' title="bbox 323 2861 1883 2940">
     <span class='ocr_line' id='line_1_45' title="bbox 323 2861 1883 2940; baseline 0.004 -24"><span class='ocrx_word' id='word_1_354' title='bbox 323 2861 455 2929; x_wconf 70' lang='grc' dir='ltr'>Φῶς,</span> <span class='ocrx_word' id='word_1_355' title='bbox 483 2866 576 2917; x_wconf 74' lang='grc' dir='ltr'>καὶ</span> <span class='ocrx_word' id='word_1_356' title='bbox 605 2865 736 2932; x_wconf 68' lang='grc' dir='ltr'>Φῶς</span> <span class='ocrx_word' id='word_1_357' title='bbox 778 2867 1071 2934; x_wconf 71' lang='grc' dir='ltr'><strong>ἀληθινόν</strong></span> <span class='ocrx_word' id='word_1_358' title='bbox 1088 2884 1102 2897; x_wconf 76' lang='grc' dir='ltr'><strong>ο</strong></span> <span class='ocrx_word' id='word_1_359' title='bbox 1138 2865 1254 2940; x_wconf 67' lang='grc' dir='ltr'>φῶς</span> <span class='ocrx_word' id='word_1_360' title='bbox 1294 2867 1392 2937; x_wconf 83' lang='grc' dir='ltr'>μὲν</span> <span class='ocrx_word' id='word_1_361' title='bbox 1421 2863 1515 2921; x_wconf 85' lang='grc' dir='ltr'><strong>οὖν</strong></span> <span class='ocrx_word' id='word_1_362' title='bbox 1557 2868 1883 2938; x_wconf 75' lang='grc' dir='ltr'>ἀνθρώπων,</span> 
     </span>
    </p>
   </div>
   <div class='ocr_carea' id='block_1_46' title="bbox 323 2947 1885 3029">
    <p class='ocr_par' dir='ltr' id='par_1_46' title="bbox 323 2947 1885 3029">
     <span class='ocr_line' id='line_1_46' title="bbox 323 2947 1885 3029; baseline 0.004 -22"><span class='ocrx_word' id='word_1_363' title='bbox 323 2952 444 3021; x_wconf 63' lang='grc' dir='ltr'>ἦτοι,</span> <span class='ocrx_word' id='word_1_364' title='bbox 471 2955 545 3020; x_wconf 82' lang='grc' dir='ltr'>ὡς</span> <span class='ocrx_word' id='word_1_365' title='bbox 575 2947 1079 3029; x_wconf 85' lang='grc' dir='ltr'>προαποδέδεικται,</span> <span class='ocrx_word' id='word_1_366' title='bbox 1117 2958 1328 3022; x_wconf 83' lang='grc' dir='ltr'>οὐδενὸς</span> <span class='ocrx_word' id='word_1_367' title='bbox 1358 2950 1670 3023; x_wconf 78' lang='grc' dir='ltr'><strong>κωλύοντος¹</strong></span> <span class='ocrx_word' id='word_1_368' title='bbox 1689 2960 1766 3013; x_wconf 70' lang='grc' dir='ltr'>ἰδ’</span> <span class='ocrx_word' id='word_1_369' title='bbox 1790 2961 1885 3014; x_wconf 79' lang='grc' dir='ltr'><strong>ὲκ-</strong></span> 
     </span>
    </p>
   </div>
   <div class='ocr_carea' id='block_1_47' title="bbox 323 3044 1882 3123">
    <p class='ocr_par' dir='ltr' id='par_1_47' title="bbox 323 3044 1882 3123">
     <span class='ocr_line' id='line_1_47' title="bbox 323 3044 1882 3123; baseline 0.004 -25"><span class='ocrx_word' id='word_1_370' title='bbox 323 3044 592 3116; x_wconf 77' lang='grc' dir='ltr'>λαμΰάνειν</span> <span class='ocrx_word' id='word_1_371' title='bbox 627 3050 723 3103; x_wconf 76' lang='grc' dir='ltr'><strong>καὶ</strong></span> <span class='ocrx_word' id='word_1_372' title='bbox 767 3051 970 3122; x_wconf 81' lang='grc' dir='ltr'>ἐτέρων</span> <span class='ocrx_word' id='word_1_373' title='bbox 1001 3051 1154 3123; x_wconf 77' lang='grc' dir='ltr'>παρὰ</span> <span class='ocrx_word' id='word_1_374' title='bbox 1189 3050 1282 3105; x_wconf 83' lang='grc' dir='ltr'>τὸν</span> <span class='ocrx_word' id='word_1_375' title='bbox 1323 3050 1608 3122; x_wconf 79' lang='grc' dir='ltr'>ἄνθρωπον</span> <span class='ocrx_word' id='word_1_376' title='bbox 1637 3047 1779 3105; x_wconf 82' lang='grc' dir='ltr'>εἶναι</span> <span class='ocrx_word' id='word_1_377' title='bbox 1822 3051 1882 3105; x_wconf 80' lang='grc' dir='ltr'>τὸ</span> 
     </span>
    </p>
   </div>
   <div class='ocr_carea' id='block_1_48' title="bbox 323 3138 1882 3220">
    <p class='ocr_par' dir='ltr' id='par_1_48' title="bbox 323 3138 1882 3220">
     <span class='ocr_line' id='line_1_48' title="bbox 323 3138 1882 3220; baseline 0.003 -26"><span class='ocrx_word' id='word_1_378' title='bbox 323 3138 441 3205; x_wconf 80' lang='grc' dir='ltr'>φῶς,</span> <span class='ocrx_word' id='word_1_379' title='bbox 463 3140 492 3210; x_wconf 77' lang='grc' dir='ltr'>ἢ</span> <span class='ocrx_word' id='word_1_380' title='bbox 523 3141 744 3220; x_wconf 85' lang='grc' dir='ltr'>πάντων</span> <span class='ocrx_word' id='word_1_381' title='bbox 770 3142 882 3195; x_wconf 89' lang='grc' dir='ltr'><strong>τῶν</strong></span> <span class='ocrx_word' id='word_1_382' title='bbox 906 3141 1158 3212; x_wconf 85' lang='grc' dir='ltr'>λογικῶν,</span> <span class='ocrx_word' id='word_1_383' title='bbox 1181 3143 1270 3197; x_wconf 81' lang='grc' dir='ltr'><strong>διὰ</strong></span> <span class='ocrx_word' id='word_1_384' title='bbox 1293 3144 1356 3197; x_wconf 82' lang='grc' dir='ltr'>τὸ</span> <span class='ocrx_word' id='word_1_385' title='bbox 1388 3145 1510 3197; x_wconf 77' lang='grc' dir='ltr'>κατ’</span> <span class='ocrx_word' id='word_1_386' title='bbox 1537 3143 1722 3199; x_wconf 73' lang='grc' dir='ltr'>εἰκόνα</span> <span class='ocrx_word' id='word_1_387' title='bbox 1746 3143 1882 3198; x_wconf 85' lang='grc' dir='ltr'>Θεοῦ</span> 
     </span>
    </p>
   </div>
   <div class='ocr_carea' id='block_1_49' title="bbox 321 3219 1508 3305">
    <p class='ocr_par' dir='ltr' id='par_1_49' title="bbox 321 3219 1508 3305">
     <span class='ocr_line' id='line_1_49' title="bbox 321 3219 1508 3305; baseline 0.004 -22"><span class='ocrx_word' id='word_1_388' title='bbox 321 3219 575 3296; x_wconf 77' lang='grc' dir='ltr'>γεγονέναι</span> <span class='ocrx_word' id='word_1_389' title='bbox 601 3219 908 3304; x_wconf 77' lang='grc' dir='ltr'>ἀνθρώπων</span> <span class='ocrx_word' id='word_1_390' title='bbox 937 3235 1312 3305; x_wconf 47' lang='grc' dir='ltr'>καλουμένων,</span> <span class='ocrx_word' id='word_1_391' title='bbox 1393 3264 1425 3287; x_wconf 95' lang='grc'><strong>.-</strong></span> <span class='ocrx_word' id='word_1_392' title='bbox 1506 3265 1508 3268; x_wconf 54' lang='grc' dir='ltr'><strong>ν</strong></span> 
     </span>
    </p>
   </div>
   <div class='ocr_carea' id='block_1_50' title="bbox 1994 1862 3567 1936">
    <p class='ocr_par' dir='ltr' id='par_1_50' title="bbox 1994 1862 3567 1936">
     <span class='ocr_line' id='line_1_50' title="bbox 1994 1862 3567 1936; baseline 0.004 -20"><span class='ocrx_word' id='word_1_393' title='bbox 1994 1877 2099 1916; x_wconf 93' lang='lat' dir='ltr'><strong>non</strong></span> <span class='ocrx_word' id='word_1_394' title='bbox 2126 1862 2340 1931; x_wconf 80' lang='lat' dir='ltr'><strong>species</strong></span> <span class='ocrx_word' id='word_1_395' title='bbox 2377 1862 2630 1918; x_wconf 85' lang='lat' dir='ltr'><strong>animalis</strong></span> <span class='ocrx_word' id='word_1_396' title='bbox 2655 1874 2759 1929; x_wconf 86' lang='lat' dir='ltr'><strong>est,</strong></span> <span class='ocrx_word' id='word_1_397' title='bbox 2797 1879 2974 1935; x_wconf 87' lang='lat' dir='ltr'><strong>neque</strong></span> <span class='ocrx_word' id='word_1_398' title='bbox 2999 1865 3359 1936; x_wconf 84' lang='lat' dir='ltr'><strong>principatus,</strong></span> <span class='ocrx_word' id='word_1_399' title='bbox 3388 1883 3567 1936; x_wconf 88' lang='lat' dir='ltr'><strong>neque</strong></span> 
     </span>
    </p>
   </div>
   <div class='ocr_carea' id='block_1_51' title="bbox 1991 1953 3565 2026">
    <p class='ocr_par' dir='ltr' id='par_1_51' title="bbox 1991 1953 3565 2026">
     <span class='ocr_line' id='line_1_51' title="bbox 1991 1953 3565 2026; baseline 0.005 -19"><span class='ocrx_word' id='word_1_400' title='bbox 1991 1953 2308 2018; x_wconf 86' lang='lat' dir='ltr'><strong>dominatio,</strong></span> <span class='ocrx_word' id='word_1_401' title='bbox 2353 1968 2536 2026; x_wconf 84' lang='lat' dir='ltr'><strong>neque</strong></span> <span class='ocrx_word' id='word_1_402' title='bbox 2563 1963 2804 2022; x_wconf 87' lang='lat' dir='ltr'><strong>potestas</strong></span> <span class='ocrx_word' id='word_1_403' title='bbox 2836 1955 3047 2024; x_wconf 84' lang='lat' dir='ltr'><strong>species</strong></span> <span class='ocrx_word' id='word_1_404' title='bbox 3092 1968 3228 2018; x_wconf 80' lang='lat' dir='ltr'><strong>sunt,</strong></span> <span class='ocrx_word' id='word_1_405' title='bbox 3269 1959 3519 2018; x_wconf 81' lang='lat' dir='ltr'><strong>animalis</strong></span> <span class='ocrx_word' id='word_1_406' title='bbox 3549 2001 3565 2024; x_wconf 92' lang='lat'><strong>,</strong></span> 
     </span>
    </p>
   </div>
   <div class='ocr_carea' id='block_1_52' title="bbox 1990 2042 3564 2121">
    <p class='ocr_par' dir='ltr' id='par_1_52' title="bbox 1990 2042 3564 2121">
     <span class='ocr_line' id='line_1_52' title="bbox 1990 2042 3564 2121; baseline 0.003 -23"><span class='ocrx_word' id='word_1_407' title='bbox 1990 2042 2106 2098; x_wconf 86' lang='lat' dir='ltr'><strong>sed.-</strong></span> <span class='ocrx_word' id='word_1_408' title='bbox 2128 2057 2314 2102; x_wconf 85' lang='lat' dir='ltr'><strong>rerum</strong></span> <span class='ocrx_word' id='word_1_409' title='bbox 2354 2043 2575 2121; x_wconf 82' lang='lat' dir='ltr'><strong>nomina</strong></span> <span class='ocrx_word' id='word_1_410' title='bbox 2603 2081 2622 2108; x_wconf 88' lang='lat'><strong>,</strong></span> <span class='ocrx_word' id='word_1_411' title='bbox 2649 2045 2720 2102; x_wconf 54' lang='lat' dir='ltr'><strong>:in</strong></span> <span class='ocrx_word' id='word_1_412' title='bbox 2768 2044 2967 2113; x_wconf 89' lang='lat' dir='ltr'><strong>quibus</strong></span> <span class='ocrx_word' id='word_1_413' title='bbox 2995 2043 3231 2100; x_wconf 86' lang='lat' dir='ltr'><strong>ordinati</strong></span> <span class='ocrx_word' id='word_1_414' title='bbox 3267 2057 3434 2121; x_wconf 80' lang='lat' dir='ltr'><strong>sunt,</strong></span> <span class='ocrx_word' id='word_1_415' title='bbox 3471 2051 3564 2117; x_wconf 85' lang='lat' dir='ltr'><strong>qui</strong></span> 
     </span>
    </p>
   </div>
   <div class='ocr_carea' id='block_1_53' title="bbox 1989 2133 3563 2206">
    <p class='ocr_par' dir='ltr' id='par_1_53' title="bbox 1989 2133 3563 2206">
     <span class='ocr_line' id='line_1_53' title="bbox 1989 2133 3563 2206; baseline 0.002 -17"><span class='ocrx_word' id='word_1_416' title='bbox 1989 2134 2071 2189; x_wconf 90' lang='lat' dir='ltr'><strong>sic</strong></span> <span class='ocrx_word' id='word_1_417' title='bbox 2103 2133 2455 2204; x_wconf 84' lang='lat' dir='ltr'><strong>appellantur</strong></span> <span class='ocrx_word' id='word_1_418' title='bbox 2482 2173 2498 2198; x_wconf 90' lang='lat'><strong>,</strong></span> <span class='ocrx_word' id='word_1_419' title='bbox 2529 2150 2761 2205; x_wconf 88' lang='lat' dir='ltr'><strong>quorum</strong></span> <span class='ocrx_word' id='word_1_420' title='bbox 2792 2135 3263 2205; x_wconf 64' lang='lat' dir='ltr'><strong>subjectummihil</strong></span> <span class='ocrx_word' id='word_1_421' title='bbox 3300 2137 3563 2206; x_wconf 66' lang='lat' dir='ltr'><strong>aliudsit,</strong></span> 
     </span>
    </p>
   </div>
   <div class='ocr_carea' id='block_1_54' title="bbox 1987 2226 3564 2297">
    <p class='ocr_par' dir='ltr' id='par_1_54' title="bbox 1987 2226 3564 2297">
     <span class='ocr_line' id='line_1_54' title="bbox 1987 2226 3564 2297; baseline 0.005 -19"><span class='ocrx_word' id='word_1_422' title='bbox 1987 2240 2152 2295; x_wconf 88' lang='lat' dir='ltr'><strong>quam</strong></span> <span class='ocrx_word' id='word_1_423' title='bbox 2190 2226 2383 2290; x_wconf 89' lang='lat' dir='ltr'><strong>homo.</strong></span> <span class='ocrx_word' id='word_1_424' title='bbox 2407 2226 2754 2296; x_wconf 88' lang='lat' dir='ltr'><strong>cuisuhjecto</strong></span> <span class='ocrx_word' id='word_1_425' title='bbox 2767 2227 3048 2296; x_wconf 84' lang='lat' dir='ltr'><strong>contingat</strong></span> <span class='ocrx_word' id='word_1_426' title='bbox 3080 2243 3204 2284; x_wconf 89' lang='lat' dir='ltr'><strong>esse</strong></span> <span class='ocrx_word' id='word_1_427' title='bbox 3227 2229 3308 2284; x_wconf 76' lang='lat' dir='ltr'><strong>vel</strong></span> <span class='ocrx_word' id='word_1_428' title='bbox 3341 2231 3564 2297; x_wconf 83' lang='lat' dir='ltr'><strong>throno,</strong></span> 
     </span>
    </p>
   </div>
   <div class='ocr_carea' id='block_1_55' title="bbox 1988 2315 3564 2391">
    <p class='ocr_par' dir='ltr' id='par_1_55' title="bbox 1988 2315 3564 2391">
     <span class='ocr_line' id='line_1_55' title="bbox 1988 2315 3564 2391; baseline 0.006 -21"><span class='ocrx_word' id='word_1_429' title='bbox 1988 2316 2074 2371; x_wconf 91' lang='lat' dir='ltr'><strong>vel</strong></span> <span class='ocrx_word' id='word_1_430' title='bbox 2120 2315 2505 2382; x_wconf 86' lang='lat' dir='ltr'><strong>dominationi,</strong></span> <span class='ocrx_word' id='word_1_431' title='bbox 2535 2316 2618 2372; x_wconf 83' lang='lat' dir='ltr'><strong>vel</strong></span> <span class='ocrx_word' id='word_1_432' title='bbox 2649 2317 3018 2387; x_wconf 85' lang='lat' dir='ltr'><strong>principatei,</strong></span> <span class='ocrx_word' id='word_1_433' title='bbox 3059 2321 3140 2374; x_wconf 81' lang='lat' dir='ltr'><strong>vel</strong></span> <span class='ocrx_word' id='word_1_434' title='bbox 3186 2323 3462 2391; x_wconf 85' lang='lat' dir='ltr'><strong>potestati.</strong></span> <span class='ocrx_word' id='word_1_435' title='bbox 3494 2323 3564 2379; x_wconf 82' lang='lat' dir='ltr'><strong>Et</strong></span> 
     </span>
    </p>
   </div>
   <div class='ocr_carea' id='block_1_56' title="bbox 1991 2405 3562 2483">
    <p class='ocr_par' dir='ltr' id='par_1_56' title="bbox 1991 2405 3562 2483">
     <span class='ocr_line' id='line_1_56' title="bbox 1991 2405 3562 2483; baseline 0.003 -19"><span class='ocrx_word' id='word_1_436' title='bbox 1991 2409 2044 2464; x_wconf 84' lang='lat' dir='ltr'><strong>in</strong></span> <span class='ocrx_word' id='word_1_437' title='bbox 2073 2405 2204 2465; x_wconf 80' lang='lat' dir='ltr'><strong>Jesu</strong></span> <span class='ocrx_word' id='word_1_438' title='bbox 2231 2407 2385 2464; x_wconf 81' lang='lat' dir='ltr'><strong>Nave</strong></span> <span class='ocrx_word' id='word_1_439' title='bbox 2411 2409 2631 2479; x_wconf 88' lang='lat' dir='ltr'><strong>ponitur</strong></span> <span class='ocrx_word' id='word_1_440' title='bbox 2672 2408 2832 2475; x_wconf 89' lang='lat' dir='ltr'><strong>illud,</strong></span> <span class='ocrx_word' id='word_1_441' title='bbox 2865 2409 3021 2466; x_wconf 84' lang='lat' dir='ltr'><strong>Visus</strong></span> <span class='ocrx_word' id='word_1_442' title='bbox 3051 2421 3136 2466; x_wconf 88' lang='lat' dir='ltr'><strong>est</strong></span> <span class='ocrx_word' id='word_1_443' title='bbox 3169 2411 3296 2468; x_wconf 84' lang='lat' dir='ltr'><strong>Jesu</strong></span> <span class='ocrx_word' id='word_1_444' title='bbox 3329 2413 3431 2483; x_wconf 88' lang='lat' dir='ltr'><strong>ipsi</strong></span> <span class='ocrx_word' id='word_1_445' title='bbox 3461 2415 3562 2469; x_wconf 89' lang='lat' dir='ltr'><strong>ho-</strong></span> 
     </span>
    </p>
   </div>
   <div class='ocr_carea' id='block_1_57' title="bbox 1988 2485 3565 2572">
    <p class='ocr_par' dir='ltr' id='par_1_57' title="bbox 1988 2485 3565 2572">
     <span class='ocr_line' id='line_1_57' title="bbox 1988 2485 3565 2572; baseline 0.004 -20"><span class='ocrx_word' id='word_1_446' title='bbox 1988 2498 2171 2565; x_wconf 85' lang='lat' dir='ltr'><strong>moin</strong></span> <span class='ocrx_word' id='word_1_447' title='bbox 2205 2485 2426 2554; x_wconf 79' lang='lat' dir='ltr'><strong>Jericho</strong></span> <span class='ocrx_word' id='word_1_448' title='bbox 2448 2519 2486 2564; x_wconf 80' lang='lat'><strong>,-</strong></span> <span class='ocrx_word' id='word_1_449' title='bbox 2517 2498 2613 2568; x_wconf 87' lang='lat' dir='ltr'><strong>qui</strong></span> <span class='ocrx_word' id='word_1_450' title='bbox 2663 2498 2838 2568; x_wconf 87' lang='lat' dir='ltr'><strong>inquit</strong></span> <span class='ocrx_word' id='word_1_451' title='bbox 2868 2514 2883 2550; x_wconf 89' lang='lat'><strong>:</strong></span> <span class='ocrx_word' id='word_1_452' title='bbox 2923 2515 2943 2550; x_wconf 79' lang='grc' dir='ltr'><strong>ι</strong></span> <span class='ocrx_word' id='word_1_453' title='bbox 2978 2498 3093 2570; x_wconf 85' lang='lat' dir='ltr'><strong>Ego</strong></span> <span class='ocrx_word' id='word_1_454' title='bbox 3141 2515 3263 2555; x_wconf 90' lang='lat' dir='ltr'><strong>sum</strong></span> <span class='ocrx_word' id='word_1_455' title='bbox 3309 2504 3565 2572; x_wconf 69' lang='lat' dir='ltr'><strong>princeps</strong></span> 
     </span>
    </p>
   </div>
   <div class='ocr_carea' id='block_1_58' title="bbox 1987 2573 3564 2660">
    <p class='ocr_par' dir='ltr' id='par_1_58' title="bbox 1987 2573 3564 2660">
     <span class='ocr_line' id='line_1_58' title="bbox 1987 2573 3564 2660; baseline 0.001 -16"><span class='ocrx_word' id='word_1_456' title='bbox 1987 2590 2265 2646; x_wconf 81' lang='lat' dir='ltr'><strong>exercitus</strong></span> <span class='ocrx_word' id='word_1_457' title='bbox 2289 2589 2550 2660; x_wconf 74' lang='lat' dir='ltr'><strong>potentia:</strong></span> <span class='ocrx_word' id='word_1_458' title='bbox 2579 2573 2814 2652; x_wconf 82' lang='lat' dir='ltr'><strong>Domini,</strong></span> <span class='ocrx_word' id='word_1_459' title='bbox 2863 2604 3006 2644; x_wconf 89' lang='lat' dir='ltr'><strong>nunc</strong></span> <span class='ocrx_word' id='word_1_460' title='bbox 3022 2592 3236 2647; x_wconf 84' lang='lat' dir='ltr'><strong>accessi</strong></span> <span class='ocrx_word' id='word_1_461' title='bbox 3282 2592 3348 2644; x_wconf 76' lang='lat'><strong>“.</strong></span> <span class='ocrx_word' id='word_1_462' title='bbox 3399 2611 3418 2643; x_wconf 78' lang='grc' dir='ltr'><strong>ι</strong></span> <span class='ocrx_word' id='word_1_463' title='bbox 3463 2593 3564 2646; x_wconf 85' lang='lat' dir='ltr'><strong>Se-</strong></span> 
     </span>
    </p>
   </div>
   <div class='ocr_carea' id='block_1_59' title="bbox 1989 2679 3563 2752">
    <p class='ocr_par' dir='ltr' id='par_1_59' title="bbox 1989 2679 3563 2752">
     <span class='ocr_line' id='line_1_59' title="bbox 1989 2679 3563 2752; baseline 0.002 -16"><span class='ocrx_word' id='word_1_464' title='bbox 1989 2680 2227 2736; x_wconf 87' lang='lat' dir='ltr'><strong>cundum</strong></span> <span class='ocrx_word' id='word_1_465' title='bbox 2266 2679 2374 2734; x_wconf 88' lang='lat' dir='ltr'><strong>hoc</strong></span> <span class='ocrx_word' id='word_1_466' title='bbox 2399 2692 2532 2749; x_wconf 90' lang='lat' dir='ltr'><strong>ergo</strong></span> <span class='ocrx_word' id='word_1_467' title='bbox 2559 2717 2577 2744; x_wconf 92' lang='lat'><strong>,</strong></span> <span class='ocrx_word' id='word_1_468' title='bbox 2605 2687 2662 2733; x_wconf 93' lang='lat' dir='ltr'><strong>ut</strong></span> <span class='ocrx_word' id='word_1_469' title='bbox 2691 2692 2848 2748; x_wconf 61' lang='lat' dir='ltr'><strong>atque</strong></span> <span class='ocrx_word' id='word_1_470' title='bbox 2870 2679 3078 2747; x_wconf 87' lang='lat' dir='ltr'><strong>valens,</strong></span> <span class='ocrx_word' id='word_1_471' title='bbox 3109 2682 3563 2752; x_wconf 87' lang='lat' dir='ltr'><strong>interpretabitur</strong></span> 
     </span>
    </p>
   </div>
   <div class='ocr_carea' id='block_1_60' title="bbox 1987 2769 3560 2848">
    <p class='ocr_par' dir='ltr' id='par_1_60' title="bbox 1987 2769 3560 2848">
     <span class='ocr_line' id='line_1_60' title="bbox 1987 2769 3560 2848; baseline 0.001 -22"><span class='ocrx_word' id='word_1_472' title='bbox 1987 2771 2163 2828; x_wconf 87' lang='lat' dir='ltr'><strong>lucem</strong></span> <span class='ocrx_word' id='word_1_473' title='bbox 2213 2771 2494 2828; x_wconf 87' lang='lat' dir='ltr'><strong>hominum</strong></span> <span class='ocrx_word' id='word_1_474' title='bbox 2549 2769 2726 2826; x_wconf 90' lang='lat' dir='ltr'><strong>lucem</strong></span> <span class='ocrx_word' id='word_1_475' title='bbox 2779 2772 2944 2826; x_wconf 90' lang='lat' dir='ltr'><strong>etiam</strong></span> <span class='ocrx_word' id='word_1_476' title='bbox 2973 2786 3097 2828; x_wconf 82' lang='lat' dir='ltr'><strong>esse</strong></span> <span class='ocrx_word' id='word_1_477' title='bbox 3125 2771 3422 2848; x_wconf 77' lang='lat' dir='ltr'><strong>cujuslibet</strong></span> <span class='ocrx_word' id='word_1_478' title='bbox 3469 2774 3560 2843; x_wconf 92' lang='lat' dir='ltr'><strong>qui</strong></span> 
     </span>
    </p>
   </div>
   <div class='ocr_carea' id='block_1_61' title="bbox 1987 2862 3554 2932">
    <p class='ocr_par' dir='ltr' id='par_1_61' title="bbox 1987 2862 3554 2932">
     <span class='ocr_line' id='line_1_61' title="bbox 1987 2862 3554 2932; baseline -0.001 -13"><span class='ocrx_word' id='word_1_479' title='bbox 1987 2864 2217 2919; x_wconf 85' lang='lat' dir='ltr'><strong>rationis</strong></span> <span class='ocrx_word' id='word_1_480' title='bbox 2245 2864 2319 2920; x_wconf 85' lang='lat' dir='ltr'><strong>sit</strong></span> <span class='ocrx_word' id='word_1_481' title='bbox 2351 2876 2596 2932; x_wconf 88' lang='lat' dir='ltr'><strong>compos,</strong></span> <span class='ocrx_word' id='word_1_482' title='bbox 2624 2862 2826 2932; x_wconf 85' lang='lat' dir='ltr'><strong>quippe</strong></span> <span class='ocrx_word' id='word_1_483' title='bbox 2847 2864 2978 2932; x_wconf 87' lang='lat' dir='ltr'><strong>quia</strong></span> <span class='ocrx_word' id='word_1_484' title='bbox 3005 2863 3076 2918; x_wconf 89' lang='lat' dir='ltr'><strong>sit</strong></span> <span class='ocrx_word' id='word_1_485' title='bbox 3101 2863 3286 2931; x_wconf 89' lang='lat' dir='ltr'><strong>homo,</strong></span> <span class='ocrx_word' id='word_1_486' title='bbox 3313 2865 3380 2918; x_wconf 90' lang='lat' dir='ltr'><strong>ad</strong></span> <span class='ocrx_word' id='word_1_487' title='bbox 3415 2866 3554 2918; x_wconf 86' lang='lat' dir='ltr'><strong>ima-</strong></span> 
     </span>
    </p>
   </div>
   <div class='ocr_carea' id='block_1_62' title="bbox 1985 2955 3561 3027">
    <p class='ocr_par' dir='ltr' id='par_1_62' title="bbox 1985 2955 3561 3027">
     <span class='ocr_line' id='line_1_62' title="bbox 1985 2955 3561 3027; baseline 0 -17"><span class='ocrx_word' id='word_1_488' title='bbox 1985 2957 2164 3027; x_wconf 85' lang='lat' dir='ltr'><strong>ginem</strong></span> <span class='ocrx_word' id='word_1_489' title='bbox 2201 2967 2260 3010; x_wconf 90' lang='lat' dir='ltr'><strong>et</strong></span> <span class='ocrx_word' id='word_1_490' title='bbox 2313 2955 2733 3012; x_wconf 88' lang='lat' dir='ltr'><strong>similitudinem</strong></span> <span class='ocrx_word' id='word_1_491' title='bbox 2788 2957 2908 3012; x_wconf 87' lang='lat' dir='ltr'><strong>Dei.</strong></span> <span class='ocrx_word' id='word_1_492' title='bbox 2959 2955 3102 3012; x_wconf 85' lang='lat' dir='ltr'><strong>Sane</strong></span> <span class='ocrx_word' id='word_1_493' title='bbox 3129 2957 3219 3010; x_wconf 79' lang='lat' dir='ltr'><strong>lux</strong></span> <span class='ocrx_word' id='word_1_494' title='bbox 3254 2957 3367 3026; x_wconf 91' lang='lat' dir='ltr'><strong>ipsa</strong></span> <span class='ocrx_word' id='word_1_495' title='bbox 3402 2957 3561 3010; x_wconf 78' lang='lat' dir='ltr'><strong>trifa-</strong></span> 
     </span>
    </p>
   </div>
   <div class='ocr_carea' id='block_1_63' title="bbox 1987 3046 3558 3116">
    <p class='ocr_par' dir='ltr' id='par_1_63' title="bbox 1987 3046 3558 3116">
     <span class='ocr_line' id='line_1_63' title="bbox 1987 3046 3558 3116; baseline -0.003 -13"><span class='ocrx_word' id='word_1_496' title='bbox 1987 3049 2124 3103; x_wconf 81' lang='lat' dir='ltr'><strong>riam</strong></span> <span class='ocrx_word' id='word_1_497' title='bbox 2161 3047 2492 3112; x_wconf 88' lang='lat' dir='ltr'><strong>nominatur,</strong></span> <span class='ocrx_word' id='word_1_498' title='bbox 2539 3046 2633 3100; x_wconf 76' lang='lat' dir='ltr'><strong>tua:</strong></span> <span class='ocrx_word' id='word_1_499' title='bbox 2661 3046 2968 3112; x_wconf 79' lang='lat' dir='ltr'><strong>hominum,</strong></span> <span class='ocrx_word' id='word_1_500' title='bbox 3000 3056 3056 3102; x_wconf 90' lang='lat' dir='ltr'><strong>et</strong></span> <span class='ocrx_word' id='word_1_501' title='bbox 3093 3046 3414 3116; x_wconf 87' lang='lat' dir='ltr'><strong>simpliciter</strong></span> <span class='ocrx_word' id='word_1_502' title='bbox 3441 3047 3558 3116; x_wconf 71' lang='lat' dir='ltr'><strong>lux,</strong></span> 
     </span>
    </p>
   </div>
   <div class='ocr_carea' id='block_1_64' title="bbox 1989 3138 3558 3210">
    <p class='ocr_par' dir='ltr' id='par_1_64' title="bbox 1989 3138 3558 3210">
     <span class='ocr_line' id='line_1_64' title="bbox 1989 3138 3558 3210; baseline -0.002 -15"><span class='ocrx_word' id='word_1_503' title='bbox 1989 3149 2046 3195; x_wconf 88' lang='lat' dir='ltr'><strong>et</strong></span> <span class='ocrx_word' id='word_1_504' title='bbox 2069 3140 2164 3194; x_wconf 74' lang='lat' dir='ltr'><strong>tua:</strong></span> <span class='ocrx_word' id='word_1_505' title='bbox 2200 3155 2344 3206; x_wconf 71' lang='lat' dir='ltr'><strong>aera.</strong></span> <span class='ocrx_word' id='word_1_506' title='bbox 2379 3139 2559 3210; x_wconf 84' lang='lat' dir='ltr'><strong>Atque</strong></span> <span class='ocrx_word' id='word_1_507' title='bbox 2606 3138 2700 3192; x_wconf 81' lang='lat' dir='ltr'><strong>lux</strong></span> <span class='ocrx_word' id='word_1_508' title='bbox 2739 3139 2960 3208; x_wconf 86' lang='lat' dir='ltr'><strong>quidem</strong></span> <span class='ocrx_word' id='word_1_509' title='bbox 3005 3139 3438 3207; x_wconf 60' lang='lat' dir='ltr'><strong>est,heminum-,~</strong></span> <span class='ocrx_word' id='word_1_510' title='bbox 3477 3139 3558 3209; x_wconf 69' lang='lat' dir='ltr'><strong>vel</strong></span> 
     </span>
    </p>
   </div>
   <div class='ocr_carea' id='block_1_65' title="bbox 1989 3229 3555 3301">
    <p class='ocr_par' dir='ltr' id='par_1_65' title="bbox 1989 3229 3555 3301">
     <span class='ocr_line' id='line_1_65' title="bbox 1989 3229 3555 3301; baseline -0.001 -17"><span class='ocrx_word' id='word_1_511' title='bbox 1989 3230 2132 3301; x_wconf 88' lang='lat' dir='ltr'><strong>quod</strong></span> <span class='ocrx_word' id='word_1_512' title='bbox 2159 3269 2176 3298; x_wconf 93' lang='lat'><strong>,</strong></span> <span class='ocrx_word' id='word_1_513' title='bbox 2208 3237 2271 3283; x_wconf 84' lang='lat' dir='ltr'><strong>ut</strong></span> <span class='ocrx_word' id='word_1_514' title='bbox 2306 3238 2434 3283; x_wconf 88' lang='lat' dir='ltr'><strong>ante</strong></span> <span class='ocrx_word' id='word_1_515' title='bbox 2481 3239 2757 3287; x_wconf 86' lang='lat' dir='ltr'><strong>ostensum</strong></span> <span class='ocrx_word' id='word_1_516' title='bbox 2801 3239 2883 3284; x_wconf 88' lang='lat' dir='ltr'><strong>est</strong></span> <span class='ocrx_word' id='word_1_517' title='bbox 2908 3269 2924 3294; x_wconf 91' lang='lat'><strong>,</strong></span> <span class='ocrx_word' id='word_1_518' title='bbox 2956 3229 3089 3284; x_wconf 86' lang='lat' dir='ltr'><strong>nihil</strong></span> <span class='ocrx_word' id='word_1_519' title='bbox 3124 3230 3406 3299; x_wconf 85' lang='lat' dir='ltr'><strong>prohibeat</strong></span> <span class='ocrx_word' id='word_1_520' title='bbox 3435 3245 3555 3282; x_wconf 88' lang='lat' dir='ltr'><strong>eam</strong></span> 
     </span>
    </p>
   </div>
   <div class='ocr_carea' id='block_1_66' title="bbox 323 3321 3557 3398">
    <p class='ocr_par' dir='ltr' id='par_1_66' title="bbox 323 3321 3557 3398">
     <span class='ocr_line' id='line_1_66' title="bbox 323 3321 3557 3398; baseline 0.001 -26"><span class='ocrx_word' id='word_1_521' title='bbox 323 3321 598 3393; x_wconf 70' lang='lat' dir='ltr'><strong>intelligere</strong></span> <span class='ocrx_word' id='word_1_522' title='bbox 625 3325 802 3380; x_wconf 86' lang='lat' dir='ltr'><strong>lucem</strong></span> <span class='ocrx_word' id='word_1_523' title='bbox 851 3327 1014 3382; x_wconf 89' lang='lat' dir='ltr'><strong>etiam</strong></span> <span class='ocrx_word' id='word_1_524' title='bbox 1047 3328 1276 3383; x_wconf 87' lang='lat' dir='ltr'><strong>aliorum</strong></span> <span class='ocrx_word' id='word_1_525' title='bbox 1307 3337 1504 3398; x_wconf 74' lang='lat' dir='ltr'><strong>prmter</strong></span> <span class='ocrx_word' id='word_1_526' title='bbox 1532 3329 1806 3384; x_wconf 88' lang='lat' dir='ltr'><strong>hominem</strong></span> <span class='ocrx_word' id='word_1_527' title='bbox 1835 3340 1978 3392; x_wconf 89' lang='lat' dir='ltr'><strong>esse,</strong></span> <span class='ocrx_word' id='word_1_528' title='bbox 2015 3324 2096 3378; x_wconf 88' lang='lat' dir='ltr'><strong>vel</strong></span> <span class='ocrx_word' id='word_1_529' title='bbox 2131 3321 2276 3391; x_wconf 92' lang='lat' dir='ltr'><strong>quod</strong></span> <span class='ocrx_word' id='word_1_530' title='bbox 2299 3336 2490 3377; x_wconf 90' lang='lat' dir='ltr'><strong>omnes</strong></span> <span class='ocrx_word' id='word_1_531' title='bbox 2521 3322 2614 3393; x_wconf 92' lang='lat' dir='ltr'><strong>qui</strong></span> <span class='ocrx_word' id='word_1_532' title='bbox 2646 3322 2874 3378; x_wconf 88' lang='lat' dir='ltr'><strong>rationis</strong></span> <span class='ocrx_word' id='word_1_533' title='bbox 2894 3330 3019 3378; x_wconf 87' lang='lat' dir='ltr'><strong>sunt</strong></span> <span class='ocrx_word' id='word_1_534' title='bbox 3053 3331 3350 3391; x_wconf 88' lang='lat' dir='ltr'><strong>compotes,</strong></span> <span class='ocrx_word' id='word_1_535' title='bbox 3378 3321 3557 3375; x_wconf 88' lang='lat' dir='ltr'><strong>homi-</strong></span> 
     </span>
    </p>
   </div>
   <div class='ocr_carea' id='block_1_67' title="bbox 329 3415 3442 3493">
    <p class='ocr_par' dir='ltr' id='par_1_67' title="bbox 329 3415 3442 3493">
     <span class='ocr_line' id='line_1_67' title="bbox 329 3415 3442 3493; baseline -0.001 -21"><span class='ocrx_word' id='word_1_536' title='bbox 329 3432 411 3472; x_wconf 87' lang='lat' dir='ltr'><strong>nes</strong></span> <span class='ocrx_word' id='word_1_537' title='bbox 433 3429 714 3487; x_wconf 75' lang='lat' dir='ltr'><strong>vocentur,</strong></span> <span class='ocrx_word' id='word_1_538' title='bbox 749 3421 870 3489; x_wconf 88' lang='lat' dir='ltr'><strong>quia</strong></span> <span class='ocrx_word' id='word_1_539' title='bbox 907 3420 1031 3475; x_wconf 76' lang='lat' dir='ltr'><strong>facti</strong></span> <span class='ocrx_word' id='word_1_540' title='bbox 1063 3423 1176 3475; x_wconf 88' lang='lat' dir='ltr'><strong>sint</strong></span> <span class='ocrx_word' id='word_1_541' title='bbox 1203 3422 1270 3476; x_wconf 89' lang='lat' dir='ltr'><strong>ad</strong></span> <span class='ocrx_word' id='word_1_542' title='bbox 1295 3422 1584 3493; x_wconf 82' lang='lat' dir='ltr'><strong>imaginem</strong></span> <span class='ocrx_word' id='word_1_543' title='bbox 1618 3431 1673 3476; x_wconf 93' lang='lat' dir='ltr'><strong>et</strong></span> <span class='ocrx_word' id='word_1_544' title='bbox 1699 3418 2110 3476; x_wconf 88' lang='lat' dir='ltr'><strong>similitudinem</strong></span> <span class='ocrx_word' id='word_1_545' title='bbox 2141 3415 2256 3471; x_wconf 89' lang='lat' dir='ltr'><strong>Dei.</strong></span> <span class='ocrx_word' id='word_1_546' title='bbox 2323 3453 2328 3456; x_wconf 91' lang='lat'><strong><em>-</em></strong></span> <span class='ocrx_word' id='word_1_547' title='bbox 2371 3453 2374 3457; x_wconf 83' lang='lat'><strong><em>-</em></strong></span> <span class='ocrx_word' id='word_1_548' title='bbox 2721 3453 2725 3456; x_wconf 61' lang='grc' dir='ltr'><strong>ι</strong></span> <span class='ocrx_word' id='word_1_549' title='bbox 3437 3455 3442 3458; x_wconf 90' lang='grc'><strong><em>-</em></strong></span> 
     </span>
    </p>
   </div>
   <div class='ocr_carea' id='block_1_68' title="bbox 389 3499 1870 3584">
    <p class='ocr_par' dir='ltr' id='par_1_68' title="bbox 389 3499 1870 3584">
     <span class='ocr_line' id='line_1_68' title="bbox 389 3499 1870 3584; baseline 0.001 -19"><span class='ocrx_word' id='word_1_550' title='bbox 389 3512 530 3565; x_wconf 76' lang='grc' dir='ltr'>Ἐπει</span> <span class='ocrx_word' id='word_1_551' title='bbox 563 3506 641 3564; x_wconf 78' lang='grc' dir='ltr'>’δὲ</span> <span class='ocrx_word' id='word_1_552' title='bbox 701 3511 818 3580; x_wconf 83' lang='grc' dir='ltr'>φῶς</span> <span class='ocrx_word' id='word_1_553' title='bbox 878 3511 1214 3578; x_wconf 72' lang='grc' dir='ltr'>ἁπαξαπλῶς</span> <span class='ocrx_word' id='word_1_554' title='bbox 1265 3499 1496 3566; x_wconf 77' lang='grc' dir='ltr'>ἐνταῦθα</span> <span class='ocrx_word' id='word_1_555' title='bbox 1555 3501 1654 3584; x_wconf 85' lang='grc' dir='ltr'>μὲν</span> <span class='ocrx_word' id='word_1_556' title='bbox 1686 3515 1714 3567; x_wconf 87' lang='grc' dir='ltr'><strong>ό</strong></span> <span class='ocrx_word' id='word_1_557' title='bbox 1755 3514 1870 3566; x_wconf 66' lang='grc' dir='ltr'><strong>Σωι</strong></span> 
     </span>
    </p>
   </div>
   <div class='ocr_carea' id='block_1_69' title="bbox 317 3602 1869 3676">
    <p class='ocr_par' dir='ltr' id='par_1_69' title="bbox 317 3602 1869 3676">
     <span class='ocr_line' id='line_1_69' title="bbox 317 3602 1869 3676; baseline 0.002 -22"><span class='ocrx_word' id='word_1_558' title='bbox 317 3603 422 3673; x_wconf 75' lang='grc' dir='ltr'>τὴρ,</span> <span class='ocrx_word' id='word_1_559' title='bbox 455 3604 510 3656; x_wconf 81' lang='grc' dir='ltr'>ὲν</span> <span class='ocrx_word' id='word_1_560' title='bbox 529 3604 588 3657; x_wconf 76' lang='grc' dir='ltr'>δὲ</span> <span class='ocrx_word' id='word_1_561' title='bbox 609 3605 677 3673; x_wconf 83' lang='grc' dir='ltr'>τῇ</span> <span class='ocrx_word' id='word_1_562' title='bbox 705 3602 982 3676; x_wconf 80' lang='grc' dir='ltr'>Καθολικῇ</span> <span class='ocrx_word' id='word_1_563' title='bbox 1009 3604 1100 3658; x_wconf 88' lang='grc' dir='ltr'><strong>τοῦ</strong></span> <span class='ocrx_word' id='word_1_564' title='bbox 1125 3603 1291 3658; x_wconf 87' lang='grc' dir='ltr'>αὐτοῦ</span> <span class='ocrx_word' id='word_1_565' title='bbox 1321 3603 1566 3658; x_wconf 78' lang='grc' dir='ltr'>Ἰωάννου</span> <span class='ocrx_word' id='word_1_566' title='bbox 1583 3603 1869 3676; x_wconf 80' lang='grc' dir='ltr'>Ἐπιστολῇ</span> 
     </span>
    </p>
   </div>
   <div class='ocr_carea' id='block_1_70' title="bbox 311 3689 1872 3767">
    <p class='ocr_par' dir='ltr' id='par_1_70' title="bbox 311 3689 1872 3767">
     <span class='ocr_line' id='line_1_70' title="bbox 311 3689 1872 3767; baseline 0.001 -20"><span class='ocrx_word' id='word_1_567' title='bbox 311 3689 513 3761; x_wconf 75' lang='grc' dir='ltr'>λέγεται</span> <span class='ocrx_word' id='word_1_568' title='bbox 551 3696 580 3747; x_wconf 88' lang='grc' dir='ltr'><strong>ό</strong></span> <span class='ocrx_word' id='word_1_569' title='bbox 613 3694 746 3758; x_wconf 82' lang='grc' dir='ltr'>Θεὸς</span> <span class='ocrx_word' id='word_1_570' title='bbox 771 3690 912 3748; x_wconf 74' lang='grc' dir='ltr'>εἶναι</span> <span class='ocrx_word' id='word_1_571' title='bbox 942 3695 1076 3764; x_wconf 76' lang='grc' dir='ltr'>φῶς,</span> <span class='ocrx_word' id='word_1_572' title='bbox 1113 3697 1141 3749; x_wconf 89' lang='grc' dir='ltr'><strong>ό</strong></span> <span class='ocrx_word' id='word_1_573' title='bbox 1181 3695 1280 3767; x_wconf 90' lang='grc' dir='ltr'><strong>μέν</strong></span> <span class='ocrx_word' id='word_1_574' title='bbox 1318 3711 1400 3759; x_wconf 89' lang='grc' dir='ltr'><strong>τις</strong></span> <span class='ocrx_word' id='word_1_575' title='bbox 1425 3695 1593 3749; x_wconf 73' lang='grc' dir='ltr'>οἴεται</span> <span class='ocrx_word' id='word_1_576' title='bbox 1631 3695 1742 3766; x_wconf 85' lang='lat'><strong>(75)</strong></span> <span class='ocrx_word' id='word_1_577' title='bbox 1777 3696 1872 3748; x_wconf 67' lang='grc' dir='ltr'>καὶ</span> 
     </span>
    </p>
   </div>
   <div class='ocr_carea' id='block_1_71' title="bbox 307 3783 1871 3862">
    <p class='ocr_par' dir='ltr' id='par_1_71' title="bbox 307 3783 1871 3862">
     <span class='ocr_line' id='line_1_71' title="bbox 307 3783 1871 3862; baseline 0.003 -27"><span class='ocrx_word' id='word_1_578' title='bbox 307 3783 540 3840; x_wconf 76' lang='grc' dir='ltr'>ἐντεῦθεν</span> <span class='ocrx_word' id='word_1_579' title='bbox 582 3785 1087 3862; x_wconf 77' lang='grc' dir='ltr'>κατασκευάζεσθαι</span> <span class='ocrx_word' id='word_1_580' title='bbox 1117 3791 1183 3859; x_wconf 76' lang='grc' dir='ltr'>τῇ</span> <span class='ocrx_word' id='word_1_581' title='bbox 1227 3787 1384 3859; x_wconf 82' lang='grc' dir='ltr'>οὐσίᾳ</span> <span class='ocrx_word' id='word_1_582' title='bbox 1415 3787 1489 3858; x_wconf 81' lang='grc' dir='ltr'><strong>μὴ</strong></span> <span class='ocrx_word' id='word_1_583' title='bbox 1531 3787 1871 3857; x_wconf 80' lang='grc' dir='ltr'>διεστηκέναι</span> 
     </span>
    </p>
   </div>
   <div class='ocr_carea' id='block_1_72' title="bbox 303 3867 1876 3950">
    <p class='ocr_par' dir='ltr' id='par_1_72' title="bbox 303 3867 1876 3950">
     <span class='ocr_line' id='line_1_72' title="bbox 303 3867 1876 3950; baseline 0.003 -21"><span class='ocrx_word' id='word_1_584' title='bbox 303 3875 388 3930; x_wconf 76' lang='grc' dir='ltr'><strong>τοῦ</strong></span> <span class='ocrx_word' id='word_1_585' title='bbox 419 3877 546 3930; x_wconf 81' lang='grc' dir='ltr'>Υξοῦ</span> <span class='ocrx_word' id='word_1_586' title='bbox 574 3877 667 3930; x_wconf 80' lang='grc' dir='ltr'>τὸν</span> <span class='ocrx_word' id='word_1_587' title='bbox 692 3877 950 3949; x_wconf 79' lang='grc' dir='ltr'>Πατέρα·</span> <span class='ocrx_word' id='word_1_588' title='bbox 991 3879 1020 3930; x_wconf 84' lang='grc' dir='ltr'>ὁ</span> <span class='ocrx_word' id='word_1_589' title='bbox 1063 3878 1121 3932; x_wconf 82' lang='grc' dir='ltr'><strong>δέ</strong></span> <span class='ocrx_word' id='word_1_590' title='bbox 1157 3871 1241 3942; x_wconf 82' lang='grc' dir='ltr'><strong>τις</strong></span> <span class='ocrx_word' id='word_1_591' title='bbox 1278 3867 1670 3950; x_wconf 79' lang='grc' dir='ltr'>ἀκριϐέστερον</span> <span class='ocrx_word' id='word_1_592' title='bbox 1706 3879 1876 3949; x_wconf 80' lang='grc' dir='ltr'>τηρή-</span> 
     </span>
    </p>
   </div>
   <div class='ocr_carea' id='block_1_73' title="bbox 302 3962 1875 4041">
    <p class='ocr_par' dir='ltr' id='par_1_73' title="bbox 302 3962 1875 4041">
     <span class='ocr_line' id='line_1_73' title="bbox 302 3962 1875 4041; baseline 0.003 -24"><span class='ocrx_word' id='word_1_593' title='bbox 302 3982 413 4031; x_wconf 82' lang='grc' dir='ltr'>σας.</span> <span class='ocrx_word' id='word_1_594' title='bbox 438 3969 467 4020; x_wconf 91' lang='grc' dir='ltr'><strong>ό</strong></span> <span class='ocrx_word' id='word_1_595' title='bbox 501 3968 598 4021; x_wconf 72' lang='grc' dir='ltr'><strong>καὶ</strong></span> <span class='ocrx_word' id='word_1_596' title='bbox 624 3968 942 4041; x_wconf 80' lang='grc' dir='ltr'>ὑγιέστερον</span> <span class='ocrx_word' id='word_1_597' title='bbox 981 3969 1174 4036; x_wconf 84' lang='grc' dir='ltr'>λέγων,</span> <span class='ocrx_word' id='word_1_598' title='bbox 1218 3971 1380 4040; x_wconf 82' lang='grc' dir='ltr'>φήσει</span> <span class='ocrx_word' id='word_1_599' title='bbox 1411 3969 1474 4022; x_wconf 91' lang='grc' dir='ltr'><strong>οὐ</strong></span> <span class='ocrx_word' id='word_1_600' title='bbox 1508 3967 1706 4021; x_wconf 85' lang='grc' dir='ltr'>ταύτὸν</span> <span class='ocrx_word' id='word_1_601' title='bbox 1735 3962 1875 4022; x_wconf 74' lang='grc' dir='ltr'>εἶναι</span> 
     </span>
    </p>
   </div>
   <div class='ocr_carea' id='block_1_74' title="bbox 299 4058 1877 4132">
    <p class='ocr_par' dir='ltr' id='par_1_74' title="bbox 299 4058 1877 4132">
     <span class='ocr_line' id='line_1_74' title="bbox 299 4058 1877 4132; baseline 0.001 -19"><span class='ocrx_word' id='word_1_602' title='bbox 299 4058 358 4113; x_wconf 72' lang='grc' dir='ltr'><strong>τὸ</strong></span> <span class='ocrx_word' id='word_1_603' title='bbox 382 4063 568 4129; x_wconf 81' lang='grc' dir='ltr'>φαῖνον</span> <span class='ocrx_word' id='word_1_604' title='bbox 600 4063 660 4114; x_wconf 84' lang='grc' dir='ltr'>ὲν</span> <span class='ocrx_word' id='word_1_605' title='bbox 696 4063 760 4132; x_wconf 81' lang='grc' dir='ltr'>τῇ</span> <span class='ocrx_word' id='word_1_606' title='bbox 797 4061 990 4132; x_wconf 78' lang='grc' dir='ltr'>σκοτίᾳ</span> <span class='ocrx_word' id='word_1_607' title='bbox 1025 4061 1159 4130; x_wconf 78' lang='grc' dir='ltr'>φῶς,</span> <span class='ocrx_word' id='word_1_608' title='bbox 1195 4062 1290 4114; x_wconf 79' lang='grc' dir='ltr'><strong>καὶ</strong></span> <span class='ocrx_word' id='word_1_609' title='bbox 1341 4061 1416 4132; x_wconf 86' lang='grc' dir='ltr'>μὴ</span> <span class='ocrx_word' id='word_1_610' title='bbox 1461 4059 1877 4132; x_wconf 80' lang='grc' dir='ltr'>καταλαμόανό-</span> 
     </span>
    </p>
   </div>
   <div class='ocr_carea' id='block_1_75' title="bbox 303 4147 1874 4224">
    <p class='ocr_par' dir='ltr' id='par_1_75' title="bbox 303 4147 1874 4224">
     <span class='ocr_line' id='line_1_75' title="bbox 303 4147 1874 4224; baseline 0.001 -20"><span class='ocrx_word' id='word_1_611' title='bbox 303 4167 452 4222; x_wconf 82' lang='grc' dir='ltr'>μενον</span> <span class='ocrx_word' id='word_1_612' title='bbox 500 4153 593 4205; x_wconf 76' lang='grc' dir='ltr'>ὑπ’</span> <span class='ocrx_word' id='word_1_613' title='bbox 628 4152 820 4224; x_wconf 82' lang='grc' dir='ltr'>αὐτῆς,</span> <span class='ocrx_word' id='word_1_614' title='bbox 867 4153 960 4205; x_wconf 77' lang='grc' dir='ltr'>καὶ</span> <span class='ocrx_word' id='word_1_615' title='bbox 996 4152 1058 4205; x_wconf 80' lang='grc' dir='ltr'><strong>τὸ</strong></span> <span class='ocrx_word' id='word_1_616' title='bbox 1102 4153 1237 4222; x_wconf 87' lang='grc' dir='ltr'>φῶς,</span> <span class='ocrx_word' id='word_1_617' title='bbox 1277 4154 1336 4206; x_wconf 83' lang='grc' dir='ltr'>ὲν</span> <span class='ocrx_word' id='word_1_618' title='bbox 1379 4147 1423 4221; x_wconf 82' lang='grc' dir='ltr'>ᾧ</span> <span class='ocrx_word' id='word_1_619' title='bbox 1460 4151 1713 4222; x_wconf 81' lang='grc' dir='ltr'>οὐδαμῶς</span> <span class='ocrx_word' id='word_1_620' title='bbox 1757 4153 1874 4205; x_wconf 76' lang='grc' dir='ltr'>ἐστι</span> 
     </span>
    </p>
   </div>
   <div class='ocr_carea' id='block_1_76' title="bbox 300 4243 1872 4316">
    <p class='ocr_par' dir='ltr' id='par_1_76' title="bbox 300 4243 1872 4316">
     <span class='ocr_line' id='line_1_76' title="bbox 300 4243 1872 4316; baseline 0.001 -22"><span class='ocrx_word' id='word_1_621' title='bbox 300 4243 499 4297; x_wconf 81' lang='grc' dir='ltr'>σκοτία.</span> <span class='ocrx_word' id='word_1_622' title='bbox 538 4244 612 4297; x_wconf 85' lang='grc' dir='ltr'><strong>Τὸ</strong></span> <span class='ocrx_word' id='word_1_623' title='bbox 633 4243 753 4314; x_wconf 74' lang='grc' dir='ltr'><strong>¹μὲν</strong></span> <span class='ocrx_word' id='word_1_624' title='bbox 779 4245 889 4316; x_wconf 78' lang='grc' dir='ltr'><strong>γάρ</strong></span> <span class='ocrx_word' id='word_1_625' title='bbox 927 4247 1115 4312; x_wconf 81' lang='grc' dir='ltr'>φαῖνον</span> <span class='ocrx_word' id='word_1_626' title='bbox 1141 4245 1198 4296; x_wconf 84' lang='grc' dir='ltr'>ὲν</span> <span class='ocrx_word' id='word_1_627' title='bbox 1222 4245 1288 4315; x_wconf 82' lang='grc' dir='ltr'>τῇ</span> <span class='ocrx_word' id='word_1_628' title='bbox 1317 4243 1506 4315; x_wconf 79' lang='grc' dir='ltr'>σκοτίᾳ</span> <span class='ocrx_word' id='word_1_629' title='bbox 1537 4243 1673 4313; x_wconf 80' lang='grc' dir='ltr'>φῶς,</span> <span class='ocrx_word' id='word_1_630' title='bbox 1706 4243 1872 4296; x_wconf 74' lang='grc' dir='ltr'>οἱονεὶ</span> 
     </span>
    </p>
   </div>
   <div class='ocr_carea' id='block_1_77' title="bbox 213 4333 1866 4409">
    <p class='ocr_par' dir='ltr' id='par_1_77' title="bbox 213 4333 1866 4409">
     <span class='ocr_line' id='line_1_77' title="bbox 213 4333 1866 4409; baseline 0.001 -24"><span class='ocrx_word' id='word_1_631' title='bbox 213 4395 224 4408; x_wconf 43' lang='lat'><strong><em>&#39;</em></strong></span> <span class='ocrx_word' id='word_1_632' title='bbox 299 4333 582 4405; x_wconf 74' lang='grc' dir='ltr'>ἐπέρχεται</span> <span class='ocrx_word' id='word_1_633' title='bbox 637 4337 704 4409; x_wconf 80' lang='grc' dir='ltr'>τῇ</span> <span class='ocrx_word' id='word_1_634' title='bbox 757 4334 967 4405; x_wconf 80' lang='grc' dir='ltr'>σκοτίᾳ·</span> <span class='ocrx_word' id='word_1_635' title='bbox 1011 4335 1107 4388; x_wconf 74' lang='grc' dir='ltr'>καὶ</span> <span class='ocrx_word' id='word_1_636' title='bbox 1160 4333 1487 4405; x_wconf 86' lang='grc' dir='ltr'>διωκόμενον</span> <span class='ocrx_word' id='word_1_637' title='bbox 1533 4335 1625 4388; x_wconf 78' lang='grc' dir='ltr'>ὐπ’</span> <span class='ocrx_word' id='word_1_638' title='bbox 1671 4333 1866 4404; x_wconf 84' lang='grc' dir='ltr'>αὐτῆς,</span> 
     </span>
    </p>
   </div>
   <div class='ocr_carea' id='block_1_78' title="bbox 301 4426 1869 4499">
    <p class='ocr_par' dir='ltr' id='par_1_78' title="bbox 301 4426 1869 4499">
     <span class='ocr_line' id='line_1_78' title="bbox 301 4426 1869 4499; baseline 0 -21"><span class='ocrx_word' id='word_1_639' title='bbox 301 4426 408 4490; x_wconf 75' lang='grc' dir='ltr'>καὶ,</span> <span class='ocrx_word' id='word_1_640' title='bbox 469 4427 538 4480; x_wconf 80' lang='grc' dir='ltr'><strong>ἶν’</strong></span> <span class='ocrx_word' id='word_1_641' title='bbox 587 4426 770 4492; x_wconf 64' lang='grc' dir='ltr'>οὕτως</span> <span class='ocrx_word' id='word_1_642' title='bbox 827 4426 988 4492; x_wconf 78' lang='grc' dir='ltr'>εἴπω,</span> <span class='ocrx_word' id='word_1_643' title='bbox 1046 4426 1526 4499; x_wconf 77' lang='grc' dir='ltr'>ἐπιϐουλευόμενον</span> <span class='ocrx_word' id='word_1_644' title='bbox 1588 4426 1648 4478; x_wconf 86' lang='grc' dir='ltr'><strong>οὐ</strong></span> <span class='ocrx_word' id='word_1_645' title='bbox 1699 4441 1869 4479; x_wconf 88' lang='grc' dir='ltr'>κατα-</span> 
     </span>
    </p>
   </div>
   <div class='ocr_carea' id='block_1_79' title="bbox 301 4513 1870 4591">
    <p class='ocr_par' dir='ltr' id='par_1_79' title="bbox 301 4513 1870 4591">
     <span class='ocr_line' id='line_1_79' title="bbox 301 4513 1870 4591; baseline 0 -22"><span class='ocrx_word' id='word_1_646' title='bbox 301 4515 658 4589; x_wconf 75' lang='grc' dir='ltr'>λαμϐάνεται·</span> <span class='ocrx_word' id='word_1_647' title='bbox 699 4520 762 4573; x_wconf 79' lang='grc' dir='ltr'><strong>τδ</strong></span> <span class='ocrx_word' id='word_1_648' title='bbox 796 4521 852 4574; x_wconf 78' lang='grc' dir='ltr'>δὲ</span> <span class='ocrx_word' id='word_1_649' title='bbox 913 4520 1046 4591; x_wconf 85' lang='grc' dir='ltr'>φῶς,</span> <span class='ocrx_word' id='word_1_650' title='bbox 1101 4521 1160 4574; x_wconf 83' lang='grc' dir='ltr'>ὲν</span> <span class='ocrx_word' id='word_1_651' title='bbox 1210 4513 1256 4589; x_wconf 83' lang='grc' dir='ltr'><strong>ᾧ</strong></span> <span class='ocrx_word' id='word_1_652' title='bbox 1301 4518 1526 4589; x_wconf 82' lang='grc' dir='ltr'>οὐδεμία</span> <span class='ocrx_word' id='word_1_653' title='bbox 1584 4517 1702 4570; x_wconf 78' lang='grc' dir='ltr'>ἐστὶ</span> <span class='ocrx_word' id='word_1_654' title='bbox 1741 4534 1870 4570; x_wconf 83' lang='grc' dir='ltr'>σκο-</span> 
     </span>
    </p>
   </div>
   <div class='ocr_carea' id='block_1_80' title="bbox 301 4608 1872 4686">
    <p class='ocr_par' dir='ltr' id='par_1_80' title="bbox 301 4608 1872 4686">
     <span class='ocr_line' id='line_1_80' title="bbox 301 4608 1872 4686; baseline -0.001 -23"><span class='ocrx_word' id='word_1_655' title='bbox 301 4611 400 4676; x_wconf 65' lang='lat' dir='ltr'><strong>tia,</strong></span> <span class='ocrx_word' id='word_1_656' title='bbox 424 4611 554 4665; x_wconf 73' lang='grc' dir='ltr'>οὗτε</span> <span class='ocrx_word' id='word_1_657' title='bbox 587 4613 768 4682; x_wconf 76' lang='grc' dir='ltr'>φαίνει</span> <span class='ocrx_word' id='word_1_658' title='bbox 798 4615 856 4669; x_wconf 84' lang='grc' dir='ltr'>ὲν</span> <span class='ocrx_word' id='word_1_659' title='bbox 886 4617 952 4686; x_wconf 78' lang='grc' dir='ltr'>τῇ</span> <span class='ocrx_word' id='word_1_660' title='bbox 999 4614 1209 4684; x_wconf 72' lang='grc' dir='ltr'>σκοτία,</span> <span class='ocrx_word' id='word_1_661' title='bbox 1240 4613 1363 4667; x_wconf 80' lang='grc' dir='ltr'>οὐτε</span> <span class='ocrx_word' id='word_1_662' title='bbox 1402 4609 1500 4682; x_wconf 78' lang='grc' dir='ltr'>τὴν</span> <span class='ocrx_word' id='word_1_663' title='bbox 1538 4609 1713 4681; x_wconf 81' lang='grc' dir='ltr'>ἀρχὴν</span> <span class='ocrx_word' id='word_1_664' title='bbox 1747 4608 1872 4663; x_wconf 85' lang='grc' dir='ltr'>διώ-</span> 
     </span>
    </p>
   </div>
   <div class='ocr_carea' id='block_1_81' title="bbox 300 4701 1868 4775">
    <p class='ocr_par' dir='ltr' id='par_1_81' title="bbox 300 4701 1868 4775">
     <span class='ocr_line' id='line_1_81' title="bbox 300 4701 1868 4775; baseline -0.002 -19"><span class='ocrx_word' id='word_1_665' title='bbox 300 4719 444 4757; x_wconf 85' lang='grc' dir='ltr'>κεται</span> <span class='ocrx_word' id='word_1_666' title='bbox 487 4705 582 4758; x_wconf 82' lang='grc' dir='ltr'>ὐπ’</span> <span class='ocrx_word' id='word_1_667' title='bbox 633 4705 824 4775; x_wconf 85' lang='grc' dir='ltr'>αὐτῆς,</span> <span class='ocrx_word' id='word_1_668' title='bbox 875 4706 964 4760; x_wconf 72' lang='grc' dir='ltr'>ἵνα</span> <span class='ocrx_word' id='word_1_669' title='bbox 1005 4705 1102 4759; x_wconf 71' lang='grc' dir='ltr'><strong>καὶ</strong></span> <span class='ocrx_word' id='word_1_670' title='bbox 1153 4705 1228 4768; x_wconf 86' lang='grc' dir='ltr'>ὡς</span> <span class='ocrx_word' id='word_1_671' title='bbox 1277 4703 1442 4756; x_wconf 90' lang='grc' dir='ltr'>νικῶν</span> <span class='ocrx_word' id='word_1_672' title='bbox 1482 4701 1868 4772; x_wconf 76' lang='grc' dir='ltr'>ἀναγράφηται</span> 
     </span>
    </p>
   </div>
   <div class='ocr_carea' id='block_1_82' title="bbox 1985 3503 3555 3580">
    <p class='ocr_par' dir='ltr' id='par_1_82' title="bbox 1985 3503 3555 3580">
     <span class='ocr_line' id='line_1_82' title="bbox 1985 3503 3555 3580; baseline -0.007 -12"><span class='ocrx_word' id='word_1_673' title='bbox 1985 3519 1992 3530; x_wconf 91' lang='grc'><strong>’</strong></span> <span class='ocrx_word' id='word_1_674' title='bbox 2054 3509 2286 3580; x_wconf 72' lang='grc'><strong>7618.</strong></span> <span class='ocrx_word' id='word_1_675' title='bbox 2321 3510 2461 3578; x_wconf 84' lang='lat' dir='ltr'><strong>Quia</strong></span> <span class='ocrx_word' id='word_1_676' title='bbox 2510 3522 2640 3564; x_wconf 79' lang='lat' dir='ltr'><strong>vero</strong></span> <span class='ocrx_word' id='word_1_677' title='bbox 2667 3506 2758 3560; x_wconf 79' lang='lat' dir='ltr'><strong>lux</strong></span> <span class='ocrx_word' id='word_1_678' title='bbox 2805 3506 3128 3574; x_wconf 89' lang='lat' dir='ltr'><strong>simpliciter</strong></span> <span class='ocrx_word' id='word_1_679' title='bbox 3177 3505 3282 3562; x_wconf 89' lang='lat' dir='ltr'><strong>hoc</strong></span> <span class='ocrx_word' id='word_1_680' title='bbox 3327 3503 3382 3559; x_wconf 87' lang='lat' dir='ltr'><strong>in</strong></span> <span class='ocrx_word' id='word_1_681' title='bbox 3436 3503 3555 3558; x_wconf 88' lang='lat' dir='ltr'><strong>loco</strong></span> 
     </span>
    </p>
   </div>
   <div class='ocr_carea' id='block_1_83' title="bbox 1983 3593 3554 3670">
    <p class='ocr_par' dir='ltr' id='par_1_83' title="bbox 1983 3593 3554 3670">
     <span class='ocr_line' id='line_1_83' title="bbox 1983 3593 3554 3670; baseline -0.006 -14"><span class='ocrx_word' id='word_1_682' title='bbox 1983 3599 2287 3666; x_wconf 75' lang='lat' dir='ltr'><strong>Servator,’</strong></span> <span class='ocrx_word' id='word_1_683' title='bbox 2321 3601 2374 3656; x_wconf 92' lang='lat' dir='ltr'><strong>in</strong></span> <span class='ocrx_word' id='word_1_684' title='bbox 2410 3599 2581 3670; x_wconf 86' lang='lat' dir='ltr'><strong>ipsius</strong></span> <span class='ocrx_word' id='word_1_685' title='bbox 2610 3612 2741 3652; x_wconf 89' lang='lat' dir='ltr'><strong>vero</strong></span> <span class='ocrx_word' id='word_1_686' title='bbox 2769 3596 2996 3651; x_wconf 83' lang='lat' dir='ltr'><strong>Joannis</strong></span> <span class='ocrx_word' id='word_1_687' title='bbox 3027 3595 3307 3650; x_wconf 88' lang='lat' dir='ltr'><strong>Catholica</strong></span> <span class='ocrx_word' id='word_1_688' title='bbox 3334 3593 3554 3662; x_wconf 87' lang='lat' dir='ltr'><strong>Episto-</strong></span> 
     </span>
    </p>
   </div>
   <div class='ocr_carea' id='block_1_84' title="bbox 1980 3687 3550 3762">
    <p class='ocr_par' dir='ltr' id='par_1_84' title="bbox 1980 3687 3550 3762">
     <span class='ocr_line' id='line_1_84' title="bbox 1980 3687 3550 3762; baseline -0.008 -12"><span class='ocrx_word' id='word_1_689' title='bbox 1980 3696 2030 3750; x_wconf 89' lang='lat' dir='ltr'><strong>la</strong></span> <span class='ocrx_word' id='word_1_690' title='bbox 2059 3696 2129 3762; x_wconf 82' lang='lat'><strong>&quot;,</strong></span> <span class='ocrx_word' id='word_1_691' title='bbox 2163 3697 2304 3751; x_wconf 91' lang='lat' dir='ltr'><strong>Deus</strong></span> <span class='ocrx_word' id='word_1_692' title='bbox 2326 3695 2415 3750; x_wconf 74' lang='lat' dir='ltr'><strong>lux</strong></span> <span class='ocrx_word' id='word_1_693' title='bbox 2449 3709 2570 3749; x_wconf 87' lang='lat' dir='ltr'><strong>esse</strong></span> <span class='ocrx_word' id='word_1_694' title='bbox 2600 3691 2820 3754; x_wconf 90' lang='lat' dir='ltr'><strong>dicitur,</strong></span> <span class='ocrx_word' id='word_1_695' title='bbox 2852 3689 2992 3742; x_wconf 83' lang='lat' dir='ltr'><strong>alius</strong></span> <span class='ocrx_word' id='word_1_696' title='bbox 3015 3688 3234 3757; x_wconf 88' lang='lat' dir='ltr'><strong>quidem</strong></span> <span class='ocrx_word' id='word_1_697' title='bbox 3267 3687 3550 3740; x_wconf 74' lang='lat' dir='ltr'><strong>existimat</strong></span> 
     </span>
    </p>
   </div>
   <div class='ocr_carea' id='block_1_85' title="bbox 1979 3777 3543 3855">
    <p class='ocr_par' dir='ltr' id='par_1_85' title="bbox 1979 3777 3543 3855">
     <span class='ocr_line' id='line_1_85' title="bbox 1979 3777 3543 3855; baseline -0.008 -13"><span class='ocrx_word' id='word_1_698' title='bbox 1979 3787 2144 3842; x_wconf 85' lang='lat' dir='ltr'><strong>etiam</strong></span> <span class='ocrx_word' id='word_1_699' title='bbox 2173 3787 2298 3841; x_wconf 87' lang='lat' dir='ltr'><strong>hinc</strong></span> <span class='ocrx_word' id='word_1_700' title='bbox 2327 3786 2508 3855; x_wconf 85' lang='lat' dir='ltr'><strong>colligi</strong></span> <span class='ocrx_word' id='word_1_701' title='bbox 2539 3824 2553 3849; x_wconf 89' lang='lat'><strong>,</strong></span> <span class='ocrx_word' id='word_1_702' title='bbox 2595 3777 2809 3838; x_wconf 84' lang='lat' dir='ltr'><strong>Patrem</strong></span> <span class='ocrx_word' id='word_1_703' title='bbox 2843 3796 2873 3834; x_wconf 92' lang='lat' dir='ltr'><strong>a</strong></span> <span class='ocrx_word' id='word_1_704' title='bbox 2911 3779 3054 3834; x_wconf 84' lang='lat' dir='ltr'><strong>Filio</strong></span> <span class='ocrx_word' id='word_1_705' title='bbox 3082 3778 3388 3837; x_wconf 85' lang='lat' dir='ltr'><strong>substantia</strong></span> <span class='ocrx_word' id='word_1_706' title='bbox 3437 3793 3543 3833; x_wconf 88' lang='lat' dir='ltr'><strong>non</strong></span> 
     </span>
    </p>
   </div>
   <div class='ocr_carea' id='block_1_86' title="bbox 1973 3867 3550 3953">
    <p class='ocr_par' dir='ltr' id='par_1_86' title="bbox 1973 3867 3550 3953">
     <span class='ocr_line' id='line_1_86' title="bbox 1973 3867 3550 3953; baseline -0.005 -19"><span class='ocrx_word' id='word_1_707' title='bbox 1973 3879 2212 3935; x_wconf 80' lang='lat' dir='ltr'><strong>diﬂ&#39;erre.</strong></span> <span class='ocrx_word' id='word_1_708' title='bbox 2246 3878 2348 3947; x_wconf 84' lang='lat' dir='ltr'><strong>Qui</strong></span> <span class='ocrx_word' id='word_1_709' title='bbox 2389 3892 2520 3932; x_wconf 87' lang='lat' dir='ltr'><strong>vero</strong></span> <span class='ocrx_word' id='word_1_710' title='bbox 2549 3886 2606 3932; x_wconf 89' lang='lat' dir='ltr'><strong>et</strong></span> <span class='ocrx_word' id='word_1_711' title='bbox 2647 3873 2969 3953; x_wconf 78' lang='lat' dir='ltr'><strong>diligentius</strong></span> <span class='ocrx_word' id='word_1_712' title='bbox 3009 3867 3316 3928; x_wconf 76' lang='lat' dir='ltr'><strong>observarit</strong></span> <span class='ocrx_word' id='word_1_713' title='bbox 3359 3881 3417 3926; x_wconf 91' lang='lat' dir='ltr'><strong>et</strong></span> <span class='ocrx_word' id='word_1_714' title='bbox 3465 3885 3550 3926; x_wconf 53' lang='lat' dir='ltr'><strong>ree</strong></span> 
     </span>
    </p>
   </div>
   <div class='ocr_carea' id='block_1_87' title="bbox 1977 3962 3553 4032">
    <p class='ocr_par' dir='ltr' id='par_1_87' title="bbox 1977 3962 3553 4032">
     <span class='ocr_line' id='line_1_87' title="bbox 1977 3962 3553 4032; baseline -0.006 -4"><span class='ocrx_word' id='word_1_715' title='bbox 1977 3973 2117 4028; x_wconf 85' lang='lat' dir='ltr'><strong>ctius</strong></span> <span class='ocrx_word' id='word_1_716' title='bbox 2165 3971 2377 4026; x_wconf 88' lang='lat' dir='ltr'><strong>locutus</strong></span> <span class='ocrx_word' id='word_1_717' title='bbox 2420 3968 2605 4032; x_wconf 82' lang='lat' dir='ltr'><strong>fuerit,</strong></span> <span class='ocrx_word' id='word_1_718' title='bbox 2637 3966 2779 4023; x_wconf 86' lang='lat' dir='ltr'><strong>dicet</strong></span> <span class='ocrx_word' id='word_1_719' title='bbox 2805 3981 2912 4020; x_wconf 91' lang='lat' dir='ltr'><strong>non</strong></span> <span class='ocrx_word' id='word_1_720' title='bbox 2945 3964 3085 4019; x_wconf 91' lang='lat' dir='ltr'><strong>idem</strong></span> <span class='ocrx_word' id='word_1_721' title='bbox 3120 3977 3259 4028; x_wconf 83' lang='lat' dir='ltr'><strong>esse,</strong></span> <span class='ocrx_word' id='word_1_722' title='bbox 3314 3962 3402 4016; x_wconf 80' lang='lat' dir='ltr'><strong>lux</strong></span> <span class='ocrx_word' id='word_1_723' title='bbox 3433 3978 3553 4032; x_wconf 77' lang='lat' dir='ltr'><strong>qua:</strong></span> 
     </span>
    </p>
   </div>
   <div class='ocr_carea' id='block_1_88' title="bbox 1973 4051 3547 4126">
    <p class='ocr_par' dir='ltr' id='par_1_88' title="bbox 1973 4051 3547 4126">
     <span class='ocr_line' id='line_1_88' title="bbox 1973 4051 3547 4126; baseline -0.01 -7"><span class='ocrx_word' id='word_1_724' title='bbox 1973 4064 2026 4120; x_wconf 93' lang='lat' dir='ltr'><strong>iu</strong></span> <span class='ocrx_word' id='word_1_725' title='bbox 2059 4062 2300 4117; x_wconf 88' lang='lat' dir='ltr'><strong>tenebris</strong></span> <span class='ocrx_word' id='word_1_726' title='bbox 2333 4060 2510 4116; x_wconf 85' lang='lat' dir='ltr'><strong>luceat</strong></span> <span class='ocrx_word' id='word_1_727' title='bbox 2532 4099 2549 4126; x_wconf 88' lang='lat'><strong>,</strong></span> <span class='ocrx_word' id='word_1_728' title='bbox 2583 4059 2651 4112; x_wconf 89' lang='lat' dir='ltr'><strong>ab</strong></span> <span class='ocrx_word' id='word_1_729' title='bbox 2677 4055 2786 4110; x_wconf 84' lang='lat' dir='ltr'><strong>illis</strong></span> <span class='ocrx_word' id='word_1_730' title='bbox 2821 4069 2929 4110; x_wconf 93' lang='lat' dir='ltr'><strong>non</strong></span> <span class='ocrx_word' id='word_1_731' title='bbox 2955 4054 3324 4123; x_wconf 88' lang='lat' dir='ltr'><strong>apprehensa,</strong></span> <span class='ocrx_word' id='word_1_732' title='bbox 3359 4061 3414 4106; x_wconf 89' lang='lat' dir='ltr'><strong>et</strong></span> <span class='ocrx_word' id='word_1_733' title='bbox 3457 4051 3547 4104; x_wconf 72' lang='lat' dir='ltr'><strong>lux</strong></span> 
     </span>
    </p>
   </div>
   <div class='ocr_carea' id='block_1_89' title="bbox 1973 4143 3548 4224">
    <p class='ocr_par' dir='ltr' id='par_1_89' title="bbox 1973 4143 3548 4224">
     <span class='ocr_line' id='line_1_89' title="bbox 1973 4143 3548 4224; baseline -0.01 -15"><span class='ocrx_word' id='word_1_734' title='bbox 1973 4155 2166 4224; x_wconf 87' lang='lat' dir='ltr'><strong>inqua</strong></span> <span class='ocrx_word' id='word_1_735' title='bbox 2219 4153 2639 4222; x_wconf 86' lang='lat' dir='ltr'><strong>haudquaquam</strong></span> <span class='ocrx_word' id='word_1_736' title='bbox 2694 4149 2805 4204; x_wconf 90' lang='lat' dir='ltr'><strong>sint</strong></span> <span class='ocrx_word' id='word_1_737' title='bbox 2856 4147 3118 4203; x_wconf 71' lang='lat' dir='ltr'><strong>tenebrae.</strong></span> <span class='ocrx_word' id='word_1_738' title='bbox 3169 4143 3448 4213; x_wconf 88' lang='lat' dir='ltr'><strong>Siquidem</strong></span> <span class='ocrx_word' id='word_1_739' title='bbox 3483 4157 3548 4197; x_wconf 85' lang='lat' dir='ltr'><strong>ea</strong></span> 
     </span>
    </p>
   </div>
   <div class='ocr_carea' id='block_1_90' title="bbox 1978 4237 3548 4317">
    <p class='ocr_par' dir='ltr' id='par_1_90' title="bbox 1978 4237 3548 4317">
     <span class='ocr_line' id='line_1_90' title="bbox 1978 4237 3548 4317; baseline -0.008 -16"><span class='ocrx_word' id='word_1_740' title='bbox 1978 4247 2068 4302; x_wconf 81' lang='lat' dir='ltr'><strong>lux</strong></span> <span class='ocrx_word' id='word_1_741' title='bbox 2095 4263 2215 4317; x_wconf 68' lang='lat' dir='ltr'><strong>quae</strong></span> <span class='ocrx_word' id='word_1_742' title='bbox 2249 4247 2304 4302; x_wconf 91' lang='lat' dir='ltr'><strong>in</strong></span> <span class='ocrx_word' id='word_1_743' title='bbox 2340 4245 2583 4302; x_wconf 89' lang='lat' dir='ltr'><strong>tenebris</strong></span> <span class='ocrx_word' id='word_1_744' title='bbox 2613 4243 2757 4298; x_wconf 91' lang='lat' dir='ltr'><strong>lucet</strong></span> <span class='ocrx_word' id='word_1_745' title='bbox 2785 4257 2802 4307; x_wconf 87' lang='lat'><strong>,</strong></span> <span class='ocrx_word' id='word_1_746' title='bbox 2832 4249 3093 4310; x_wconf 81' lang='lat' dir='ltr'><strong>tanquam</strong></span> <span class='ocrx_word' id='word_1_747' title='bbox 3110 4237 3436 4310; x_wconf 79' lang='lat' dir='ltr'><strong>supervenit</strong></span> <span class='ocrx_word' id='word_1_748' title='bbox 3467 4249 3548 4290; x_wconf 82' lang='lat' dir='ltr'><strong>te-</strong></span> 
     </span>
    </p>
   </div>
   <div class='ocr_carea' id='block_1_91' title="bbox 1978 4331 3548 4407">
    <p class='ocr_par' dir='ltr' id='par_1_91' title="bbox 1978 4331 3548 4407">
     <span class='ocr_line' id='line_1_91' title="bbox 1978 4331 3548 4407; baseline -0.008 -14"><span class='ocrx_word' id='word_1_749' title='bbox 1978 4339 2172 4394; x_wconf 84' lang='lat' dir='ltr'><strong>nebris</strong></span> <span class='ocrx_word' id='word_1_750' title='bbox 2193 4356 2208 4406; x_wconf 95' lang='lat'><strong>;</strong></span> <span class='ocrx_word' id='word_1_751' title='bbox 2246 4351 2482 4407; x_wconf 89' lang='lat' dir='ltr'><strong>cumque</strong></span> <span class='ocrx_word' id='word_1_752' title='bbox 2514 4336 2584 4390; x_wconf 90' lang='lat' dir='ltr'><strong>ab</strong></span> <span class='ocrx_word' id='word_1_753' title='bbox 2605 4333 3192 4404; x_wconf 75' lang='lat' dir='ltr'><strong>ipsis‘persecutionem</strong></span> <span class='ocrx_word' id='word_1_754' title='bbox 3216 4331 3419 4400; x_wconf 90' lang='lat' dir='ltr'><strong>patitur</strong></span> <span class='ocrx_word' id='word_1_755' title='bbox 3437 4367 3454 4392; x_wconf 93' lang='lat'><strong>,</strong></span> <span class='ocrx_word' id='word_1_756' title='bbox 3473 4338 3548 4391; x_wconf 90' lang='lat' dir='ltr'><strong>et,</strong></span> 
     </span>
    </p>
   </div>
   <div class='ocr_carea' id='block_1_92' title="bbox 1975 4419 3544 4494">
    <p class='ocr_par' dir='ltr' id='par_1_92' title="bbox 1975 4419 3544 4494">
     <span class='ocr_line' id='line_1_92' title="bbox 1975 4419 3544 4494; baseline -0.008 -12"><span class='ocrx_word' id='word_1_757' title='bbox 1975 4437 2034 4483; x_wconf 90' lang='lat' dir='ltr'><strong>ut</strong></span> <span class='ocrx_word' id='word_1_758' title='bbox 2057 4429 2130 4483; x_wconf 88' lang='lat' dir='ltr'><strong>ita</strong></span> <span class='ocrx_word' id='word_1_759' title='bbox 2170 4425 2374 4493; x_wconf 86' lang='lat' dir='ltr'><strong>dicam,</strong></span> <span class='ocrx_word' id='word_1_760' title='bbox 2409 4424 2624 4480; x_wconf 85' lang='lat' dir='ltr'><strong>insidiis</strong></span> <span class='ocrx_word' id='word_1_761' title='bbox 2656 4423 2879 4494; x_wconf 84' lang='lat' dir='ltr'><strong>petitur,</strong></span> <span class='ocrx_word' id='word_1_762' title='bbox 2910 4438 3016 4478; x_wconf 88' lang='lat' dir='ltr'><strong>non</strong></span> <span class='ocrx_word' id='word_1_763' title='bbox 3047 4419 3544 4491; x_wconf 84' lang='lat' dir='ltr'><strong>comprehenditur.</strong></span> 
     </span>
    </p>
   </div>
   <div class='ocr_carea' id='block_1_93' title="bbox 1973 4510 3542 4588">
    <p class='ocr_par' dir='ltr' id='par_1_93' title="bbox 1973 4510 3542 4588">
     <span class='ocr_line' id='line_1_93' title="bbox 1973 4510 3542 4588; baseline -0.008 -14"><span class='ocrx_word' id='word_1_764' title='bbox 1973 4521 2044 4575; x_wconf 81' lang='lat' dir='ltr'><strong>At</strong></span> <span class='ocrx_word' id='word_1_765' title='bbox 2080 4519 2168 4573; x_wconf 77' lang='lat' dir='ltr'><strong>lux</strong></span> <span class='ocrx_word' id='word_1_766' title='bbox 2204 4520 2256 4573; x_wconf 91' lang='lat' dir='ltr'><strong>in</strong></span> <span class='ocrx_word' id='word_1_767' title='bbox 2290 4534 2394 4588; x_wconf 87' lang='lat' dir='ltr'><strong>qua</strong></span> <span class='ocrx_word' id='word_1_768' title='bbox 2429 4517 2588 4572; x_wconf 69' lang='lat' dir='ltr'><strong>nulla:</strong></span> <span class='ocrx_word' id='word_1_769' title='bbox 2621 4526 2750 4573; x_wconf 91' lang='lat' dir='ltr'><strong>sunt</strong></span> <span class='ocrx_word' id='word_1_770' title='bbox 2780 4518 3040 4578; x_wconf 82' lang='lat' dir='ltr'><strong>tenebrae,</strong></span> <span class='ocrx_word' id='word_1_771' title='bbox 3074 4525 3252 4582; x_wconf 88' lang='lat' dir='ltr'><strong>neque</strong></span> <span class='ocrx_word' id='word_1_772' title='bbox 3298 4511 3440 4564; x_wconf 88' lang='lat' dir='ltr'><strong>lucet</strong></span> <span class='ocrx_word' id='word_1_773' title='bbox 3488 4510 3542 4563; x_wconf 91' lang='lat' dir='ltr'><strong>in</strong></span> 
     </span>
    </p>
   </div>
   <div class='ocr_carea' id='block_1_94' title="bbox 1976 4600 3542 4678">
    <p class='ocr_par' dir='ltr' id='par_1_94' title="bbox 1976 4600 3542 4678">
     <span class='ocr_line' id='line_1_94' title="bbox 1976 4600 3542 4678; baseline -0.006 -14"><span class='ocrx_word' id='word_1_774' title='bbox 1976 4609 2234 4673; x_wconf 86' lang='lat' dir='ltr'><strong>tenebris,</strong></span> <span class='ocrx_word' id='word_1_775' title='bbox 2277 4623 2454 4678; x_wconf 86' lang='lat' dir='ltr'><strong>neque</strong></span> <span class='ocrx_word' id='word_1_776' title='bbox 2498 4608 2607 4662; x_wconf 89' lang='lat' dir='ltr'><strong>ullo</strong></span> <span class='ocrx_word' id='word_1_777' title='bbox 2640 4607 2800 4662; x_wconf 91' lang='lat' dir='ltr'><strong>modo</strong></span> <span class='ocrx_word' id='word_1_778' title='bbox 2829 4606 2900 4660; x_wconf 89' lang='lat' dir='ltr'><strong>ah</strong></span> <span class='ocrx_word' id='word_1_779' title='bbox 2931 4603 3064 4673; x_wconf 89' lang='lat' dir='ltr'><strong>ipsis</strong></span> <span class='ocrx_word' id='word_1_780' title='bbox 3106 4600 3542 4672; x_wconf 83' lang='lat' dir='ltr'><strong>persecutionem</strong></span> 
     </span>
    </p>
   </div>
   <div class='ocr_carea' id='block_1_95' title="bbox 1973 4692 3545 4770">
    <p class='ocr_par' dir='ltr' id='par_1_95' title="bbox 1973 4692 3545 4770">
     <span class='ocr_line' id='line_1_95' title="bbox 1973 4692 3545 4770; baseline -0.005 -16"><span class='ocrx_word' id='word_1_781' title='bbox 1973 4702 2200 4770; x_wconf 89' lang='lat' dir='ltr'><strong>patitur,</strong></span> <span class='ocrx_word' id='word_1_782' title='bbox 2222 4711 2282 4755; x_wconf 91' lang='lat' dir='ltr'><strong>ut</strong></span> <span class='ocrx_word' id='word_1_783' title='bbox 2302 4715 2403 4757; x_wconf 90' lang='lat' dir='ltr'><strong>ceu</strong></span> <span class='ocrx_word' id='word_1_784' title='bbox 2435 4701 2664 4756; x_wconf 78' lang='lat' dir='ltr'><strong>vincens</strong></span> <span class='ocrx_word' id='word_1_785' title='bbox 2689 4698 2903 4769; x_wconf 86' lang='lat' dir='ltr'><strong>publice</strong></span> <span class='ocrx_word' id='word_1_786' title='bbox 2933 4694 3267 4759; x_wconf 87' lang='lat' dir='ltr'><strong>declaretur,</strong></span> <span class='ocrx_word' id='word_1_787' title='bbox 3297 4692 3441 4762; x_wconf 86' lang='lat' dir='ltr'><strong>quod</strong></span> <span class='ocrx_word' id='word_1_788' title='bbox 3475 4694 3545 4746; x_wconf 88' lang='lat' dir='ltr'><strong>ab</strong></span> 
     </span>
    </p>
   </div>
   <div class='ocr_carea' id='block_1_96' title="bbox 364 4795 1881 4897">
    <p class='ocr_par' dir='ltr' id='par_1_96' title="bbox 364 4809 1881 4897">
     <span class='ocr_line' id='line_1_96' title="bbox 364 4809 1881 4897; baseline -0.001 -17"><span class='ocrx_word' id='word_1_789' title='bbox 364 4827 406 4857; x_wconf 84' lang='grc'><strong>⁶⁸</strong></span> <span class='ocrx_word' id='word_1_790' title='bbox 424 4825 565 4882; x_wconf 82' lang='lat' dir='ltr'><strong>Gen.</strong></span> <span class='ocrx_word' id='word_1_791' title='bbox 593 4843 752 4897; x_wconf 67' lang='grc' dir='ltr'>ινιιι,</span> <span class='ocrx_word' id='word_1_792' title='bbox 775 4827 887 4897; x_wconf 56' lang='grc' dir='ltr'><strong>εει</strong></span> <span class='ocrx_word' id='word_1_793' title='bbox 910 4842 1026 4897; x_wconf 86' lang='lat' dir='ltr'><strong>seq.</strong></span> <span class='ocrx_word' id='word_1_794' title='bbox 1120 4827 1162 4858; x_wconf 82' lang='grc'><strong>⁶¹</strong></span> <span class='ocrx_word' id='word_1_795' title='bbox 1200 4825 1330 4881; x_wconf 85' lang='lat' dir='ltr'><strong>ibid.</strong></span> <span class='ocrx_word' id='word_1_796' title='bbox 1365 4824 1560 4897; x_wconf 40' lang='grc' dir='ltr'>ξιιμ-1.</span> <span class='ocrx_word' id='word_1_797' title='bbox 1645 4823 1688 4855; x_wconf 81' lang='grc'><strong>⁶¹</strong></span> <span class='ocrx_word' id='word_1_798' title='bbox 1723 4809 1881 4897; x_wconf 69' lang='lat' dir='ltr'><strong>Aggte</strong></span> 
     </span>
    </p>
   </div>
   <div class='ocr_carea' id='block_1_97' title="bbox 1983 4795 3543 4897">
    <p class='ocr_par' dir='ltr' id='par_1_97' title="bbox 2010 4795 3543 4884">
     <span class='ocr_line' id='line_1_97' title="bbox 2010 4795 3543 4884; baseline -0.005 -8"><span class='ocrx_word' id='word_1_799' title='bbox 2010 4823 2092 4878; x_wconf 71' lang='grc' dir='ltr'><strong>ιδ.</strong></span> <span class='ocrx_word' id='word_1_800' title='bbox 2174 4822 2218 4854; x_wconf 73' lang='grc' dir='ltr'>σε</span> <span class='ocrx_word' id='word_1_801' title='bbox 2253 4820 2480 4876; x_wconf 81' lang='lat' dir='ltr'><strong>Malach.</strong></span> <span class='ocrx_word' id='word_1_802' title='bbox 2514 4834 2595 4884; x_wconf 84' lang='grc' dir='ltr'>ιιι,</span> <span class='ocrx_word' id='word_1_803' title='bbox 2631 4819 2689 4884; x_wconf 83' lang='lat' dir='ltr'><strong>t;</strong></span> <span class='ocrx_word' id='word_1_804' title='bbox 2728 4816 2917 4871; x_wconf 82' lang='lat' dir='ltr'><strong>Matth.</strong></span> <span class='ocrx_word' id='word_1_805' title='bbox 2943 4795 3021 4881; x_wconf 75' lang='grc' dir='ltr'><strong>ἰι,</strong></span> <span class='ocrx_word' id='word_1_806' title='bbox 3059 4815 3162 4879; x_wconf 82' lang='lat' dir='ltr'><strong>to;</strong></span> <span class='ocrx_word' id='word_1_807' title='bbox 3202 4813 3370 4868; x_wconf 77' lang='lat' dir='ltr'><strong>Marc.</strong></span> <span class='ocrx_word' id='word_1_808' title='bbox 3403 4828 3444 4878; x_wconf 90' lang='grc'>1,</span> <span class='ocrx_word' id='word_1_809' title='bbox 3473 4811 3543 4869; x_wconf 82' lang='lat'><strong>2;</strong></span> 
     </span>
    </p>
   </div>
   <div class='ocr_carea' id='block_1_98' title="bbox 301 4891 1855 4963">
    <p class='ocr_par' dir='ltr' id='par_1_98' title="bbox 301 4891 1855 4963">
     <span class='ocr_line' id='line_1_98' title="bbox 301 4891 1855 4963; baseline -0.002 -15"><span class='ocrx_word' id='word_1_810' title='bbox 301 4893 422 4949; x_wconf 88' lang='lat' dir='ltr'><strong>Luc.</strong></span> <span class='ocrx_word' id='word_1_811' title='bbox 454 4911 549 4961; x_wconf 79' lang='lat' dir='ltr'><strong>vn,</strong></span> <span class='ocrx_word' id='word_1_812' title='bbox 578 4896 668 4949; x_wconf 77' lang='lat'><strong>27.</strong></span> <span class='ocrx_word' id='word_1_813' title='bbox 741 4891 808 4929; x_wconf 70' lang='grc'><strong>’⁵⁸</strong></span> <span class='ocrx_word' id='word_1_814' title='bbox 837 4896 953 4953; x_wconf 81' lang='lat' dir='ltr'><strong>Jos.</strong></span> <span class='ocrx_word' id='word_1_815' title='bbox 985 4891 1039 4963; x_wconf 62' lang='grc' dir='ltr'><strong>ν,</strong></span> <span class='ocrx_word' id='word_1_816' title='bbox 1074 4898 1164 4960; x_wconf 76' lang='grc'><strong>15,</strong></span> <span class='ocrx_word' id='word_1_817' title='bbox 1198 4897 1283 4951; x_wconf 82' lang='grc' dir='ltr'><strong>Η.</strong></span> <span class='ocrx_word' id='word_1_818' title='bbox 1367 4895 1411 4926; x_wconf 79' lang='grc'><strong>⁸⁸</strong></span> <span class='ocrx_word' id='word_1_819' title='bbox 1443 4893 1459 4947; x_wconf 94' lang='lat' dir='ltr'><strong>l</strong></span> <span class='ocrx_word' id='word_1_820' title='bbox 1490 4892 1647 4948; x_wconf 81' lang='lat' dir='ltr'><strong>Joan.</strong></span> <span class='ocrx_word' id='word_1_821' title='bbox 1684 4908 1722 4955; x_wconf 82' lang='grc' dir='ltr'><strong>ι,</strong></span> <span class='ocrx_word' id='word_1_822' title='bbox 1767 4891 1855 4945; x_wconf 63' lang='grc' dir='ltr'><strong>ὕλ-</strong></span> 
     </span>
    </p>
   </div>
   <div class='ocr_carea' id='block_1_99' title="bbox 363 4989 1862 5061">
    <p class='ocr_par' dir='ltr' id='par_1_99' title="bbox 363 4989 1862 5061">
     <span class='ocr_line' id='line_1_99' title="bbox 363 4989 1862 5061; baseline -0.001 -18"><span class='ocrx_word' id='word_1_823' title='bbox 363 4990 470 5061; x_wconf 80' lang='lat'><strong>(73)</strong></span> <span class='ocrx_word' id='word_1_824' title='bbox 503 4991 729 5060; x_wconf 81' lang='grc' dir='ltr'>Ὥσπερ</span> <span class='ocrx_word' id='word_1_825' title='bbox 790 4993 948 5061; x_wconf 80' lang='grc' dir='ltr'>παρὰ</span> <span class='ocrx_word' id='word_1_826' title='bbox 996 4992 1118 5058; x_wconf 79' lang='grc' dir='ltr'>τοῖς</span> <span class='ocrx_word' id='word_1_827' title='bbox 1171 4989 1722 5061; x_wconf 39' lang='grc' dir='ltr'>ὁμολογουμένοις-ί-</span> <span class='ocrx_word' id='word_1_828' title='bbox 1758 4998 1862 5061; x_wconf 85' lang='lat' dir='ltr'><strong>etc.</strong></span> 
     </span>
    </p>
   </div>
   <div class='ocr_carea' id='block_1_100' title="bbox 299 5057 1863 5130">
    <p class='ocr_par' dir='ltr' id='par_1_100' title="bbox 299 5057 1863 5130">
     <span class='ocr_line' id='line_1_100' title="bbox 299 5057 1863 5130; baseline -0.002 -16"><span class='ocrx_word' id='word_1_829' title='bbox 299 5057 714 5116; x_wconf 72' lang='lat' dir='ltr'><strong>Observavimus</strong></span> <span class='ocrx_word' id='word_1_830' title='bbox 741 5057 902 5130; x_wconf 78' lang='lat' dir='ltr'><strong>supra</strong></span> <span class='ocrx_word' id='word_1_831' title='bbox 931 5065 996 5116; x_wconf 87' lang='lat' dir='ltr'><strong>ad</strong></span> <span class='ocrx_word' id='word_1_832' title='bbox 1029 5057 1285 5130; x_wconf 78' lang='lat' dir='ltr'><strong>origéitis</strong></span> <span class='ocrx_word' id='word_1_833' title='bbox 1311 5057 1438 5112; x_wconf 87' lang='lat' dir='ltr'><strong>tom.</strong></span> <span class='ocrx_word' id='word_1_834' title='bbox 1467 5074 1544 5113; x_wconf 72' lang='lat' dir='ltr'><strong>xtl</strong></span> <span class='ocrx_word' id='word_1_835' title='bbox 1577 5059 1631 5130; x_wconf 84' lang='lat' dir='ltr'><strong>iu</strong></span> <span class='ocrx_word' id='word_1_836' title='bbox 1669 5057 1863 5130; x_wconf 75' lang='lat' dir='ltr'><strong>Matth.</strong></span> 
     </span>
    </p>
   </div>
   <div class='ocr_carea' id='block_1_101' title="bbox 300 5129 1866 5200">
    <p class='ocr_par' dir='ltr' id='par_1_101' title="bbox 300 5129 1866 5200">
     <span class='ocr_line' id='line_1_101' title="bbox 300 5129 1866 5200; baseline 0.001 -20"><span class='ocrx_word' id='word_1_837' title='bbox 300 5147 450 5186; x_wconf 89' lang='lat' dir='ltr'><strong>unum</strong></span> <span class='ocrx_word' id='word_1_838' title='bbox 513 5132 617 5184; x_wconf 89' lang='lat' dir='ltr'><strong>hoc</strong></span> <span class='ocrx_word' id='word_1_839' title='bbox 674 5129 849 5187; x_wconf 79' lang='lat' dir='ltr'><strong>fuisse</strong></span> <span class='ocrx_word' id='word_1_840' title='bbox 901 5147 965 5186; x_wconf 84' lang='lat' dir='ltr'><strong>ex</strong></span> <span class='ocrx_word' id='word_1_841' title='bbox 1017 5129 1149 5198; x_wconf 78' lang='lat' dir='ltr'><strong>ejus</strong></span> <span class='ocrx_word' id='word_1_842' title='bbox 1189 5130 1554 5200; x_wconf 84' lang='lat' dir='ltr'><strong>dogmatibus,</strong></span> <span class='ocrx_word' id='word_1_843' title='bbox 1614 5129 1866 5182; x_wconf 85' lang='lat' dir='ltr'><strong>homines</strong></span> 
     </span>
    </p>
   </div>
   <div class='ocr_carea' id='block_1_102' title="bbox 293 5201 1245 5265">
    <p class='ocr_par' dir='ltr' id='par_1_102' title="bbox 293 5201 1245 5265">
     <span class='ocr_line' id='line_1_102' title="bbox 293 5201 1245 5265; baseline -0.002 -11"><span class='ocrx_word' id='word_1_844' title='bbox 293 5209 509 5255; x_wconf 68' lang='lat' dir='ltr'><strong>sanctos</strong></span> <span class='ocrx_word' id='word_1_845' title='bbox 544 5203 771 5265; x_wconf 75' lang='lat' dir='ltr'><strong>angelos</strong></span> <span class='ocrx_word' id='word_1_846' title='bbox 797 5217 939 5256; x_wconf 91' lang='lat' dir='ltr'><strong>esse.</strong></span> <span class='ocrx_word' id='word_1_847' title='bbox 981 5201 1245 5256; x_wconf 74' lang='lat' dir='ltr'><strong>&quot;DE&#39;I’IUS.</strong></span> 
     </span>
    </p>
   </div>
   <div class='ocr_carea' id='block_1_103' title="bbox 355 5267 1863 5340">
    <p class='ocr_par' dir='ltr' id='par_1_103' title="bbox 355 5267 1863 5340">
     <span class='ocr_line' id='line_1_103' title="bbox 355 5267 1863 5340; baseline -0.001 -17"><span class='ocrx_word' id='word_1_848' title='bbox 355 5272 468 5340; x_wconf 73' lang='grc'><strong>(74)</strong></span> <span class='ocrx_word' id='word_1_849' title='bbox 500 5273 728 5339; x_wconf 75' lang='grc' dir='ltr'>Θρόνος</span> <span class='ocrx_word' id='word_1_850' title='bbox 750 5271 860 5340; x_wconf 77' lang='grc' dir='ltr'>γὰρ</span> <span class='ocrx_word' id='word_1_851' title='bbox 879 5273 990 5326; x_wconf 82' lang='grc' dir='ltr'><strong>οὐκ</strong></span> <span class='ocrx_word' id='word_1_852' title='bbox 1023 5267 1183 5337; x_wconf 79' lang='grc' dir='ltr'>εἶδος</span> <span class='ocrx_word' id='word_1_853' title='bbox 1213 5269 1378 5332; x_wconf 81' lang='grc' dir='ltr'>ζώου,</span> <span class='ocrx_word' id='word_1_854' title='bbox 1405 5278 1509 5324; x_wconf 90' lang='lat' dir='ltr'><strong>etc.</strong></span> <span class='ocrx_word' id='word_1_855' title='bbox 1530 5267 1628 5340; x_wconf 21' lang='lat' dir='ltr'><strong>&quot;Ex</strong></span> <span class='ocrx_word' id='word_1_856' title='bbox 1656 5269 1758 5328; x_wconf 87' lang='lat' dir='ltr'><strong>hoc</strong></span> <span class='ocrx_word' id='word_1_857' title='bbox 1788 5267 1863 5322; x_wconf 90' lang='lat' dir='ltr'><strong>lo-</strong></span> 
     </span>
    </p>
   </div>
   <div class='ocr_carea' id='block_1_104' title="bbox 293 5338 1860 5412">
    <p class='ocr_par' dir='ltr' id='par_1_104' title="bbox 293 5338 1860 5412">
     <span class='ocr_line' id='line_1_104' title="bbox 293 5338 1860 5412; baseline -0.001 -18"><span class='ocrx_word' id='word_1_858' title='bbox 293 5338 457 5395; x_wconf 28' lang='lat' dir='ltr'><strong>co‘et&#39;</strong></span> <span class='ocrx_word' id='word_1_859' title='bbox 498 5338 930 5412; x_wconf 61' lang='lat' dir='ltr'><strong>pracedentihus</strong></span> <span class='ocrx_word' id='word_1_860' title='bbox 969 5342 1177 5412; x_wconf 69' lang='lat' dir='ltr'><strong>angelis</strong></span> <span class='ocrx_word' id='word_1_861' title='bbox 1234 5350 1312 5412; x_wconf 18' lang='lat' dir='ltr'><strong>et;</strong></span> <span class='ocrx_word' id='word_1_862' title='bbox 1341 5338 1860 5412; x_wconf 82' lang='lat' dir='ltr'><strong>hominihus__unam</strong></span> 
     </span>
    </p>
   </div>
   <div class='ocr_carea' id='block_1_105' title="bbox 293 5409 1856 5480">
    <p class='ocr_par' dir='ltr' id='par_1_105' title="bbox 293 5409 1856 5480">
     <span class='ocr_line' id='line_1_105' title="bbox 293 5409 1856 5480; baseline 0 -21"><span class='ocrx_word' id='word_1_863' title='bbox 293 5409 642 5480; x_wconf 75' lang='lat' dir='ltr'><strong>eamdemque</strong></span> <span class='ocrx_word' id='word_1_864' title='bbox 697 5421 950 5466; x_wconf 84' lang='lat' dir='ltr'><strong>naturam</strong></span> <span class='ocrx_word' id='word_1_865' title='bbox 1019 5409 1232 5466; x_wconf 75' lang='lat' dir='ltr'><strong>videtur</strong></span> <span class='ocrx_word' id='word_1_866' title='bbox 1280 5410 1556 5480; x_wconf 62' lang='lat' dir='ltr'><strong>Origenes</strong></span> <span class='ocrx_word' id='word_1_867' title='bbox 1596 5409 1856 5480; x_wconf 77' lang='lat' dir='ltr'><strong>trilmere.</strong></span> 
     </span>
    </p>
   </div>
   <div class='ocr_carea' id='block_1_106' title="bbox 299 5476 1853 5549">
    <p class='ocr_par' dir='ltr' id='par_1_106' title="bbox 299 5476 1853 5549">
     <span class='ocr_line' id='line_1_106' title="bbox 299 5476 1853 5549; baseline -0.001 -19"><span class='ocrx_word' id='word_1_868' title='bbox 299 5479 455 5549; x_wconf 80' lang='lat' dir='ltr'><strong>llujus</strong></span> <span class='ocrx_word' id='word_1_869' title='bbox 484 5476 650 5549; x_wconf 82' lang='lat' dir='ltr'><strong>super</strong></span> <span class='ocrx_word' id='word_1_870' title='bbox 691 5495 752 5532; x_wconf 90' lang='lat' dir='ltr'><strong>ea</strong></span> <span class='ocrx_word' id='word_1_871' title='bbox 796 5497 853 5535; x_wconf 89' lang='lat' dir='ltr'><strong>re</strong></span> <span class='ocrx_word' id='word_1_872' title='bbox 882 5483 1184 5536; x_wconf 84' lang='lat' dir='ltr'><strong>doctrinam</strong></span> <span class='ocrx_word' id='word_1_873' title='bbox 1239 5483 1356 5535; x_wconf 85' lang='lat' dir='ltr'><strong>fuse</strong></span> <span class='ocrx_word' id='word_1_874' title='bbox 1409 5481 1461 5532; x_wconf 90' lang='lat' dir='ltr'><strong>in</strong></span> <span class='ocrx_word' id='word_1_875' title='bbox 1518 5476 1853 5546; x_wconf 70' lang='lat' dir='ltr'><strong>Origruiauis</strong></span> 
     </span>
    </p>
   </div>
   <div class='ocr_carea' id='block_1_107' title="bbox 295 5550 778 5618">
    <p class='ocr_par' dir='ltr' id='par_1_107' title="bbox 295 5550 778 5618">
     <span class='ocr_line' id='line_1_107' title="bbox 295 5550 778 5618; baseline -0.006 -13"><span class='ocrx_word' id='word_1_876' title='bbox 295 5552 662 5618; x_wconf 69' lang='lat' dir='ltr'><strong>expendimus.</strong></span> <span class='ocrx_word' id='word_1_877' title='bbox 704 5550 778 5604; x_wconf 84' lang='lat' dir='ltr'><strong>lo.</strong></span> 
     </span>
    </p>
   </div>
   <div class='ocr_carea' id='block_1_108' title="bbox 353 5616 1851 5694">
    <p class='ocr_par' dir='ltr' id='par_1_108' title="bbox 353 5616 1851 5694">
     <span class='ocr_line' id='line_1_108' title="bbox 353 5616 1851 5694; baseline -0.005 -18"><span class='ocrx_word' id='word_1_878' title='bbox 353 5616 468 5694; x_wconf 70' lang='grc'><strong>(75)</strong></span> <span class='ocrx_word' id='word_1_879' title='bbox 601 5622 719 5690; x_wconf 73' lang='grc' dir='ltr'>μέν</span> <span class='ocrx_word' id='word_1_880' title='bbox 747 5639 838 5687; x_wconf 80' lang='grc' dir='ltr'><strong>τις</strong></span> <span class='ocrx_word' id='word_1_881' title='bbox 861 5623 1061 5694; x_wconf 74' lang='grc' dir='ltr'>οἴεται,</span> <span class='ocrx_word' id='word_1_882' title='bbox 1093 5630 1200 5694; x_wconf 86' lang='lat' dir='ltr'><strong>etc.</strong></span> <span class='ocrx_word' id='word_1_883' title='bbox 1259 5619 1393 5674; x_wconf 89' lang='lat' dir='ltr'><strong>Hinc</strong></span> <span class='ocrx_word' id='word_1_884' title='bbox 1429 5629 1616 5670; x_wconf 86' lang='lat' dir='ltr'><strong>ansam</strong></span> <span class='ocrx_word' id='word_1_885' title='bbox 1649 5616 1851 5694; x_wconf 68' lang='lat' dir='ltr'><strong>calum-</strong></span> 
     </span>
    </p>
   </div>
   <div class='ocr_carea' id='block_1_109' title="bbox 299 5685 1850 5760">
    <p class='ocr_par' dir='ltr' id='par_1_109' title="bbox 299 5685 1850 5760">
     <span class='ocr_line' id='line_1_109' title="bbox 299 5685 1850 5760; baseline -0.005 -14"><span class='ocrx_word' id='word_1_886' title='bbox 299 5685 468 5748; x_wconf 77' lang='lat' dir='ltr'><strong>niandi</strong></span> <span class='ocrx_word' id='word_1_887' title='bbox 501 5685 759 5760; x_wconf 70' lang='lat' dir='ltr'><strong>Origeuis</strong></span> <span class='ocrx_word' id='word_1_888' title='bbox 791 5685 1209 5759; x_wconf 7' lang='lat' dir='ltr'><strong>arripirtuinime</strong></span> <span class='ocrx_word' id='word_1_889' title='bbox 1255 5703 1412 5756; x_wconf 82' lang='lat' dir='ltr'><strong>posse</strong></span> <span class='ocrx_word' id='word_1_890' title='bbox 1442 5695 1622 5760; x_wconf 78' lang='lat' dir='ltr'><strong>monet</strong></span> <span class='ocrx_word' id='word_1_891' title='bbox 1660 5685 1850 5760; x_wconf 63' lang='lat' dir='ltr'><strong>Ferra-</strong></span> 
     </span>
    </p>
   </div>
   <div class='ocr_carea' id='block_1_110' title="bbox 297 5755 1930 5844">
    <p class='ocr_par' dir='ltr' id='par_1_110' title="bbox 297 5755 1930 5844">
     <span class='ocr_line' id='line_1_110' title="bbox 297 5755 1930 5844; baseline -0.005 -26"><span class='ocrx_word' id='word_1_892' title='bbox 297 5766 436 5830; x_wconf 84' lang='lat' dir='ltr'><strong>rius;</strong></span> <span class='ocrx_word' id='word_1_893' title='bbox 486 5755 629 5820; x_wconf 52' lang='lat' dir='ltr'><strong>non&#39;</strong></span> <span class='ocrx_word' id='word_1_894' title='bbox 651 5761 798 5818; x_wconf 89' lang='lat' dir='ltr'><strong>enim</strong></span> <span class='ocrx_word' id='word_1_895' title='bbox 845 5755 1055 5817; x_wconf 80' lang='lat' dir='ltr'><strong>Patrem</strong></span> <span class='ocrx_word' id='word_1_896' title='bbox 1102 5755 1335 5828; x_wconf 81' lang='lat' dir='ltr'><strong>ejusdem</strong></span> <span class='ocrx_word' id='word_1_897' title='bbox 1385 5770 1507 5813; x_wconf 85' lang='lat' dir='ltr'><strong>esse</strong></span> <span class='ocrx_word' id='word_1_898' title='bbox 1535 5755 1850 5810; x_wconf 71' lang='lat' dir='ltr'><strong>substantiae</strong></span> <span class='ocrx_word' id='word_1_899' title='bbox 1911 5825 1930 5844; x_wconf 48' lang='grc'><strong><em>⁸</em></strong></span> 
     </span>
    </p>
   </div>
   <div class='ocr_carea' id='block_1_111' title="bbox 1972 4973 3601 5058">
    <p class='ocr_par' dir='ltr' id='par_1_111' title="bbox 1972 4973 3601 5058">
     <span class='ocr_line' id='line_1_111' title="bbox 1972 4973 3601 5058; baseline -0.006 -19"><span class='ocrx_word' id='word_1_900' title='bbox 1972 5003 2034 5041; x_wconf 87' lang='lat' dir='ltr'><strong>ac</strong></span> <span class='ocrx_word' id='word_1_901' title='bbox 2067 4986 2263 5040; x_wconf 84' lang='lat' dir='ltr'><strong>Filium</strong></span> <span class='ocrx_word' id='word_1_902' title='bbox 2309 4998 2518 5058; x_wconf 76' lang='lat' dir='ltr'><strong>negare</strong></span> <span class='ocrx_word' id='word_1_903' title='bbox 2574 4982 2662 5037; x_wconf 88' lang='lat' dir='ltr'><strong>hic</strong></span> <span class='ocrx_word' id='word_1_904' title='bbox 2708 4976 3306 5058; x_wconf 49' lang='lat' dir='ltr'><strong>A_damantiu_ut,nquod</strong></span> <span class='ocrx_word' id='word_1_905' title='bbox 3357 4973 3547 5058; x_wconf 75' lang='lat' dir='ltr'><strong>multis</strong></span> <span class='ocrx_word' id='word_1_906' title='bbox 3597 4989 3601 4992; x_wconf 83' lang='lat'>&#39;</span> 
     </span>
    </p>
   </div>
   <div class='ocr_carea' id='block_1_112' title="bbox 1973 5043 3544 5126">
    <p class='ocr_par' dir='ltr' id='par_1_112' title="bbox 1973 5043 3544 5126">
     <span class='ocr_line' id='line_1_112' title="bbox 1973 5043 3544 5126; baseline -0.006 -16"><span class='ocrx_word' id='word_1_907' title='bbox 1973 5058 2090 5126; x_wconf 90' lang='lat' dir='ltr'><strong>ipse</strong></span> <span class='ocrx_word' id='word_1_908' title='bbox 2124 5056 2325 5126; x_wconf 87' lang='lat' dir='ltr'><strong>alioqui</strong></span> <span class='ocrx_word' id='word_1_909' title='bbox 2356 5043 2487 5111; x_wconf 70' lang='lat' dir='ltr'><strong>locis</strong></span> <span class='ocrx_word' id='word_1_910' title='bbox 2521 5062 2708 5126; x_wconf 83' lang='lat' dir='ltr'><strong>aperte</strong></span> <span class='ocrx_word' id='word_1_911' title='bbox 2729 5053 2917 5126; x_wconf 81' lang='lat' dir='ltr'><strong>docet:</strong></span> <span class='ocrx_word' id='word_1_912' title='bbox 2952 5049 3046 5104; x_wconf 88' lang='lat' dir='ltr'><strong>sed</strong></span> <span class='ocrx_word' id='word_1_913' title='bbox 3071 5043 3404 5126; x_wconf 76' lang='lat' dir='ltr'><strong>inllciari_ex</strong></span> <span class='ocrx_word' id='word_1_914' title='bbox 3438 5043 3544 5126; x_wconf 79' lang='lat' dir='ltr'><strong>hoc</strong></span> 
     </span>
    </p>
   </div>
   <div class='ocr_carea' id='block_1_113' title="bbox 1970 5113 3542 5196">
    <p class='ocr_par' dir='ltr' id='par_1_113' title="bbox 1970 5113 3542 5196">
     <span class='ocr_line' id='line_1_113' title="bbox 1970 5113 3542 5196; baseline -0.007 -16"><span class='ocrx_word' id='word_1_915' title='bbox 1970 5113 2088 5182; x_wconf 77' lang='lat' dir='ltr'><strong>loco</strong></span> <span class='ocrx_word' id='word_1_916' title='bbox 2123 5128 2174 5182; x_wconf 89' lang='lat' dir='ltr'><strong>id</strong></span> <span class='ocrx_word' id='word_1_917' title='bbox 2207 5113 2384 5194; x_wconf 75' lang='lat' dir='ltr'><strong>colligi</strong></span> <span class='ocrx_word' id='word_1_918' title='bbox 2412 5113 2588 5193; x_wconf 76' lang='lat' dir='ltr'><strong>posse.</strong></span> <span class='ocrx_word' id='word_1_919' title='bbox 2647 5123 2716 5178; x_wconf 84' lang='lat' dir='ltr'><strong>At</strong></span> <span class='ocrx_word' id='word_1_920' title='bbox 2744 5121 2930 5196; x_wconf 39' lang='lat' dir='ltr'><strong>lucem.</strong></span> <span class='ocrx_word' id='word_1_921' title='bbox 2946 5113 3136 5196; x_wconf 77' lang='lat' dir='ltr'><strong>tamen</strong></span> <span class='ocrx_word' id='word_1_922' title='bbox 3160 5130 3284 5196; x_wconf 64' lang='lat' dir='ltr'><strong>quae</strong></span> <span class='ocrx_word' id='word_1_923' title='bbox 3313 5113 3458 5167; x_wconf 89' lang='lat' dir='ltr'><strong>lucet</strong></span> <span class='ocrx_word' id='word_1_924' title='bbox 3479 5114 3542 5196; x_wconf 46' lang='lat' dir='ltr'><strong>.in</strong></span> 
     </span>
    </p>
   </div>
   <div class='ocr_carea' id='block_1_114' title="bbox 1971 5184 3542 5268">
    <p class='ocr_par' dir='ltr' id='par_1_114' title="bbox 1971 5184 3542 5268">
     <span class='ocr_line' id='line_1_114' title="bbox 1971 5184 3542 5268; baseline -0.007 -18"><span class='ocrx_word' id='word_1_925' title='bbox 1971 5197 2232 5260; x_wconf 87' lang='lat' dir='ltr'><strong>tenebris,</strong></span> <span class='ocrx_word' id='word_1_926' title='bbox 2283 5184 2559 5268; x_wconf 67' lang='lat' dir='ltr'><strong>Christum</strong></span> <span class='ocrx_word' id='word_1_927' title='bbox 2595 5208 2793 5268; x_wconf 79' lang='lat' dir='ltr'><strong>nempe</strong></span> <span class='ocrx_word' id='word_1_928' title='bbox 2839 5189 2943 5268; x_wconf 69' lang='lat' dir='ltr'><strong>qui</strong></span> <span class='ocrx_word' id='word_1_929' title='bbox 2971 5191 3022 5240; x_wconf 88' lang='lat' dir='ltr'><strong>in</strong></span> <span class='ocrx_word' id='word_1_930' title='bbox 3073 5184 3334 5268; x_wconf 62' lang='lat' dir='ltr'><strong>mundum</strong></span> <span class='ocrx_word' id='word_1_931' title='bbox 3370 5184 3542 5268; x_wconf 63' lang='lat' dir='ltr'><strong>venit,</strong></span> 
     </span>
    </p>
   </div>
   <div class='ocr_carea' id='block_1_115' title="bbox 1967 5257 3537 5336">
    <p class='ocr_par' dir='ltr' id='par_1_115' title="bbox 1967 5257 3537 5336">
     <span class='ocr_line' id='line_1_115' title="bbox 1967 5257 3537 5336; baseline -0.01 -15"><span class='ocrx_word' id='word_1_932' title='bbox 1967 5276 2020 5322; x_wconf 90' lang='lat' dir='ltr'><strong>et</strong></span> <span class='ocrx_word' id='word_1_933' title='bbox 2048 5257 2298 5321; x_wconf 80' lang='lat' dir='ltr'><strong>naturam</strong></span> <span class='ocrx_word' id='word_1_934' title='bbox 2325 5259 2614 5336; x_wconf 72' lang='lat' dir='ltr'><strong>humanam</strong></span> <span class='ocrx_word' id='word_1_935' title='bbox 2647 5257 2840 5336; x_wconf 74' lang='lat' dir='ltr'><strong>induit,</strong></span> <span class='ocrx_word' id='word_1_936' title='bbox 2870 5275 2897 5312; x_wconf 84' lang='lat' dir='ltr'><strong>a</strong></span> <span class='ocrx_word' id='word_1_937' title='bbox 2931 5258 3045 5311; x_wconf 87' lang='lat' dir='ltr'><strong>luce</strong></span> <span class='ocrx_word' id='word_1_938' title='bbox 3075 5257 3161 5309; x_wconf 87' lang='lat' dir='ltr'><strong>illa</strong></span> <span class='ocrx_word' id='word_1_939' title='bbox 3190 5258 3537 5336; x_wconf 34' lang='lat' dir='ltr'><strong>qum&#39;nonoin</strong></span> 
     </span>
    </p>
   </div>
   <div class='ocr_carea' id='block_1_116' title="bbox 1970 5324 3540 5399">
    <p class='ocr_par' dir='ltr' id='par_1_116' title="bbox 1970 5324 3540 5399">
     <span class='ocr_line' id='line_1_116' title="bbox 1970 5324 3540 5399; baseline -0.008 -9"><span class='ocrx_word' id='word_1_940' title='bbox 1970 5338 2208 5392; x_wconf 89' lang='lat' dir='ltr'><strong>tenebris</strong></span> <span class='ocrx_word' id='word_1_941' title='bbox 2235 5337 2400 5396; x_wconf 90' lang='lat' dir='ltr'><strong>lucet,</strong></span> <span class='ocrx_word' id='word_1_942' title='bbox 2449 5334 2610 5387; x_wconf 86' lang='lat' dir='ltr'><strong>Patre</strong></span> <span class='ocrx_word' id='word_1_943' title='bbox 2640 5330 2926 5399; x_wconf 60' lang='lat' dir='ltr'><strong>,videlicet,</strong></span> <span class='ocrx_word' id='word_1_944' title='bbox 2972 5335 3274 5399; x_wconf 79' lang='lat' dir='ltr'><strong>sepa_rat_et</strong></span> <span class='ocrx_word' id='word_1_945' title='bbox 3317 5324 3540 5399; x_wconf 58' lang='lat' dir='ltr'><strong>inferio-</strong></span> 
     </span>
    </p>
   </div>
   <div class='ocr_carea' id='block_1_117' title="bbox 1965 5393 3541 5469">
    <p class='ocr_par' dir='ltr' id='par_1_117' title="bbox 1965 5393 3541 5469">
     <span class='ocr_line' id='line_1_117' title="bbox 1965 5393 3541 5469; baseline -0.008 -12"><span class='ocrx_word' id='word_1_946' title='bbox 1965 5421 2078 5458; x_wconf 90' lang='lat' dir='ltr'><strong>rem</strong></span> <span class='ocrx_word' id='word_1_947' title='bbox 2104 5407 2293 5460; x_wconf 86' lang='lat' dir='ltr'><strong>statuit</strong></span> <span class='ocrx_word' id='word_1_948' title='bbox 2316 5423 2330 5469; x_wconf 90' lang='lat'><strong>;</strong></span> <span class='ocrx_word' id='word_1_949' title='bbox 2367 5393 2442 5456; x_wconf 82' lang='lat' dir='ltr'><strong>ait</strong></span> <span class='ocrx_word' id='word_1_950' title='bbox 2469 5404 2610 5456; x_wconf 88' lang='lat' dir='ltr'><strong>enim</strong></span> <span class='ocrx_word' id='word_1_951' title='bbox 2637 5393 2652 5456; x_wconf 74' lang='grc' dir='ltr'><strong>ἑ</strong></span> <span class='ocrx_word' id='word_1_952' title='bbox 2686 5395 2755 5469; x_wconf 79' lang='grc' dir='ltr'><strong><em>Ὦ</em></strong></span> <span class='ocrx_word' id='word_1_953' title='bbox 2782 5398 2839 5450; x_wconf 83' lang='grc' dir='ltr'><strong>δὲ</strong></span> <span class='ocrx_word' id='word_1_954' title='bbox 2865 5397 3008 5469; x_wconf 76' lang='grc' dir='ltr'>λόγῳ</span> <span class='ocrx_word' id='word_1_955' title='bbox 3029 5395 3269 5469; x_wconf 28' lang='grc' dir='ltr'>όᾼΠατὴρ</span> <span class='ocrx_word' id='word_1_956' title='bbox 3291 5395 3390 5464; x_wconf 86' lang='grc' dir='ltr'>τῆς</span> <span class='ocrx_word' id='word_1_957' title='bbox 3416 5393 3541 5469; x_wconf 62' lang='grc' dir='ltr'><strong>ἀλητ</strong></span> 
     </span>
    </p>
   </div>
   <div class='ocr_carea' id='block_1_118' title="bbox 1963 5465 3539 5539">
    <p class='ocr_par' dir='ltr' id='par_1_118' title="bbox 1963 5465 3539 5539">
     <span class='ocr_line' id='line_1_118' title="bbox 1963 5465 3539 5539; baseline -0.006 -12"><span class='ocrx_word' id='word_1_958' title='bbox 1963 5475 2112 5539; x_wconf 83' lang='grc' dir='ltr'>Θείας</span> <span class='ocrx_word' id='word_1_959' title='bbox 2142 5474 2274 5536; x_wconf 77' lang='grc' dir='ltr'>Θεὸς</span> <span class='ocrx_word' id='word_1_960' title='bbox 2319 5465 2520 5526; x_wconf 80' lang='grc' dir='ltr'>πλείων</span> <span class='ocrx_word' id='word_1_961' title='bbox 2547 5472 2662 5524; x_wconf 73' lang='grc' dir='ltr'>ἐστὶ</span> <span class='ocrx_word' id='word_1_962' title='bbox 2691 5465 2783 5522; x_wconf 72' lang='grc' dir='ltr'>καὶ</span> <span class='ocrx_word' id='word_1_963' title='bbox 2819 5465 3082 5539; x_wconf 65' lang='grc' dir='ltr'>μείζωνῆ</span> <span class='ocrx_word' id='word_1_964' title='bbox 3103 5465 3328 5539; x_wconf 68' lang='grc' dir='ltr'>ἀλήθεια</span> <span class='ocrx_word' id='word_1_965' title='bbox 3346 5481 3358 5494; x_wconf 71' lang='grc' dir='ltr'><strong>ο</strong></span> <span class='ocrx_word' id='word_1_966' title='bbox 3381 5465 3482 5539; x_wconf 63' lang='grc' dir='ltr'><strong>καὶ</strong></span> <span class='ocrx_word' id='word_1_967' title='bbox 3508 5465 3539 5518; x_wconf 72' lang='grc' dir='ltr'><strong><em>ὁ</em></strong></span> 
     </span>
    </p>
   </div>
   <div class='ocr_carea' id='block_1_119' title="bbox 1963 5536 3534 5619">
    <p class='ocr_par' dir='ltr' id='par_1_119' title="bbox 1963 5536 3534 5619">
     <span class='ocr_line' id='line_1_119' title="bbox 1963 5536 3534 5619; baseline -0.009 -20"><span class='ocrx_word' id='word_1_968' title='bbox 1963 5536 2149 5619; x_wconf 75' lang='grc' dir='ltr'>Πατῆρ</span> <span class='ocrx_word' id='word_1_969' title='bbox 2176 5543 2252 5619; x_wconf 73' lang='grc' dir='ltr'><strong>ῶν</strong></span> <span class='ocrx_word' id='word_1_970' title='bbox 2279 5543 2470 5619; x_wconf 69' lang='grc' dir='ltr'>σοφίας</span> <span class='ocrx_word' id='word_1_971' title='bbox 2497 5541 2766 5619; x_wconf 68' lang='grc' dir='ltr'><strong>¹κρείττων</strong></span> <span class='ocrx_word' id='word_1_972' title='bbox 2801 5536 2916 5619; x_wconf 54' lang='grc' dir='ltr'>ἐστὶ</span> <span class='ocrx_word' id='word_1_973' title='bbox 2947 5537 3040 5617; x_wconf 59' lang='lat' dir='ltr'><strong>acati</strong></span> <span class='ocrx_word' id='word_1_974' title='bbox 3064 5536 3335 5619; x_wconf 64' lang='grc' dir='ltr'>διαφέρων</span> <span class='ocrx_word' id='word_1_975' title='bbox 3375 5537 3534 5619; x_wconf 52' lang='grc' dir='ltr'>ἦυσο-</span> 
     </span>
    </p>
   </div>
   <div class='ocr_carea' id='block_1_120' title="bbox 1962 5603 3533 5688">
    <p class='ocr_par' dir='ltr' id='par_1_120' title="bbox 1962 5603 3533 5688">
     <span class='ocr_line' id='line_1_120' title="bbox 1962 5603 3533 5688; baseline -0.008 -18"><span class='ocrx_word' id='word_1_976' title='bbox 1962 5616 2079 5683; x_wconf 78' lang='grc' dir='ltr'>φία,</span> <span class='ocrx_word' id='word_1_977' title='bbox 2102 5603 2301 5685; x_wconf 57' lang='lat' dir='ltr'><strong>&quot;eodem</strong></span> <span class='ocrx_word' id='word_1_978' title='bbox 2341 5603 2598 5688; x_wconf 70' lang='grc' dir='ltr'>ὐπερέχἐι</span> <span class='ocrx_word' id='word_1_979' title='bbox 2635 5610 2733 5688; x_wconf 66' lang='grc' dir='ltr'><strong>τοῦ</strong></span> <span class='ocrx_word' id='word_1_980' title='bbox 2775 5603 2913 5688; x_wconf 75' lang='grc' dir='ltr'>εἶναι</span> <span class='ocrx_word' id='word_1_981' title='bbox 2949 5607 3064 5688; x_wconf 60' lang='grc' dir='ltr'><strong>φῶς</strong></span> <span class='ocrx_word' id='word_1_982' title='bbox 3092 5603 3533 5688; x_wconf 54' lang='grc' dir='ltr'>ἁλῂθὶνόν..νίιίο</span> 
     </span>
    </p>
   </div>
   <div class='ocr_carea' id='block_1_121' title="bbox 1959 5673 3447 5770">
    <p class='ocr_par' dir='ltr' id='par_1_121' title="bbox 1959 5673 3447 5770">
     <span class='ocr_line' id='line_1_121' title="bbox 1959 5673 3447 5770; baseline -0.01 -29"><span class='ocrx_word' id='word_1_983' title='bbox 1959 5673 2011 5741; x_wconf 73' lang='lat' dir='ltr'><strong>et</strong></span> <span class='ocrx_word' id='word_1_984' title='bbox 2041 5673 2160 5757; x_wconf 69' lang='lat' dir='ltr'><strong>qua:</strong></span> <span class='ocrx_word' id='word_1_985' title='bbox 2183 5673 2650 5770; x_wconf 53' lang='lat' dir='ltr'><strong>sequuntu&#39;r.&quot;_$cd</strong></span> <span class='ocrx_word' id='word_1_986' title='bbox 2686 5683 2752 5738; x_wconf 87' lang='lat' dir='ltr'><strong>dc</strong></span> <span class='ocrx_word' id='word_1_987' title='bbox 2783 5682 2867 5739; x_wconf 81' lang='lat' dir='ltr'><strong>his</strong></span> <span class='ocrx_word' id='word_1_988' title='bbox 2895 5673 3336 5764; x_wconf 40' lang='lat' dir='ltr'><strong>in&#39;Origem&#39;auis.</strong></span> <span class='ocrx_word' id='word_1_989' title='bbox 3369 5673 3447 5728; x_wconf 75' lang='lat' dir='ltr'><strong>lo.</strong></span> 
     </span>
    </p>
   </div>
  </div>
