4040 6210
507 321 610 378 155

1967 329 2128 388 ORIG
2137 331 2292 386 Ele

3655 340 3767 397 156

502 437 636 507 ipsis
660 438 1112 510 persequentibus
1137 453 1242 493 non
1280 437 1352 492 sit
1380 440 1738 508 apprehensa.
1772 437 1959 494 Tertio
1989 439 2057 494 di-

2173 437 2253 508 τῷ
2296 438 2370 510 μὴ
2410 431 2922 510 καταλαμϐάνεσθαι
2948 441 3038 493 ὑπ’
3068 439 3240 510 αὐτῆς
3264 437 3588 513 διωκούσης.
3630 441 3766 515 Τρί-

501 533 648 586 citur
674 531 788 585 ha-c
811 531 921 593 lux,
952 547 970 580 ι
1006 529 1097 583 lux
1123 543 1251 583 vera
1292 529 1360 582 “.
1402 549 1422 583 ι
1465 529 1580 596 Qua
1615 531 1867 601 portione
1889 542 2073 586 autem

503 620 664 675 Pater
703 621 968 685 veritatis,
1018 617 1160 675 Deus
1195 621 1429 690 amplior
1472 635 1530 677 et
1575 623 1753 693 major
1785 633 1866 679 est
1909 639 2074 692 quam

501 711 735 777 veritas;
762 720 816 766 et
852 709 1016 764 Pater
1041 725 1166 766 cum
1188 711 1258 767 sit
1286 688 1590 782 sapientize,
1615 714 1814 770 ntellor
1852 725 1907 770 et
1937 731 2072 783 prae-

498 801 732 854 stantior
781 811 864 856 est
891 801 1182 871 sapientia,
1222 802 1321 857 hac
1365 803 1529 858 etiam
1573 805 1824 874 portione
1851 815 2076 875 superat

498 892 673 947 lucem
712 906 834 947 esse
860 907 1066 946 veram.
1114 894 1369 962 Apertius
1407 905 1586 950 autem
1629 895 1850 951 Patrem
1902 905 1956 952 et
1990 895 2074 951 Fi-

496 984 628 1040 lium
655 986 790 1040 duas
817 985 1084 1040 exsistere
1109 985 1260 1042 luces
1308 1003 1404 1058 per
1429 988 1547 1044 hac
1572 1029 1588 1054 ,
1631 1006 1660 1043 a
1689 989 1891 1044 Davide
1931 991 2074 1046 scie-

497 1091 619 1131 mns
667 1076 875 1145 psalmo
921 1075 1113 1145 quinto
1156 1086 1212 1131 et
1259 1078 1542 1150 trigesimo
1569 1081 1637 1147 ⁸⁷,
1669 1083 1884 1138 dicente
1915 1101 1929 1136 :
1959 1101 1977 1134 ι
2015 1083 2069 1136 ln

496 1166 702 1220 lumine
754 1176 848 1221 tuo
891 1165 1196 1224 videbimus
1246 1170 1446 1226 lumen.
1500 1191 1519 1222 ι
1571 1173 1770 1228 Eadem
1803 1189 1941 1230 sane
1979 1174 2069 1228 lux

497 1255 780 1310 hominum
813 1255 866 1310 in
910 1257 1150 1312 tenebris
1182 1259 1366 1315 lucens
1388 1301 1402 1325 ,
1446 1279 1466 1314 ι
1506 1262 1594 1316 lux
1623 1278 1750 1317 vera
1779 1303 1794 1327 ,
1834 1281 1853 1314 ι
1888 1264 1942 1317 in
1985 1279 2072 1318 se-

493 1345 791 1415 quentibus
819 1347 1096 1417 Evangelii
1133 1349 1220 1403 lux
1243 1364 1364 1405 esse
1401 1353 1584 1406 mundi
1610 1353 1831 1418 dicitur,
1857 1354 2076 1409 dicente

389 1447 394 1452 '
491 1437 618 1493 Jesu
651 1437 696 1470 “
724 1453 738 1492 :
769 1456 788 1489 ι
827 1437 938 1510 Ego
973 1455 1095 1494 sum
1131 1440 1219 1494 lux
1247 1441 1458 1496 mundi.
1493 1461 1514 1496 ι
1543 1443 1723 1510 Quare
1752 1459 1928 1514 neque
1965 1446 2071 1500 hoc

490 1533 736 1582 sinamus
766 1543 870 1582 non
916 1530 1354 1587 animadversum
1387 1572 1402 1598 ,
1437 1547 1534 1586 cur
1559 1575 1572 1594 .
1627 1547 1749 1588 cum
1801 1537 2072 1604 potuisset

490 1617 735 1672 scribere
765 1617 958 1685 :Quod
1007 1621 1206 1675 factum
1241 1632 1324 1677 est
1373 1623 1428 1677 in
1463 1625 1581 1692 ipso
1612 1624 1703 1678 lux
1742 1636 1860 1679 erat
1892 1629 2069 1682 homi-

497 1723 651 1774 num,
679 1717 735 1763 et
763 1709 853 1762 lux
905 1710 1186 1765 hominum
1231 1713 1339 1766 vita
1370 1723 1510 1778 erat,
1549 1716 1882 1770 contrarium
1915 1720 2065 1773 rece-

489 1799 584 1864 rit,
637 1815 955 1869 praeponens
1023 1803 1190 1857 vitam
1239 1802 1350 1857 luci
1430 1805 1755 1870 hominum,
1815 1811 2064 1877 quamvis

490 1889 630 1944 idem
655 1891 726 1944 sit
761 1909 781 1941 ι
808 1891 916 1946 vita
942 1910 962 1942 ›
993 1901 1050 1946 et
1076 1910 1095 1943 ι
1121 1892 1210 1948 lux
1236 1894 1514 1948 hominum
1543 1896 1610 1960 “,
1643 1914 1663 1948 ι
1683 1908 1740 1953 et
1771 1897 2062 1954 dicendum

488 1981 640 2046 quod.
670 1981 723 2033 in
760 1981 843 2036 his
887 1983 979 2051 qui
1023 1984 1318 2052 participes
1346 1997 1471 2039 sunt
1502 1987 1648 2054 vitm,
1678 2004 1799 2058 quae
1847 2000 1933 2046 est
1973 1991 2064 2046 lux

485 2069 789 2134 hominum,
828 2073 1060 2140 primum
1097 2075 1252 2130 nobis
1277 2087 1536 2132 occurrat
1561 2079 1708 2148 ipsos
1731 2083 1914 2138 vivere
1946 2084 2063 2139 vita

487 2159 647 2213 beata
697 2169 752 2216 et
795 2171 953 2218 antea
993 2165 1174 2228 dicta;
1227 2168 1422 2222 deinde
1462 2183 1557 2224 eos
1593 2171 1856 2228 illustrari
1891 2191 2064 2244 :sup—

485 2262 724 2320 ponatur
746 2255 892 2309 enim
917 2256 1102 2312 vivere
1128 2268 1376 2328 oportet,
1406 2270 1462 2314 ut
1493 2262 1684 2317 vivens
1727 2264 2063 2324 illuminatns

484 2343 619 2409 ﬁt;
669 2361 772 2401 nec
815 2363 1155 2420 consequens
1210 2351 1379 2407 fuisse
1423 2354 1715 2410 illuminari
1747 2374 1868 2412 euri)
1899 2399 1914 2422 ,
1967 2364 2058 2430 qui

484 2437 720 2492 nondum
763 2440 1070 2496 intellectus
1113 2442 1306 2499 fuisset
1355 2447 1560 2512 vivere,
1607 2459 1662 2504 et
1707 2453 2057 2521 supcrinducl

483 2525 865 2583 illuminatioui
897 2532 1070 2601 ipsum
1103 2534 1306 2590 vivere.
1343 2535 1604 2603 Quamvis
1633 2543 1779 2597 enim
1815 2543 1958 2599 idem
1987 2548 2059 2602 sit

485 2633 504 2666 ι
547 2616 654 2671 vita
684 2637 704 2670 ι
747 2628 800 2674 et
833 2639 853 2673 ι
881 2621 969 2675 lnx
1003 2623 1307 2688 hominum,
1336 2645 1354 2677 ι
1385 2630 1851 2689 considerationes
1877 2645 2055 2692 tamen

480 2709 774 2762 secundum
811 2711 958 2765 aliud
986 2720 1038 2767 et
1062 2713 1208 2766 aliud
1239 2727 1550 2773 sumuntur.
1595 2719 1720 2777 llaec
1751 2724 1938 2794 itaque
1963 2727 2054 2782 lux

482 2797 760 2852 hominum
805 2802 1001 2858 dicitur
1029 2806 1192 2858 etiam
1243 2806 1331 2860 lux
1375 2811 1617 2879 gentium
1649 2816 1788 2882 apud
1816 2819 2054 2888 prophe-

483 2899 594 2943 tam
633 2889 822 2945 lsaiam
853 2894 917 2958 ⁷ο,
945 2893 1101 2964 juxta
1155 2895 1284 2952 illud
1319 2918 1333 2951 :
1375 2916 1390 2950 ι
1424 2900 1560 2955 Ecce
1585 2905 1738 2970 posui
1773 2915 1822 2960 te
1877 2909 1928 2961 in
1971 2918 2054 2964 te-

477 2990 804 3036 stamentum
857 2986 963 3055 ’17
993 2988 1245 3056 generis,
1293 2990 1342 3042 in
1395 2991 1568 3048 lucem
1600 2998 1840 3064 gentium
1881 3013 1897 3053 :
1934 3018 1954 3052 ι
2001 3011 2056 3056 et

479 3074 604 3126 huic
627 3073 728 3128 luci
759 3079 996 3133 conlisus
1029 3081 1195 3135 David
1227 3083 1278 3136 in
1326 3097 1482 3140 sexto
1515 3096 1569 3142 et
1601 3089 1860 3159 vigesimo
1911 3094 2052 3161 psal-
2079 3129 2122 3188 ο

479 3175 566 3188 ..ρ-Α
589 3163 634 3188 τι
663 3163 832 3188 ζ-κμξι
863 3182 878 3188 -
930 3186 938 3188 -
989 3171 1053 3188 n_
1083 3185 1093 3188 Α
1127 3171 1140 3184 ο
1231 3187 1237 3188 ,
1279 3173 1331 3188 ιη
1435 3175 1448 3187 .
1536 3178 1566 3188 _.
1969 3183 1982 3188 -

477 3175 567 3216 mo
589 3163 634 3194 "
663 3163 878 3233 inquit:
922 3186 940 3220 ι
989 3171 1249 3228 Dominus
1278 3173 1604 3234 illuminatio
1644 3193 1764 3236 men
1818 3192 1875 3238 et
1903 3183 2051 3240 salus

477 3269 614 3322 mea,
639 3272 798 3328 quem
836 3261 1079 3318 timebo?
1109 3287 1126 3316 ι

546 3417 633 3473 l9.
665 3418 810 3475 Sane
825 3422 892 3474 ad
910 3437 1004 3476 eos
1019 3424 1108 3493 qui
1135 3425 1341 3496 ﬁngunt
1358 3427 1663 3486 fabulosum
1681 3433 1749 3488 de
1759 3436 1976 3494 saeculis
1995 3439 2048 3494 in

472 3509 950 3580 coniugationibus
971 3526 1359 3584 commentum,
1377 3523 1784 3596 et~existitnant
1802 3542 1831 3581 a
1866 3540 2049 3587 mente

473 3609 530 3654 ct
567 3602 799 3658 veritate
831 3619 1171 3674 sermonem,
1197 3612 1474 3683 vitamque
1498 3615 1612 3683 jam
1645 3626 1774 3673 ante
1812 3620 2048 3678 eruisses

473 3701 528 3746 et
551 3693 849 3760 productos
884 3695 1079 3764 fuisse,
1113 3698 1258 3755 haud
1307 3703 1601 3759 absurdmu
1633 3716 1716 3762 est
1756 3709 1884 3764 talia
1931 3727 2048 3768 mo-

474 3797 600 3837 vere
647 3786 832 3840 dubia.
868 3787 1154 3854 Quomodo
1189 3795 1335 3849 enim
1371 3797 1480 3854 vita
1531 3803 1825 3870 sermonis,
1857 3812 1915 3858 ut
1945 3805 2045 3874 ipsi

473 3873 718 3942 tradunt,
750 3877 949 3948 conjux
977 3896 1100 3936 esse
1129 3887 1295 3940 sumit
1326 3889 1380 3942 in
1417 3890 1613 3946 marito
1640 3892 1662 3945 ’ἒ
1691 3912 1709 3946 ι
1739 3894 1896 3962 Quod
1927 3873 2045 3954 fac-

472 3972 586 4018 tum
625 3976 710 4020 est
742 3986 762 4020 ι
800 3971 970 4037 enim,
1014 3973 1211 4043 inquit,
1263 3996 1282 4028 ι
1317 3980 1371 4034 in
1405 3982 1524 4052 ipso
1563 4004 1582 4038 ι
1633 3985 1867 4056 (scilicet
1910 4007 2047 4060 prte-

469 4054 616 4109 dicto
637 4060 914 4129 sermone)
953 4081 972 4113 ι
1007 4065 1122 4120 vita
1158 4078 1278 4124 erat
1309 4071 1378 4125 ".
1419 4091 1436 4126 ι
1479 4054 1668 4132 Dicant
1710 4094 1840 4150 ergo
1891 4054 2046 4141 nobis

467 4149 738 4212 quomodo
759 4149 957 4218 conjux
977 4157 1246 4211 sermonis
1278 4159 1386 4215 vita
1413 4160 1554 4218 facta
1587 4167 1662 4221 sit
1687 4168 1738 4222 in
1766 4149 2044 4240 sermone,

469 4246 529 4293 et
562 4241 836 4320 quomodo
872 4243 988 4310 ipsa
1037 4246 1148 4301 vita
1192 4249 1375 4318 potius
1401 4267 1566 4321 quam
1610 4271 1791 4311 sermo
1839 4259 1926 4315 lux
1971 4263 2044 4320 sit

466 4331 768 4388 hominum.
797 4334 995 4392 Verum
1031 4339 1313 4396 enimvero
1357 4343 1640 4414 probabile
1692 4359 1796 4418 est,
1833 4361 1891 4406 ut
1935 4354 2039 4410 viri

2173 547 2265 582 τον
2311 525 2379 602 ἦν
2425 531 2488 584 τὸ
2541 530 2832 601 λεγόμενον
2863 531 3022 585 τοῦτο
3067 532 3128 586 τὸ
3161 532 3300 601 φῶς,
3353 551 3372 584 ι
3416 533 3535 602 φῶς
3569 534 3766 606 etnec-

2174 623 2282 678 νόν.
2323 644 2341 674 ι
2369 619 2440 694 ’ᾯ
2469 623 2525 676 δὲ
2547 624 2692 693 λόγῳ
2719 625 2748 676 ό
2774 623 2964 695 Πατὴρ
2997 623 3098 693 τῆς
3121 623 3379 694 ἀληθείας
3398 624 3532 690 Θεὸς
3555 626 3768 680 πλείων

2174 713 2291 768 ἐστὶ
2329 713 2422 768 καὶ
2469 713 2668 784 μείζων
2716 713 2749 784 ἢ
2793 713 3021 785 ἀλήθεια
3059 714 3205 786 (76)·
3243 716 3338 769 καὶ
3377 717 3406 769 ὁ
3447 715 3639 788 Πατὴρ
3679 716 3768 772 ὢν

2176 803 2366 872 σοφίας
2398 804 2662 876 κρείττων
2708 806 2826 858 ἐστὶ
2864 805 2961 860 καὶ
3004 805 3282 877 διαφέρων
3325 806 3359 878 ἢ
3407 807 3572 876 σοφία
3617 809 3762 879 (77),

2171 895 2346 965 τούτῳ
2377 895 2633 966 ὑπερέχει
2655 896 2752 949 τοῦ
2784 891 2925 950 εἶναι
2955 896 3071 965 φῶς
3105 895 3374 968 ἀληθινόν.
3408 898 3765 969 Παραπατι-

2173 981 2410 1054 κὼτερον
2441 984 2499 1036 δὲ
2531 984 2626 1040 δύο
2666 985 2820 1055 φῶτα
2851 986 2942 1040 τὸν
2975 987 3199 1058 Πατέρα
3229 987 3325 1040 καὶ
3352 988 3444 1042 τὸν
3480 989 3606 1043 Υίδν
3643 992 3764 1047 ἀπὸ

2170 1071 2268 1126 τοῦ
2294 1072 2457 1129 Δαυῖδ
2478 1075 2766 1145 τυγχάνειν
2797 1074 2885 1128 διὰ
2910 1075 3115 1128 τούτων
3151 1075 3433 1147 εἰσόμεθα,
3470 1079 3560 1132 ὅτε
3585 1082 3766 1151 φησὶν

2171 1164 2228 1217 ὲν
2259 1163 2564 1234 τριακοστῴ
2596 1165 2831 1236 πέμπτῳ
2854 1165 3055 1237 ψαλμῷ
3081 1183 3094 1195 ·
3144 1185 3163 1218 ι
3215 1167 3304 1220 Ἐν
3332 1169 3471 1237 φωτί
3499 1187 3591 1224 σου
3627 1171 3767 1242 ὀψό-

2175 1254 2313 1324 μεθα
2344 1254 2480 1324 φῶς.
2515 1276 2532 1307 ι
2559 1257 2737 1311 Ταύτὸ
2759 1257 2816 1310 δὲ
2848 1259 2978 1312 αὐτὸ
3002 1259 3062 1312 τὸ
3085 1259 3200 1329 φῶς
3225 1259 3340 1313 τῶν
3366 1260 3668 1336 ἀνθρώπων
3693 1263 3766 1320 τὸ

2171 1347 2230 1400 ἐν
2271 1349 2339 1417 τῇ
2393 1347 2584 1419 σκοτίᾳ
2616 1351 2821 1418 φαῖνον,
2859 1369 2877 1401 ι
2921 1349 2981 1404 τὸ
3009 1350 3264 1422 ἀληθινὸν
3298 1351 3434 1422 φῶς,
3476 1373 3495 1404 ι
3541 1355 3599 1407 ὲν
3638 1358 3766 1419 τοῖς

2170 1437 2296 1508 ἑξῆς
2329 1438 2422 1494 τοῦ
2455 1439 2784 1508 Εὐαγγελίου
2818 1441 2934 1509 φῶς
2959 1441 3052 1494 τοῦ
3097 1442 3302 1514 κόσμου
3337 1445 3766 1516 ἀναγορεύεται,

2171 1528 2472 1595 φάσκοντος
2514 1531 2710 1602 Ἰησοῦ·
2745 1551 2763 1583 ι
2807 1532 2949 1601 Ἑγὼ
2971 1535 3086 1604 εἰμι
3113 1535 3174 1587 τὸ
3196 1527 3319 1603 ὶρῶς
3341 1535 3440 1590 τοῦ
3464 1537 3695 1609 κόσμου.
3733 1560 3757 1591 ι

2169 1619 2302 1676 esse
2335 1620 2492 1676 τοῦτο
2515 1622 2573 1675 δὲ
2600 1623 3060 1695 ἀπαρασήμαντον
3093 1626 3366 1698 ἐάσωμεν,
3403 1629 3508 1692 ὃτι,
3538 1631 3762 1702 ἐνδεχο-

2172 1709 2332 1779 μένου
2366 1711 2696 1783 γεγράφθαι·
2741 1717 2805 1768 Ὀ
2835 1715 3056 1783 γέγονεν
3095 1718 3153 1770 ἐν
3197 1717 3348 1790 αὐτῷ
3391 1720 3508 1788 φῶς
3542 1717 3610 1795 ἦν
3642 1724 3770 1776 τῶν

2101 1782 2488 1870 Βειὲινθριιῖνιτων,
2545 1804 2640 1856 καὶ
2682 1804 2742 1858 τὸ
2777 1782 2890 1876 φῶς
2915 1782 3040 1862 τῶν
3087 1782 3536 1884 ἀνθρώπιον-ζοῆ
3567 1782 3657 1884 ἦν,
3689 1816 3762 1868 τὺ

2165 1892 2432 1946 ἀνάπαλιν
2465 1895 2765 1967 πεποίηκε’
2825 1900 3120 1966 προτάσσει
3166 1901 3275 1974 γὰρ
3319 1903 3417 1974 τὴν
3451 1904 3596 1976 ζωὴν
3635 1907 3764 1976 (78)

2165 1982 2258 2037 τοῦ
2277 1983 2386 2038 τῶν
2403 1983 2704 2055 ἀνθρώπων
2725 1989 2924 2056 φωτὸς.
2948 1993 2997 2044 εί
3020 1993 3113 2046 καὶ
3146 1993 3342 2048 ταύτόν
3373 1997 3490 2050 ἐστι
3519 1997 3632 2070 ζωὴ
3654 2000 3759 2052 καὶ

2166 2073 2468 2144 ἀνθρώπων
2501 2075 2634 2145 φῶς,
2661 2079 2740 2151 τῷ
2768 2084 3122 2160 προαπαντᾷν
3150 2086 3298 2154 ἡμᾶς
3326 2087 3419 2140 ἐπὶ
3445 2088 3553 2141 τῶν
3591 2107 3757 2160 μετε-

2165 2166 2366 2237 χόντων
2393 2167 2490 2238 τῆς
2525 2169 2669 2242 ζωῆς
2699 2157 3076 2246 τυγάανούσης
3107 2177 3202 2230 καὶ
3235 2179 3412 2246 φωτὸς
3445 2157 3760 2252 ἀνθριῢπων

2163 2255 2224 2311 τὸ
2245 2258 2346 2328 ζῇν
2373 2259 2570 2323 αὐτοὺς
2594 2261 2694 2333 τὴν
2720 2266 3129 2339 προειρημένην
3156 2268 3307 2322 Θείαν
3336 2268 3485 2342 ζωὴν
3514 2274 3664 2344 παρά
3685 2275 3754 2329 τὸ

2163 2351 2530 2417 πεφωτίσθαιο
2559 2353 2878 2410 ὑποκεῖσθαι
2909 2357 3018 2430 γὰρ
3045 2359 3207 2416 δεῖτὸ
3232 2359 3352 2433 ζῇν,
3380 2364 3445 2419 ἵν’
3468 2367 3498 2417 ὁ
3517 2363 3625 2428 ζῶν
3650 2384 3758 2420 τεο

2162 2440 2500 2510 φωτισμένος
2533 2442 2782 2514 γένηται·
2818 2447 2918 2503 οὐκ
2957 2444 3026 2518 ἦν
3075 2449 3132 2503 δὲ
3163 2449 3457 2506 ἀκόλουθον
3506 2457 3752 2524 muteti-

2163 2529 2286 2586 σθαι
2311 2530 2403 2584 τὸν
2433 2532 2659 2603 μηδέπω
2688 2535 2786 2607 ζῇν
2817 2555 2970 2610 νενοη
2982 2539 3160 2610 μένον.
3185 2543 3278 2594 καὶ
3300 2543 3635 2611 ἐπιγίνεσθαι
3663 2549 3751 2618 τῷ

2161 2621 2498 2691 πεφωτίσθαι
2521 2624 2582 2678 τὸ
2605 2623 2724 2696 ζῇν.
2748 2629 2810 2680 Εἰ
2832 2630 2940 2701 γὰρ
2961 2631 3054 2684 καὶ
3075 2632 3271 2686 ταύτόν
3289 2635 3438 2689 ἐστιν
3467 2655 3486 2688 ι
3521 2637 3562 2706 ἡ
3579 2635 3692 2708 ςωη
3719 2658 3744 2689 ι

2160 2712 2251 2764 καὶ
2302 2733 2319 2764 ι
2361 2714 2422 2766 τὸ
2448 2714 2564 2784 φῶς
2593 2716 2700 2770 τῶν
2733 2719 3053 2791 ἀνθρώπων,
3107 2742 3125 2774 ι
3162 2724 3276 2780 ἀλλ’
3307 2727 3368 2779 αἴ
3396 2744 3461 2795 γε
3507 2729 3748 2784 ἐπίνοιαι

2160 2802 2282 2856 καθ’
2316 2804 2501 2877 ἕτερον
2549 2808 2642 2862 καὶ
2674 2808 2860 2880 ἕτερον
2905 2811 3016 2883 (79)
3049 2813 3436 2886 λαμϐάνονται.
3478 2817 3648 2872 Τοῦτο
3683 2819 3746 2872 δὲ

2157 2895 2218 2948 τὸ
2243 2895 2360 2965 φῶς
2391 2897 2500 2951 τῶν
2528 2898 2833 2971 ἀνθρώπων
2865 2904 2958 2957 καὶ
2988 2905 3106 2974 φῶς
3127 2907 3296 2962 ἐθνῶν
3328 2907 3482 2980 παρὰ
3507 2909 3584 2982 τῷ
3613 2928 3746 2982 προ-

2159 2987 2304 3060 φήτῃ
2347 2987 2542 3060 Ἦσαῗᾳ
2564 2990 2781 3060 λέγεται
2808 2983 2948 3048 κατὰ
2971 2997 3051 3050 τόν
3092 3017 3110 3048 ι
3161 2999 3291 3054 ’ἰδοὺ
3321 3001 3542 3056 τέθεικά
3571 3019 3628 3054 σε
3657 3004 3741 3068 εἰς

2157 3077 2436 3149 διαθήκην.
2469 3080 2692 3149 γένους,
2731 3085 2812 3149 είς
2861 3086 2978 3155 φῶς
3027 3088 3232 3143 ὲθνῶν·
3278 3111 3296 3144 ι
3329 3093 3425 3147 καὶ
3458 3092 3630 3163 τούτῳ
3659 3095 3742 3165 τῷ

2155 3172 2295 3240 φωτὶ
2311 3172 2586 3236 πεποιθὼς
2601 3175 2632 3226 ό
2654 3177 2816 3230 Δαυῖδ
2831 3196 2996 3249 φησιν
3021 3181 3079 3234 ὲν
3101 3182 3332 3254 εἰκοστῷ
3351 3183 3496 3256 ’ἐκτῳ
3511 3185 3734 3257 ψαλμῷ

2159 3281 2177 3312 ‹
2219 3261 2422 3333 Κύριος
2451 3265 2730 3335 φωτισμός
2762 3285 2886 3339 μου,
2919 3271 3014 3324 καὶ
3042 3274 3228 3346 σωτήρ
3259 3291 3384 3346 μου,
3415 3275 3540 3332 τίνα
3567 3279 3740 3352 φοϐη-

2154 3353 2390 3424 Θήσομαι
2411 3372 2426 3420 ;
2476 3376 2495 3406 ι

2217 3445 2362 3516 Πρὸς
2394 3446 2452 3500 δὲ
2493 3449 2620 3512 τοὺς.
2669 3450 2768 3520 τὴν
2817 3453 2944 3524 περὶ
2986 3452 3199 3508 αίὼνων
3239 3456 3348 3528 (80)
3395 3459 3741 3518 ἀναπλάσαν-

2149 3553 2250 3599 τας
2275 3539 2333 3592 ἐν
2373 3536 2657 3607 συζυγίαις
2691 3541 3040 3611 μυθολογίαν,
3067 3544 3162 3598 καὶ
3191 3548 3466 3619 οἰομένους
3503 3551 3608 3606 ὑπὸ
3641 3552 3742 3606 νοῦ

2150 3627 2244 3682 καὶ
2291 3627 2549 3698 ἀληθείας
2596 3632 2994 3704 προϐεϐλῆσθαι
3051 3634 3208 3708 λόγον
3261 3639 3358 3694 καὶ
3419 3638 3586 3717 ζωὴν,
3633 3646 3738 3699 οὐκ

2148 3719 2410 3777 ἀπίθανον
2444 3723 2537 3776 καὶ
2564 3723 2737 3778 ταῦτα
2767 3725 3068 3797 ἀπορῆσαι.
3113 3729 3237 3795 ηῶς
3268 3733 3378 3803 γὰρ
3412 3733 3448 3804 ἡ
3482 3737 3603 3788 κατ’
3634 3738 3734 3790 αὐ-

2149 3815 2276 3878 τοὺς
2316 3814 2549 3885 σύζυγος
2575 3815 2670 3871 τοῦ
2698 3816 2858 3886 λόγου
2899 3817 3014 3890 ζωὴ
3039 3819 3102 3873 τὸ
3129 3823 3408 3892 γεγονέναι
3435 3827 3492 3878 ὲν
3519 3825 3597 3896 τῷ
3635 3843 3729 3880 συ-

2149 3905 2298 3977 ζύγῳ
2349 3906 2653 3978 λαμϐάνει;
2705 3929 2724 3961 ι
2779 3912 2842 3964 Ὃ
2884 3912 3078 3982 γέγονε
3125 3933 3144 3966 ι
3189 3914 3320 3986 γὰρ,
3367 3917 3552 3988 φησιν,
3611 3936 3630 3968 ι
3671 3920 3731 3971 ὲν

2148 3999 2297 4071 αὐτῷ
2327 4020 2346 4052 ι
2372 4001 2636 4072 (δηλονότι
2660 4003 2739 4073 τῷ
2771 4005 3155 4076 προειρημένῳ
3181 4005 3358 4078 λόγῳ)
3395 4027 3413 4059 ι
3446 4007 3558 4080 ζωὴ
3584 4005 3674 4081 ἦν.
3705 4029 3728 4061 ι

2147 4089 2472 4156 Λεγέτωσαν
2499 4089 2592 4146 οὖν
2625 4095 2757 4165 ἡμῖν
2797 4094 2915 4159 πῶς
2949 4097 2982 4167 ἡ
3032 4095 3265 4165 σύζυγος
3295 4097 3387 4152 τοῦ
3420 4099 3579 4168 λόγου
3614 4099 3730 4172 ζωὴ

2145 4179 2366 4247 γέγονεν
2398 4182 2457 4234 ἐν
2499 4181 2574 4252 τῷ
2617 4183 2780 4255 λόγῳ,
2831 4188 2926 4240 καὶ
2965 4187 3081 4254 πῶς
3123 4188 3324 4260 μᾶλλον
3356 4190 3449 4243 τοῦ
3483 4191 3646 4261 λόγου
3692 4197 3724 4264 ἡ

2146 4266 2260 4339 ζωὴ
2294 4269 2410 4337 φῶς
2440 4273 2554 4325 ἐστι
2586 4273 2694 4327 τῶν
2727 4275 3053 4348 ἀνθρώπων.
3083 4281 3247 4346 Εἰκὸς
3278 4281 3335 4334 δὲ
3365 4283 3492 4346 τοὺς
3525 4284 3731 4354 εὐγνωρ

2148 4358 2505 4431 μονεστέρους
2572 4364 2631 4416 ὲν
2695 4368 2812 4431 ταῖς
2878 4367 3168 4440 ζητήσεσιν
3231 4372 3728 4446 ἀνατρεπομένους,
3806 4431 3812 4436 .

467 4423 690 4481 meliore
733 4435 913 4484 mente
942 4430 1185 4498 praediti,
1236 4434 1327 4501 qui
1374 4438 1764 4504 quaestionibus
1812 4457 2031 4512 permo-

2157 4423 2450 4522 πληγέντας
2609 4455 2703 4508 τοῦ
2735 4423 3162 4532 ἐπαπορήματος

463 4525 656 4572 ventur
707 4519 1050 4577 dubitatione
1085 4524 1189 4578 hac
1235 4527 1491 4596 perculsi,
1543 4545 1608 4584 ex
1663 4533 1894 4592 adverso
1934 4554 2031 4596 nos

2157 4519 2311 4613 ἡμας,
2338 4545 2432 4598 καὶ
2459 4547 2654 4612 αὐτοὺς
2687 4519 3056 4622 θλιϐομένους,
3243 4519 3318 4628 μθ]
3351 4519 3605 4631 stipibus;

462 4607 824 4680 interrogent,
875 4625 1234 4686 urgeantque,
1283 4619 1337 4674 ni
1393 4621 1763 4682 invenerinms
1809 4643 2032 4686 causam

460 4714 558 4767 per
590 4717 754 4770 quam
786 4721 968 4761 sermo
1009 4724 1118 4764 non
1149 4711 1222 4766 sit
1265 4713 1446 4770 dictus
1477 4715 1566 4771 lux
1604 4719 1905 4786 hominum,
1939 4725 2034 4780 sed

459 4794 565 4848 vita
591 4811 713 4873 qua:
743 4799 884 4854 facta
928 4812 1012 4857 est
1051 4804 1102 4857 in
1141 4821 1392 4864 sermone
1435 4811 1558 4881 ipso
1596 4831 1611 4881 ;
1647 4814 1844 4882 quibus
1907 4819 2030 4873 talia

457 4887 912 4954 respondebimus
941 4910 954 4946 :
982 4895 1146 4950 vitam
1194 4903 1296 4956 hoc
1343 4903 1395 4955 in
1424 4903 1544 4960 loro
1576 4923 1681 4961 non
1713 4923 1831 4963 eam
1867 4908 2027 4965 intel-

455 4975 545 5046 ligi
575 4994 738 5048 quam
765 4987 1133 5043 communiter
1174 4995 1504 5066 participant
1524 5011 1578 5055 et
1606 5003 1836 5058 rationis
1859 5021 2026 5074 capa-

2139 4636 2280 4703 τίαν,
2309 4638 2376 4692 δι’
2404 4639 2472 4711 ἢν
2517 4642 2640 4712 οὐχὶ
2675 4642 2831 4712 λόγος
2867 4644 3082 4718 εἴρηται
3110 4649 3172 4703 τὸ
3217 4650 3332 4719 φῶς
3375 4651 3486 4706 τῶν
3511 4652 3724 4723 ἀνθρὼ-

2140 4746 2278 4793 πων,
2339 4730 2452 4784 ἀλλ⁹
2487 4734 2521 4802 ἡ
2562 4735 2824 4806 γενομένη
2869 4735 2929 4789 ὲν
2967 4735 3045 4807 τῷ
3093 4737 3235 4810 λόγῳ
3278 4741 3422 4814 ζωήο
3462 4744 3597 4816 πρὸς
3628 4744 3724 4808 οὒς

2138 4821 2364 4877 τοιαῦτα
2415 4825 2888 4897 ἀποκρινούμεθα·
2941 4829 3062 4882 ’Ότι
3111 4829 3226 4904 ζωὴ
3260 4833 3505 4888 ἐνταῦθα
3553 4837 3652 4908 οὐχ
3685 4840 3718 4908 ἡ

2139 4913 2292 4984 κοινὴ
2333 4913 2565 4981 λογικῶν
2597 4915 2690 4968 καὶ
2723 4914 2933 4983 ἀλόγων
2975 4915 3217 4986 λέγεται,
3247 4920 3363 4974 ἀλλ’
3398 4925 3431 4992 ἡ
3481 4924 3722 4992 ἐπιγινο-

2138 5005 2275 5076 μένη
2304 5005 2380 5076 τῷ
2413 5006 2472 5056 ὲν
2505 5006 2635 5075 ἡμῖν
2663 5005 3142 5081 συμπληρουμένῳ
3171 5010 3315 5084 λόγῳ
3339 5012 3440 5084 τῆς
3479 5014 3720 5085 μετοχῆς

528 5071 576 5168 ς
597 5069 756 5168 J‘oan.
787 5092 830 5146 ι,
856 5075 910 5133 9.
987 5079 1030 5112 ⁶⁷
1061 5081 1214 5140 Vers.
1248 5088 1334 5144 ιο.
1410 5091 1456 5122 ⁸⁸
1487 5091 1617 5146 ibid.
1649 5109 1764 5159 vm,
1795 5095 1880 5150 l2.
1932 5069 1988 5129 ⁷⁸⁸
2005 5095 2057 5154 Jc

2157 5137 2163 5152 .
2196 5114 2234 5166 ι,
2383 5097 2428 5131 ⁷⁸
2454 5097 2588 5168 Cap.
2619 5113 2748 5164 mi,
2776 5112 2918 5154 vers.
2948 5096 3006 5155 6.
3081 5101 3125 5133 ’“
3161 5099 3315 5160 νει-ε.
3353 5106 3401 5160 l.
3480 5105 3525 5137 τ’
3555 5101 3715 5162 Joan.

457 5155 494 5209 t,
523 5143 577 5208 3,
603 5142 658 5199 4.

525 5233 636 5318 (76)
662 5237 952 5318 Μεζζωνῇῆ
982 5243 1254 5318 adrideat.
1321 5245 1414 5318 Sic
1465 5247 1639 5318 codex
1683 5248 2028 5318 Bodleianns,

455 5314 638 5370 recte;
673 5311 846 5365 codex
877 5310 1100 5384 Regius,
1130 5314 1333 5388 μείζων
1360 5315 1610 5388 ἀλήθεια.

523 5393 639 5475 (7.7)
670 5397 972 5478 Δμφέρων
995 5403 1276 5478 ἣ-σοερία.
1331 5407 1404 5462 Ita
1450 5409 1618 5464 codex
1668 5408 2029 5478 Bodleianus;

457 5461 679 5534 Regius,
705 5461 1070 5546 διαφέρων,
1099 5461 1281 5546 σὸφία.

528 5556 641 5638 (ill)
669 5559 840 5638 Ζωῇγ⁸
871 5564 1054 5638 _dee_st_
1090 5569 1141 5619 in
1193 5569 1434 5627 editione
1467 5571 1754 5638 Huetiana,
1801 5574 1895 5629 sed
1937 5589 2035 5630 cx-

458 5635 568 5681 stat
601 5627 652 5682 in
678 5634 838 5684 codd.
871 5631 1168 5692 Bodleiano
1194 5649 1250 5692 et
1278 5627 1598 5700 Barberino.

528 5717 641 5790 (79)
677 5721 784 5776 Kal
815 5721 1038 5793 ἕτερον.
1079 5725 1194 5783 Non
1235 5745 1511 5804 comparet
1540 5736 1594 5792 in
1621 5736 1856 5796 editione
1888 5737 2030 5795 Huc-

2137 5254 2303 5324 tiana,
2325 5254 2417 5308 sed
2443 5256 2749 5324 restituitur
2770 5274 2801 5314 e
2819 5262 2979 5317 codd.
3001 5263 3295 5320 Bodleiano
3322 5275 3376 5321 et
3393 5266 3712 5324 Barberino.

2203 5323 2317 5402 (τοι
2354 5323 2505 5392 Πρὸς
2545 5324 2614 5378 δὲ
2647 5327 2790 5396 τοὺς
2834 5331 2950 5400 τὴν
2993 5335 3128 5402 περὶ
3158 5336 3410 5401 alterum,
3441 5352 3549 5393 etc.
3603 5323 3715 5394 Va;

2134 5393 2456 5478 len‘tinia‘nos
2503 5393 2820 5478 eorumque
2849 5393 3238 5478 consectaneos
3293 5393 3572 5478 intelligo,
3617 5410 3712 5478 qui

2135 5464 2247 5517 haec
2299 5461 2533 5542 [Eonum
2595 5461 2977 5542 τεράτεύματα
3029 5489 3061 5528 e
3113 5474 3410 5532 l’latonicis
3469 5461 3714 5534 ideis'et

2135 5544 2416 5600 poetarum
2453 5539 2760 5594 Graecorum
2805 5539 3068 5614 theologia
3115 5549 3515 5603 conﬁnxerunt.
3565 5548 3712 5606 Hui:-

2137 5617 2275 5658 TIUS.

2205 5672 2316 5756 (8_l_)
2355 5675 2856 5756 ’ξπαπορήματορ
2887 5680 2978 5738 Sic
3009 5686 3178 5743 codex
3216 5686 3564 5756 Bodleianus;
3598 5689 3718 5746 edi-

2138 5741 2223 5800 tio'
2248 5741 2531 5813 ﬂuctiana,
2565 5741 3014 5822 ὖπαπορήματος.
