4082 6224
446 324 546 380 159

1887 319 2212 376 οτιιοΕΝιδ

3597 319 3698 374 160

442 451 552 506 quo
581 437 765 499 vadat,
798 433 922 502 quia
959 431 1198 486 tenebrm
1224 440 1639 484 esttecavcrunt
1682 431 1852 499 ipsius
1883 449 2017 486 ocu-

2123 432 2313 484 πατεῖν
2347 431 2601 500 ἐμφαίνει
2632 429 2731 499 τὴν
2769 423 2974 497 ψεκτὴν
3020 425 3249 495 πρᾶξιν·
3285 425 3378 479 καὶ
3421 422 3483 476 τὸ
3523 431 3699 496 μισεῖν

448 533 552 591 los,
586 546 605 579 ι
642 526 908 594 siquidem
951 539 1048 593 per
1076 523 1502 577 ambulationem
1557 524 1608 576 in
1661 525 1899 579 tcnehris
1933 525 2017 578 in-

443 621 589 674 dlcat
645 611 930 671 actionem
991 614 1426 683 vituperabilem.
1479 616 1617 682 Quin
1672 617 1837 670 etiam
1889 617 2015 670 odio

445 708 700 777 prosequi
749 706 975 759 fratrem
1022 689 1206 770 suum,
1255 720 1435 759 nonne
1487 705 1790 774 lapsnS'cst
1840 707 1906 759 ab
1951 722 2014 761 ea

443 813 564 867 quae
613 796 828 866 proprie
877 805 1101 850 vocatur
1145 795 1434 848 scicntia?
1485 796 1642 862 Quod
1690 805 1872 850 autem
1921 797 2016 866 qui

443 891 660 959 ignorat
691 888 894 951 divina,
924 895 1146 956 propter
1173 887 1347 954 ipsmn
1392 887 1644 956 ignorare
1675 887 1728 940 in
1775 889 2016 942 tenebris

441 979 703 1042 ambulet,
743 978 919 1047 inquit
947 978 1112 1031 David
1140 977 1224 1031 ἰε
1284 995 1302 1028 ι
1341 976 1455 1030 Non
1491 987 1883 1047 cognoverunt,
1923 992 2015 1031 ne-

443 1087 553 1138 que
609 1070 1016 1133 intellexerunt,
1063 1069 1116 1121 in
1155 1067 1394 1123 tenebris
1449 1067 1752 1121 ambulant.
1801 1086 1820 1118 ι
1879 1066 2013 1120 lllud

442 1158 573 1213 vero
604 1160 858 1218 observa,
885 1173 952 1211 an
987 1157 1190 1211 idcirco
1213 1157 1428 1217 dicatur
1446 1159 1531 1214 ":
1565 1177 1585 1210 ι
1625 1159 1762 1218 Deus
1786 1158 1873 1210 lux
1907 1166 2014 1219 est,

441 1258 495 1303 et
525 1248 761 1303 tenebrat
790 1250 843 1302 in
879 1263 946 1302 eo
977 1263 1041 1303 ne
1069 1264 1188 1302 unae
1217 1249 1436 1317 quidem
1475 1259 1622 1314 sunt,
1676 1269 1694 1301 ι
1739 1265 1844 1304 non
1887 1249 2014 1318 quia

444 1355 563 1393 una:
586 1340 694 1393 sint
721 1339 977 1400 tenehrm,
1007 1340 1100 1394 sed
1131 1338 1212 1391 vel
1242 1349 1463 1408 propter
1501 1354 1670 1409 genus
1695 1339 1889 1410 duplex
1935 1349 2017 1394 te-

443 1431 758 1491 nebrarmn,
797 1433 878 1484 vel
909 1430 1075 1483 etiam
1105 1445 1230 1498 qum
1257 1446 1594 1500 unaquaeque
1617 1431 1832 1502 species
1866 1442 2015 1486 tene-

443 1520 666 1573 brarum
713 1521 911 1573 multas
954 1522 1149 1574 haheat
1199 1537 1397 1589 pravas
1440 1525 1704 1586 actiones,
1753 1534 1808 1578 et
1849 1523 2014 1577 multa

443 1609 577 1663 t'alsa
607 1611 880 1679 dogmata,
916 1607 1098 1680 plures
1130 1611 1266 1665 'sunt
1297 1614 1554 1676 tenebrat.
1596 1630 1828 1684 quarum
1849 1595 2013 1668 'nulla

441 1703 494 1755 in
529 1703 638 1756 Deo
669 1713 773 1756 cst.
811 1703 996 1770 Neque
1041 1703 1187 1756 enim
1234 1705 1438 1759 dictum
1487 1704 1679 1760 fuisset
1720 1707 1787 1758 de
1829 1712 2017 1760 sancto

2118 523 2174 576 δὲ
2200 523 2290 576 τὸν
2311 521 2538 590 ἀδελφὸν
2564 521 2751 583 αὐτοῦ,
2772 520 2835 572 οὐ
2857 521 2954 590 τῆς
2981 517 3180 587 κυρίως
3198 517 3534 588 καλουμένης
3562 518 3700 586 γνὼ-

2119 616 2258 679 σεώς
2279 617 2424 668 ἐστιν
2457 614 2802 684 ἀπόπτωμα;
2834 614 2954 664 Ὅτι
2974 612 3031 664 δὲ
3063 612 3154 664 καὶ
3183 612 3210 663 ὁ
3237 608 3448 678 ἀγνοῶν
3478 611 3547 663 τὰ
3580 611 3700 665 θεῖα

2119 707 2239 758 κατ’
2274 703 2406 757 αὐτὸ
2430 704 2490 756 τὸ
2523 704 2738 770 ἀγνοεῖν
2782 704 2840 755 ὲν
2874 701 3052 755 σκότει
3084 699 3485 770 διαπορεύεται,
3535 701 3700 768 φησιν

2116 802 2144 853 6
2177 797 2370 852 Δαυῖδο
2419 815 2439 848 ι
2495 797 2609 850 Οὐκ
2653 795 2919 864 ἔγνωσαν,
2957 795 3077 848 οὐδὲ
3123 793 3384 863 συνῆκαν,
3427 795 3485 845 ὲν
3519 794 3699 847 σκότει

2115 887 2544 958 διαπορεύονται.
2590 904 2608 937 ι
2657 885 2981 954 Ἐπίστησον
3011 882 3067 936 δὲ
3104 881 3211 952 τῷ·
3267 903 3284 933 ι
3331 883 3390 936 '0
3418 883 3550 946 Θεὸς
3583 883 3698 950 φῶς

2118 983 2254 1044 ἐστι,
2289 980 2381 1032 καὶ
2410 977 2600 1031 σκοτία
2625 978 2681 1030 ἐν
2715 975 2864 1046 αὐτῷ
2885 976 2985 1030 οὐκ
3022 975 3169 1028 ἔστιν
3204 975 3450 1046 οὐδεμία,
3485 995 3504 1026 ι
3537 977 3586 1027 εἰ
3624 975 3700 1045 μὴ

2117 1069 2208 1122 διά
2239 1067 2394 1122 τοῦτο
2429 1068 2644 1136 λέγεται
2687 1066 2767 1136 τῷ
2810 1063 2951 1118 εἶναι
3005 1063 3081 1135 μὴ
3129 1063 3256 1134 μίαν
3309 1063 3546 1128 σκοτίαν,
3583 1063 3700 1116 ἀλλ’

2118 1162 2236 1232 ἦτοι
2269 1161 2356 1214 διά
2389 1161 2450 1213 τὸ
2489 1159 2706 1228 γενικδν
2743 1159 2856 1220 δύο,
2899 1158 2932 1228 ἢ
2967 1157 3063 1210 καὶ
3103 1156 3189 1209 διά
3216 1156 3276 1209 τὸ
3307 1154 3428 1208 καθ’
3467 1155 3700 1207 ἕκαστον

2116 1252 2226 1305 τῶν
2287 1251 2467 1305 ίδικῶν
2525 1251 2727 1314 πολλὰς
2765 1247 2908 1304 εἶναι
2960 1249 3190 1320 πράξεις
3247 1248 3548 1320 μοχθηρὰς,
3604 1250 3699 1302 καὶ

2119 1342 2288 1396 πολλά
2325 1343 2569 1413 δόγματα
2595 1343 2786 1412 ψευδῆ,
2813 1341 3003 1394 πολλαί
3034 1343 3140 1394 εἱσι
3169 1340 3399 1403 σκοτίαι,
3435 1334 3508 1393 ὧν
3549 1340 3699 1392 οὐδε-

2121 1433 2220 1504 μία
2246 1435 2304 1486 ὲν
2337 1433 2414 1502 τῷ
2435 1433 2556 1502 θεῷ
2588 1435 2755 1496 ἐστιν,
2786 1433 2886 1486 οὐκ
2911 1433 2977 1485 ἂν
3002 1431 3283 1500 λεχθέντος
3310 1431 3402 1483 ἐπὶ
3424 1429 3517 1483 τοῦ
3539 1431 3697 1498 ἁγίου

2117 1523 2145 1576 ὅ
2177 1539 2340 1594 φησιν
2384 1523 2413 1574 6
2456 1523 2666 1594 Σωτὴρ,
2717 1524 2814 1575 τόσ
2864 1541 2882 1573 ι
2933 1522 3122 1592 Ὑμεῖς
3173 1522 3296 1574 ὲστε
3339 1521 3399 1574 τὸ
3442 1521 3556 1590 φῶς
3606 1522 3700 1574 τοῦ

2120 1615 2347 1687 κόσμου,
2407 1636 2424 1668 ι
2462 1617 2542 1670 ὅτι
2585 1615 2702 1686 φῶς
2742 1616 2860 1668 ἐστι
2911 1613 3006 1667 τοῦ
3060 1613 3264 1683 κόσμου
3314 1613 3344 1665 ὁ
3389 1613 3563 1682 ἅγιος,
3607 1617 3703 1668 καὶ

2122 1706 2312 1759 σκοτία
2345 1707 2445 1759 οὐκ
2472 1706 2618 1759 ἔστιν
2650 1707 2708 1760 ὲν
2737 1704 2886 1776 αὐτῷ
2912 1704 3154 1775 οὐδεμία.

440 1796 584 1864 quod
614 1794 690 1847 ait
720 1795 970 1848 Salvator
1005 1795 1092 1852 “z
1131 1815 1152 1846 ι
1184 1795 1294 1850 Vos
1327 1797 1460 1852 estis
1505 1797 1595 1850 lux
1644 1797 1852 1862 mundi,
1889 1815 1906 1848 ι
1946 1799 2200 1866 quoniam
2231 1797 2318 1852 lux
2360 1799 2544 1853 mundi
2594 1807 2678 1854 est
2711 1810 2956 1862 sanctus,
2991 1815 3010 1848 ι
3045 1806 3098 1852 et
3121 1797 3357 1852 tenebrae
3393 1797 3448 1851 in
3481 1813 3547 1852 co
3592 1813 3700 1854 non

441 1897 567 1942 sunt
603 1887 724 1940 ultre
749 1888 817 1942 ³⁸.
854 1908 873 1940 ι

512 1981 603 2035 21.
642 1981 874 2035 Proinde
903 1991 1109 2050 quaeret
1137 1983 1336 2051 aliquis
1365 1998 1380 2035 :
1411 1982 1467 2036 Si
1497 1983 1565 2036 de
1592 1981 1751 2036 Patre
1781 1982 2014 2051 positum

2188 1980 2422 2051 Ζητήσει
2444 1980 2500 2032 δέ
2535 1996 2650 2042 τις·
2689 1980 2751 2033 El
2789 1979 2882 2032 ἐπὶ
2917 1979 3012 2032 τοῦ
3051 1977 3265 2049 Πατρὸς
3314 1972 3570 2030 τέτακται
3601 1975 3694 2028 τόδ

441 2083 524 2128 est
561 2074 706 2143 quod
763 2074 1001 2127 tcuebrm‘
1045 2073 1204 2127 nulla:
1231 2075 1338 2128 sint
1379 2074 1432 2126 iu
1469 2089 1557 2137 eo,
1603 2075 1874 2144 quomodo
1915 2089 2013 2128 ceu

445 2179 554 2218 rem
579 2164 839 2218 eximiam
873 2173 926 2217 et
955 2165 1281 2232 przreipuam
1315 2163 1426 2234 79
1474 2165 1578 2219 hoc
1618 2165 1671 2218 in
1719 2165 1836 2235 ipso
1866 2164 2016 2218 dice-

447 2272 564 2309 mus
598 2271 743 2319 esse,
777 2270 899 2308 cum
930 2257 998 2307 de
1031 2255 1321 2309 Servatore
1365 2269 1582 2324 quoque
1620 2256 1832 2309 dicatur
1869 2255 2013 2323 quod

442 2344 668 2398 omnino
696 2345 766 2398 sit
791 2344 1154 2413 impeccabilis
1175 2344 1238 2410 ⁸³,
1275 2344 1345 2398 ita
1370 2351 1430 2396 nt
1457 2357 1583 2396 eum
1615 2344 1859 2397 dicamus
1889 2357 2012 2396 esse

443 2434 619 2490 lucem
649 2435 704 2488 in
729 2441 844 2501 ‘qna
895 2437 1055 2487 nulla:
1099 2434 1209 2488 sint
1262 2435 1540 2488 tenebrae?
1584 2436 1662 2489 Ex
1705 2447 1858 2503 parte
1906 2434 2010 2488 ita-

441 2535 548 2590 que
593 2519 959 2574 dill'ereutiam'
1009 2519 1063 2571 in
1102 2519 1478 2588 superioribus
1520 2522 1877 2576 ostendimus.
1921 2522 2014 2575 At-

445 2626 549 2678 que
583 2611 882 2664 etiamnum
917 2609 1025 2663 illis
1057 2609 1321 2663 audacius
1347 2610 1632 2674 addemus,
1659 2611 1703 2665 si
1734 2610 2015 2666 Christum

444 2715 551 2753 non
605 2711 996 2770 agnoscentem
1038 2711 1320 2769 peccatum
1364 2701 1496 2756 Fecit
1532 2701 1694 2755 Pater
1733 2717 1830 2770 pro
1863 2703 2018 2758 nobis

441 2801 748 2858 peccatum,
778 2791 823 2844 si
849 2789 1000 2855 fecit,
1025 2795 1271 2861 inquam,
1303 2793 1445 2848 Deus
1489 2792 1578 2847 ille
1612 2793 1888 2848 Christum
1921 2809 2019 2864 pro

445 2883 601 2938 nobis
631 2893 933 2952 peccatum,
966 2885 1072 2940 dici
1105 2902 1214 2940 non
1255 2902 1412 2956 posse
1447 2889 1514 2942 de
1551 2901 1641 2952 eo,
1685 2905 1706 2939 ι
1752 2885 2018 2942 Tenebrze

435 2973 496 3025 .in
531 2989 596 3028 eo
625 2989 728 3028 non
762 2984 887 3029 sunt
907 2975 1039 3041 ulla:
1073 2975 1142 3028 ⁸⁸.
1179 2995 1198 3027 ι
1243 2977 1504 3043 Quamvis
1525 2976 1668 3030 enim
1705 2991 1726 3026 ι
1776 2976 1830 3030 in
1866 2974 2018 3030 simi-

439 3064 724 3119 litudinem
754 3067 941 3121 carnis
981 3066 1202 3137 peccati.
1227 3067 1341 3137 (83)
1383 3066 1488 3138 [de
1530 3053 1756 3136 peccato
1791 3066 2020 3120 damna-

442 3157 522 3208 vit
568 3153 728 3212 Jesus
770 3168 1074 3228 peccatum,
1126 3178 1145 3213 ι
1191 3160 1333 3230 quod
1375 3157 2020 3213 similitudinemcarnis

444 3253 648 3320 peccati
683 3254 971 3324 assumpsit
997 3253 1092 3326 ",]
1136 3254 1281 3309 haud
1321 3263 1498 3308 tamen
1543 3252 1768 3307 omnino
1808 3252 1926 3306 haec
1951 3250 2019 3305 de

2119 2066 2317 2120 Σκοτία
2343 2069 2443 2120 οὐκ
2473 2066 2617 2119 ἐστιν
2646 2069 2703 2120 ὲν
2729 2067 2879 2137 αὐτῷ
2909 2067 3155 2138 οὐδεμία,
3193 2065 3310 2130 πῶς
3335 2066 3395 2118 τὸ
3421 2065 3699 2136 ἐξαίρετον

2117 2159 2348 2230 ἐροῦμεν
2367 2153 2505 2212 εἷναι
2524 2160 2583 2212 ὲν
2601 2158 2770 2230 αὐτῷ,
2790 2159 2967 2229 πάντη
2985 2159 3366 2228 ἀναμάρτητον
3381 2158 3475 2210 καὶ
3493 2158 3582 2210 τὸν
3597 2159 3702 2210 Em-

2115 2251 2260 2321 τῆρα
2276 2251 2542 2313 νοοῦντες,
2566 2250 2704 2312 ὥστε
2727 2251 2823 2314 ,καὶ
2844 2269 2910 2304 πε
2920 2252 2972 2323 pl.
2996 2249 3160 2305 αὐτοῦ
3177 2250 3242 2303 ἂν
3260 2252 3452 2313 εἰπεῖν,
3476 2251 3556 2302 ὅτι
3586 2250 3700 2319 φῶς

2120 2340 2254 2402 ἐστι,
2273 2341 2368 2393 καὶ
2381 2339 2566 2393 σκοτία
2580 2341 2680 2392 οὐκ
2692 2340 2837 2394 ἔστιν
2851 2342 2909 2394 ὲν
2925 2339 3073 2411 αὐτῷ
3087 2340 3206 2393 οὐδε
3214 2339 3332 2410 μία;
3349 2340 3482 2392 Ἀπὸ
3500 2340 3698 2412 μέρους

2121 2431 2220 2501 μὲν
2244 2426 2338 2484 οὖν
2362 2432 2420 2485 ὲν
2443 2434 2554 2495 τοῖς
2577 2433 2835 2504 ἀνωτέρω
2849 2433 2947 2504 τὴν
2963 2433 3225 2503 διαφορὰν
3245 2433 3668 2504 παρεστήσαμεν
3688 2451 3700 2460 ο

2116 2521 2512 2594 τολμηρότερόν
2542 2540 2604 2576 τε
2640 2523 2722 2577 ἔτι
2755 2525 2988 2587 ἐκείνοις
3033 2525 3126 2576 καὶ
3156 2523 3252 2578 νῦν
3299 2524 3698 2595 προσθήσομεν,

2119 2613 2221 2676 ὅτι,
2252 2615 2299 2666 εί
2331 2613 2422 2666 τὸν
2453 2614 2526 2684 μὴ
2561 2615 2757 2683 γνόντα
2804 2616 3080 2688 ἁμαρτίαν
3126 2616 3268 2686 ὑπὲρ
3313 2617 3468 2686 ήμῶν
3524 2617 3701 2686 ἀμαρ-

2119 2703 2240 2756 τίαν
2265 2704 2487 2775 ὲποίησε
2531 2704 2624 2759 τὸν
2667 2705 2924 2775 Χριστὸν,
2954 2707 3003 2758 εί
3051 2704 3306 2774 ἐποίησεν
3351 2705 3511 2759 αὐτὸν
3561 2706 3703 2775 ὑπὲρ

2121 2796 2154 2866 ή
2163 2794 2277 2865 μῶν
2298 2795 2569 2867 ἁμαρτίαν
2591 2797 2620 2849 6
2647 2795 2800 2861 Θεὸς,
2837 2796 2939 2850 οὐκ
2970 2795 3036 2849 ἀν
3062 2795 3276 2849 δύναιτο
3294 2795 3548 2864 λέγεσθαι
3573 2796 3701 2866 περὶ

2122 2884 2286 2938 αὐτοῦ
2309 2903 2322 2916 ·
2353 2904 2371 2937 ι
2416 2887 2611 2940 Σκοτία
2646 2887 2703 2940 ὲν
2743 2885 2890 2958 αὐτῷ
2946 2888 3048 2939 οὐκ
3077 2886 3222 2940 ἐστιν
3250 2887 3495 2958 οὐδεμία.
3532 2907 3549 2938 ι
3577 2888 3700 2942 Κᾶν

2120 2979 2231 3051 γὰρ
2265 2999 2284 3031 ‹
2327 2981 2384 3032 ὲν
2407 2978 2710 3050 ὁμοιώματι
2738 2979 2939 3051 σαρκὸς
2970 2979 3243 3050 ἁμαρτίας
3273 2980 3401 3051 περὶ
3429 2979 3700 3051 ἁμαρτίας

2121 3071 2457 3140 κατακρίνας
2485 3072 2729 3144 τυγχάνῃ
2757 3091 2776 3122 ι
2806 3071 2835 3122 6
2870 3070 3077 3142 Ἰησοῦς
3115 3091 3133 3122 ι
3159 3071 3259 3142 τὴν
3281 3072 3553 3142 ἁμαρτίαν
3577 3092 3594 3123 ι
3621 3072 3701 3141 τῷ

2119 3162 2180 3217 τὸ
2209 3163 2463 3235 ὁμοίωμα
2477 3163 2577 3235 τῆς
2600 3164 2802 3235 σαρκὸς
2827 3164 3102 3235 ἁμαρτίας
3119 3163 3490 3234 ἀνειληφέναι,
3517 3163 3702 3216 οὐκέτι

2121 3255 2232 3321 ἔξει
2262 3255 2440 3326 πάντη
2475 3257 2645 3324 ὑγιῶς
2686 3255 2954 3327 λεγόμενα
2990 3257 3120 3327 περὶ
3155 3255 3342 3319 αὐτοῦ,
3391 3256 3472 3308 ὃτι
3515 3257 3701 3308 σκοτία

441 3360 507 3397 co
545 3353 693 3398 recte
737 3347 1010 3410 dit'Cltllll‘,
1051 3325 1262 3400 scilicet
1292 3345 1437 3415 quod
1469 3343 1628 3397 nulla:
1665 3343 1901 3396 tenebrat
1933 3340 2019 3394 in-

2120 3349 2180 3402 ὲν
2212 3347 2358 3418 αὐτῷ
2384 3325 2484 3402 οὐκ
2510 3347 2658 3402 ἔστιν
2681 3325 2926 3419 οὐδεμία.
2950 3325 3342 3419 Προσθήσομεν
3364 3347 3408 3400 δ’
3435 3349 3517 3402 ὅτι
3542 3348 3702 3409 αὐτὸς

440 3437 550 3490 sint
592 3437 1074 3491 in‘eo.;Atblentus
1115 3446 1296 3503 autem
1344 3451 1466 3489 cum
1515 3434 1863 3490 inﬁrmitates
1918 3447 2018 3487 no-

437 3540 584 3584 stras
614 3540 663 3586 et
701 3532 919 3586 morbos
940 3530 1323 3598 assumpsisse,
1349 3537 1400 3582 el
1429 3529 1638 3582 anima:
1667 3526 2018 3582 infirmitates

435 3632 491 3676 ct
520 3623 740 3677 morbos
768 3621 965 3677 occulti
999 3622 1180 3676 cordis
1213 3620 1386 3675 nostri
1413 3619 1668 3683 hominis,
1689 3633 1840 3688 quas
1865 3617 2018 3672 iulir-

431 3715 660 3769 'mitatcs
692 3714 1019 3786 morbosque
1053 3716 1180 3783 quia
1213 3730 1242 3766 a
1275 3713 1430 3768 nobis
1479 3712 1784 3776 sustulerit,
1817 3710 2019 3769 dicitur

439 3806 580 3872 apud
601 3805 924 3860 Zachariam
956 3807 1198 3861 animam
1234 3805 1578 3874 pertristem,
1612 3804 2020 3872 perturbatam-

444 3909 553 3964 qne
608 3896 812 3951 habere
859 3899 1024 3965 atque
1071 3897 1318 3950 vestibus
1360 3897 1596 3950 sordidis
1648 3895 1867 3950 indutus
1913 3895 1960 3927 ⁸⁸
1998 3910 2015 3960 ;

441 3985 642 4052 quibus
670 3984 930 4052 quoniam
963 3988 1404 4047 exnendus‘erat,
1441 3986 1697 4040 dicuntur
1725 4001 1846 4040 csse
1888 4000 2017 4054 pec-

441 4085 588 4128 cata.
616 4072 908 4144 Subjttngit
933 4091 1062 4145 ergo
1094 4075 1286 4130 eodem
1319 4076 1371 4128 in
1407 4075 1530 4132 loco
1568 4077 1613 4108 ⁸³
1640 4095 1654 4128 :
1692 4097 1710 4128 ι
1742 4077 1880 4130 Ecce
1917 4091 2018 4145 ego

438 4163 640 4218 abstuli
680 4176 907 4233 peccata
929 4173 1028 4228 tua
1060 4180 1076 4230 ;
1115 4184 1132 4216 ι
1171 4178 1238 4218 eo
1257 4165 1400 4219 enim
1432 4165 1575 4232 quod
1611 4165 1724 4234 ipse
1751 4168 2021 4234 receperit

441 4258 494 4309 in
537 4255 772 4325 seipsum
805 4255 988 4326 populi
1025 4255 1364 4327 credentium
1405 4267 1652 4327 peccata,
1701 4256 2020 4324 frequenter

437 4347 660 4418 inquit:
715 4365 734 4398 ι
774 4346 955 4418 Longe
1005 4363 1034 4402 a
1083 4347 1263 4403 salute
1311 4364 1429 4402 mea
1476 4347 1640 4402 verba
1691 4348 2013 4403 delictorum

439 4455 687 4495 ineorum
735 4441 822 4505 ’°;
885 4459 906 4493 ι
966 4449 1017 4495 et
1052 4459 1065 4495 :
1101 4458 1119 4491 ι
1172 4437 1250 4494 Tu
1296 4440 1596 4510 cognovisti
1648 4439 2015 4508 insipientiam

442 4548 640 4599 meam,
672 4544 727 4590 et
753 4535 952 4590 delicta
985 4548 1106 4589 mea
1135 4549 1166 4588 a
1206 4543 1262 4590 te
1293 4549 1398 4588 non
1429 4542 1558 4596 sunt
1590 4533 2014 4588 abscondita".t

439 4625 550 4680 Nec
574 4640 702 4680 vero
726 4627 1035 4696 suspicetur
1069 4640 1167 4681 nos
1203 4623 1492 4694 quisquam
1520 4625 1636 4703 haec
1659 4625 1866 4693 dicere,
1903 4626 2010 4680 mi-

437 4731 542 4769 nus
573 4715 660 4784 pie
690 4714 966 4770 Christum
1007 4714 1101 4770 Dei
1149 4713 1413 4770 colentes.
1462 4712 1597 4768 Nam
1647 4729 1752 4782 qua
1800 4713 2012 4768 ratione

439 4805 588 4861 solus
622 4805 788 4860 Pater
833 4805 1530 4871 habetéimmortalitatem,
1574 4805 1704 4876 quia
1751 4805 2012 4860 Dominus

437 4879 628 4953 noster
679 4895 974 4969 [omnium
1034 4909 1283 4971 nostrum
1335 4893 1599 4968 nomine]
1653 4906 1883 4950 mortem
1941 4896 2012 4949 ob

434 5004 682 5045 amorem
705 5003 832 5059 erga
864 5003 1034 5056 genus
1057 4988 1357 5043 humanum
1389 4989 1695 5057 pertulerit,
1721 4988 1823 5043 hac
1846 4987 2011 5043 Pater

434 5082 586 5139 solus
635 5083 800 5140 habet
839 5082 986 5136 utin
1031 5081 1152 5151 ipso
1194 5079 1354 5134 nullae
1400 5081 1509 5136 sint
1563 5083 1841 5136 tenebrae:
1885 5095 2010 5136 cum

435 5176 708 5242 Christus,
759 5187 818 5232 ut
853 5174 1119 5231 homines
1149 5172 1417 5229 beneﬁcio
1455 5172 1721 5240 alliceret,
1755 5171 2010 5228 tenebras

438 5280 657 5324 nostras
689 5269 742 5324 in
774 5269 1016 5339 seipsum
1049 5267 1338 5338 receperit.
1370 5274 1428 5321 ut
1459 5269 1700 5336 potentia
1729 5277 1828 5318 sua
1862 5279 2011 5319 mor-

439 5372 544 5415 tem
587 5371 829 5416 nostram
858 5361 1086 5428 deleret,
1113 5359 1518 5430 cxpelleretque
1563 5357 1867 5413 animarum
1913 5374 2009 5412 no-

505 5473 552 5505 ⁸¹
586 5475 728 5531 l’sal.
764 5492 948 5541 Luxu,
986 5479 1040 5535 5.
1141 5478 1187 5508 ⁸⁸
1219 5477 1236 5530 I
1264 5475 1423 5531 Juan.
1459 5491 1496 5536 ι.
1524 5475 1576 5530 5.

436 5531 652 5632 Lipari.
688 5561 726 5632 ε,
773 5547 855 5632 5.⁸
890 5531 1174 5632 “5“.7ibid.
1219 5564 1258 5632 I‘,
1309 5549 1361 5601 5.

465 5614 483 5638 ³
516 5615 648 5671 ibid.
681 5616 733 5670 ό.
811 5619 856 5648 ⁰⁰
888 5617 1027 5671 Psal.
1066 5633 1179 5684 xxI,
1213 5618 1268 5674 ει.
1347 5620 1388 5650 ⁹¹
1423 5617 1567 5672 l’sal.
1603 5619 1864 5682 vatn,6.

1681 5474 1725 5505 ⁸³
1750 5473 1938 5528 Matth.
1983 5490 2036 5536 ν,
2075 5475 2161 5530 14.

1471 5547 1516 5578 ⁸⁷
1557 5547 1710 5600 liom.
1749 5562 1863 5606 vm,
1895 5545 1958 5610 5;
2009 5545 2108 5600 lsa.
2153 5563 2269 5618 LIII,
2322 5556 2374 5613 4,
2414 5547 2485 5613 5;
2530 5546 2716 5602 Matth.
2772 5561 2888 5612 VIII,
2943 5545 3028 5599 l7.

2118 3437 2217 3502 τὰς
2248 3437 2527 3502 ἀσθενείας
2555 3441 2588 3509 ἡ
2599 3438 2715 3509 μῶν
2733 3437 2914 3502 ἔλαϐε,
2949 3438 3042 3492 καὶ
3076 3438 3175 3501 τὰς
3205 3437 3394 3502 νόσους
3407 3437 3698 3497 ἐϐάστασε,

2117 3531 2211 3584 καὶ
2244 3529 2530 3592 ἀσθενείας
2579 3529 2679 3593 τάς
2710 3530 2816 3600 τῆς
2857 3529 3059 3600 ψυχῆς,
3103 3530 3196 3583 καὶ
3221 3529 3407 3592 νόσους
3463 3528 3560 3592 τάς
3605 3526 3700 3580 τοῦ

2118 3618 2362 3690 κρυπτοῦ
2407 3619 2509 3689 τῆς
2542 3619 2766 3691 καρδίας
2803 3618 2960 3689 ἡμῶν
3009 3617 3321 3690 ἀνθρώπου,
3347 3619 3414 3672 δι’
3445 3618 3513 3682 ἃς
3540 3617 3700 3671 ἀσθε-

2117 3710 2266 3774 νείας
2293 3711 2388 3763 καὶ
2421 3710 2609 3774 νόσους
2634 3711 2913 3781 βαστάσας
2937 3712 3108 3775 αὐτάς
3140 3714 3232 3781 ἀφ’
3271 3711 3447 3782 ἡμῶν,
3481 3709 3700 3781 περίλυ-

2122 3818 2224 3855 πον
2259 3801 2410 3872 ἑχειν,
2434 3801 2530 3872 τὴν
2563 3802 2741 3874 ψυχὴν
2761 3803 3016 3874 ὁμολογεῖ
3037 3803 3131 3856 καὶ
3151 3801 3585 3873 τεταραγμένην,
3610 3800 3702 3853 καὶ
3805 3792 3808 3793 ν

2121 3892 2340 3964 ῥυπαρά
2361 3891 2551 3963 ἱμάτια
2573 3893 2884 3947 ἐνδεδύσθαι
2910 3893 3062 3964 παρά
3087 3892 3165 3963 τῷ
3209 3891 3455 3962 Ζαχαρία
3505 3890 3703 3958 ἀναγέ-

2117 3998 2358 4052 γραπται
2382 3999 2396 4013 ’
2431 3983 2575 4054 ἅπερ
2617 3984 2700 4037 ὅτι
2736 3983 3023 4038 ἐκδύεσθαι
3067 3983 3280 4054 ἔμελλε,
3313 3981 3532 4054 λέγεται
3561 3976 3700 4034 εἶναι

2119 4075 2510 4145 ἁμαρτήματα.
2559 4075 2840 4146 Ἐπιφέρει
2871 4074 3002 4143 γοῦν
3028 4077 3174 4128 ὲκεῖο
3212 4093 3231 4124 ι
3288 4072 3417 4127 Ἰδοὺ
3442 4073 3702 4144 ἀφῄρηκα

2118 4167 2214 4229 τὰς
2249 4166 2524 4236 ἁμαρτίας
2546 4183 2638 4218 σου
2661 4183 2674 4196 ·
2721 4186 2738 4218 ι
2767 4167 2855 4220 διά
2884 4167 2993 4238 γὰρ
3015 4166 3074 4219 τὸ
3106 4165 3398 4220 ἀναλαϐεῖν
3441 4164 3601 4218 αὐτὸν
3635 4165 3702 4217 τὰ

2117 4254 2212 4306 τοῦ
2245 4254 2375 4307 λαοῦ
2420 4255 2527 4308 τῶν
2558 4257 2918 4309 πιστευόντων
2961 4257 3042 4320 είς
3087 4255 3259 4310 αὐτὸν
3303 4256 3700 4326 ἁμαρτήματα,

2121 4345 2389 4417 πολλαχοῦ
2431 4363 2592 4417 φησι·
2633 4365 2651 4398 ι
2685 4347 2922 4419 Μακράν
2952 4347 3060 4402 ἀπὸ
3081 4348 3181 4418 τῆς
3211 4349 3486 4420 σωτηρίας
3517 4365 3617 4418 μου
3649 4349 3700 4400 οἱ

2117 4423 2265 4505 λόγοι
2296 4436 2405 4514 τῶν
2444 4439 2904 4510 παραπτωμάτιιψ
2935 4457 3073 4510 μουο
3125 4459 3142 4491 ι
3184 4439 3308 4492 καί·
3347 4459 3366 4491 ι
3415 4439 3486 4492 Σὺ
3521 4439 3694 4507 ἔγνως

2117 4527 2214 4598 τὴν
2253 4528 2563 4600 ἀφροσύνην
2603 4547 2727 4602 μου,
2779 4531 2872 4586 καὶ
2918 4533 2975 4585 αί
3021 4530 3390 4602 πλημμέλειαί
3439 4548 3542 4601 μου
3589 4529 3700 4583 ἀπὸ

2121 4618 2214 4673 σοῦ
2237 4621 2336 4674 οὐκ
2367 4621 2698 4694 ἑκρύϐησαν.
2736 4640 2758 4677 ι
2793 4623 2995 4694 Μηδεὶς
3021 4623 3068 4676 δ’
3098 4625 3244 4694 ἡμᾶς
3272 4622 3702 4693 ὑπολαμϐανέτω

2119 4713 2294 4769 ταῦτα
2323 4715 2506 4783 λέγειν
2536 4716 2870 4780 ἀσεϐοῦντας
2899 4717 2980 4780 εἰς
3011 4716 3103 4769 τὸν
3145 4717 3383 4788 Χριστὸν
3406 4715 3498 4770 τοῦ
3537 4714 3698 4769 Θεοῦ.

2119 4803 2191 4880 ᾯ
2218 4808 2326 4880 γὰρ
2351 4809 2539 4882 λόγῳό
2557 4810 2747 4882 Πατὴρ
2784 4810 2942 4881 μόνος
2971 4809 3084 4880 ἔχει
3116 4807 3434 4872 ἀθανασίαν,
3463 4805 3559 4860 τοῦ
3589 4808 3699 4858 Κυ⁹

2121 4901 2238 4974 ρίου
2262 4901 2418 4973 ἡμῶν
2438 4901 2527 4955 διὰ
2559 4901 2965 4973 φιλανθρωπίαν
2995 4902 3222 4956 θάνατον
3247 4900 3337 4952 τὸν
3367 4899 3510 4970 ὑπὲρ
3540 4901 3572 4968 ἡ
3583 4897 3700 4968 μῶν

2119 4991 2490 5061 ἀνειληφότος,
2524 4990 2700 5062 τούτῳ
2737 4993 2766 5043 6
2806 4990 2996 5062 Πατὴρ
3033 4990 3145 5060 ἔχει
3179 4989 3338 5060 μόνος
3369 4988 3458 5041 τό·
3503 4987 3699 5040 Σκοτία

2120 5085 2177 5137 ἐν
2200 5082 2347 5153 αὐτῷ
2367 5083 2468 5136 οὐκ
2495 5082 2640 5136 ἐστιν
2665 5081 2910 5154 οὐδεμία,
2933 5081 3026 5135 τοῦ
3052 5080 3286 5154 Χριστοῦ
3315 5079 3401 5133 διὰ
3425 5079 3524 5150 τὴν
3560 5079 3699 5149 πρὸς

2119 5174 2439 5246 ἀνθρώπους
2466 5174 2782 5245 εὐεργεσίαν
2809 5175 2895 5242 ἐφ’
2928 5174 3092 5226 αὐτὸν
3139 5173 3238 5237 τὰς
3269 5170 3426 5244 ἡμῶν
3473 5171 3695 5233 σκοτίας

2115 5266 2562 5336 ἀναδεδεγμένον,
2625 5267 2712 5320 ἴνα
2759 5268 2825 5337 τῇ
2863 5266 3088 5336 δυνάμει
3145 5263 3310 5318 αὐτοῦ
3369 5265 3694 5334 καταργήσῃ

2116 5359 2270 5429 ἡμῶν
2297 5359 2388 5412 τὸν
2417 5358 2667 5422 θάνατον,
2723 5359 2817 5413 καὶ
2869 5359 3168 5431 ἐξαφανίση
3215 5356 3278 5410 τὸ
3319 5358 3377 5410 ἐν
3425 5358 3491 5426 τῇ
3545 5355 3696 5425 ψυχῇ

2271 5477 2316 5508 ⁸⁵
2344 5475 2541 5530 IJoan.
2583 5493 2619 5539 ι,
2649 5475 2701 5530 5.
2810 5477 2854 5508 ⁸⁸
2885 5474 2988 5529 lsa.
3025 5488 3145 5532 LIII.
3185 5471 3250 5528 9;
3284 5469 3471 5526 lPetr.
3498 5485 3559 5532 :I,
3589 5468 3689 5532 εὶς

2322 5556 2374 5597 4.
2414 5547 2484 5597 5;
2530 5546 2716 5597 Matth.
2772 5561 2888 5597 VIII.
2943 5545 3028 5597 17.
3122 5543 3168 5576 ⁸⁸
3214 5541 3379 5597 Zach.
3427 5555 3511 5597 Ill.
3545 5543 3602 5597 5.
3638 5539 3689 5592 4.

3257 5577 3379 5597 ιιιιιι
3427 5577 3511 5611 ΙΙΙ,
3545 5577 3602 5603 ν)
3638 5577 3689 5592 τι

511 5727 622 5802 (83)
665 5730 787 5787 Ihm:
818 5748 844 5787 a
875 5731 1125 5789 Ferrario
1156 5738 1517 5803 praetermissa
1549 5752 1578 5790 e
1615 5733 1865 5790 Pcriouio
1905 5731 2287 5803 supplevimus.
