4040 6210
61 1889 78 2078 ι

259 299 348 353 181
1359 298 1719 357 (ἸΟΜΜΕΝΤ.
1764 299 1828 353 ΙΝ

1942 299 2060 356 AN.
2102 298 2346 356 TOMUS
2381 298 2444 356 Il.
2581 349 2584 354 .
3438 313 3540 367 “.2

255 416 403 488 ἡμῶν
431 414 655 477 σκότος,
691 413 777 467 ἵνα
806 413 1066 488 πληρωθῇ
1097 417 1158 469 τὸ
1183 417 1329 490 παρὰ
1361 417 1440 490 τῷ
1481 421 1680 491 Ἡσαΐᾳ.
1700 437 1713 450 ·
1748 443 1766 472 ι
1789 422 1831 474 ⁸(

1951 434 2187 488 sti-arum
2231 423 2518 484 tenebras,
2571 421 2954 478 nimirum'ut
3014 424 3341 497 impleretur
3403 429 3534 484 illu.l

251 510 374 573 λαὸς
404 512 434 562 ὁ
468 507 792 578 καθήμενος
825 509 883 561 ἐν
917 510 1107 582 σκοτίᾳ
1140 511 1256 580 φῶς
1279 507 1387 565 εἶδε
1413 513 1576 583 μέγα,
1617 533 1636 566 ι
1673 513 1846 567 Τοῦτο

248 605 301 656 δὲ
330 603 392 654 τὸ
413 601 559 670 φῶς,
587 602 617 654 ὃ
644 603 870 671 γέγονεν
897 603 955 656 ἐν
995 603 1074 674 τῷ
1099 604 1262 675 λόγῳ.
1288 608 1558 676 τυγχάνον
1573 608 1680 661 διαὶ
1708 606 1846 680 ζωὴ,

253 697 428 763 ςαίνει
460 694 521 747 ἐν
552 697 623 766 τῇ
663 694 855 766 σκοτίᾳ
881 695 991 748 τῶν
1033 696 1219 767 ψυχῶν
1252 697 1431 768 ἡμῶν,
1473 700 1565 752 καὶ
1602 701 1848 774 ἐπιδεδή-

251 800 426 855 μηκεν
467 785 604 838 ὅπου
644 785 696 836 οἱ
730 786 1175 857 κοσμοκράτορες
1219 787 1313 840 τοῦ
1355 789 1581 854 σκότους
1628 790 1842 855 τούτου,

248 879 448 940 οἵτινες
474 877 564 930 διὰ
587 877 682 930 τοῦ
719 877 976 931 παλαίειν
1005 878 1082 950 τῷ
1111 879 1221 934 τῶν
1260 880 1564 952 ἀνθρώπων
1592 883 1739 951 γένει
1763 885 1842 956 τῷ

251 969 429 1038 σκότῳ
467 970 702 1037 ὑπάγειν
751 963 1114 1038 ἀγωνίζονται
1168 972 1294 1036 τοὺς
1342 974 1418 1044 μὴ
1459 975 1626 1028 παντὶ
1653 977 1842 1046 τρόπῳ

253 1063 599 1131 ἱσταμένους,
637 1063 782 1133 ὑπὲρ
812 1061 907 1115 τοῦ
936 1063 1134 1127 αὐτοὺς
1179 1067 1626 1136 πεφωτισμένους
1661 1068 1840 1136 φωτὸς

251 1152 592 1223 Impatiens
628 1153 801 1218 υἱούς.
837 1154 944 1206 Καὶ
978 1157 1164 1223 φαῖνον
1198 1157 1256 1210 ἐν
1285 1160 1352 1228 τῇ
1385 1158 1573 1228 σκοτίᾳ
1600 1158 1759 1213 τοῦτο
1779 1160 1840 1212 τὺ

249 1243 364 1312 φῶς
391 1241 654 1297 διῶκεται
688 1244 787 1315 μὲν
809 1243 901 1298 ὑπ’
935 1243 1127 1314 αὐτῆς,
1151 1247 1213 1300 ού
1245 1247 1726 1319 καταλαμϐάνεται
1755 1249 1854 1302 δέ.;

1953 512 2103 566 lsaia:
2134 512 2223 564 ἰι
2261 531 2277 562 ι
2311 511 2573 582 Populus
2614 513 2705 582 qui
2743 515 2980 578 sedebat
3021 518 3074 572 in
3121 520 3363 575 tenebris
3405 521 3538 576 vidit

1951 604 2124 658 lucem
2163 618 2433 670 magnam.
2471 625 2492 658 ι
2530 605 2656 662 Hauc
2690 608 2874 678 itaque
2905 608 2995 662 lux
3025 625 3146 678 qua:
3179 599 3439 682 lacta,e‘st
3481 614 3548 674 in,

1951 710 2223 760 sermone,
2277 694 2553 752 assistens
2594 700 2760 752 etiam
2810 701 2944 767 vita,
2994 700 3140 756 lucet
3191 702 3242 757 in
3295 703 3536 758 tenebris

1950 789 2256 843 animarum
2305 800 2614 844 nostrarum
2670 810 2684 845 :
2736 803 2790 845 et
2837 807 2903 846 eo
2943 797 3181 848 accessit
3233 795 3324 849 ubi
3376 806 3536 851 erant

1955 880 2140 934 mundi
2170 890 2413 936 rectores
2456 884 2806 938 tenebrarum
2842 883 3106 957 [seaculi]
3145 887 3305 958 hujus
3331 887 3398 953 ",
3436 889 3528 956 qui

1951 972 2078 1039 quia
2121 987 2244 1026 cum
2292 987 2493 1041 genere
2525 975 2779 1046 'bumann
2823 975 3122 1040 lnctentur,
3171 979 3240 1042 in
3277 979 3531 1034 tenebras

1951 1062 2221 1117 adducere
2250 1078 2345 1118 eos
2372 1065 2705 1120 contendunt
2741 1067 2834 1136 qui
2869 1083 2970 1138 pro
3001 1068 3142 1121 virili
3178 1085 3283 1122 nun
3319 1070 3529 1124 instant

1949 1165 2005 1206 ut
2035 1154 2318 1210 illuminati
2353 1158 2405 1210 in
2439 1156 2673 1213 ﬁliorum
2724 1159 2862 1213 lucis
2905 1175 3136 1213 numero
3179 1172 3524 1218 censeantur.

1945 1242 2064 1297 .lam
2093 1261 2223 1300 vero
2253 1248 2418 1302 etiam
2461 1248 2574 1304 ba:c
2623 1249 2715 1302 lux
2755 1249 2944 1306 lucens
2979 1250 3031 1304 in
3077 1251 3316 1306 tenebris
3346 1267 3530 1322 perse-

249 1339 525 1391 cutionem
558 1337 766 1406 patitur
793 1340 1011 1408 quidem
1048 1356 1075 1389 a
1120 1341 1378 1404 tenebris,
1417 1341 1512 1394 sed
1554 1357 1660 1396 non
1704 1337 2153 1409 apprehenditur.

334 1430 458 1481 Ἐὰν
518 1427 578 1482 δέ
634 1447 720 1494 τις
775 1432 974 1505 νομίσῃ
1011 1431 1096 1518 τὺ,
1129 1431 1204 1504 μὴ
1249 1434 1634 1504 γεγραμμένον
1685 1435 1833 1505 ἡμᾶς

261 1519 633 1592 προστιθέναι,
665 1522 729 1575 τὸ
756 1522 1049 1576 διώκεσθαι
1075 1524 1142 1577 τὸ
1171 1525 1286 1594 φῶς
1315 1527 1420 1578 ὑπὸ
1448 1525 1546 1596 τῆς
1591 1525 1832 1588 σκοτίας,

2015 1431 2128 1500 80
2155 1431 2248 1484 22.
2274 1431 2428 1497 Quod
2479 1433 2526 1486 si
2559 1395 2690 1502 quis
2713 1444 2866 1502 putet
2898 1450 2994 1488 nos
3023 1435 3224 1489 addere
3250 1435 3391 1503 quod
3419 1397 3538 1490 non.

1945 1521 2012 1575 sit
2047 1522 2338 1591 scriptum,
2372 1537 2564 1591 nempe
2590 1524 2730 1590 quod
2766 1526 3003 1578 tenebrae
3029 1524 3208 1588 lucem
3243 1525 3528 1595 insequan-

255 1611 510 1673 ἀκουέτω,
547 1611 630 1663 ὅτι
659 1612 720 1664 τό
744 1628 758 1642 ⁶
799 1631 816 1663 t
861 1613 923 1665 Ἠ
956 1612 1140 1665 σκοτία
1188 1615 1321 1667 αὐτὸ
1364 1616 1425 1667 ού
1479 1613 1766 1676 κατέλαϐε,
1813 1633 1830 1665 ι

1949 1623 2054 1677 tur,
2093 1615 2278 1668 audiat
2317 1614 2522 1668 frustra
2556 1614 2687 1668 illud
2721 1616 2848 1680 tlici,
2893 1621 3034 1686 quod
3079 1636 3097 1668 ι
3139 1620 3373 1672 tenebrae
3405 1635 3525 1673 eam

262 1700 502 1772 μηδαμοῦ
535 1702 641 1771 τῆς
672 1703 892 1766 σκοτίας
914 1702 1182 1774 διωξάτης
1215 1706 1275 1758 τὸ
1306 1705 1440 1773 φῶς,
1477 1707 1653 1779 μάτην
1683 1706 1836 1779 λέγει·

261 1811 360 1848 ται.
400 1795 488 1858 Ὠς
527 1795 587 1848 δὲ
629 1795 814 1866 έχουσι
868 1795 993 1849 νοῦν
1025 1796 1341 1861 ἐκδέξασθαι
1378 1797 1672 1869 δυνάμενον
1704 1801 1834 1854 ἀκο-

262 1883 450 1948 λούθως
474 1885 592 1948 τοῖς
614 1887 1027 1956 γεγραμμένοις
1053 1885 1122 1938 τὰ
1145 1885 1475 1956 νομιζόμενα
1510 1889 1832 1958 παραλελεῖ-

266 1977 406 2045 edat,
451 1977 691 2048 ἔγραψεν
735 1977 766 2029 ό
803 1978 1055 2048 Ἰωάννης
1103 1973 1326 2033 sti-UH
1359 1979 1549 2033 σκοτία
1595 1981 1728 2034 αὐτὸ
1767 1982 1828 2034 ού

273 2068 674 2122 κατέλαϐεν.ιΕί
704 2067 814 2139 γὰρ
836 2068 898 2120 ού
925 2063 1215 2129 κατέλαϐε,
1267 2067 1504 2135 διώξασα
1556 2071 1617 2122 ού
1666 2071 1829 2124 κατέ-

271 2159 414 2211 λαϐε·
439 2159 527 2211 καὶ
553 2158 637 2210 ὄτι
670 2157 890 2224 ἐδίωξεν
917 2154 1172 2228 ἠσκοτία
1193 2160 1263 2211 τὸ
1301 2158 1438 2228 φῶς,
1461 2160 1622 2230 δῆλον
1669 2161 1732 2214 εκ
1770 2179 1829 2215 τε

269 2249 338 2306 ὧν
367 2255 624 2310 πέπονθεν
659 2257 688 2310 ὁ
712 2247 1058 2328 Σωτὴρ,’καὶ
1098 2259 1147 2310 oi
1199 2258 1636 2330 παραδεξάμενοι
1663 2260 1828 2315 αὑτοῦ

269 2347 330 2397 τὰ
361 2345 670 2417 μαθήματα,
701 2345 770 2400 τὰ
786 2347 893 2400 ἴδια
919 2346 1103 2409 τέκνα,
1130 2348 1227 2417 τῆς
1259 2348 1477 2412 σκοτίας
1501 2350 1831 2423 ἐνεργούσης

271 2438 396 2490 κατᾶ
419 2437 520 2490 τῶν
560 2439 694 2490 υἱῶν
720 2437 814 2491 τοῦ
857 2438 1054 2507 φωτὸς,
1087 2439 1180 2491 καὶ
1214 2438 1568 2511 βουληθεῐσης
1592 2443 1830 2496 ἀποδιῶ-

273 2529 342 2592 ξαι
364 2529 466 2583 ἀπὸ
497 2529 606 2584 τῶν
639 2529 945 2602 ἀνθρώπων
987 2529 1081 2583 τοῦ
1119 2532 1314 2600 φωτός.
1359 2532 1497 2585 Ἀλλ’
1543 2535 1683 2598 ἐπεὶ,
1734 2535 1830 2590 ἐὰν

269 2622 385 2684 Θεὸς
417 2621 555 2692 ὑπὲρ
596 2621 778 2692 ἡμῶν,
831 2621 1025 2686 οὐδεὶς,
1063 2622 1166 2676 κᾶν
1212 2623 1488 2695 βούληται,
1541 2625 1830 2699 δυνήσεται

269 2710 376 2763 καθ’
400 2709 570 2781 ἡμῶν,
599 2712 709 2782 ὅσῳ
725 2713 950 2775 ἑαυτοὺς
973 2712 1311 2777 ἐταπείνουν,
1342 2715 1581 2788 τοσούτῳ
1612 2718 1830 2784 πλείους

268 2805 506 2874 ἐγίνοντο,
533 2806 629 2859 καὶ
659 2805 955 2876 κατίσχυον
988 2805 1191 2878 σφόδρα
1226 2807 1450 2880 σφόδρα.
1492 2811 1667 2882 Διχῶς
1697 2812 1754 2865 δὲ
1796 2814 1828 2882 ἡ

271 2897 439 2949 σκοτία
467 2897 528 2949 τὺ
559 2895 677 2965 φῶς
706 2897 767 2949 οὐ
804 2886 1163 2967 κατείληφεν
1194 2899 1228 2969 ἢ
1258 2900 1465 2972 σφόδρα
1488 2901 1656 2955 αὐτοῦ
1693 2904 1831 2957 ἀπο-

1945 1721 2052 1758 ιιοιι
2093 1705 2584 1774 'apprebenderunt
2634 1707 2701 1767 ⁸⁸.
2739 1725 2758 1758 ι
2810 1707 2854 1760 si
2901 1724 3242 1777 nequaquam
3289 1709 3527 1764 teut-bra:

1948 1795 2124 1850 lucem
2148 1805 2274 1849 sunt
2294 1804 2613 1863 persecutze.
2647 1795 2821 1849 Veluti
2849 1807 3026 1851 autem
3055 1808 3234 1852 tuente
3260 1800 3524 1868 praeditis,

1941 1902 2037 1956 per
2077 1903 2238 1955 quam
2291 1885 2594 1956 intelligere
2645 1898 2870 1955 possent
2915 1892 3302 1960 consequentia
3341 1907 3531 1968 rerum,

1940 1980 2273 2047 scriptarum
2308 1995 2427 2047 qua:
2459 1987 2783 2048 putarentur
2805 1981 3030 2042 omissa.
3062 1967 3518 2050 scribit'Joannes

1943 2071 2196 2125 tenebras
2243 2070 2416 2124 lucem
2459 2085 2564 2124 non
2617 2071 3065 2140 apprehendisse.
3119 2071 3252 2126 Nam
3308 2074 3354 2126 si
3410 2089 3516 2128 non

1939 2161 2440 2232 apprehenderunt,
2473 2170 2778 2230 persecuta:
2827 2177 2934 2216 non
2983 2163 3464 2231 apprchenderunt
3502 2183 3518 2231 ;

1939 2253 2198 2324 quodque
2229 2253 2402 2308 lucem
2444 2254 2681 2308 tenebrae
2711 2264 3016 2322 persecuta:
3048 2255 3275 2334 fuerint,
3305 2257 3519 2334 perspi-

1940 2362 2098 2400 cuum
2125 2354 2229 2408 est,
2270 2356 2379 2399 tum
2410 2361 2476 2400 ex
2518 2347 2604 2401 his
2639 2362 2762 2414 qua:
2796 2346 3064 2401 Servatur
3095 2335 3386 2417 perpessus
3413 2361 3517 2411 est,

1943 2447 2055 2492 tum
2093 2437 2258 2493 etiam
2300 2438 2377 2507 illi
2413 2438 2503 2507 qui
2537 2427 2683 2491 illius
2711 2421 3052 2506 disciplinam
3077 2452 3429 2509 exceperunt,
3467 2451 3522 2494 et

1879 2527 2111 2592 .sccuti
2149 2536 2300 2592 sunt,
2333 2527 2554 2596 genuini
2590 2526 2760 2594 ipsius
2793 2525 2912 2591 ﬁlii,
2955 2525 3196 2580 tenebris
3243 2526 3516 2595 operanti-

1942 2621 2041 2673 bus
2096 2620 2357 2672 adversus
2403 2618 2539 2670 lucis
2586 2617 2725 2670 tilios
2767 2627 2822 2670 et
2861 2616 3046 2688 fugare
3089 2617 3392 2671 volentibus
3437 2618 3515 2671 lu-

1939 2727 2056 2766 cem
2077 2710 2145 2763 ab
2174 2709 2504 2762 hominibus.
2530 2709 2599 2762 At
2618 2708 2877 2776 quoniam
2899 2709 2944 2762 si
2972 2708 3114 2763 Deus
3135 2708 3418 2782 prolnobis
3440 2693 3528 2770 ⁸³,ί

1941 2802 2139 2867 nullus,
2173 2800 2388 2854 etiamsi
2426 2799 2577 2865 velit,
2611 2800 2809 2878 poterit
2838 2799 3045 2868 aliquid
3074 2800 3364 2855 adversum
3396 2815 3546 2863 nos.‘

1938 2905 2147 2964 quanto
2199 2891 2372 2962 magis
2415 2892 2626 2962 seipsos
2691 2891 3080 2955 bumiliabant,
3129 2900 3282 2946 tanto
3333 2886 3514 2960 plures

267 2986 566 3057 λειπομένη,
599 2987 694 3042 καὶ
724 2988 811 3041 διὰ
845 2987 944 3058 τὴν
977 2988 1112 3042 ίδίαν
1139 2989 1451 3062 βραδύτητα
1499 2996 1566 3065 τῇ
1609 2995 1829 3068 ὀξύτητι

1942 2987 2279 3040 assistebant
2307 2983 2791 3054 prmvalebantque
2819 2986 3108 3040 admodum
3141 2983 3315 3038 valde.
3345 2983 3522 3039 Porro

269 3080 348 3131 καὶ
380 3078 638 3149 ταχύτητι
681 3079 777 3131 τοῦ
819 3078 1022 3150 δρόμου
1069 3078 1164 3132 τοῦ
1211 3079 1408 3149 φωτὸς,
1441 3082 1560 3136 οὐδὲ
1603 3085 1742 3139 κατὰ
1769 3087 1830 3140 τὸ

265 3171 416 3223 ποσὸν
437 3170 916 3242 παρακολουθῆσαι
935 3169 1206 3242 δυναμένη
1223 3189 1236 3202 °
1264 3172 1297 3242 ἢ
1325 3173 1378 3226 εί
1397 3191 1497 3227 που
1519 3177 1832 3248 ἐνεδρεῦσαι

267 3259 569 3332 βεϐούληται
601 3261 664 3315 τὸ
708 3262 824 3330 φῶς
858 3260 956 3332 τὴν
981 3263 1222 3326 σκοτίαν,
1249 3266 1340 3317 καὶ
1368 3268 1487 3317 κατ’
1518 3267 1830 3340 οἰκονομίαν

269 3353 583 3422 παρέμεινεν
613 3352 990 3424 ἐπερχομένην
1031 3353 1202 3424 αὐτὴν
1241 3355 1510 3422 ἐγγίσασα
1555 3359 1588 3429 ἡ
1641 3362 1830 3414 σκοτία

265 3442 348 3495 τοῦ
373 3445 546 3512 φωτὸς
567 3443 879 3513 ἠφανίζετο.
912 3442 1057 3515 Πλὴν
1087 3445 1364 3516 ἑκατέρως
1403 3447 1512 3518 (84)
1558 3451 1592 3520 η
1641 3451 1828 3506 σκοτία

266 3531 321 3582 οὐ
347 3531 607 3586 κατέλαϐε
630 3532 692 3584 τὸ
715 3532 850 3602 φῶς.

1938 3079 2150 3134 duobus
2183 3077 2356 3130 modis
2384 3077 2624 3131 tenebrae
2646 3089 2754 3131 non
2782 3077 3259 3146 apprelienderunt
3288 3075 3468 3130 lucem
3499 3093 3513 3130 :

1939 3169 2024 3224 vel
2060 3170 2188 3238 quia
2220 3167 2309 3220 lux
2336 3179 2434 3222 eas
2465 3167 2627 3236 longo
2672 3167 2960 3221 intervallo
2992 3176 3114 3236 post
3150 3181 3210 3221 se
3247 3167 3518 3237 relinque-

1941 3271 2044 3326 ret,
2073 3269 2130 3315 ut
2169 3275 2332 3330 quam
2365 3257 2648 3312 celeritate
2685 3259 3114 3328 pernicitateque
3142 3272 3338 3313 cursus
3364 3247 3518 3335 prae--

1940 3362 2200 3418 stantem,
2230 3351 2299 3406 ob
2333 3351 2609 3422 pmpriam
2643 3349 2957 3424 tarditatem
2986 3349 3114 3419 ipsm
3143 3349 3405 3414 tenebrae,
3449 3364 3517 3402 ne

1931 3445 2087 3512 juxta
2143 3443 2506 3512 quantitatem
2557 3441 2799 3510 quidem,
2858 3442 3075 3510 assequi
3139 3452 3380 3511 possent,
3431 3441 3516 3494 vel

1937 3538 2065 3606 quia
2089 3535 2262 3589 sicubi
2291 3534 2526 3589 tenebrae
2558 3533 2664 3588 luci
2700 3533 2924 3588 insidias
2959 3541 3176 3587 struere
3219 3533 3514 3595 voluerint,

266 3631 418 3691 atque
441 3635 589 3679 certo
610 3627 845 3693 quodam
874 3625 1126 3693 consilio,
1148 3636 1203 3681 et
1226 3643 1322 3698 per
1343 3629 1800 3699 dispensationem
1831 3628 2279 3699 supervenientes
2308 3626 2455 3695 ipsas
2486 3625 2574 3678 lux
2610 3625 3032 3700 exspectavei-it,
3072 3637 3194 3678 mox
3228 3633 3392 3688 atque
3412 3623 3514 3676 luci

269 3720 832 3789 appropinquaverint,
863 3732 1221 3776 evanescunt.
1250 3723 1502 3778 Attamen
1529 3736 1762 3794 utroque
1791 3725 1951 3779 modo
1985 3721 2228 3775 tenebrat
2261 3719 2437 3772 lucem
2469 3732 2576 3772 non
2611 3718 3111 3788 apprebeuderunt.

341 3815 655 3882 ’Δναγκαίον
682 3814 740 3866 δὲ
763 3815 821 3870 ἐν
851 3816 1062 3879 τούτοις
1087 3817 1238 3886 ἡμᾶς
1269 3817 1596 3888 γενομένους
1638 3819 1801 3888 ὲπιση
1824 3852 1832 3858 -

270 3906 484 3976 μειῶσαι
508 3905 641 3976 (85),
665 3907 750 3958 ὅτι
776 3907 838 3960 ού
868 3908 1104 3970 πάντως,
1137 3908 1313 3960 εἵπου
1343 3908 1669 3979 ὀνομάζεται
1704 3911 1829 3962 σκό-

268 4013 368 4061 τος,
399 4000 489 4055 ἐπὶ
516 3997 593 4068 τῷ
619 3998 826 4070 χείρονι
857 3997 1192 4070 λαμϐάνεται
1212 4017 1224 4029 ·
1263 4000 1374 4053 ἔσθ’
1410 4001 1708 4054 ὅτεδὲκαὶ
1739 4003 1832 4055 ἐπὶ

269 4088 340 4158 τῷ
370 4091 628 4161 κρείττονι
661 4091 1110 4162 ἀναγέγραπται·
1144 4093 1282 4163 ὅπερ
1305 4092 1676 4164 οίέτερόδοξοι
1717 4093 1831 4166 (86)

273 4180 340 4251 μὴ
365 4182 809 4252 διαστειλάμενοι,
843 4183 1232 4254 δυσφημότατα
1261 4185 1389 4255 περὶ
1431 4184 1524 4238 τοῦ
1556 4188 1828 4257 Δημιουρ-

271 4271 358 4337 γοῦ
398 4273 637 4345 δόγματα
657 4273 1110 4347 παραδεξάμενοι,
1138 4275 1453 4347 ἀπέστησαν
1479 4277 1667 4343 αὐτοῦ,
1698 4280 1828 4332 ἀνα-

272 4363 533 4435 πλάσμασι
589 4364 775 4436 μύθων
823 4366 1051 4430 ἑαυτοὺς
1100 4367 1506 4433 ἐπιδεδωκότες.
1544 4370 1669 4434 Πῶς
1709 4367 1826 4434 οὖν,

2008 3816 2100 3869 25.
2131 3813 2366 3870 Necesse
2395 3820 2578 3864 autem
2607 3819 2692 3864 est
2725 3824 2823 3864 nos
2863 3809 2916 3862 in
2963 3809 3048 3864 his
3079 3817 3367 3864 versantes
3415 3807 3516 3864 ad-

1935 3915 2151 3968 notare,
2184 3919 2314 3968 non,
2341 3901 2516 3956 sicubi
2550 3903 2789 3956 tenebrte
2831 3901 3206 3963 nominentur,
3252 3916 3375 3954 mox
3419 3915 3516 3956 eas

1936 4001 1990 4055 in
2022 3998 2261 4070 pi-jurem
2294 3981 2504 4067 partem
2543 3995 2710 4059 sumi,
2753 4008 2940 4047 verum
2976 3992 3323 4062 Scripturam
3351 3993 3516 4046 etiam

1932 4090 1986 4144 in
2037 4092 2234 4154 bonam
2269 4095 2476 4157 partem
2521 4083 2812 4153 aliquoties
2866 4083 2964 4136 bas
3013 4083 3266 4166 accipere
3298 4098 3312 4134 :
3341 4083 3512 4160 .quod

1932 4184 2036 4252 qui.
2069 4182 2284 4236 diversa
2335 4195 2366 4233 a
2400 4179 2558 4234 nobis
2593 4177 2874 4244 sentiunt,
2896 4191 3000 4240 non
3032 4175 3514 4238 dividentes,bor-

1934 4275 2103 4329 renda
2150 4275 2219 4328 de
2265 4272 2453 4327 mundi
2485 4269 2694 4341 Opillce
2744 4271 2992 4338 dogmata
3029 4268 3402 4334 admittentes,
3444 4267 3515 4320 ab

1938 4369 2056 4438 ipso
2089 4375 2458 4430 recesserunt,
2489 4366 2703 4434 seipsos
2745 4363 3016 4432 figmentis
3056 4362 3361 4416 fabularum
3415 4362 3516 4415 ad-

277 4456 356 4507 κα“ι
381 4457 525 4520 πότε,
563 4459 658 4510 καὶ
690 4458 784 4510 ἐπὶ
816 4458 911 4511 τοῦ
941 4458 1248 4529 κρείττονος
1272 4460 1332 4513 τὸ
1356 4460 1524 4532 ὄνομα
1559 4463 1653 4516 τοῦ
1700 4465 1820 4517 σκό·

1942 4436 2203 4516 tlicentes.
2261 4458 2550 4524 Quomodo
2601 4471 2757 4529 ergo,
2805 4464 2858 4508 ct
2903 4455 3143 4524 quando,
3185 4463 3240 4506 et
3278 4468 3402 4504 nutn
3457 4452 3509 4504 in

276 4563 382 4610 τους
433 4548 943 4621 παραλαμϐάνεται,
1008 4551 1398 4621 παραδεικτέον
1435 4553 1557 4625 ήδη.
1610 4555 1826 4620 Σκότος,

278 4641 471 4709 γνόφος,
507 4641 704 4695 θύελλα
747 4643 806 4694 ἐν
851 4643 918 4712 τῇ
959 4641 1180 4714 Ἑξόδιρ¹
1208 4645 1474 4715 περὶτὺν
1511 4646 1642 4700 Θεὸν
1689 4645 1829 4703 εἶναι

278 4728 489 4796 λέγεται,
523 4734 618 4785 καὶ
640 4733 697 4786 ἐν
721 4731 799 4803 τῷ
836 4732 898 4796 ιζ’
925 4731 1156 4803 ψαλμῷ·
1197 4751 1217 4784 ι
1261 4735 1319 4786 'U
1346 4734 1480 4798 Θεὸς
1517 4735 1666 4791 ἔθετο
1698 4741 1825 4792 σκό-

373 4824 692 4896 άποκρυςρὴν
716 4824 904 4888 αὑτοῦ,
937 4824 1121 4896 κύκλῳ
1151 4826 1315 4879 αὑτοῦ
1347 4829 1380 4898 ἡ
1419 4831 1592 4900 σκηνὴ
1627 4831 1791 4885 αὑτοῦ
1811 4849 1825 4862 ⁸

280 4917 526 4968 σκοτεινὸν
577 4916 724 4986 ὕδωρ
753 4917 812 4968 ἐν
844 4916 1094 4986 νεφέλαις
1126 4917 1337 4988 ἀέρων·
1387 4938 1406 4971 ι
1454 4920 1548 4973 ἐὰν
1594 4920 1702 4992 γάρ
1743 4927 1829 4986 τις

280 5009 561 5079 κατανοήσῃ
611 5008 672 5061 τὸ
726 5007 932 5077 πλῆθος
973 5008 1082 5062 τῶν
1111 5007 1240 5078 περὶ
1284 5008 1416 5062 Θεοῦ
1461 5010 1830 5083 θεωρημάτων

280 5095 358 5147 καὶ
380 5098 647 5164 γνώσεως,
698 5099 940 5168 ἄληπτον
973 5099 1240 5168 τυγχάνον
1291 5101 1610 5174 ἀνθρωπίνῃ
1645 5103 1826 5172 φύσει,

277 5188 398 5257 τάχα
441 5190 496 5242 δὲ
541 5192 636 5244 καὶ
679 5190 886 5260 ἑτέροις
937 5191 1088 5263 παρὰ
1135 5193 1369 5264 Χριστὸν
1420 5196 1513 5248 καὶ
1551 5197 1620 5252 ,τὸ
1675 5197 1830 5265 ἅγιον

277 5279 477 5350 Πνεῦμα
517 5283 784 5350 γενητοῖς,
834 5282 1034 5334 εἴσεται
1083 5283 1200 5346 πῶς
1239 5284 1369 5355 περὶ
1419 5284 1510 5337 τὸν
1543 5285 1676 5338 Θεόν
1713 5286 1830 5339 ἐστι

379 5418 422 5492 ξ’
451 5420 553 5474 Ῐετιο
583 5435 664 5483 ης
692 5420 747 5474 2·
851 5383 903 5453 δ’
925 5422 1130 5492 Ερὶιθδ.
1163 5438 1214 5474 VI
1236 5462 1249 5484 ,
1285 5425 1369 5480 l2.
1477 5423 1522 5454 οδ
1547 5422 1700 5477 loan.
1735 5438 1778 5482 ι.
1808 5419 1860 5475 5.

286 5482 326 5518 ’⁷
359 5486 506 5546 Vers.
547 5491 636 5545 i2.

329 5631 453 5700 (86)
497 5629 672 5696 Πλὴν
717 5625 1026 5700 ἑκατέρως.
1075 5622 1168 5700 Sic
1225 5622 1394 5675 codex
1453 5617 1820 5681 Bodleianus;

272 5693 743 5758 editio'llttcliutta.
769 5695 913 5769 Πλὴν
939 5693 1218 5769 ὲκὲτέρῳσ,
1321 5759 1356 5769 ..
1417 5758 1448 5769 ..
1489 5758 1501 5769 .
1762 5755 1794 5769 ..

333 5771 436 5836 (85)
489 5757 968 5838 Ἐπισημειώἁαι.
1011 5757 1285 5818 Ita-codex
1321 5758 1678 5823 Bodleianus;
1710 5757 1824 5810 etii-

1939 4554 2224 4608 tueliorem
2254 4558 2466 4621 partem
2497 4553 2847 4605 tenebrarum
2879 4563 3076 4603 nomen
3106 4554 3371 4607 sumatur,
3399 4545 3510 4608 jam

1937 4657 2022 4701 est
2065 4645 2484 4699 ostendendum.
2539 4642 2819 4706 Tenebras,
2847 4641 3040 4710 nubes
3091 4638 3414 4703 nimbusque
3457 4636 3510 4688 in

1935 4735 2128 4792 Edeo
2169 4736 2218 4767 "
2253 4735 2400 4788 circa
2437 4733 2603 4786 Deum
2645 4747 2769 4786 esse
2797 4732 3076 4792 dicuntur,
3119 4739 3173 4782 et
3209 4728 3262 4781 in
3304 4727 3513 4794 psalmo

1939 4828 2152 4883 decimo
2181 4827 2415 4896 septimo
2438 4826 2484 4862 ’⁷
2515 4843 2528 4878 :
2567 4825 2711 4878 Deus
2749 4841 2767 4874 ι
2805 4821 2986 4892 posuit
3019 4821 3280 4876 tenebras
3313 4820 3512 4906 latibu-

1938 4920 2048 4973 lum
2086 4933 2268 4983 suum,
2303 4917 2355 4970 in
2381 4915 2618 4974 circuitu
2651 4915 2768 4984 ejus
2801 4913 3216 4974 tabernaculum
3247 4911 3406 4981 ejus:
3436 4922 3513 4966 te-

1937 5013 2170 5065 nebrosa
2207 5024 2346 5080 aqua
2379 5010 2432 5063 in
2464 5009 2702 5064 nubibus
2726 5008 2908 5063 aeris:
2942 5026 2961 5058 ι
2994 5007 3038 5060 si
3063 5007 3210 5060 enim
3233 5007 3358 5074 quis
3381 5019 3511 5056 cono

1936 5099 2261 5156 sidcraverit
2307 5099 2713 5153 multitudinem
2770 5094 3284 5164 conteniplationum
3321 5101 3376 5144 et
3413 5105 3510 5143 co—

1938 5192 2198 5263 gnitionis
2227 5192 2294 5245 de
2330 5190 2462 5256 Deo,
2499 5205 2663 5260 quam
2702 5190 2938 5250 humana
2991 5195 3186 5238 natura
3230 5184 3512 5254 percipete

1939 5293 2194 5353 nequeat,
2231 5283 2466 5339 fortasse
2508 5291 2692 5337 autem
2745 5295 2843 5336 nec
2878 5279 2973 5334 alii
3005 5278 3096 5347 qui
3145 5275 3316 5347 geniti
3359 5283 3510 5340 sunt,

1970 5419 2016 5452 "
2044 5418 2202 5473 Rom.
2241 5433 2372 5482 vnt,
2407 5418 2493 5471 5i.
2605 5419 2651 5452 "
2685 5415 2850 5473 Exod.
2898 5427 3020 5475 xxx,
3059 5409 3382 5478 9,16;xx,
3413 5416 3507 5472 Et.

1944 5614 2018 5669 tio
2051 5612 2250 5673 lluetii,
2279 5611 2732 5682 ἐπισημειῶσθαι.

2005 5685 2118 5753 (86)
2163 5684 2339 5753 Ὅπερ
2387 5685 2441 5734 οὶ
2487 5682 2843 5749 ἑτερόδοξοι,
2871 5695 2977 5738 etc.
3013 5685 3372 5743 Valentiniani
3413 5685 3509 5740 ni-

1935 5752 2156 5818 mirum,
2186 5752 2512 5807 Cerdoniani
2544 5765 2595 5806 et
2631 5753 2978 5810 Marcionitte.
3261 5790 3264 5794 π
