4040 6210
505 268 612 326 163

1972 267 2298 327 ORIGENIS

3675 277 3780 333 Hii

512 394 710 458 prater
735 385 1017 444 Christum
1058 393 1115 442 et
1158 383 1428 456 Spiritum
1460 393 1735 455 sanetum,
1770 386 1907 443 sciet
1946 401 2074 459 quo-

2199 390 2409 455 σκότος,
2426 389 2569 445 κατά
2590 386 2652 444 τὸ
2671 387 2984 459 ἀγνοεῖσθαι
3004 388 3099 445 τὸν
3120 392 3242 445 κατ’
3268 389 3428 456 ἀξίαν
3452 394 3585 467 περὶ
3608 396 3778 451 αὑτοῦ

508 496 637 535 nam
660 486 823 551 pacto
870 480 1017 536 circa
1079 478 1249 535 Deum
1298 478 1414 534 sint
1454 480 1695 536 tenebrae
1736 497 1753 546 ;
1800 489 2088 552 propterea

505 572 652 642 quod
711 572 858 628 nulla
924 572 1326 642 quantumlibet
1373 574 1627 644 copiosa,
1683 581 1853 643 atque
1895 583 2088 628 ornata

504 664 687 717 nr‘atio
716 661 994 733 explicare
1027 664 1234 732 valeat,
1264 677 1329 719 ac
1360 676 1430 719 ne
1466 664 1607 720 sciat
1648 664 1865 734 quidem
1895 676 1964 718 ex
2002 663 2086 719 di-

506 754 713 821 gnitate
741 753 913 824 ipsius
943 754 1060 821 Dei,
1091 756 1145 811 in
1175 757 1377 827 quibus
1410 756 1653 812 tenebris
1684 755 1934 826 posuerit
1964 753 2087 809 lati-

504 842 691 898 bulum
728 860 908 912 suum,
956 846 1051 916 qui
1089 845 1192 901 hoc
1236 844 1390 913 fecit,
1419 846 1618 919 eos]
1668 846 1813 915 quod
1858 859 1981 916 quae
2021 843 2091 901 de

504 936 627 1007 ipso
674 946 822 1003 sunt,
881 936 1227 1009 ignorentur,
1270 936 1724 1008 imperceptibilia
1772 951 1897 992 cum
1950 937 2084 991 sint.

501 1024 658 1091 Quod
690 1025 736 1080 si
767 1025 895 1096 quis
924 1025 1303 1096 hujuscemodi
1349 1027 1796 1098 expositionibus
1838 1025 2088 1083 oﬂ'ende-

507 1128 615 1182 tur,
663 1117 710 1172 is
763 1117 818 1172 in
877 1118 1209 1174 sententiam
1266 1128 1513 1174 nostram
1564 1119 1770 1184 veniat,
1818 1119 2088 1177 adductus

503 1218 621 1262 tum
672 1220 704 1262 a
757 1207 1065 1264 tcttcbrosis
1116 1209 1500 1277 sermonibus,
1558 1219 1672 1264 tum
1727 1225 1758 1264 a
1814 1210 2087 1267 thesauris

503 1300 723 1357 Christo
744 1301 886 1357 datis
925 1317 955 1357 a
992 1304 1122 1368 Deo,
1163 1304 1494 1368 tenebrosis,
1531 1302 1767 1357 occultis
1808 1315 1864 1358 et
1896 1304 2088 1359 invisi-

502 1392 750 1447 hilibns:
796 1408 901 1449 nec
954 1394 1104 1449 enim
1160 1395 1307 1449 aliud
1351 1395 1548 1465 opinor
1589 1408 1717 1451 esse
1765 1399 2084 1454 tenebrosus

507 1485 794 1540 thesauros
818 1498 917 1556 per
938 1482 1218 1541 Christum
1265 1486 1649 1543 manifestatos
1690 1504 1705 1541 :
1746 1505 1766 1538 ι
1805 1484 2083 1545 Tenebras

503 1575 681 1644 posuit
716 1572 856 1628 Deus
892 1574 1177 1630 latibulum
1210 1588 1369 1630 suum
1393 1575 1466 1638 ’⁸,
1500 1591 1520 1625 ι
1550 1583 1604 1629 et
1633 1588 1650 1627 :
1691 1593 1710 1625 ι
1747 1574 1983 1630 Sanctus
2009 1576 2085 1630 in-

502 1666 708 1737 telliget
750 1665 1093 1737 paraboiam,
1140 1675 1197 1722 et
1245 1666 1542 1722 obscurum
1590 1680 1899 1721 sermonem
1933 1666 2005 1719 ”.
2054 1685 2073 1719 ι

2195 479 2450 534 πλούσιον
2470 480 2650 550 λόγον,
2678 481 2739 535 ἐν
2758 472 2805 549 ᾧ
2824 480 3006 552 σκότῳ
3033 478 3187 535 ἔθετο
3212 482 3381 537 αὑτοῦ
3408 482 3511 556 τήν
3530 485 3781 557 ἀποκρυ-

2192 568 2300 641 φὴν
2349 568 2431 640 τῷ
2463 569 2547 624 ’εά
2593 569 2725 643 περὶ
2771 569 2935 623 αὐτοῦ
2969 569 3304 639 ἀγνοεῖσθαι,
3325 570 3590 645 ἀχώρητα
3620 574 3777 640 ὄντα,

2187 659 2347 715 τοῦτο
2367 660 2706 735 πεποιηκώς.
2742 661 2869 716 Ἐὰν
2900 661 2959 717 δέ
2980 679 3064 726 τις
3095 664 3214 726 ταῖς
3237 663 3519 729 τοιαύταις
3538 666 3781 739 προσ-κός

2189 772 2299 826 πτῃ
2329 754 2599 825 ἐκδοχαῖς,
2634 751 3002 825 προσαγέσθω
3015 753 3126 807 ἀπό
3152 770 3214 807 τε
3244 754 3353 808 τῶν
3376 756 3669 810 σκοτεινῶν
3686 755 3781 811 λό-

2187 864 2301 918 γων
2338 847 2433 902 καὶ
2461 846 2571 901 τῶν
2588 846 2884 919 διδομένων
2920 845 3028 900 ὑπὸ
3057 845 3196 901 Θεοῦ
3220 846 3447 919 Χριστῷ
3480 848 3779 920 θησαυριῖιν

2190 939 2505 1004 σκοτεινῶν,
2537 939 2895 1011 ἀποκρύφων,
2920 938 3203 1010 ἀοράτωψ
3247 940 3351 994 οὐκ
3386 939 3518 994 ἀλλο
3572 942 3682 1014 γάρ
3721 959 3781 995 τι

2187 1029 2431 1103 ἡγοῦμαι
2458 1026 2596 1085 εἶναι
2619 1030 2750 1094 τοὺς
2777 1030 3087 1094 σκοτεινοὺς
3128 1028 3436 1103 θησαυροὺς
3466 1033 3525 1085 ἐν
3552 1032 3781 1105 Χριστῷ

2187 1122 2742 1194 ἀποκαλυπτομένους
2765 1139 2780 1153 ⁸
2815 1140 2835 1174 ι
2893 1120 2969 1175 Τὸ
3000 1120 3193 1185 σκότος
3216 1120 3368 1176 ἔθετο
3398 1124 3429 1177 6
3467 1122 3602 1188 Θεὸς
3631 1125 3778 1178 ἀπο-

2186 1214 2401 1286 κρυφὴν
2426 1212 2642 1278 ἑαυτοῦ,
2685 1232 2705 1265 ι
2744 1212 2872 1267 καῖ’
2919 1228 2938 1262 ι
2984 1212 3045 1263 ⁸0
3078 1211 3233 1279 ἀγιος
3253 1213 3435 1284 νοήσει
3459 1212 3779 1286 παραϐολὴν

2185 1304 2282 1359 καὶ
2317 1306 2591 1359 σκοτεινὸν
2636 1306 2817 1375 λόγον.
2855 1324 2876 1359 t
2916 1305 3246 1376 Ἐπίσκεψαι
3286 1302 3346 1358 δὲ
3389 1306 3438 1359 si
3468 1305 3560 1360 διὰ
3605 1305 3777 1360 τοῦτό

2186 1413 2351 1469 φησιν
2372 1399 2402 1452 6
2429 1397 2621 1470 Σωτὴρ
2640 1400 2754 1462 τοῖς
2778 1396 3075 1470 μαθηταῖςσ
3088 1416 3106 1449 ι
3131 1397 3270 1451 ’Δνθ’
3284 1390 3361 1451 ὧν
3382 1397 3482 1451 ὅσα
3495 1397 3774 1468 ἠκούσατε

2184 1490 2244 1543 ἐν
2264 1491 2333 1560 τῇ
2355 1488 2567 1560 σκοτίᾳ,
2590 1487 2782 1542 εῖπατε
2806 1491 2863 1541 ἐν
2888 1487 2966 1559 tif:
2998 1489 3160 1559 φωτί.
3198 1507 3216 1539 ι
3251 1488 3333 1543 Τὰ
3368 1488 3477 1561 γὰρ
3504 1489 3563 1543 ἐν
3593 1490 3778 1561 ἀπορο

2193 1581 2344 1652 ρήτῳ
2375 1580 2470 1634 καὶ
2507 1580 2582 1651 μὴ
2613 1580 2836 1652 ἐπηκόῳ
2865 1579 3075 1634 πολλῶν
3100 1580 3420 1649 δύσγνωστα
3460 1581 3558 1635 καὶ
3580 1581 3777 1652 ἀσαφῆ

2184 1670 2369 1734 αὐτοῖς
2411 1667 2824 1739 παραδεδομένα
2877 1669 3156 1741 μυστήρια
3199 1668 3532 1742 προστάσσει
3571 1669 3781 1732 αὐτοὺς

506 1758 710 1816 Verum
735 1759 1021 1815 considera
1051 1775 1179 1814 num
1210 1760 1281 1815 ob
1308 1758 1413 1815 hoc
1451 1758 1599 1814 dicat
1626 1761 1892 1815 Servatur
1918 1760 2074 1814 disci-

2184 1737 2606 1836 φωτιζομένους.
2643 1737 2741 1818 καὶ
2796 1737 2890 1818 διά
2941 1737 3102 1818 τοῦτο
3152 1737 3482 1835 λεγομένους
3526 1758 3668 1818 εἷναι
3714 1765 3780 1818 ἓν

501 1873 645 1943 pulis
673 1874 787 1929 suis
815 1875 831 1906 ¹
861 1891 877 1928 :
918 1892 937 1926 ι
970 1872 1180 1929 Idcirco
1202 1888 1324 1944 quae
1348 1873 1404 1928 in
1434 1873 1678 1928 tenebris
1711 1872 1968 1936 audistis,
1999 1874 2084 1927 di-

501 1963 610 2020 cile
636 1964 691 2019 in
720 1963 860 2019 luce.
897 1982 915 2015 ι
957 1962 1177 2019 Tradita
1207 1963 1352 2017 enim
1393 1960 1529 2033 ipsis
1559 1960 1841 2032 mysteria,
1864 1959 2083 2030 cognitu

499 2053 738 2110 diliiciiia
770 2064 824 2109 et
852 2054 1109 2117 obseura,
1137 2054 1192 2110 in
1225 2054 1348 2109 loco
1379 2061 1620 2118 secreto,
1649 2060 1837 2107 etnon
1874 2050 1928 2105 in
1969 2050 2081 2105 fre-

500 2144 689 2215 quenti
726 2143 1024 2210 auditorio,
1064 2143 1221 2214 jubet
1255 2160 1350 2199 eos
1382 2143 1742 2207 illuminatos,
1783 2151 1840 2197 et
1874 2142 1944 2198 ob
1978 2141 2081 2197 hoc

499 2237 673 2292 dictos
704 2250 826 2292 esse
857 2237 912 2291 in
944 2237 1089 2303 luce,
1112 2236 1367 2292 omnibus
1395 2235 1487 2305 qui
1539 2235 1629 2288 lux
1683 2232 1911 2295 fuerint,
1942 2249 2082 2288 nun-

500 2330 660 2386 tiare.
696 2328 1097 2407 Admirabilins
1119 2338 1301 2382 autem
1325 2328 1580 2397 quiddam
1605 2325 1800 2380 addam
1834 2325 1900 2378 de
1931 2334 2084 2379 tene—

501 2421 616 2476 bris
645 2420 913 2485 laudatis,
944 2434 1139 2490 nempe
1180 2419 1280 2473 has
1308 2418 1572 2472 festinare
1598 2416 1662 2470 ad
1702 2416 1899 2479 lucem,
1928 2430 2082 2470 eam-

2187 1856 2328 1928 φωτι
2358 1856 2729 1926 ἀπαγγέλλειν
2764 1857 2929 1911 παντὶ
2953 1854 3033 1927 τῷ
3063 1855 3337 1927 γινομένῳ
3368 1855 3527 1926 φονεῖ.
3579 1855 3779 1927 Παρα-

2185 1947 2461 2019 δοξότερον
2485 1948 2531 2002 δ’
2563 1947 2631 2002 ἂν
2654 1946 2748 2000 ἐπὶ
2781 1945 2878 2000 τοῦ
2911 1944 3304 2017 ἐπαινουμένου
3340 1945 3568 2009 σκότους
3597 1945 3780 1999 εἴποι-

2191 2054 2275 2108 μι,
2307 2037 2389 2091 ὅτι
2415 2036 2576 2091 τοῦτο
2605 2035 2825 2091 σπεύδει
2856 2034 2953 2089 ἐπὶ
2984 2034 3046 2088 τὸ
3071 2033 3208 2104 φῶς,
3232 2034 3330 2087 καὶ
3361 2031 3777 2105 καταλαμϐάνει

2191 2130 2344 2193 αὐτὸ,
2371 2130 2467 2184 καὶ
2491 2128 2700 2200 γίνεται
2726 2145 2880 2193 ποτε,
2912 2127 3001 2182 διὰ
3023 2128 3083 2181 τὸ
3111 2126 3425 2196 ἀγνοεῖσθαι
3450 2127 3663 2192 σκότος,
3690 2126 3776 2198 τῷ

2192 2223 2268 2295 μὴ
2291 2224 2491 2295 ὁρῶντι
2511 2222 2621 2294 (87)
2651 2221 2748 2293 τὴν
2779 2219 3007 2292 δύναμιν
3032 2218 3221 2284 αὑτοῦ,
3248 2217 3392 2273 οὕτω
3421 2218 3766 2292 μεταϐάλλον

2188 2318 2329 2372 ὥστε
2360 2317 2451 2370 τον
2494 2314 2851 2387 μεμαθηκότα
2881 2311 3283 2383 ἀποφαίνεσθαι
3324 2312 3606 2381 γεγονέναι
3650 2309 3776 2381 φῶς

2186 2415 2246 2466 τὸ
2269 2408 2510 2481 γνωσθὲν
2537 2423 2668 2461 ποτε
2700 2405 2944 2476 ὑπάρχον
2965 2402 3114 2475 αὐτῷ
3143 2403 3354 2465 σκότος.

498 2526 602 2580 que
634 2511 1061 2581 apprehendere,
1095 2521 1261 2578 atque
1307 2525 1428 2579 quae
1459 2509 1587 2565 olim
1634 2508 1870 2564 fuissent
1915 2512 2176 2572 tenebrat,
2212 2522 2317 2560 non
2351 2500 2660 2572 dispirienti
2701 2499 2809 2553 vim
2834 2499 3100 2568 ipsarum,
3132 2496 3367 2564 ecquod
3402 2495 3775 2566 ignoraretur,

496 2600 579 2654 sic
606 2599 906 2665 immutari,
941 2608 1000 2654 ut
1022 2614 1144 2653 cum
1173 2601 1218 2653 is
1252 2598 1319 2652 ad
1345 2612 1532 2653 eorum
1575 2599 1857 2653 scientiam
1891 2598 2198 2670 pervenerit
2229 2612 2348 2666 qn.e
2376 2592 2663 2664 ignorabat
2689 2589 2957 2654 enuntiet,
2986 2602 3107 2658 qua:
3148 2585 3403 2642 didicerit
3454 2583 3624 2639 luisse
3656 2582 3772 2639 sibi

496 2688 788 2759 aliquando
822 2688 1095 2752 tenebras,
1130 2703 1275 2744 nunc
1305 2697 1485 2741 autent
1518 2688 1711 2744 lucent.

564 2779 656 2834 ει.
684 2775 815 2831 Fuit
840 2777 992 2831 hante
1013 2778 1201 2832 missus
1229 2796 1260 2832 ιι
1293 2778 1424 2842 Deo,
1449 2794 1637 2832 nomen
1665 2779 1746 2832 illi
1766 2777 2004 2834 Joannes
2026 2780 2069 2835 ’.

493 2869 818 2925 Arcnratius
855 2869 1053 2938 aliquis
1099 2870 1412 2941 intelligens
1456 2885 1645 2925 vocent
1693 2870 1885 2925 minus
1909 2869 2075 2942 (quo-

2262 2774 2524 2847 Ἐγένετο
2572 2771 2882 2841 ἄνθρωπος
2921 2766 3379 2837 ἀπεσταλμένος
3404 2766 3563 2834 παρὰ
3590 2765 3773 2823 Θεοῦ.

2181 2870 2369 2939 ὄνομα
2408 2865 2571 2932 αὐτῷ
2625 2862 2920 2931 Ἰωάννης.
2964 2858 3375 2933 Ἀκριῦέστερόν
3431 2875 3514 2922 τις
3548 2857 3772 2912 ἀκούων

495 2962 642 3017 niam
669 2960 760 3031 qui
790 2960 1048 3026 mittitur,
1078 2960 1329 3017 alicunde
1349 2971 1404 3017 et
1427 2962 1611 3032 aliquo
1642 2962 1896 3036 mittitur)
1924 2979 2074 3036 qna:-

2180 2960 2269 3015 τοῦ
2291 2999 2308 3023 ,
2359 2953 2817 3025 ἀπεσταλμένος
2871 2951 3083 3022 (ἐπειδὴ
3116 2954 3146 3005 ό
3188 2947 3598 3021 ἀπεσταλμένος
3656 2965 3769 3002 πο-

494 3060 578 3107 ret
610 3052 753 3107 unde
785 3050 1029 3108 Joannes
1064 3052 1134 3108 sit
1163 3055 1365 3108 missus
1405 3063 1461 3109 et
1495 3070 1625 3124 quo.
1671 3054 1804 3110 Cum
1841 3070 1971 3110 vero
2006 3056 2072 3109 li-

492 3152 658 3212 queat
704 3158 835 3213 quo,
891 3144 1150 3198 nimirum
1211 3142 1363 3211 juxta
1427 3136 1755 3211 historiam,
1810 3147 1952 3215 quod
2005 3148 2072 3200 ad

492 3232 659 3286 Israel
686 3243 743 3286 et
769 3232 838 3286 ad
870 3232 1115 3286 volentes
1147 3248 1272 3286 cum
1304 3234 1505 3289 audire
1543 3235 1594 3286 in
1645 3249 1831 3288 erctno
1875 3233 2074 3289 Juda'a:

492 3335 951 3388 commorantetn,
1000 3335 1056 3377 et
1095 3324 1236 3393 apud
1286 3321 1577 3379 Iordanem
1634 3324 1854 3377 lluvinm
1899 3325 2072 3393 bapti-

492 3423 708 3469 zantem
733 3413 905 3486 (juxta
931 3428 1059 3469 vero
1086 3414 1353 3470 rationem
1380 3412 1817 3484 profundiorem,
1846 3417 1898 3469 in
1926 3430 2074 3470 mun-

492 3507 642 3571 dnnt,
670 3505 1026 3577 intelligendo
1059 3523 1155 3578 per
1185 3508 1450 3562 mundum
1509 3507 1687 3562 locum
1727 3507 1872 3563 hunc
1901 3519 2072 3563 terre-

495 3608 667 3655 strem
717 3599 808 3655 ubi
865 3609 994 3655 sunt
1041 3600 1335 3670 homines),
1366 3600 1607 3669 inquiret
1645 3616 1881 3671 quonam
1914 3612 2072 3672 pacto

493 3692 756 3761 particula
800 3693 942 3748 unde
974 3694 1115 3750 sumi
1143 3692 1362 3750 debeat.
1407 3694 1593 3764 Itaque
1633 3694 1837 3749 diutius
1874 3696 2071 3750 dictio.

492 3796 613 3836 nem
645 3784 988 3848 examinans,
1034 3785 1178 3841 forte
1209 3789 1374 3841 etiam
1400 3787 1706 3843 cnttutiabit
1724 3790 2072 3857 quodquetu-

488 3873 781 3927 adtnodum
831 3875 899 3927 de
942 3877 1114 3930 Adam
1146 3879 1408 3947 scriptum
1456 3891 1560 3943 est,
1592 3882 1734 3949 quod
1778 3896 1797 3932 ι
1829 3880 2071 3934 emiserit

488 3974 613 4014 eum
648 3961 912 4018 Dominus
963 3964 1108 4019 Deus
1153 3980 1183 4018 e
1230 3968 1483 4034 paradiso
1514 3968 1829 4035 voluptatis,
1872 3978 1929 4022 ιιι
1974 3985 2071 4022 co-

488 4052 627 4106 leret
654 4060 883 4118 terram,
909 4067 939 4107 e
973 4069 1081 4123 qua
1110 4065 1362 4123 sumptus
1396 4056 1573 4110 fuerat
1594 4057 1639 4121 ³,
1678 4076 1699 4109 ι
1739 4058 1811 4113 ita
1832 4058 2069 4115 Joannes

494 4144 695 4197 missus
728 4141 898 4196 fuerit
922 4142 1006 4196 vel
1036 4158 1067 4197 e
1092 4144 1253 4209 caelo,
1284 4145 1364 4197 vel
1392 4160 1423 4198 e
1452 4146 1731 4213 paradiso,
1758 4149 1843 4201 vel
1866 4164 1931 4201 ex
1962 4151 2065 4203 alia

488 4235 663 4297 parte,
701 4226 954 4283 alicunde
981 4230 1225 4295 tandem,
1265 4230 1331 4284 ad
1373 4232 1516 4285 hunc
1560 4247 1724 4301 super
1748 4244 1944 4290 terram
1989 4237 2070 4290 ln-

2181 3049 2272 3107 θὲν
2326 3066 2429 3103 που
2484 3043 2948 3115 ἀποστέλλεται),
2998 3042 3222 3113 ζητήσει
3282 3039 3445 3095 πόθεν
3496 3041 3526 3092 ὁ
3579 3038 3772 3094 Ἰωάν-

2180 3163 2279 3219 νης
2332 3140 2611 3211 ἀπεστάλη
2663 3139 2759 3193 καὶ
2808 3134 2933 3191 ποῦ.
2982 3133 3198 3203 Σαφῶς
3248 3132 3294 3186 δ’
3322 3132 3475 3195 δντος
3495 3128 3590 3184 τοῦ
3629 3129 3766 3196 ποῦ,

2181 3234 2321 3288 κατά
2367 3230 2467 3302 μὲν
2500 3230 2599 3301 τὴν
2648 3226 2912 3299 ἱστορίαν,
2944 3225 3029 3278 ὅτι
3080 3222 3221 3294 πρὸς
3261 3222 3354 3277 τὸν
3392 3220 3632 3293 Ἰσραὴλ,
3663 3222 3770 3275 καὶ

2178 3327 2305 3388 τοὺς
2343 3320 2700 3393 βουλομένους
2736 3317 2902 3374 αὑτοῦ
2953 3315 3171 3372 ἀκούειν
3217 3316 3276 3368 ἐν
3322 3316 3390 3393 ζεῇ
3432 3313 3622 3385 ἐρήμῳ
3656 3312 3769 3393 τῆς

2191 3386 2448 3475 Ἰουδαίας
2472 3386 2859 3480 διατρίϐοντος,
2884 3405 2979 3460 καὶ
3011 3403 3162 3476 παρά
3194 3402 3273 3475 τῷ
3310 3386 3548 3475 1Ἰορδάνῃ
3586 3386 3767 3457 ποταξ

2183 3504 2268 3575 μῷ
2300 3501 2654 3573 βαπτίζοντος
2690 3495 2853 3568 (κατά
2890 3495 2947 3549 δὲ
2996 3492 3292 3565 βαθύτερον
3339 3490 3519 3560 λόγον,
3542 3492 3626 3545 δτι
3677 3492 3767 3555 εἰς

2176 3595 2267 3649 τὸν
2300 3594 2523 3664 κόσμον,
2550 3592 2756 3661 κόσμου
2782 3585 3194 3658 λαμϐανομένου
3219 3582 3313 3637 τοῦ
3337 3582 3618 3656 περιγεεου
3659 3582 3764 3636 τό-

2179 3703 2301 3749 που,
2359 3682 2486 3737 ἔνθα
2537 3681 2675 3734 εἰσὶν
2705 3678 2815 3750 (88)
2857 3674 3179 3748 ἄνθρωποι),
3230 3673 3476 3739 ἐξετάσει
3510 3671 3627 3737 πῶς
3670 3671 3769 3727 δεῖ

2176 3772 2472 3845 λαμϐάνειν
2504 3770 2584 3836 τὺ,
2617 3771 2823 3823 πόθεν.
2875 3763 3183 3818 Ἐπιπλεῖον
3218 3764 3276 3817 δὲ
3306 3760 3613 3834 βασανίζων
3652 3760 3766 3834 τὴν

2179 3864 2344 3931 λέξιν,
2389 3861 2528 3932 τάχα
2566 3859 2660 3913 καὶ
2698 3853 3078 3926 ἀποφαίνεται,
3130 3854 3235 3918 ὅτι,
3291 3851 3482 3923 ὥσπερ
3522 3851 3616 3904 ἐπὶ
3654 3849 3764 3904 τοῦ

2188 3956 2360 4027 Ἀδάμ
2384 3954 2692 4024 γέγραπται
2709 3966 2724 3980 °
2761 3968 2778 3999 t
2820 3946 2928 4001 Καὶ
2955 3941 3330 4012 ἐξαπέστειλεν
3357 3940 3519 3997 αὐτὸν
3548 3941 3767 4014 Κύριος

2176 4051 2206 4102 6
2229 4046 2361 4109 Θεὸς
2391 4046 2458 4098 ὲκ
2494 4042 2589 4096 τοῦ
2629 4037 2958 4111 παραδείσου
2994 4034 3097 4105 τῆς
3143 4033 3377 4106 τρυφῆς,
3420 4028 3763 4104 ἐργάζεσθαι

2174 4139 2274 4209 τὴν
2307 4136 2435 4205 γῆν,
2474 4132 2532 4196 ἐξ
2567 4126 2636 4201 ἦς
2666 4127 2893 4200 ἐλήφθη,
2940 4145 2959 4178 ι
2994 4124 3138 4179 οὕτω
3168 4123 3263 4176 καὶ
3293 4125 3322 4176 6
3361 4118 3613 4194 Ἰωάννης
3639 4118 3761 4194 (89)

2176 4225 2454 4295 ἀπεστάλη
2484 4223 2518 4294 ἦ
2550 4220 2611 4286 ἐξ
2634 4217 2869 4290 ούρανοῦ
2904 4216 3037 4292 (90),
3071 4217 3104 4288 ἢ
3150 4217 3216 4268 ἐκ
3246 4212 3341 4268 τοῦ
3391 4212 3757 4286 παραδείσου,

482 4331 608 4372 cum
636 4336 651 4385 ;
684 4326 741 4372 et
785 4318 990 4375 missus
1034 4318 1227 4385 fuerit,
1275 4336 1294 4371 ι
1326 4331 1385 4374 ιιι
1414 4328 1709 4379 testaretur
1743 4324 1809 4377 de
1832 4323 1951 4379 lure
1971 4324 2014 4378 ⁸.
2041 4345 2061 4378 ι

2180 4320 2204 4390 ἢ
2235 4318 2359 4371 ὅθεν
2389 4316 2589 4388 δήποτε
2615 4310 2880 4383 ἑτέρωθεν
2911 4308 3064 4381 παρὰ
3087 4307 3197 4378 (91)
3226 4306 3321 4359 τὸν
3344 4305 3448 4362 ἐπὶ
3473 4305 3579 4375 γῆς
3619 4304 3759 4359 τοῦ-

489 4406 662 4463 liabet
732 4415 913 4463 autem
978 4422 1084 4465 non
1175 4412 1631 4467 contemnendam
1700 4410 2061 4479 objectionem

483 4514 665 4557 sermo
708 4501 818 4567 hic,
863 4501 1121 4572 quoniam
1149 4503 1414 4574 scriptum
1464 4505 1536 4560 sit
1580 4504 1721 4575 apud
1769 4503 1962 4559 Isaiam
1990 4507 2060 4562 ἰ

487 4612 509 4645 ι
541 4592 712 4660 Quem
747 4595 986 4661 mittam,
1028 4606 1087 4650 et
1118 4596 1245 4666 quis
1282 4596 1382 4652 ibit
1424 4597 1492 4652 ad
1530 4596 1786 4668 populum
1818 4598 2054 4654 hunc?»

484 4694 539 4738 et
576 4686 911 4754 respondens
943 4687 1207 4757 propheta
1236 4688 1419 4758 inquit
1440 4689 1476 4720 ·⁶
1519 4707 1534 4744 :
1573 4706 1592 4739 ι
1633 4688 1773 4745 Ecce
1800 4704 1921 4761 rgo.
1947 4691 2059 4761 82

483 4776 642 4830 mitte
670 4790 775 4831 me.
820 4795 841 4829 ι
878 4776 1035 4834 Dicet
1062 4782 1211 4835 enim
1248 4784 1339 4851 qui
1376 4780 1759 4837 adversaltitur
1784 4782 1911 4837 huic
1941 4783 2060 4852 opi-

482 4866 658 4934 nioni,
712 4881 834 4937 quae
888 4871 1208 4938 prol'undzor
1265 4884 1536 4944 apparet,
1594 4873 2056 4945 quemadmodum

479 4957 648 5015 lsaias
676 4960 875 5016 missus
906 4972 1009 5026 est,
1042 4976 1151 5018 non
1184 4964 1254 5019 ab
1281 4965 1390 5020 alio
1432 4966 1555 5022 loco
1598 4966 1667 5022 ad
1714 4967 1864 5022 hunc
1898 4981 2058 5021 mun-

480 5053 630 5117 dum,
677 5052 772 5109 sed
826 5063 1114 5125 postquam
1163 5054 1301 5109 vidit
1345 5055 1631 5112 Dominum
1676 5057 1953 5113 sedentem
1998 5058 2052 5112 in

2163 4425 2256 4462 τον
2303 4406 2465 4460 τόπον
2485 4422 2499 4436 ⁸
2545 4404 2641 4457 καλ⁵
2693 4399 2994 4471 ἀπεστάλη,
3031 4417 3050 4445 ι
3107 4398 3196 4452 ἵνα
3250 4397 3573 4469 μαρτυρήσῃ
3619 4396 3763 4468 περὶ

2164 4499 2260 4554 τοῦ
2287 4497 2484 4568 φωτός.
2523 4515 2544 4549 t
2590 4495 2743 4565 Ἔχει
2775 4491 2832 4546 δὲ
2857 4488 3239 4560 ἁνθυποφοράν
3261 4488 3362 4542 οὐκ
3408 4488 3760 4557 εὐκαταφρόο

2164 4606 2323 4663 νητον
2350 4591 2379 4645 6
2412 4588 2591 4658 λόγος,
2630 4585 2755 4639 ἐπεὶ
2805 4583 2901 4638 καὶ
2955 4580 3107 4654 παρά
3164 4576 3362 4651 Ἡσαΐᾳ
3399 4578 3753 4649 γέγραπται·

2167 4703 2187 4738 ι
2218 4683 2353 4738 Τίνα
2386 4679 2712 4744 ἀποστείλω,
2749 4678 2842 4731 καὶ
2861 4675 2945 4739 τίς
2975 4671 3306 4747 πορεύσεται
3337 4671 3474 4744 πρὸς
3497 4667 3588 4723 τὸν
3616 4668 3757 4725 λαὸν

2160 4774 2385 4840 τοῦτονς
2434 4792 2454 4827 t
2498 4774 2588 4827 ὅτε
2639 4767 3071 4842 ἀποκρινόμενος
3119 4767 3150 4819 6
3195 4763 3482 4836 προφήτης
3539 4762 3750 4833 φησιν’

2168 4887 2192 4923 t
2236 4869 2390 4933 Ἰδοὺ,
2424 4867 2541 4939 εἰμὶ
2571 4864 2702 4935 ἐγὼ,
2727 4859 3045 4917 ἀπόστειλόν
3070 4874 3162 4930 με.
3196 4876 3215 4909 ι
3267 4855 3413 4926 Ἐρεῖ
3439 4852 3551 4926 γάρ
3573 4856 3603 4907 6
3634 4856 3753 4907 ἐνια

2164 4964 2429 5036 στάμενος
2481 4961 2549 5031 τῇ
2604 4953 2877 5029 βαθυτέρᾳ
2925 4949 3302 5022 ἐμφαινομένη
3360 4945 3605 5019 ὑπονοίᾳ.
3638 4946 3751 5010 ὅτι,

2161 5056 2351 5128 ῶσπερ
2396 5057 2427 5108 6
2465 5053 2692 5115 Ἡσαΐας
2727 5045 3029 5118 ἀπεστάλη,
3062 5042 3184 5114 οὐχὶ
3221 5044 3317 5113 ἀφ’
3352 5041 3542 5113 ἐτέρου
3576 5039 3752 5095 τόπου

545 5170 591 5201 ³⁸
620 5167 763 5222 Psal.
793 5184 923 5235 xvtt,
953 5171 1041 5224 l2.
1105 5167 1153 5201 ”
1176 5168 1336 5225 Prov.
1372 5186 1413 5236 ι,
1435 5170 1491 5226 ϐ.
1571 5170 1589 5202 ¹
1619 5170 1807 5226 Matth.
1839 5187 1895 5237 ι,
1921 5170 2014 5225 27.

2180 5188 2294 5226 nan.
2325 5183 2372 5236 t,‘
2387 5170 2442 5225 6.
2518 5169 2540 5200 ⁸
2565 5167 2702 5223 Gen.
2734 5181 2818 5225 ιιι,
2842 5160 2939 5215 25.
3011 5159 3034 5190 ⁸
3057 5157 3215 5214 Joan.
3246 5173 3290 5225 ι,
3318 5156 3366 5210 7.
3449 5155 3623 5224 'Cap.
3662 5169 3745 5219 ιι,

477 5247 618 5292 Vers.
649 5239 704 5291 8.
776 5240 804 5271 ‘
828 5241 961 5297 ibid.

545 5333 661 5404 (87)
700 5334 793 5400 Τῷ
810 5335 897 5403 μὴ
934 5333 1166 5404 δρῶντι.
1201 5332 1295 5389 Sic
1342 5331 1511 5388 codex
1542 5330 1899 5397 Bodleianus;
1933 5329 2050 5385 edi-

476 5403 550 5459 tio
571 5401 863 5479 uacuam,
885 5401 1061 5479 ’τὸςμῂ
1084 5404 1301 5479 ὁρῶντι.
1331 5471 1351 5479 _
1516 5471 1532 5479 _
1557 5471 1570 5479 _
1624 5469 1662 5479 __
1728 5470 1742 5479 _
1829 5468 1843 5479 _

543 5472 656 5543 (88)
700 5473 913 5538 Τόπον,
942 5469 1089 5529 ἐύθὶι
1117 5469 1297 5529 εἰσιν.
1331 5471 1592 5543 lta‘codd.
1624 5469 1954 5543 Barberinus
1993 5476 2051 5543 et

2159 5331 2365 5386 minum
2397 5325 2691 5383 sanctitate
2725 5325 2988 5382 nobilium
3028 5324 3176 5392 ipsos
3199 5336 3339 5392 esse
3382 5317 3625 5391 angelos,
3679 5332 3744 5372 ut

2155 5399 2289 5454 alias
2316 5413 2463 5468 saepe
2492 5397 2649 5468 nobis
2673 5396 3022 5468 observatum
3050 5390 3159 5468 est.
3195 5390 3461 5468 libertas.

2227 5468 2340 5539 (90)
2473 5466 2543 5532 ἐξ
2568 5464 2854 5539 οὐρανοῦ.
2883 5464 2976 5539 Sic
3003 5461 3171 5539 codex
3194 5461 3584 5539 _llodleianus;
3630 5455 3739 5512 Re-

473 5531 828 5607 Bodle'ianus;
861 5531 1000 5601 male
1027 5561 1157 5601 vero
1187 5545 1357 5600 editio
1384 5540 1647 5597 Huctiana
1679 5542 1732 5594 in
1774 5548 1957 5605 textu,
1987 5538 2049 5591 τὸ

2180 5531 2275 5609 {ius
2301 5531 2358 5595 et
2388 5531 2735 5609 Barberitftts,
2762 5537 2874 5609 sits
2901 5532 2969 5609 ἐξ
2994 5531 3245 5609 ούρανοῦ.

475 5614 869 5756 ποῖ8ξῖσῧῧτω
899 5683 1001 5756 καὶ
1033 5681 1409 5756 d_’10)d?fﬁfnq,_
1425 5692 1530 5756 etc.
1566 5678 1853 5756 ilominutn
1901 5679 2046 5756 enim

474 5748 684 5814 animas
712 5757 779 5812 de
808 5752 949 5811 coelo
983 5753 1091 5825 peti
1120 5751 1352 5810 credidit
1371 5751 1671 5823 Origenes;
1712 5759 1767 5806 at
1798 5748 1920 5807 illas
1948 5748 2050 5805 bo-

2223 5606 2339 5680 (9i)
2377 5604 2563 5680 Παρά,
2589 5604 2682 5663 Sic
2705 5596 2876 5664 eode:
2901 5596 3255 5670 Burneianus;
3286 5599 3489 5673 Regius
3511 5607 3569 5655 et
3598 5596 3730 5654 Bar-

2153 5676 2399 5748 berinus,
2432 5676 2578 5749 περι.
