4082 6224
348 221 457 278 165

1443 228 1803 286 COMMENT.
1842 229 1909 284 ΙΝ
1946 229 2138 287 JOAN.
2179 231 2418 288 TOMUS
2457 234 2522 290 ll.

3517 249 3620 304 N56

345 343 505 415 παρὰ
529 342 624 399 τὸν
648 345 852 417 κόσμον
874 347 1080 411 τοῦτον,
1102 347 1238 404 ἀλλὰ
1262 351 1400 421 μετά
1429 352 1491 404 τὸ
1519 353 1823 421 ἑωρακέναι
1843 354 1914 408 τὺε

2044 355 2240 412 throno
2265 356 2484 413 excelso
2515 368 2571 416 et
2609 357 2756 415 elato
2781 362 2824 425 ⁷,
2856 370 2915 416 ιιι
2960 361 3027 417 ad
3075 363 3331 433 populum
3361 365 3611 426 diceret:

345 433 560 504 Κύριον
590 435 895 506 καθήμενον
923 438 1014 492 ἐπὶ
1048 439 1240 511 θρόνου
1283 441 1488 514 ὑψηλοῦ
1534 443 1630 496 καὶ
1676 445 1928 516 ἐπῃρμέ-

341 539 465 591 νου,
505 524 641 597 πρὸς
667 525 758 578 τὸν
777 525 923 590 λαὸν,
957 527 1045 582 ἶνα
1067 529 1194 600 εἴπῃ
1215 546 1228 559 ·
1253 548 1271 581 ι
1315 530 1478 602 Ἀκοῇ
1509 530 1799 595 ἀκούσετε,
1831 531 1927 586 καὶ

346 615 414 668 ού
444 617 523 687 μὴ
563 617 782 687 συνῆτε,
810 636 829 670 ι
863 618 958 672 καὶ
984 619 1053 674 τὰ
1086 619 1216 690 ἑξῆς
1235 637 1249 652 ο
1281 621 1426 676 οὕτω
1452 623 1546 677 καὶ
1579 626 1608 677 6
1647 624 1924 694 Ἰωάννης,

341 707 715 780 σιωπωμένης
759 707 859 778 τῆς
889 709 1066 782 ἀρχῆς
1112 711 1214 782 τῆς
1252 713 1582 784 ἀποστολῆς,
1633 714 1926 784 ἀναλογίαν

339 798 579 870 ἐχούσης
610 800 748 872 πρὸς
773 799 872 871 τὴν
898 801 1206 874 ἀποστολὴν
1233 803 1327 856 τοῦ
1370 804 1608 869 Ἡσαΐου,
1660 808 1926 863 ἀποστέλ-

337 887 493 943 λεται
525 887 812 959 βαπτίζειν
856 891 952 944 καὶ
993 891 1305 962 ἑτοιμάζειν
1349 894 1536 965 Κυρίῳ
1584 895 1711 950 λαὸν
1755 915 1921 952 κατε-

340 981 734 1051 σκευασμένον,
767 983 864 1035 καὶ
897 987 1193 1055 μαρτυρεῖν
1247 986 1373 1056 περὶ
1403 986 1497 1040 τοῦ
1542 989 1738 1058 φωτός.
1783 991 1922 1044 Τού-

334 1088 449 1125 των
469 1071 512 1125 δ’
535 1071 710 1136 οὕτως
729 1071 1029 1144 λεχθέντων
1063 1076 1128 1129 ἂν
1171 1078 1306 1148 πρὸς
1355 1079 1446 1132 τὸν
1492 1081 1709 1152 πρῶτον
1763 1083 1922 1152 λόγον

335 1159 523 1226 λύσεις
558 1161 809 1217 τοιαῦται
840 1166 1198 1240 προσάγονται
1233 1168 1347 1239 (9‘2)
1379 1171 1775 1238 συγκατάθεσιν
1799 1175 1922 1226 ἐπι-

337 1251 629 1324 σπώμεναι
665 1255 803 1325 πρὸς
827 1254 888 1307 τὸ
918 1257 1046 1327 περὶ
1085 1257 1330 1312 Ἰωάννου
1374 1260 1671 1333 βαθύτερον
1727 1264 1924 1317 ὑπονο-

331 1343 601 1414 ούμενον·
653 1345 877 1402 αὐτόθεν
923 1349 1024 1419 μὲν
1071 1349 1429 1422 ἐπιφέρεταιο
1486 1372 1502 1404 ι
1551 1349 1717 1418 Οὗτος
1759 1351 1924 1426 ἦλθεν

331 1437 421 1500 είς
445 1439 772 1511 μαρτυρίαν,
810 1441 894 1495 ἵνα
919 1445 1248 1516 μαρτυρήσῃ
1271 1445 1403 1516 περὶ
1437 1444 1530 1498 τοῦ
1559 1446 1734 1514 φωτός
1758 1463 1771 1476 ο
1819 1467 1837 1499 ι
1872 1449 1922 1500 εί

331 1529 447 1600 γὰρ
467 1526 620 1602 ἦλθε,
654 1533 816 1588 ποθὲν
839 1531 990 1606 ἦλθε.
1021 1535 1133 1588 Καὶ
1179 1535 1400 1590 λεκτέον
1437 1535 1572 1607 πρὸς
1599 1538 1688 1592 τὺν
1715 1539 1920 1593 δυσπα-

2036 465 2054 496 ι
2090 447 2294 502 Αιιιιιιιι
2323 449 2581 514 audietis,
2601 459 2657 504 et
2691 468 2800 506 non
2831 453 3148 524 intelligetis
3175 456 3220 519 ⁸,
3246 475 3265 508 ι
3293 465 3349 511 et
3377 472 3497 528 qua:
3525 474 3612 516 se-

2029 547 2314 607 quuntur;
2349 541 2422 595 ita
2463 541 2626 596 etiam
2667 541 2937 599 Joannem
2969 545 3298 617 (suppresso
3339 549 3609 620 principio

2031 631 2333 698 missionis,
2371 633 2681 704 analogiam
2714 646 2770 690 et
2807 635 3074 692 rationem
3105 639 3358 694 habentis
3383 643 3452 696 ad
3481 642 3610 696 mis-

2027 721 2238 776 sionem
2275 721 2467 794 lsaiae)
2507 725 2649 780 mitti
2683 727 2749 780 ad
2786 727 3174 797 baptizandum
3203 739 3259 784 ct
3291 745 3606 800 praeparan-

2027 814 2156 867 dum
2180 815 2411 870 Domino
2441 817 2698 887 populum
2732 819 3078 886 instructum,
3115 831 3170 876 et
3200 821 3267 875 ad
3308 823 3610 878 testiﬁcan-

2027 903 2159 958 dum
2197 905 2266 960 de
2299 905 2420 962 luce
2448 907 2488 960 ’.
2525 906 2620 962 llis
2654 911 2730 963 ita
2761 910 2925 966 dictis
2953 911 3020 965 ad
3057 911 3286 981 primam
3337 913 3606 968 rationem

2026 995 2324 1052 solutiones
2373 998 2509 1054 tales
2540 1000 2907 1066 adducuntur,
2943 1016 3226 1057 assensum
3263 1005 3606 1060 attrahentes

2025 1089 2092 1141 ad
2127 1088 2179 1142 id
2212 1089 2356 1158 quod
2387 1090 2456 1145 de
2487 1089 2696 1147 Joanne
2733 1092 3057 1162 profundius
3088 1095 3459 1164 excogitatum
3489 1107 3602 1162 est;

2026 1194 2090 1234 es
2118 1181 2312 1235 eodem
2348 1182 2492 1236 enim
2546 1184 2666 1238 loco
2718 1185 3061 1256 subiungitur
3099 1204 3113 1240 :
3171 1206 3188 1238 ι
3227 1185 3328 1241 Hic
3361 1188 3509 1242 venit
3537 1191 3606 1244 ad

2031 1273 2451 1341 testificandum,
2485 1287 2544 1332 ut
2579 1287 2876 1333 testaretur
2919 1280 2988 1333 de
3016 1280 3134 1335 luce
3183 1280 3263 1345 ¹⁰;
3311 1299 3333 1332 ι
3381 1281 3427 1334 si
3457 1281 3604 1335 enim

2025 1367 2194 1429 venit,
2221 1367 2473 1422 alicunde
2519 1371 2688 1424 venit.
2737 1369 3030 1424 Dicendum
3077 1371 3239 1426 etiam
3275 1380 3358 1426 est
3395 1371 3472 1425 illi
3507 1372 3603 1441 qtti

2022 1461 2247 1524 gravate
2277 1457 2518 1510 admittit
2570 1459 2622 1511 id
2667 1460 2812 1526 quod
2843 1461 2896 1512 in
2932 1460 3285 1529 sequentibus
3331 1477 3362 1514 a
3392 1459 3604 1517 Joanne

2023 1545 2245 1609 dicitur,
2280 1557 2570 1614 postquam
2608 1549 2742 1601 vidit
2772 1549 3035 1616 Spiritum
3093 1561 3342 1604 sanctum
3376 1551 3606 1606 descen-

336 1620 704 1690 ραδεκτοῦντα
724 1625 788 1678 τὸ
817 1627 874 1679 ὲν
907 1629 1021 1690 τοῖς
1055 1626 1181 1698 ἑξῆς
1207 1627 1314 1681 ὑπὸ
1350 1628 1594 1682 Ἰωάννου
1628 1629 1914 1700 λεγόμενον

2019 1639 2236 1691 dentem
2269 1651 2369 1692 ceu
2401 1639 2707 1693 columbam
2753 1655 2919 1710 super
2957 1639 3252 1697 Servatore
3295 1642 3376 1707 “;
3425 1643 3606 1712 inquit

331 1711 430 1764 ἐπὶ
451 1711 527 1784 τῷ
559 1715 863 1786 ἑωρακέναι
891 1715 952 1768 τὸ
980 1715 1207 1787 Πνεῦμα
1234 1717 1294 1770 τὸ
1319 1718 1560 1786 άγιονὼς
1588 1697 1914 1791 περιστεράν

2019 1727 2163 1781 enim
2195 1727 2274 1780 “:
2314 1745 2332 1778 ι
2372 1726 2474 1793 Qui
2504 1728 2653 1783 misit
2681 1743 2767 1784 me
2809 1730 2874 1783 ad
2913 1732 3306 1800 baptizandum
3344 1733 3396 1785 in
3433 1747 3598 1802 aqua,

331 1805 735 1877 κατερχόμενον
762 1803 856 1861 ἐπὶ
883 1806 974 1860 τὸν
1007 1807 1231 1879 Σωτῆρα
1253 1823 1266 1836 ·
1302 1809 1433 1879 φησὶ
1459 1809 1565 1881 γάρ
1582 1826 1594 1840 ·
1622 1827 1640 1861 ι
1683 1810 1744 1864 '0
1774 1811 1916 1882 πέμ-

326 1899 442 1968 ψας
472 1917 540 1972 με
577 1900 862 1971 βαπτίζειν
893 1900 1003 1972 (95)
1029 1903 1086 1955 ἐν
1114 1899 1190 1972 τῷ
1226 1899 1401 1966 ὕδατι,
1441 1904 1645 1968 ἐκεῖνός
1692 1921 1780 1976 μοι
1834 1901 1914 1958 εἷ-

328 2007 463 2045 πεν·
511 1993 627 2061 Ἐφ’
681 1993 740 2047 ὃν
798 1993 864 2047 ἂν
917 1992 1032 2066 ἴδῃς
1082 1993 1142 2046 τὸ
1180 1992 1406 2065 Πνεῦμα
1451 1995 1780 2050 καταϐαῖνον
1819 1997 1916 2051 καὶ

329 2083 496 2152 μένον
525 2083 614 2137 ἐπ’
630 2083 814 2148 αὐτὸν,
845 2075 999 2147 οὗτός
1032 2085 1180 2137 ἐστιν
1201 2086 1230 2138 6
1252 2085 1531 2156 βαπτίζων
1556 2089 1615 2141 ὲν
1635 2088 1916 2160 Πνεύματι

326 2177 477 2248 ἁγίῳ
527 2177 624 2232 καὶ
661 2176 811 2250 πυρί.
851 2195 870 2230 ι
906 2178 1044 2231 Πότε
1099 2179 1208 2250 γὰρ
1251 2179 1477 2251 πέμψας
1522 2181 1666 2235 τοῦτ’
1717 2182 1916 2235 ἐνετεί-

326 2267 498 2332 λατο;
573 2269 710 2322 Ἀλλ’
760 2268 909 2333 εἰκὸς
978 2270 1370 2342 ἀποκρίνεσθαι
1423 2272 1560 2347 πρὸς
1601 2273 1663 2327 τὸ
1721 2274 1913 2345 πύσμα

325 2357 507 2423 τοῦτο,
553 2360 636 2412 ὅτι
683 2361 771 2414 ὅτε
829 2360 1029 2433 δήποτε
1085 2361 1331 2434 ἔπεμπεν
1381 2363 1476 2417 ἐπὶ
1528 2365 1590 2418 τὸ
1643 2365 1912 2438 ἄρξασθαι

330 2447 636 2518 βαπτίζειν,
663 2451 786 2505 τότε
817 2451 1006 2506 τοῦτον
1026 2453 1118 2506 τὸν
1139 2454 1293 2524 λόγον
1316 2449 1471 2511 εἶπεν
1493 2458 1522 2510 6
1552 2456 1910 2529 χρηματίζων

328 2540 469 2612 πρὸς
494 2542 677 2598 αὐτόν.
713 2545 834 2597 Ἔτι
861 2544 917 2598 δὲ
965 2544 1474 2619 ὲκπληκτικώτερον
1518 2549 1655 2620 πρὸς
1691 2549 1753 2602 τὸ
1796 2551 1914 2604 ἐτέ-

327 2631 508 2704 ρωθέν
561 2633 726 2688 ποθεν
757 2636 1098 2692 ἀπεστάλθαι
1135 2639 1228 2692 τὸν
1275 2639 1526 2710 Ἰωάννην
1562 2641 1910 2713 ὲνσωματού-

333 2739 518 2792 μενον,
542 2725 800 2780 ὑπόθεσιν
831 2727 932 2781 οὐκ
954 2727 1122 2799 ἀλλην
1143 2729 1245 2800 τῆς
1267 2729 1346 2794 είς
1366 2730 1456 2784 τὸν
1478 2731 1590 2802 βίον
1618 2733 1913 2805 ἐπιδημίας

332 2815 549 2886 ἔχοντος
575 2818 750 2891 (94)ἢ
789 2837 808 2871 t
855 2819 952 2892 τὴν
987 2821 1117 2893 περὶ
1149 2822 1244 2876 τοῦ
1282 2823 1461 2892 φωτὸς
1513 2827 1840 2898 μαρτυρίαν,
1887 2845 1905 2879 ι

327 2906 392 2960 τὸ
414 2907 730 2978 Πνεύματος
751 2909 907 2980 ἁγίου
939 2911 1244 2984 πλησθῆναι
1275 2914 1353 2966 ἔτι
1383 2916 1449 2968 ὲκ
1477 2915 1684 2981 κοιλίας
1707 2917 1911 2990 μητρὸς

329 2999 520 3066 αὑτοῦ,
552 3001 844 3096 λεγόμενον
871 3003 977 3056 ὑπὸ
1015 3003 1275 3076 Γαϐριὴλ,
1308 3004 1797 3078 εὐαγγελιζομένου
1831 3008 1910 3080 τῷ
1937 3036 1980 3096 C

331 3091 430 3158 μὲν
453 3093 698 3166 Ζαχαρία
735 3087 835 3166 τὴν
867 3093 1116 3150 Ἰωάννου
1167 3097 1399 3166 γένεσιν,
1456 3101 1520 3170 τῇ
1572 3097 1629 3152 δὲ
1677 3101 1910 3172 Μαριὰμ

326 3183 426 3255 τὴν
449 3184 544 3238 τοῦ
582 3185 831 3259 Σωτῆρος
857 3188 1014 3260 ἡμῶν
1045 3187 1104 3244 ὲν
1131 3190 1438 3261 ἀνθρώποις
1455 3191 1777 3263 ἐπιδημίαν·
1815 3197 1911 3249 καὶ

327 3275 424 3330 τό·
467 3293 485 3326 ι
535 3277 668 3331 Ἰδοὺ
706 3278 814 3350 γὰρ
838 3279 915 3344 ὡς
948 3281 1164 3348 ἐγένετο
1205 3281 1238 3352 ή
1275 3281 1830 3354 φωνὴτοῦάσπασμοῦ
1847 3301 1940 3339 σου

329 3368 409 3432 είς
436 3367 506 3421 τά
531 3362 646 3423 ὦτά
669 3387 793 3442 μου,
824 3370 1148 3443 ἐσκίρτησεν
1179 3372 1238 3426 ἐν
1265 3372 1582 3441 ἀγαλλιάσει
1610 3375 1672 3428 τὺ
1711 3376 1908 3447 βρέφος

329 3460 388 3512 ἐν
505 3459 683 3532 κοιλίᾳ
723 3478 844 3532 μου.
888 3479 907 3513 ι
941 3461 1031 3532 Τῷ
1059 3461 1169 3534 γὰρ
1198 3463 1453 3533 τηροῦντι
1497 3465 1559 3517 τὸ
1590 3465 1754 3537 μηδὲν
1795 3466 1910 3519 ἀδί-

330 3567 463 3615 κως,
503 3552 638 3624 μηδὲ
673 3552 816 3607 κατά
848 3554 1161 3625 συντυχίαν,
1209 3556 1241 3627 ἢ
1295 3557 1680 3628 άποκλήρωσιν
1713 3561 1905 3622 ποιεῖν,

327 3642 624 3711 ἀναγκαῖον
681 3643 1086 3716 παραδέξασθαι
1159 3648 1538 3720 πρεσϐυτέραν
1587 3645 1753 3703 οὖσαν
1807 3649 1907 3721 τὴν

341 3733 588 3789 Ἰωάννου
619 3733 794 3806 ψυχὴν
820 3735 913 3788 τοῦ
950 3735 1221 3807 σώματος,
1254 3740 1346 3792 καὶ
1374 3739 1638 3813 πρότερον
1664 3739 1908 3808 ὑφεστῶ-

332 3843 432 3880 σαν
479 3825 802 3896 πεπέμφθαι
851 3825 943 3878 ὲπὶ
975 3827 1254 3883 διακονίαν
1299 3829 1398 3898 τῆς
1445 3830 1700 3900 περὶτοῦ
1731 3833 1908 3900 φωτὸς

328 3916 656 3988 μαρτυρίας.
705 3915 849 3988 Πρὸς
892 3917 1106 3983 τούτοις
1133 3918 1189 3972 δὲ
1231 3917 1292 3972 οὐ
1328 3921 1766 3992 καταφρονητέον
1814 3923 1910 3975 καὶ

323 4009 444 4073 τοῦ,
471 4026 489 4061 ι
535 4001 706 4073 Οὗτός
742 4011 892 4064 ἐστιν
938 4011 1125 4076 Ἠλίας
1151 4013 1179 4065 ὁ
1216 4011 1424 4083 μέλλων
1454 4011 1566 4083 (95)
1595 4011 1901 4082 ἔρχεσθαι.»

336 4100 465 4154 Ἐὰν
503 4100 562 4154 δὲ
604 4100 782 4174 κρατῇ
832 4100 861 4156 6
913 4103 1142 4158 καθόλου
1195 4105 1324 4176 περὶ
1378 4105 1555 4176 ψυχῆς
1621 4106 1799 4176 λόγος,
1832 4108 1909 4171 ὡς

322 4192 383 4244 ού
421 4191 866 4265 συνεσπαρμένης
895 4194 974 4266 τῷ
1006 4193 1236 4266 σώματι,
1279 4195 1412 4250 ἀλλά
1444 4197 1550 4269 πρὸ
1583 4196 1749 4250 αὐτοῦ
1775 4215 1908 4266 τυγο

323 4280 615 4354 χανούσης,
650 4283 746 4337 καὶ
771 4282 859 4338 διὰ
893 4285 1140 4350 ποικίλας
1167 4287 1343 4350 αἰτίας
1385 4287 1710 4359 ἐνδυομένης
1743 4289 1906 4361 σαρκὶ

2018 1817 2110 1871 ille
2139 1817 2268 1872 mihi
2299 1819 2433 1872 dixit
2465 1836 2478 1872 :
2512 1819 2690 1888 Super
2731 1837 2894 1890 quem
2944 1824 3147 1877 videris
3187 1823 3456 1891 Spiritum
3505 1825 3604 1878 de-

2017 1909 2368 1962 scendentem
2417 1919 2472 1962 et
2527 1919 2836 1965 manentem
2887 1928 3050 1982 super
3091 1930 3240 1976 eum,
3275 1913 3362 1968 hic
3390 1923 3474 1968 est
3506 1915 3599 1984 qui

2018 1997 2258 2066 baptizat
2286 1999 2338 2052 in
2371 1997 2578 2069 Spiritu
2612 2011 2806 2056 sancto
2838 2011 2894 2056 et
2944 2003 3076 2073 igni.
3121 2021 3138 2054 ι
3175 2003 3406 2069 Quando
3452 2006 3598 2059 enim

2018 2089 2108 2144 ille
2142 2090 2234 2159 qui
2268 2089 2416 2146 misit
2443 2090 2548 2146 hoc
2595 2094 2902 2164 praecepit?
2943 2096 3015 2148 At
3054 2095 3334 2164 probabile
3379 2109 3464 2150 est
3509 2111 3598 2150 re—

2017 2197 2342 2250 sponsuruttt
2373 2182 2442 2237 ad
2477 2182 2962 2253 interrogationem
3013 2185 3176 2249 hanc,
3224 2199 3349 2241 eum
3396 2188 3488 2259 qui
3531 2190 3599 2242 ad

2014 2271 2280 2328 Joannem
2310 2272 2658 2342 loquebatur,
2681 2284 2794 2327 tum
2831 2274 2949 2329 haec
2975 2276 3141 2330 verba
3173 2276 3374 2332 dixisse
3396 2278 3444 2332 ei
3471 2277 3608 2332 cum-

2013 2378 2138 2417 cum
2170 2364 2409 2418 mitteret
2435 2372 2494 2418 ut
2527 2365 2808 2436 baptizare
2833 2366 3121 2434 inciperet.
3148 2367 3344 2424 Adhuc
3373 2368 3438 2422 ad
3473 2383 3600 2438 pro-

2015 2454 2250 2508 bandum
2307 2455 2452 2525 quod
2505 2456 2760 2510 alicunde
2812 2471 2876 2509 ex
2933 2457 3044 2510 alio
3097 2455 3215 2511 loco
3265 2457 3470 2511 missus
3525 2458 3600 2512 sit

2013 2545 2274 2612 Joannes,
2306 2547 2398 2618 qui
2426 2562 2624 2616 corpus
2653 2548 2903 2615 assumit,
2935 2562 3154 2601 causam
3183 2563 3286 2602 non
3315 2549 3475 2602 aliam
3503 2551 3600 2602 ad-

2015 2648 2208 2694 ventus
2249 2640 2334 2694 sui
2369 2640 2421 2694 in
2464 2639 2629 2692 vitam
2663 2639 2890 2701 habens,
2925 2655 3085 2708 quam
3137 2659 3155 2690 ι
3196 2649 3253 2693 ιιι
3300 2649 3597 2694 testaretur

2013 2733 2081 2786 de
2101 2731 2221 2786 lucc
2248 2731 2313 2796 ",
2341 2748 2360 2782 ι
2385 2729 2611 2798 majoris
2635 2731 2892 2800 ponderis
2917 2739 2998 2786 est
3028 2731 3174 2800 quod
3213 2731 3452 2802 repletus
3482 2731 3597 2802 Spi-

2016 2823 2121 2878 ritu
2163 2833 2351 2877 sancto
2399 2823 2580 2877 adhuc
2627 2838 2697 2876 ex
2749 2832 2906 2876 utero
2955 2823 3146 2877 matris
3176 2837 3288 2878 suae
3337 2823 3593 2878 dicitura

2011 2915 2291 2982 Gabriele,
2344 2915 2437 2985 qui
2478 2914 2752 2970 nuntiavit
2797 2915 3078 2970 Zachariae
3127 2916 3348 2986 quidem
3407 2926 3593 2971 ortnnt

2011 3006 2257 3074 Joannis,
2286 3007 2467 3062 Maria:
2499 3017 2682 3060 autem
2703 3005 3016 3061 Servatoris
3044 3007 3220 3061 nostri
3245 3008 3388 3060 inter
3417 3007 3593 3061 Immi-

2014 3114 2109 3155 nes
2145 3100 2437 3154 adventum
2470 3098 2514 3130 ιδ
2539 3115 2555 3164 ;
2585 3108 2638 3153 et
2671 3097 2800 3152 illttd
2836 3098 3005 3152 etiam
3045 3115 3060 3152 :
3109 3117 3128 3149 ι
3182 3099 3323 3152 Ecce
3354 3098 3500 3151 enim
3535 3108 3592 3153 ιιι

2013 3191 2150 3246 facta
2186 3202 2270 3246 est
2296 3207 2397 3246 vox
2438 3190 2791 3248 salutationis
2821 3199 2927 3244 una:
2959 3191 3010 3244 in
3042 3190 3266 3244 auribus
3297 3193 3452 3253 meis,
3494 3207 3591 3245 ex-

2010 3283 2231 3336 sultavit
2260 3283 2314 3337 in
2345 3283 2548 3354 gaudio
2583 3283 2768 3338 infans
2791 3283 2844 3337 itt
2876 3292 3036 3336 utero
3064 3297 3186 3336 meo
3215 3281 3278 3335 ⁸⁵.
3309 3300 3329 3333 ι
3361 3280 3592 3337 Proinde

2010 3375 2100 3443 qtti
2131 3385 2290 3428 cavet
2340 3391 2408 3428 ne
2437 3376 2744 3445 quidquam
2796 3374 2881 3429 vel
2932 3374 3154 3443 injuste,
3194 3373 3275 3426 vel
3306 3388 3459 3442 casu,
3509 3372 3591 3450 vel

2011 3467 2221 3534 privata
2255 3467 2532 3522 electione
2561 3467 2760 3532 faciat,
2795 3465 3159 3535 antiquiorem
3196 3479 3318 3519 esse
3364 3463 3591 3519 Joannis

2008 3559 2248 3614 animam
2267 3573 2430 3628 quam
2457 3571 2655 3628 corpus
2684 3558 2940 3612 admittat
2969 3570 3193 3611 necesse
3215 3565 3320 3618 est,
3347 3565 3400 3608 et
3429 3564 3587 3608 antea

2008 3651 2394 3705 subsistentem
2425 3650 2647 3703 missam
2675 3649 2840 3702 fuisse
2867 3649 2934 3700 ad
2953 3646 3317 3699 ministerium
3353 3647 3590 3700 testandi

2008 3744 2072 3796 de
2097 3743 2239 3798 luce.
2267 3742 2347 3794 Ad
2375 3744 2491 3794 haec
2525 3740 2668 3792 haud
2716 3739 2789 3791 ita
2822 3735 3283 3792 contemnendum
3316 3747 3398 3791 est
3423 3737 3589 3791 etiam

2009 3833 2139 3886 illttd
2167 3849 2182 3886 :
2220 3849 2239 3880 ι
2279 3831 2376 3885 llic
2413 3836 2497 3884 est
2529 3829 2674 3883 Elias
2701 3828 2794 3898 qui
2824 3839 3088 3883 venturus
3119 3836 3203 3881 est
3227 3828 3291 3882 η.
3320 3847 3340 3880 ι
3367 3827 3520 3895 Quod
3543 3829 3589 3883 si

2008 3923 2361 3994 prmvaluerit
2399 3922 2727 3976 universalis
2758 3922 2822 3975 de
2853 3921 3036 3974 anima
3077 3920 3284 3989 opinio,
3331 3931 3588 3991 tanquam

2005 4015 2114 4086 83
2142 4029 2262 4083 qum
2295 4029 2419 4068 cum
2469 4028 2700 4088 corpore
2751 4011 2958 4080 pariter
3002 4028 3106 4066 non
3137 4014 3459 4074 seminctur,
3489 4013 3584 4066 sed

2005 4115 2128 4160 ante
2158 4108 2332 4174 ipsum
2369 4105 2622 4170 exsistat,
2648 4106 2717 4159 ob
2753 4105 3042 4173 variasque
3065 4118 3258 4159 causas
3286 4118 3505 4157 carnem
3531 4112 3588 4157 et

2005 4199 2319 4264 sanguinem
2364 4197 2573 4262 induat,
2621 4195 2922 4265 particula,
2955 4213 2974 4248 ι
3011 4195 3210 4249 missus
3238 4209 3269 4248 a
3305 4195 3412 4248 Deo
3453 4192 3518 4258 ",
3561 4213 3584 4248 ι

2005 4303 2110 4344 non
2140 4289 2410 4344 videbitur
2453 4288 2688 4358 amplius
2727 4287 2892 4350 dicta,
2937 4301 3034 4342 ceu
3068 4301 3157 4342 res
3194 4287 3440 4356 quaedam
3471 4285 3586 4338 exi.

325 4373 422 4426 καὶ
461 4374 786 4446 αἵματι,ζτό’
816 4394 836 4427 ς
877 4377 1286 4449 ἀπεσταλμένος
1318 4378 1425 4433 ὑπὸ
1455 4373 1610 4444 Θεοῦ,
1652 4399 1670 4431 ι
1722 4381 1904 4434 οὐκέτι

2016 4381 2116 4435 mia
2162 4381 2228 4434 de
2261 4379 2490 4434 Joanne.
2533 4379 2718 4449 Itaque
2771 4379 3016 4434 omnium
3069 4379 3378 4448 pessimus,
3425 4375 3588 4427 homo

323 4465 467 4530 δόξει
512 4467 784 4539 ἐξαίρετον
832 4461 972 4524 εἶναι
1021 4471 1149 4542 περὶ
1189 4473 1432 4526 Ἰωάννου
1478 4472 1784 4544 λεγόμενον.
1848 4474 1906 4528 ’0

323 4557 456 4628 γοῦν
485 4560 702 4614 πάντων
732 4559 1010 4624 κάκιστος,
1042 4561 1070 4614 6
1107 4561 1390 4633 ἄνθρωπος
1419 4562 1519 4631 τῆς
1549 4563 1839 4632 ἁμαρτίας,
1878 4561 1907 4616 6

321 4647 441 4712 υίὸς
473 4647 572 4720 τῆς
610 4647 907 4716 ἀπωλείας,
954 4650 1173 4720 λέγεται
1218 4651 1367 4723 παρά
1415 4651 1495 4723 τῷ
1541 4651 1736 4723 Παύλῳ
1769 4653 1908 4724 πέμ·

323 4742 523 4797 ττεσθαι
547 4743 651 4798 ὑπὸ
674 4744 768 4798 τοῦ
791 4745 926 4799 Θεοῦ
947 4762 960 4776 ·
995 4764 1013 4796 ι
1037 4744 1137 4798 Διά
1157 4744 1312 4798 τοῦτο
1333 4746 1462 4816 γὰρ,
1493 4765 1510 4794 ι
1539 4746 1694 4817 φησι,
1725 4764 1743 4796 ι
1766 4745 1908 4817 πέμι·

324 4851 417 4886 πει
441 4835 625 4899 αὐτοῖς
651 4838 680 4890 6
707 4836 840 4900 Θεὸς
869 4837 1147 4908 ἐνέργειαν
1179 4836 1387 4906 πλάνης
1421 4839 1499 4900 είς
1532 4836 1591 4890 τὸ
1619 4835 1906 4890 πιστεῦσαι

320 4923 518 4988 αὐτοὺς
545 4926 627 4996 τῷ
648 4926 852 4996 ψεύδει,
885 4929 971 4981 ἵνα
1004 4928 1233 4999 κριθῶσι
1269 4928 1467 4991 πάντες
1493 4929 1541 4980 oi
1582 4927 1656 5000 μὴ
1681 4930 1901 4984 πιστεύ-

323 5033 521 5081 σαντες
551 5019 618 5090 τῇ
670 5019 917 5092 ἀληθείᾳ,
966 5020 1083 5074 ἀλλ’
1113 5020 1503 5091 εὐδοκήσαντες
1548 5023 1613 5092 τῇ
1644 5021 1845 5092 ἀδικίᾳ.
1876 5039 1896 5072 ι

317 5106 395 5159 τὸ
421 5107 481 5160 δὲ
510 5109 740 5180 ζητηθέν
772 5109 875 5182 ὅρα
914 5112 964 5164 εί
1012 5110 1182 5175 οὕτως
1213 5111 1371 5164 λῦσαι
1412 5109 1771 5182 δυνησόμεθα,
1797 5112 1899 5176 ὃτι,

2010 4471 2240 4542 peccati,
2285 4470 2426 4524 ﬁlius
2479 4468 2800 4540 perditionis
2849 4469 3050 4523 dicitur
3099 4466 3238 4534 apud
3289 4461 3512 4517 Paulum
3544 4461 3586 4491 ³⁸

2011 4564 2149 4617 mitti
2184 4575 2213 4616 a
2242 4563 2353 4617 Deo
2389 4580 2402 4616 :
2444 4580 2461 4612 t
2501 4561 2730 4630 Propter
2776 4562 2879 4615 hoc
2906 4560 3073 4623 enim,
3105 4577 3124 4610 ι
3155 4556 3350 4625 inquit,
3399 4573 3417 4605 ι
3466 4553 3587 4607 tuit-

2011 4655 2076 4709 tit
2109 4654 2215 4708 illis
2243 4653 2384 4709 Deus
2410 4653 2679 4708 actionem
2728 4651 2958 4715 erroris,
2999 4660 3058 4703 ut
3106 4648 3330 4704 credant
3363 4647 3586 4700 menda-

2010 4747 2095 4802 cio
2127 4765 2140 4798 τ
2167 4754 2225 4799 ιιι
2257 4743 2569 4813 iudicentur
2609 4752 2874 4813 quotquot
2929 4741 3145 4795 veritati
3191 4754 3299 4794 non
3331 4739 3582 4802 credunt,

2009 4836 2102 4890 sed
2133 4835 2235 4890 sibi
2285 4833 2626 4901 complaeent
2679 4833 2731 4886 itt
2797 4831 3086 4902 iniustitia.
3122 4849 3142 4884 ι
3178 4833 3250 4886 At
3304 4829 3427 4902 vide
3451 4845 3580 4882 tttttn

2010 4928 2151 4982 hanc
2202 4926 2556 4996 qnaastionem
2617 4925 2697 4981 sic
2765 4926 2978 4982 solvere
3021 4926 3322 4995 possimus,
3387 4936 3582 4990 nempe

2011 5019 2178 5089 quod,
2205 5017 2661 5090 quemadmodum
2710 5021 3033 5090 simpliciter
3085 5018 3264 5072 omnis
3293 5017 3477 5076 homo,
3514 5028 3581 5066 eo

2011 5115 2154 5180 quod
2179 5122 2394 5167 creatus
2424 5112 2546 5166 sita
2591 5113 2720 5177 Deo,
2753 5112 2916 5166 homo
2961 5118 3044 5165 est
3076 5107 3209 5173 Dei;
3263 5105 3356 5160 sed
3399 5103 3580 5158 nullus

391 5245 413 5277 "
439 5243 564 5300 lszti.
591 5259 666 5312 \‘l,
703 5250 756 5302 1.
843 5246 864 5280 ⁸
895 5247 1026 5303 ihid.
1061 5250 1110 5304 9.
1189 5249 1211 5281 ’
1243 5249 1371 5305 an.
1409 5266 1444 5312 ι,
1481 5251 1567 5304 17.
1651 5249 1694 5280 ¹⁰
1715 5247 1874 5302 Joan.
1903 5263 1940 5310 ι,
1973 5249 2026 5301 7.
2100 5247 2140 5277 “
2171 5241 2297 5300 ibid.
2334 5245 2423 5298 52.
2506 5246 2548 5278 ¹¹
2575 5245 2708 5299 ibid.
2746 5243 2834 5298 35.
2918 5244 2962 5275 ¹³
2996 5242 3125 5296 ibid.
3159 5235 3210 5294 7.
3292 5235 3338 5270 “
3364 5237 3496 5292 L00.
3535 5251 3574 5297 I.

319 5317 410 5381 13,
445 5318 528 5378 l5,
558 5315 647 5372 32.
729 5319 771 5356 ⁸³
803 5318 933 5374 ibid.
971 5319 1058 5373 64.
1137 5321 1180 5351 ⁸⁸
1205 5320 1394 5374 Matth.
1432 5336 1508 5382 χι,
1540 5320 1626 5374 Η.
1707 5320 1747 5350 ¹⁷
1777 5317 1910 5371 Joan

2029 5316 2081 5372 6.
2161 5317 2270 5370 ¹³Ιι
2301 5315 2491 5370 Thess.
2531 5330 2592 5379 tt,
2637 5316 2720 5379 t0,
2751 5317 2834 5368 Η.

379 5459 506 5585 (S92)
581 5461 1011 5533 Προσάγονται.
1049 5463 1208 5517 Deest
1245 5464 1295 5516 in
1336 5463 1575 5517 editione
1603 5461 1890 5528 llnctiana,

441 5531 749 5585 restituitur
775 5544 805 5585 c
835 5534 992 5585 codd.
1025 5532 1321 5585 Barhcrino
1346 5545 1398 5585 et
1433 5533 1745 5585 Bodleiano.

318 5531 412 5586 srd
441 5531 749 5587 restituitur
775 5544 805 5586 c
835 5534 992 5587 could.
1025 5532 1095 5586 Ba
1107 5534 1321 5586 rhcrinu
1346 5545 1398 5585 et
1433 5533 1745 5587 Bodleiano.

391 5601 506 5673 (95)
535 5601 872 5673 Βακτίζειν.
908 5603 1000 5657 Sic
1029 5605 1195 5660 codex
1228 5601 1578 5666 Bodleianus;
1607 5601 1812 5671 Regius
1837 5609 1892 5658 et

321 5670 671 5738 Barberinus,
699 5671 980 5744 βαπτίσαι.

2078 5461 2189 5550 (2:5)
2231 5463 2538 5550 :E'zqrtqc.
2572 5457 2876 5550 ιθίτςιιέιιξι)
2913 5455 3125 5550 vidicit";
3146 5455 3414 5550 amnemm

2071 5524 2188 5604 (‘95)?
2227 5524 2416 5604 Οὗτός
2463 5524 2706 5604 dignor-6
2746 5524 3014 5604 Ἠλίαςῂό
3046 5524 3308 5599 μέλλων.
3359 5524 3471 5604 ὃὶεῂ
3499 5529 3574 5593 lt:-

2037 5591 2146 5656 it‘nr
2169 5591 2230 5658 'in
2266 5591 2455 5670 «gittice
2491 5598 2812 5670 Bodleiano;
2855 5591 3103 5670 iu'iiegio
3140 5607 3318 5656 autem
3350 5605 3402 5653 et
3435 5591 3570 5650 Bar-

2037 5620 2146 5656 ιιιιι·
2180 5620 2230 5658 ιιι
2266 5620 2455 5653 t'tmtce
2491 5620 2812 5662 ουιιιιιιειιιυ;

1999 5620 2210 5737 fierine,
2235 5666 2401 5732 Οὗτός
2432 5671 2578 5722 ἐστιν
2607 5672 2634 5722 6
2661 5668 2835 5738 λόγος.
