4040 6210
560 334 668 397 179

2015 338 2338 398 ORIGENIS

3713 343 3820 401 180

493 485 509 502 ι
565 469 590 509 ι
635 453 754 512 Vidi
787 455 1050 528 Spiritum
1099 458 1519 515 descendentem
1573 461 1715 517 sicut
1761 461 2109 519 colttmhamt

2227 462 2390 518 αὐτόν
2411 478 2424 493 ο
2479 460 2592 516 ἀλλ’
2643 462 2730 515 ἵνα
2781 461 3071 534 φανερωθῇ
3107 461 3186 534 τῷ
3229 460 3467 534 Ἰσραὴλ,
3514 461 3605 518 διὰ
3652 465 3810 519 τοῦτο

560 545 726 611 coelo,
777 556 834 602 et
881 548 1086 603 mansit
1130 562 1295 620 super
1320 564 1466 609 eum.
1501 551 1567 606 Et
1594 567 1697 622 ego
1732 569 1836 609 non
1866 569 2125 610 noveram

565 651 689 692 eum
721 656 736 692 :
767 639 861 694 sed
901 639 993 709 qui
1032 641 1184 697 misit
1226 655 1311 696 tne
1357 644 1425 698 ad
1467 645 1850 716 baptizandum
1883 647 1936 702 in
1966 662 2128 717 aqua,

557 728 650 784 ille
695 731 827 786 mihi
873 733 1012 788 dixit
1041 751 1057 789 :
1089 734 1268 805 Super
1294 750 1454 805 quem
1496 737 1701 794 videris
1735 739 1995 810 Spiritum
2032 741 2126 795 de-

553 819 902 876 scendentem
938 833 994 878 et
1029 833 1340 881 manentem
1380 841 1546 898 super
1587 844 1733 895 eum,
1783 831 1872 887 hic
1907 840 1992 887 est
2033 833 2126 903 qui

556 910 792 978 baptizat
824 913 875 968 in
907 915 1115 984 Spiritu
1151 927 1366 974 sancto.
1405 919 1469 974 Et
1507 935 1608 992 ego
1633 921 1766 988 vidi,
1794 930 1848 976 et
1875 923 2129 980 testillca-

557 1007 642 1056 tus
663 1017 806 1069 sum,
837 1003 980 1060 hunc
999 1019 1119 1061 esse
1147 999 1343 1062 Filium
1378 1007 1472 1064 Dei
1493 1007 1559 1066 ³⁹.
1594 1029 1614 1065 ι
1647 1007 1820 1068 Porro
1846 1024 2002 1069 sexta
2011 1017 2126 1083 jam

557 1093 678 1148 vice
708 1095 1078 1152 testimonium
1108 1098 1356 1170 perhibet
1386 1099 1604 1157 Christo
1639 1103 1692 1158 in
1723 1103 1933 1160 duobus
1961 1105 2126 1162 disci-

555 1183 694 1251 pulis
717 1185 996 1255 Joannes,
1035 1204 1160 1244 cum
1199 1209 1218 1243 ι
1253 1192 1480 1248 intuitus
1509 1191 1694 1250 Jesum
1732 1194 2125 1262 ambulantem,

453 1315 465 1328 ,
555 1275 958 1346 inquituEece
983 1283 1171 1353 Agnus
1195 1283 1284 1340 ille
1312 1285 1404 1340 Dei
1424 1284 1521 1342 ⁸⁸.»
1544 1287 1672 1343 Post
1705 1289 1848 1358 quod
1882 1287 2129 1344 testimo—

563 1368 712 1422 nium
752 1383 874 1424 cum
900 1375 1183 1430 audissent
1214 1379 1322 1432 duo
1364 1378 1614 1450 discipuli
1642 1379 1932 1449 Joannem,
1971 1397 2126 1438 secu-

553 1459 704 1527 tique
741 1459 969 1517 fuissent
1007 1463 1218 1534 Jesum,
1249 1487 1268 1520 ι
1299 1484 1597 1526 conversus
1617 1471 1793 1538 Jesus,
1830 1483 1884 1528 et
1910 1475 2127 1544 conspi-

551 1559 704 1604 catus
734 1552 869 1608 duos
904 1567 1215 1626 sequentes,
1237 1561 1530 1630 respondet
1549 1563 1736 1619 dicens
1756 1580 1773 1615 :
1802 1563 1940 1632 Quid
1971 1579 2124 1635 qua:-

551 1636 673 1696 ritls
690 1639 771 1696 “1'
808 1663 827 1695 ι
860 1645 925 1699 Ει
952 1643 1204 1704 fortassis
1235 1667 1346 1705 non
1380 1651 1583 1708 frustra
1609 1664 1731 1724 post
1763 1670 1855 1711 sex
1880 1658 2126 1712 testimoo

552 1733 641 1789 nia
695 1747 874 1792 cessat
909 1736 1152 1798 Joannes
1197 1744 1505 1810 testificari,
1558 1755 1612 1802 et
1651 1745 1808 1802 Jesus
1839 1748 2045 1817 profert
2067 1749 2120 1803 in

552 1829 820 1896 septimo:
848 1849 866 1884 ι
895 1831 1036 1899 Quid
1057 1835 1372 1904 quaeritis?)
1395 1836 1491 1894 His
1523 1837 1745 1908 insuper
1773 1841 1864 1908 qui
1897 1839 2122 1897 Joannis

550 1919 862 1976 testimonio
901 1922 1067 1990 adjuti
1105 1924 1332 1992 fuerint,
1367 1941 1472 1983 vox
1501 1938 1584 1984 est
1614 1930 1705 1985 illa
1737 1931 1967 1994 decens,
2001 1947 2123 2002 qua!

547 2009 811 2076 praedicat
861 2011 1138 2070 Christum
1171 2017 1518 2086 magistrum,
1539 2027 1593 2075 et
1625 2019 1828 2076 fatetur
1855 2019 1975 2077 Filii
2025 2021 2118 2077 Dei

545 2101 928 2158 domunculam
986 2121 1184 2176 cupere
1223 2121 1283 2164 se
1336 2110 1560 2166 intueri.
1604 2111 1739 2168 Nam
1775 2114 1963 2170 dicunt
1991 2114 2067 2170 illi
2101 2129 2117 2168 :

549 2209 569 2244 ι
605 2190 798 2258 liahbi,
823 2196 968 2266 quod
995 2197 1202 2254 dicitur
1221 2214 1285 2274 ex
1319 2201 1794 2274 interpretatione,
1829 2203 2118 2278 Magister,

544 2285 633 2340 ubi
665 2303 854 2344 manes
871 2289 984 2344 “is
1004 2290 1066 2345 Et
1084 2293 1340 2361 quoniam
1366 2293 1584 2352 «Omnis
1616 2296 1708 2365 qui
1736 2300 1950 2366 quierit,
1973 2297 2120 2354 inve-

545 2377 627 2430 nit
650 2375 718 2442 ³³,
749 2397 768 2431 ι
801 2381 1168 2449 qurerentibus
1186 2379 1412 2441 Joannis
1425 2385 1709 2456 discipulis
1729 2385 1854 2443 Jcsu
1882 2391 2113 2445 mansio-

541 2481 692 2534 nem,
723 2485 845 2526 eam
875 2475 1114 2529 ostendit
1158 2475 1292 2546 ipsis
1333 2476 1493 2534 Jesus
1524 2480 1751 2538 dicens:
1793 2501 1813 2537 ι
1852 2482 2042 2539 Venite
2061 2493 2117 2540 et

539 2559 719 2618 videte
736 2563 820 2632 ’δε
861 2581 882 2617 ι
909 2563 1159 2623 fortassis
1184 2585 1280 2639 per
1311 2584 1522 2637 vocem,
1553 2591 1573 2626 ι
1597 2575 1800 2641 venite,
1829 2595 1850 2630 ι
1881 2577 2116 2634 invitaus

537 2669 635 2710 eos
650 2655 716 2710 ad
739 2670 858 2711 eam
877 2658 1230 2730 plnil030phiae
1253 2673 1461 2733 partem
1479 2681 1599 2736 quae
1621 2667 1672 2723 in
1697 2683 1878 2724 rerum
1899 2670 2116 2728 actione

538 2759 824 2816 versatur;
863 2768 960 2820 per
994 2769 1179 2809 vocem
1213 2771 1344 2812 vero
1371 2775 1390 2810 ι
1427 2758 1626 2826 videte,
1655 2779 1676 2813 ι
1701 2763 2113 2832 contemplatio-

541 2850 664 2892 nem
707 2839 968 2908 przeclare
1003 2842 1148 2898 facta
1190 2855 1535 2916 sequentem,
1587 2851 1810 2908 omnino
1839 2852 1924 2908 his
1973 2854 2113 2909 futu-

537 2946 654 2986 ram
685 2934 775 3004 qui
808 2935 1102 3004 voluerint,
1141 2937 1457 3010 designans,
1487 2941 1840 2998 exsistentem
1881 2945 1932 3000 in
1979 2945 2109 3002 Jesu

538 3025 847 3082 mansione.
894 3029 968 3084 At
1008 3032 1100 3100 qui
1144 3034 1478 3103 quaesierunt
1519 3034 1612 3089 ubi
1645 3049 1888 3093 maneret
1929 3037 2108 3108 Jesus,

2228 549 2391 627 ἦλθον
2422 553 2532 623 ἐγὼ
2572 554 2632 609 ἐν
2665 554 2817 609 ῦδατι
2858 554 3155 626 βαπτίζων.
3183 575 3202 608 ›
3244 555 3354 610 Καὶ
3402 555 3630 628 πέμπτη
3668 574 3811 630 μαρ-
3890 549 3901 608 ἓ

2225 646 2388 719 τυρία
2412 646 2828 720 ἀναγέγραπται
2861 647 3004 702 κατά
3026 646 3088 702 τό
3106 665 3121 679 ·
3151 667 3170 700 ι
3196 648 3474 720 Τεθέαμαι
3497 647 3560 702 es
3583 649 3812 719 Πνεῦμα

2235 735 2558 791 καταϐαῖνον
2590 737 2666 801 ὡς
2699 736 3028 810 περιστερὰν
3071 736 3130 804 ἐξ
3175 735 3432 810 οὐρανοῦ,
3470 739 3566 792 καὶ
3596 734 3816 809 ἔμεινεν

2228 823 2314 879 ἐπ’
2348 823 2530 884 αὐτόν.
2565 825 2737 896 Κάγὼ
2781 827 2881 882 οὐκ
2926 827 3074 900 ᾕδειν
3114 827 3312 882 αὐτόν’
3353 827 3467 882 ἀλλ’
3498 829 3528 882 ὁ
3583 827 3813 902 πέμψας

2230 935 2300 988 με
2332 915 2611 988 βαπτίζειν
2653 920 2710 974 ὲν
2744 917 2931 985 ὕδατι,
2977 918 3180 984 ἐκεῖνός
3243 935 3333 990 μοι
3381 915 3562 974 εἶπεν⁸
3603 920 3719 992 Ἐφ’
3750 922 3812 977 ὃν

2227 1006 2293 1062 ἀν
2323 1009 2439 1082 ἴδῃς
2469 1009 2533 1063 τὸ
2557 1010 2779 1082 Πνεῦμα
2813 1009 3160 1076 καταϐαῖνον,
3190 1005 3284 1064 καὶ
3315 1011 3476 1082 μένον
3508 1012 3595 1066 ἐπ’
3618 1012 3811 1078 αὑτὸν,

2226 1093 2381 1164 οὗτός
2428 1103 2575 1155 ἔστιν
2605 1103 2634 1155 ὁ
2679 1101 2954 1174 βαπτίζων
2996 1105 3055 1157 ὲν
3101 1102 3379 1174 Πνεῦματι
3435 1103 3598 1175 ἁγίῳ.
3633 1103 3815 1174 Κάγὼ

2228 1189 2471 1262 ἑώρακα,
2511 1191 2606 1246 καὶ
2641 1192 3079 1264 μεμαρτύρηκα,
3129 1192 3213 1246 δτι
3257 1185 3414 1257 οὗτός
3441 1195 3589 1247 ἐστιν
3616 1197 3647 1248 ὁ
3680 1194 3814 1260 Υἱὸς

2225 1279 2320 1334 τοῦ
2352 1280 2508 1337 Θεοῦ.
2530 1301 2550 1334 ι
2590 1283 2786 1336 Ἕκτον
2821 1282 2880 1336 δὲ
2923 1284 3191 1354 μαρτυρεί
3220 1281 3300 1352 τῷ
3334 1282 3554 1354 Χριστῷ
3586 1285 3683 1338 ἐπὶ
3713 1286 3813 1338 δύο

2228 1373 2487 1445 μαθητῶν
2535 1376 2565 1428 ὁ
2601 1375 2885 1447 Ἰωάννης,
2933 1375 3052 1440 ὅτε,
3107 1391 3127 1426 ι
3167 1373 3444 1444 ἐμϐλέψας
3499 1374 3581 1446 τῷ
3627 1376 3809 1446 Ἰησοῦ

2226 1466 2636 1537 περιπατοῦντι,
2666 1466 2839 1537 λέγει·
2867 1467 2976 1521 Ἴδε
3006 1469 3035 1521 ὁ
3064 1465 3264 1538 Ἀμνδς
3296 1466 3392 1520 τοῦ
3424 1466 3579 1521 Θεοῦ.
3604 1486 3624 1520 ι
3663 1468 3808 1522 Μεθ’

2225 1556 2291 1628 ήν
2335 1559 2641 1630 μαρτυρίαν
2692 1557 3040 1612 ἀκουσάντων
3095 1557 3204 1611 τῶν
3251 1555 3350 1610 δύο
3398 1552 3659 1629 μαθητῶν
3712 1555 3810 1611 τοῦ

2238 1651 2507 1715 Ἰωάννου,
2533 1651 2628 1704 καὶ
2656 1649 3133 1722 ἀκολουθησάντων
3156 1649 3236 1720 τῷ
3263 1648 3460 1720 Ἰησοῦ,
3498 1668 3516 1700 ι
3542 1653 3812 1721 στραφεὶς

2223 1744 2253 1797 δ
2289 1741 2498 1814 Ἰησοῦς
2515 1781 2530 1805 ,
2561 1743 2657 1795 καὶ
2703 1741 3036 1813 θεασάμενος
3063 1741 3188 1806 τοὺς
3216 1739 3310 1795 δύο
3339 1741 3770 1808 ἀκολουθοῦντας
3789 1781 3811 1808 ,

2225 1833 2575 1906 ἀποκρίνεται
2635 1833 2843 1901 λέγων·
2899 1832 2966 1887 Τί
3024 1833 3271 1906 ζητεῖτε;
3300 1852 3320 1886 ι
3376 1835 3488 1888 Καὶ
3540 1834 3684 1906 τάχα
3739 1832 3810 1888 οὗ

2225 1924 2403 1995 μάτην
2433 1926 2572 1994 μετά
2599 1922 2660 1990 ἓξ
2705 1924 3011 1998 μαρτυρίας
3061 1925 3293 1980 παύεται
3341 1926 3440 1997 μὲν
3479 1928 3509 1980 ὁ
3543 1927 3810 1997 Ἰωάννης

2225 2017 2550 2089 μαρτυρῶν·
2598 2018 2807 2090 Ἰησοῦς
2855 2019 2912 2073 δὲ
2961 2019 3102 2074 κατὰ
3147 2018 3210 2072 τὸ
3254 2018 3482 2090 ἕϐδομον
3527 2019 3808 2091 προτείνει

2219 2106 2310 2161 τό⁸
2350 2127 2370 2160 ι
2395 2108 2460 2161 Τί
2501 2108 2748 2180 (meite;
2776 2129 2795 2162 ι
2839 2110 3132 2181 Πρέπουσα
3177 2107 3235 2162 δὲ
3285 2109 3659 2180 ὠφελημένοις
3695 2108 3808 2163 ὑπὸ

2217 2199 2319 2270 τῆς
2362 2199 2609 2254 Ἰωάννου
2645 2201 2949 2274 μαρτυρίας
2986 2200 3022 2270 ή
3055 2198 3207 2272 φωνὴ
3250 2197 3662 2270 ἀναγορεύουσα
3705 2197 3807 2251 τὸν

2217 2289 2454 2364 Χριστὸν
2491 2291 2824 2361 διδάσκαλον,
2867 2293 2962 2346 καὶ
2998 2289 3336 2363 ὁμολογοῦσα
3372 2290 3434 2344 τὸ
3479 2290 3808 2361 οἰκητήριον

2219 2383 2404 2438 ποθεῖν
2449 2384 2746 2439 θεάσασθαι
2792 2384 2888 2438 τοῦ
2946 2383 3076 2438 Υίοῦ
3131 2383 3228 2438 τοῦ
3285 2381 3457 2436 Θιοῦ·
3506 2383 3643 2451 φασὶ
3688 2383 3806 2454 γὰρ

2216 2473 2397 2546 αὐτῷ’
2451 2493 2470 2528 ι
2505 2475 2725 2540 Ῥαϐϐὶ,
2759 2477 2787 2530 ὃ
2835 2476 3053 2546 λέγεται
3111 2476 3672 2550 μεθερμηνευόμενον,
3719 2475 3806 2528 δι·-

2215 2567 2471 2634 δάσκαλε,
2515 2567 2618 2622 ποῦ
2675 2568 2888 2640 μένεις;
2934 2589 2952 2621 ι
2999 2569 3110 2623 Καὶ
3162 2569 3282 2622 ἐπεὶ
3333 2589 3350 2620 ι
3381 2569 3495 2630 Πᾶς
3531 2566 3560 2617 ὁ
3611 2567 3802 2637 ζητῶν

2215 2657 2475 2733 εὑρίσκει,
2503 2680 2520 2712 ι
2557 2659 2824 2732 ζητήσασι
2853 2662 2952 2732 τὴν
2991 2660 3164 2732 Ἰησοῦ
3200 2660 3366 2731 μονὴν
3393 2661 3503 2722 τοῖς
3541 2659 3801 2712 Ἰωάννου

2218 2746 2484 2824 μαθηταῖς
2512 2751 2853 2807 ὑποδείκνυσι
2879 2751 3050 2822 λέγων
3083 2752 3294 2814 αὐτοῖς’
3322 2770 3339 2802 ι
3373 2750 3661 2822 Ἔρχεσθε,
3697 2751 3802 2802 καὶ

2211 2843 2485 2914 ὄψεσθεοι
2543 2844 2686 2916 taxa.
2734 2845 2822 2899 διὰ
2870 2844 2964 2898 τοῦ
3025 2841 3145 2916 μὲν,
3211 2842 3546 2915 (ἔρχεσθε,›
3591 2841 3690 2894 ἐπὶ
3729 2839 3802 2894 τὺ

2213 2935 2512 3008 πρακτικὸν
2535 2938 2732 3003 αὐτοὺς
2753 2936 3107 3010 παρακαλῶν·
3137 2934 3229 2988 διά
3252 2935 3312 2988 δὲ
3339 2932 3454 3000 τοῦ,
3484 2953 3502 2984 ι
3529 2932 3754 3004 ὕφεσθε,
3769 2953 3794 2986 ο

2210 3029 2309 3101 τὴν
2341 3029 2736 3084 ἀκολουθοῦσαν
2767 3033 2832 3102 τῇ
2863 3028 3196 3102 κατορθώσει
3230 3027 3340 3082 τῶν
3370 3025 3621 3100 πράξεων
3653 3024 3801 3078 θεω-

535 3119 738 3188 qniquu
763 3122 938 3175 secuti
973 3139 1037 3176 ac
1062 3125 1366 3194 conspicati
1409 3127 1727 3198 magistrum
1757 3127 1992 3195 fuerant,
2024 3132 2109 3186 ειε-

2213 3119 2338 3190 ρίαν
2378 3119 2595 3183 πάντως
2627 3118 2845 3172 ἔσεσθαι
2881 3122 2995 3184 τοῖς
3042 3117 3385 3190 βουλομένοις
3425 3114 3794 3186 ὑπογράφων,

538 3205 911 3267 liberaverunt
957 3213 1098 3283 apud
1149 3214 1333 3271 Jesum
1386 3233 1706 3288 permanere
1749 3229 1912 3276 totam
1958 3222 2102 3276 illam

535 3301 702 3366 diem,
735 3319 974 3375 eumque
1026 3306 1165 3363 Filio
1207 3309 1300 3364 Dei
1337 3312 1564 3366 morari.
1595 3313 1794 3367 Verum
1827 3314 2110 3370 euimvero’

531 3405 658 3449 eum
682 3395 1039 3454 decennarius
1071 3416 1332 3458 numerus
1359 3403 1682 3460 observatus
1699 3406 1770 3460 sit
1791 3415 2104 3474 utsanctus,

533 3501 659 3540 cum
691 3489 948 3560 mysteria
986 3507 1092 3546 non
1119 3509 1285 3563 parva
1320 3493 1492 3550 fuisse
1531 3494 1671 3550 facta
1698 3495 1751 3549 in
1779 3497 2106 3554 decennario

532 3591 762 3634 numero
806 3581 1202 3650 inscribantur,
1252 3585 1664 3660 intelligendum
1714 3598 1795 3646 est
1843 3607 1950 3644 non
1986 3589 2103 3646 fru-

529 3680 644 3726 stra
681 3672 732 3726 in
764 3673 1056 3746 Evangelia
1085 3677 1348 3734 decimam
1394 3679 1616 3735 inscribi
1662 3681 1852 3736 horam
1880 3681 1947 3748 ⁸³,
1978 3697 2102 3737 cum

530 3761 782 3832 discipuli
806 3763 1035 3823 Joannis
1062 3769 1204 3838 apud
1231 3768 1413 3826 Jesnm
1446 3773 1741 3838 divertnnt,
1775 3787 1840 3828 ex
1873 3789 2102 3841 quorum

531 3862 760 3906 numero
797 3864 914 3909 erat
952 3857 1197 3916 Andreas
1238 3859 1408 3914 frater
1451 3861 1692 3917 Simonis
1739 3862 1884 3918 Petri
1910 3863 1977 3930 ιθ,
2009 3864 2101 3932 qui

531 3943 658 3997 dum
703 3956 946 4000 maneret
979 3949 1120 4018 apud
1155 3949 1365 4017 Jesum,
1405 3953 1647 4022 adjutus,
1683 3954 1906 4011 invento
1935 3956 2104 4012 fratre

528 4049 630 4092 suo
674 4036 898 4093 Sim0ne
923 4038 967 4072 ιτ
1010 4040 1187 4109 (forte
1234 4043 1380 4098 enim
1432 4055 1587 4100 antea
1629 4061 1736 4101 non
1785 4047 2101 4119 invenerat)

529 4125 781 4185 Messian:
805 4146 864 4187 se
898 4133 1174 4191 invenisse
1214 4136 1384 4204 inquit
1420 4154 1436 4194 :
1467 4155 1487 4190 ι
1521 4138 1664 4207 quod
1706 4146 1810 4204 est,
1842 4140 1887 4195 si
1933 4140 2101 4196 inter-

528 4220 783 4290 preteris,
834 4223 1107 4281 Christus.
1150 4246 1170 4280 ι
1209 4226 1474 4295 Quoniam
1511 4230 1660 4284 enim
1710 4248 1730 4282 ι
1767 4232 1858 4301 qui
1907 4234 2103 4302 quierit

528 4313 738 4369 invenit
757 4313 830 4381 ⁸⁸,
859 4335 880 4371 ι
904 4317 1196 4387 qua2sierat
1225 4329 1408 4376 autem
1441 4320 1530 4376 ubi
1551 4332 1794 4378 maneret
1824 4320 2012 4387 Jesus;
2045 4332 2100 4379 et

525 4418 772 4474 secutus,
798 4425 922 4464 cum
959 4413 1324 4482 perspexisset
1359 4415 1476 4484 eius
1509 4415 1868 4479 mansionem,
1915 4423 2102 4472 manet

2209 3211 2499 3282 γινομένην
2529 3213 2588 3264 ὲν
2619 3213 2686 3283 τῇ
2715 3210 2809 3266 τοῦ
2854 3210 3028 3282 Ἰησοῦ
3062 3213 3216 3282 μονῇ.
3259 3207 3557 3283 Προῦκειτο
3586 3207 3644 3260 δὲ
3673 3209 3796 3269 τοῖς

2209 3299 2473 3372 ζητήσασι
2505 3300 2606 3354 ποῦ
2644 3305 2791 3373 μένει
2823 3302 2852 3354 ὁ
2895 3299 3122 3372 Ἰησοῦς,
3163 3299 3561 3369 ἀκολουθήσασι
3592 3295 3672 3367 τῷ
3703 3295 3796 3348 δε-

2205 3391 2481 3464 δασκάλῳ,
2516 3393 2611 3448 καὶ
2659 3393 3046 3464 θεασαμᾷνοις,
3083 3396 3418 3466 παραμεῖναι
3451 3390 3528 3462 τῷ
3580 3389 3794 3460 Ἰησοῦ,

2207 3486 2301 3538 καὶ
2345 3485 2444 3556 τὴν
2474 3485 2685 3558 ἡμέραν
2735 3487 2944 3557 εκείνην
2987 3485 3362 3557 συνδιατρῖψαι
3401 3482 3480 3554 τῷ
3528 3481 3642 3553 Υίῷ
3687 3481 3794 3536 τοῦ

2205 3575 2360 3631 Θεοῦ.
2402 3578 2552 3632 Ἐπεὶ¹
2596 3577 2653 3630 δὲ
2698 3579 2729 3630 ὁ
2783 3577 3006 3642 δέκατος
3058 3577 3290 3651 ἀριθμὸς
3353 3577 3652 3647 τετήρηται
3704 3574 3794 3638 ὡς

2206 3668 2361 3737 ἅγιος
2415 3668 2550 3740 (26),
2597 3670 2698 3723 οὐκ
2753 3669 2948 3738 ὀλίγων
3014 3667 3330 3741 μυστηρίων
3373 3671 3432 3722 ὲν
3482 3670 3547 3738 τῇ
3596 3664 3794 3720 δεκάδι

2204 3759 2689 3832 ἀναγραφομένων,
2723 3761 3004 3830 γεγονέναι
3031 3760 3249 3832 νοητίον
3278 3760 3340 3814 οὐ
3382 3760 3557 3832 μάτην
3587 3758 3683 3813 καὶ
3724 3759 3795 3812 ὲν

2203 3852 2284 3923 τῷ
2322 3852 2636 3924 Εὑαγγελίῳ
2665 3853 2760 3925 τὴν
2792 3853 3024 3925 δεκάτην
3057 3852 3465 3925 ἀναγράφεσθαι
3503 3849 3654 3922 ὥραν
3682 3850 3796 3921 τῆς

2202 3941 2312 3996 τῶν
2346 3943 2591 3998 Ἰωάννου
2625 3944 2880 4015 μαθητῶν
2921 3942 3072 4016 παρά
3112 3942 3193 4014 τῷ
3224 3941 3399 4013 Ἰησοῦ
3428 3940 3794 4011 καταγωγῆς,

2201 4029 2276 4090 ὧν
2321 4035 2572 4108 Ἀνδρέας
2603 4039 2631 4090 ὁ
2669 4036 2893 4107 ἀδελφὸς
2926 4037 3168 4108 Σίμωνος
3211 4035 3421 4108 Πέτρου
3467 4031 3558 4105 ἦν,
3592 4035 3789 4098 ὅστις,

2201 4125 2502 4197 ὠφεληθεὶς
2529 4129 2587 4180 ὲν
2611 4127 2690 4199 τῷ
2719 4127 3238 4201 παραμεμενηκέναι
3263 4127 3340 4198 τῷ
3376 4125 3570 4198 Ἰησοῦ,
3601 4121 3792 4196 εὑρὼν

2199 4218 2292 4271 τὸν
2321 4218 2546 4288 ἀδελφὸν
2585 4219 2676 4274 τὸν
2720 4217 2848 4275 ἴδιον
2881 4220 3120 4292 Σίμωνα,
3155 4219 3314 4291 (τάχα
3361 4218 3470 4290 γάρ
3511 4217 3792 4289 πρότερον

2201 4310 2299 4380 οὐχ
2339 4307 2598 4382 εὓρητοο)
2658 4310 2820 4382 φησὶν
2867 4312 3160 4383 εὑρηκέναι
3210 4312 3301 4366 τὸν
3359 4310 3637 4377 Μεσσίαν,
3698 4330 3718 4361 ι
3755 4312 3790 4365 ὃ

2202 4403 2316 4455 ἐστι
2370 4401 2906 4473 μεθερμηνευόμενον
2961 4403 3214 4475 Χριστός.
3243 4423 3260 4455 ι
3305 4403 3457 4456 Ἐπεὶ
3503 4401 3650 4472 γὰρ,
3703 4421 3724 4454 ι
3755 4403 3790 4456 ὁ

523 4497 669 4566 apud
705 4496 994 4554 Dominqu
1031 4519 1050 4552 ι
1089 4502 1300 4558 decima
1343 4504 1474 4559 hora
1505 4505 1576 4572 ⁸⁸,
1616 4524 1636 4560 ι
1679 4513 1734 4560 et
1768 4503 1976 4560 invenit
2005 4505 2098 4562 Dei

2212 4492 2382 4564 ζητῶν
2413 4494 2677 4567 εὑρίσκει,
2705 4514 2722 4546 ι
2768 4494 3000 4566 ἐζήτησε
3041 4495 3099 4548 δὲ
3145 4495 3246 4548 ποῦ
3281 4494 3430 4566 μένει
3472 4495 3500 4547 ὁ
3536 4491 3786 4564 Ἰησοῦς,

521 4584 743 4656 Filium,
775 4591 1096 4648 Sermonem
1126 4593 1356 4662 scilicet,
1384 4605 1440 4650 et
1484 4595 1590 4666 91
1647 4597 1994 4669 sapientiam,
2046 4607 2102 4654 et

2212 4589 2300 4643 καὶ
2332 4587 2721 4660 ἀκολουθήσας,
2752 4587 3032 4660 θεωρήσας
3068 4585 3233 4640 αὑτοῦ
3263 4586 3359 4659 τὴν
3394 4584 3580 4656 μονὴν,
3606 4601 3790 4655 παρα-

524 4681 734 4752 regitur
765 4683 834 4738 ab
863 4683 1020 4753 ipso;
1055 4685 1194 4743 hanc
1221 4685 1290 4743 ob
1319 4702 1542 4744 causam
1582 4688 1795 4760 inquit:
1832 4710 1852 4744 ι
1894 4693 2100 4748 inveni-

525 4786 646 4827 Inus
673 4771 926 4830 Messiam
968 4777 1014 4808 ⁸ο
1050 4791 1066 4829 :
1106 4800 1127 4830 ι
1160 4795 1278 4850 qua:
1302 4796 1403 4836 vox
1455 4795 1487 4838 a
1531 4783 1729 4852 quovis
1756 4785 1859 4840 dici
1896 4785 2099 4855 poterit

524 4865 616 4935 qui
651 4865 924 4924 invenerit
955 4869 1053 4924 Dei
1082 4869 1401 4930 Sermonem
1438 4889 1494 4931 et
1527 4876 1620 4947 qui
1665 4877 1734 4932 ab
1765 4876 1935 4948 ipsius
1961 4878 2095 4932 divi~

521 4958 695 5013 nitate
727 4959 954 5026 regitur.
1010 4959 1267 5017 Fructum
1313 4951 1448 5021 'vero
1495 4981 1622 5022 mox
1668 4965 1826 5020 offert
1877 4964 2093 5022 Christo

524 5047 748 5107 fratrem
788 5052 1068 5110 Simonem
1106 5052 1149 5086 ⁵¹
1177 5069 1189 5104 :
1219 5069 1380 5124 quem
1415 5066 1474 5113 ut
1519 5071 1746 5111 munere
1789 5055 1948 5112 Jesus
1979 5058 2093 5111 sin»-

523 5143 698 5210 gulari
731 5155 1208 5214 remuneraretur,
1243 5147 1301 5201 iu
1343 5149 1520 5218 ipsum
1573 5147 1805 5204 intuitus
1833 5157 1938 5213 est,
1996 5161 2094 5218 per

2207 4681 2357 4753 μένει
2396 4680 2474 4752 τῷ
2504 4681 2694 4752 Κυρίῳ
2725 4700 2742 4731 ι
2764 4681 2820 4733 ὲν
2853 4684 2920 4753 τῇ
2952 4680 3154 4754 δεκάτῃ
3186 4679 3356 4752 «Sps,»
3395 4678 3490 4732 καὶ
3532 4676 3788 4748 εὑρίσκει

2200 4773 2291 4828 τὸν
2318 4773 2444 4827 Υίὸν
2476 4772 2570 4826 τοῦ
2601 4771 2761 4836 Θεοῦ,
2789 4772 2882 4826 τὸν
2927 4773 3118 4842 Λόγον,
3158 4773 3252 4825 καὶ
3283 4769 3381 4839 τὴν
3425 4769 3636 4837 σοφίαν,
3676 4765 3784 4836 βα·
3833 4801 3850 4808 -

2201 4866 2470 4922 σιλεύεται
2505 4866 2562 4921 δὲ
2603 4867 2691 4920 ὑπ’
2715 4865 2877 4921 αὑτοῦ
2897 4882 2911 4896 ·
2941 4865 3028 4919 διὰ
3055 4865 3212 4919 τοῦτό
3242 4879 3428 4934 φησιν’
3463 4882 3482 4914 ι
3516 4862 3786 4932 Εὑρήκα-

2203 4977 2302 5031 μεν
2335 4957 2426 5012 τὸν
2459 4957 2721 5012 Μεσσίαν.
2747 4978 2766 5011 ›
2804 4958 2952 5030 Αῦτη
2988 4959 3044 5012 δὲ
3077 4960 3111 5031 ὴ
3144 4959 3296 5030 φωνὴ
3327 4957 3432 5011 ὑπὸ
3482 4957 3684 5020 παντὸς
3708 4955 3786 5011 ἂν

2197 5049 2409 5120 λέγοιτο
2452 5050 2640 5105 τοῦτον
2670 5051 2768 5104 τοῦ
2807 5050 2942 5105 Θεοῦ
2977 5052 3148 5122 Λόγον
3177 5053 3490 5125 εὐρηκότος,
3527 5051 3622 5105 καὶ
3668 5050 3788 5104 ὑπὸ

2198 5145 2296 5215 τῆς
2348 5143 2620 5215 θειότητος
2673 5144 2837 5198 αὐτοῦ
2909 5144 3348 5217 βασιλευομένου.
3396 5143 3623 5218 Καρπὸν
3678 5145 3786 5200 καὶ

591 5235 827 5308 ξ’νςιοεη.
865 5239 904 5301 l,
937 5239 1006 5292 5'2
1040 5238 1130 5293 54.
1203 5240 1249 5274 ⁸⁸
1279 5240 1411 5295 ibid.
1459 5241 1548 5304 55,
1594 5241 1684 5298 36.
1752 5241 1795 5274 ’⁵⁸
1838 5242 1970 5298 ibid.
1999 5243 2090 5308 37,

2212 5278 2220 5294 .
2297 5240 2342 5272 “
2368 5240 2498 5304 ibid,
2535 5239 2624 5294 58.
2711 5239 2758 5272 ⁸³
2805 5241 2994 5296 Matth.
3038 5257 3137 5304 vit,
3177 5241 3231 5296 8.
3307 5240 3350 5273 “
3396 5239 3553 5296 Joan.
3601 5255 3640 5306 ι,
3677 5239 3782 5298 39.

573 5304 620 5338 ⁸⁵
651 5307 780 5362 ibid.
861 5310 907 5342 “
940 5311 1068 5365 ibid.
1103 5310 1194 5366 40.
1271 5311 1315 5344 δ’
1355 5311 1488 5366 ibid.
1522 5313 1614 5368 41.
1689 5312 1735 5345 ⁸⁸
1765 5312 1952 5368 Matth.
1991 5304 2087 5378 vn,

2245 5311 2290 5342 "
2319 5309 2478 5366 Joatt.
2523 5324 2560 5373 ι,
2593 5310 2684 5365 59.
2759 5311 2807 5344 ⁵⁸
2835 5313 2964 5367 ibid.
2992 5328 3030 5375 ι,
3070 5313 3156 5366 41.
3235 5311 3277 5345 ⁸⁸
3308 5313 3436 5366 ibid.
3464 5311 3558 5365 42.

595 5397 708 5470 (ἳϐ)
747 5399 1007 5471 Origenes
1037 5405 1172 5458 infra
1208 5413 1338 5461 l0lii.
1385 5423 1440 5464 κ.
1474 5421 1528 5460 n.
1553 5403 1623 5459 50
1649 5405 1826 5459 medio
1860 5427 1870 5458 :
1899 5403 2088 5460 Ταῦτα

519 5468 701 5553 δέμον.
729 5472 789 5549 ἐν
815 5468 957 5553 ἀςρχῇ
984 5475 1075 5526 τοῦ
1104 5476 1340 5553 δεκάτου
1366 5475 1536 5553 δόμου
1569 5475 1785 5553 λέγεται
1816 5473 1952 5547 πρὸς
2002 5475 2086 5538 σε,

522 5539 791 5618 πολλαχοῦ
835 5539 1044 5618 ὁρῶντι
1071 5545 1185 5618 τῆςΔ
1207 5539 1448 5618 Γραφῆς’
1485 5539 2085 5618 διαφερούσης-προνο-

525 5612 670 5690 μίας·
699 5611 959 5690 τετυχότα
995 5611 1089 5690 τὸν
1127 5611 1558 5690 ’δέκα-ἆρίθμόν.
1587 5611 1734 5671 ἰιὶειιι
1786 5611 1838 5670 in
1868 5611 2084 5690 Catena

522 5681 860 5756 Gnislcrinna
895 5682 950 5735 in
978 5682 1196 5756 Jereny,
1226 5687 1290 5738 ad
1329 5681 1450 5756 cap:
1475 5703 1656 5750 xxx",
1685 5700 1828 5741 vers.
1861 5686 1959 5756 i7.
1991 5687 2086 5740 de-

522 5754 734 5806 tminm
777 5767 1063 5808 numerum
1118 5754 1637 5827 Origenes—19.3mm:
1683 5757 1776 5812 καὶ
1824 5754 1962 5811 Θεοῦ
2005 5759 2101 5811 οί-⁴

2194 5405 2341 5458 κεῖον
2378 5419 2497 5458 esse
2539 5403 2691 5456 dicit.
2727 5403 2789 5458 Et
2827 5404 2880 5458 in
2923 5403 3024 5457 alia
3061 5401 3244 5473 [legite
3279 5403 3626 5457 Bibliotheca:
3661 5400 3782 5473 Ca-

2199 5484 2318 5546 tena
2354 5474 2406 5546 in
2455 5473 2884 5546 Proiihetns,__ad
2933 5472 3252 5546 Ezecli."_tv,
3280 5475 3390 5546 710:
3434 5473 3550 5546 Οὐκ
3595 5472 3781 5546 ἐχρῆν

2193 5541 2302 5624 γὰρ
2339 5543 2426 5597 τὸν
2467 5543 2993 5624 οῦτωςᾼάκάθᾼαρτον
3041 5543 3454 5624 βρωθησρμενον
3483 5541 3679 5624 Epeo?
3703 5541 3780 5624 ἓν

2193 5561 2302 5667 γαρ
2339 5561 2426 5597 τον
2467 5561 2637 5608 ουτως
2686 5561 2993 5616 ακαυαρτον
3041 5561 3454 5617 ρρωυησομενον
3499 5561 3666 5626 αρτον
3703 5561 3780 5624 ἓν

2192 5618 2334 5686 άγῳ
2381 5614 2902 5686 παραλαμϐάνεσθαι
2945 5615 3202 5686 ἀριθμῷ.
3249 5618 3433 5678 ὁποῖος
3477 5613 3625 5686 εἰη-ὀ
3664 5629 3780 5686 της

2191 5684 2430 5749 δεκάδος,
2459 5684 2554 5758 καί
2582 5685 2892 5758 ἑϐδομάδος,
2920 5684 3013 5758 καὶ
3033 5684 3346 5758 τριακάδος,
3373 5687 3466 5741 καὶ
3492 5684 3771 5755 ὀγδοάδος,

2199 5759 2294 5812 καί
2323 5773 2465 5820 τινες
2487 5755 2594 5810 τῶν
2621 5755 2818 5828 ὁμοίων
2851 5755 3116 5830 ἀριθμῶν.
