4082 6224
295 259 398 316 181

1385 263 1740 320 COMMEN'I.
1773 232 2063 319 ιΝἰοΑΝ.
2100 261 2336 318 TOLIUS
2371 258 2434 314 ll.

295 375 500 440 εὐθέως
538 375 798 449 προσάγει
831 377 921 431 τὸν
945 377 1173 447 ἀδελφὺν
1211 377 1287 450 τῷ
1327 380 1570 452 Χριστῷ,
1594 373 1640 449 ᾧ
1667 379 1873 450 Σίμωνι

1979 378 2128 433 illum
2161 377 2416 432 intuitum
2446 373 2728 430 declarans
2757 387 2815 430 se
2843 370 3082 428 Simonis
3104 383 3290 425 curam
3325 382 3540 438 gerere,

293 465 593 536 ἐχαρίσατο
632 467 663 518 6
711 466 914 539 Ἰησοῦς
953 468 1014 521 τὸ
1049 468 1316 540 ἐμῖιλέψαι
1353 469 1536 542 αὐτῷ,
1573 471 1709 544 ὅπερ
1753 470 1873 525 ἐστὶ

293 557 385 612 διὰ
409 558 504 611 τοῦ
535 558 800 630 ἐμϐλέψαι
827 561 1198 632 ἐπισκοπῆσαι
1227 563 1325 616 καὶ
1353 565 1586 633 φωτίσαι
1612 563 1779 618 αὑτοῦ
1814 565 1874 618 τὸ

295 652 624 721 ἡγεμονικόν
641 669 656 683 ο
683 653 774 706 καὶ⁹
798 654 1081 726 δεδύνηται
1111 655 1200 710 διὰ
1225 657 1286 710 τὸ
1309 657 1698 728 ἐμϐεσλεφέναι
1726 658 1874 729 αὐτῷ

293 743 388 796 τὸν
425 744 633 814 Ἰησοῦν
671 747 699 798 ὁ
731 745 915 816 Σίμων
961 747 1349 819 βεεαιωθῆναι,
1388 750 1526 804 ὥστε
1565 750 1658 804 τοῦ
1707 751 1872 822 ἔργου

288 833 396 902 τῆς
441 835 787 907 βεϐαιότητος
818 839 912 892 καὶ
945 837 1045 909 τῆς
1077 841 1436 913 στερρότητος
1463 839 1749 913 ἐπώνυμος
1781 859 1874 912 γε-

291 923 504 990 νέσθαι,
532 928 625 979 καὶ
655 926 923 1000 κληθῆναι
953 925 1181 1001 Πέτρος.

366 1015 454 1071 50.
502 1015 640 1069 Ἀλλ’
685 1019 801 1090 ἐρεῖ
829 1033 912 1083 τις
931 1053 946 1083 ,
974 1020 1027 1072 τί
1055 1020 1251 1091 δήποτε
1283 1021 1644 1093 προκειμένου
1684 1022 1875 1095 διηγήο

295 1106 493 1161 σασθαι
516 1109 596 1162 τό·
639 1123 659 1160 ι
695 1104 863 1174 οὗτος
883 1107 1045 1182 ἦλθεν
1077 1115 1156 1176 είς
1184 1111 1510 1188 μαρτυρίαν,
1543 1115 1631 1169 ἵνα
1665 1133 1875 1187 μαρτυ-

295 1201 439 1272 ρήσῃ
471 1202 597 1272 περὶ
619 1201 713 1255 τοῦ
744 1203 936 1272 φωτὸς,
970 1221 988 1256 ι
1015 1204 1188 1259 πάντα
1208 1206 1381 1261 ταῦτα
1401 1205 1876 1278 διεξεληλύθαμενῑ

292 1290 528 1345 Λεκτέον
555 1291 645 1357 δὲ,
675 1293 754 1346 ὅτι
783 1287 888 1346 ἔδει
932 1297 1283 1367 παραστῆσαι
1314 1298 1414 1362 τὰς
1445 1298 1756 1370 μαρτυρίας
1779 1297 1876 1352 τοῦ

309 1379 554 1436 Ἰωάννου
582 1384 682 1449 τὰς
710 1387 836 1457 περὶ
866 1385 960 1440 τοῦ
994 1389 1170 1457 φωτὸς
1195 1427 1210 1454 ,
1242 1389 1339 1442 καὶ
1383 1391 1480 1462 τὴν
1512 1390 1663 1455 τάξιν
1697 1391 1876 1452 αὐτῶν

287 1473 588 1539 ἐκθέσθαι,
636 1477 737 1547 τήν
775 1493 836 1530 τε
888 1479 1336 1552 ἀκολουθήσασιν
1375 1477 1454 1546 οἷς
1498 1484 1877 1556 ἐμαρτύρησεν

286 1563 593 1634 ὠφέλειαν,
626 1569 926 1642 γενομένην
957 1571 1097 1624 κατὰ
1143 1572 1244 1642 τὴν
1285 1573 1526 1627 Ἰωάννου
1571 1574 1875 1646 μαρτυρίαν

289 1654 402 1707 ἀπὸ
429 1656 522 1709 τοῦ
569 1658 745 1730 Ἰησοῦ
766 1698 782 1724 ,
819 1660 906 1712 ἵνα
940 1662 1000 1714 τὸ
1029 1663 1292 1735 ἀνύσιμον
1317 1665 1415 1734 τῆς
1455 1665 1700 1720 Ἰωάννου
1735 1684 1876 1738 μαρ-

289 1746 483 1818 τυρίας
513 1747 748 1820 δηλωθῇ.
789 1748 904 1806 Καὶ
928 1752 1034 1824 πρὸ
1079 1751 1188 1808 τῶν
1212 1753 1441 1808 ἐνταῦθα
1465 1755 1523 1809 δὲ
1554 1758 1868 1829 μαρτυριῶν

290 1837 329 1906 ἡ
363 1837 421 1890 ἐν
446 1839 512 1908 τῇ
549 1837 869 1906 ἀγαλλιάσει
903 1841 1186 1914 σκίρτησις
1225 1843 1317 1897 τοῦ
1358 1845 1664 1900 Βαπτιστοῦ
1699 1848 1759 1902 ὲν
1799 1851 1867 1920 τῇ

287 1925 469 1998 κοιλίᾳ
494 1927 597 1998 τῆς
639 1929 916 1984 Ἐλισάὸετ
953 1932 1044 1986 ἐπὶ
1079 1931 1156 2004 τῷ
1193 1934 1469 2006 ἀσπασμῷ
1510 1937 1613 2007 τῆς
1652 1938 1872 2009 Μαρίας

290 2019 573 2088 μαρτυρία
593 2021 720 2092 περὶ
747 2021 979 2093 Χριστοῦ
1005 2019 1091 2095 ἦν,
1123 2025 1524 2097 μαρτυροῦντος
1543 2031 1610 2100 τῇ
1637 2029 1873 2101 θειότητι

287 2108 396 2178 τῆς
447 2109 757 2182 συλλήψεως
791 2114 885 2166 καὶ
925 2115 1192 2184 γενέσεως
1234 2119 1421 2172 αὐτοῦ.
1465 2121 1575 2174 Καὶ
1621 2121 1674 2175 τί
1720 2124 1872 2195 γάρ;

289 2198 367 2250 Ἣ
397 2201 667 2270 πανταχοῦ
694 2203 902 2274 μάρτυς
930 2206 1024 2259 καὶ
1055 2208 1358 2280 πρόδρομος
1385 2212 1478 2265 τοῦ
1521 2213 1694 2284 Ἰησοῦ
1724 2218 1872 2269 ἐστιν

285 2287 317 2340 ὁ
361 2289 630 2362 Ἰωάννης,
675 2295 1077 2366 προλαμϐάνων
1119 2300 1220 2372 τὴν
1269 2301 1484 2371 γένεσιν
1527 2306 1690 2360 αὐτοῦ
1715 2349 1730 2372 ,
1775 2311 1872 2362 καὶ

287 2379 399 2450 πρὸ
435 2381 613 2450 ὀλίγου
645 2383 738 2438 τοῦ
784 2383 1012 2442 Θανάτου
1051 2391 1410 2465 ἀποθνήσκων
1457 2397 1550 2449 τοῦ
1597 2397 1723 2453 Υίοῦ
1772 2402 1868 2456 τοῦ

279 2472 452 2550 ⁸Θεοῦ,
487 2475 573 2528 ἴνα
608 2477 682 2548 μὴ
719 2479 876 2548 μόνον
920 2486 1034 2546 τοῖς
1072 2485 1130 2536 ἐν
1177 2486 1429 2555 γενέσει,
1477 2489 1612 2544 ἀλλὰ
1637 2495 1871 2559 καὶτοῖς

289 2563 631 2656 προσδοκῶσι
651 2570 749 2641 τῆν
769 2571 857 2625 διὰ
878 2573 1115 2647 Χριστοῦ
1139 2577 1246 2631 άπὸ
1270 2578 1500 2635 θανάτου
1534 2583 1866 2656 ἐλευθερίαν,

288 2654 398 2747 πρὸ
427 2653 520 2747 τοῦ
555 2653 791 2730 Χριστοῦ
826 2661 1130 2737 ἐπιδημῶν,
1163 2670 1437 2740 πανταχοῦ
1466 2653 1736 2747 ἑτοιμάσῃ
1761 2677 1871 2730 Κυ-

293 2745 396 2840 ρίῳ
432 2746 581 2840 Δλαὸν
610 2755 1142 2826 κατεσκευασμένον·
1187 2758 1377 2830 φθάνει
1415 2761 1472 2815 δὲ
1509 2763 1601 2816 καὶ
1772 2767 1870 2840 τὴν

287 2835 546 2912 δευτέραν
572 2839 809 2915 Χριστοῦ
840 2850 1160 2920 παρουσίαν,
1187 2851 1280 2905 καὶ
1306 2851 1656 2930 θειοτέραν,ή
1693 2835 1872 2915 Ἰωάν-

288 2947 400 3002 νου,
420 2935 715 3008 μαρτυρία.
754 2955 772 2990 ι
807 2939 870 2993 Εἰ
896 2941 1004 3013 γὰρ
1045 2941 1245 3011 θέλετε,
1276 2945 1428 3018 φησὶ,
1463 2947 1738 3018 δέξασθαι,
1773 2947 1873 3005 αὖ-

285 3023 384 3138 ἷός
411 3026 582 3138 ’ἐστιν’
606 3028 790 3138 Ἠλίας
829 3033 858 3086 ό
902 3034 1110 3138 μέλλων
1147 3037 1420 3110 ἔρχεσθαι.
1492 3042 1548 3096 '0
1589 3043 1726 3115 ἔχων
1751 3040 1867 3102 ὦτα
1894 3079 1938 3138 C

289 3114 531 3209 ακούειν,
559 3119 822 3176 ἀκουέτω.
863 3143 882 3176 ι
919 3124 1098 3199 Οὔσης
1129 3129 1185 3182 δὲ
1222 3132 1396 3204 ἀρχῆς
1438 3134 1494 3188 ἐν
1671 3139 1864 3208 Λόγος,

289 3205 504 3275 (ἥντινα
537 3211 726 3280 σοφίαν
755 3211 892 3268 εἶναι
935 3218 1043 3272 ἀπὸ
1081 3221 1188 3274 τῶν
1229 3205 1866 3296 Παροιμιῶν-ἀπεδείξα-

292 3311 400 3394 μέν
413 3299 450 3365 ³)
473 3299 624 3394 ὄντος
654 3303 710 3356 δὲ
740 3305 831 3358 καὶ
862 3307 957 3360 τοῦ
984 3310 1178 3380 Λόγου,
1206 3317 1504 3390 γενομένης
1525 3331 1584 3373 τε
1609 3320 1868 3394 ἐντούτῳ

287 3384 457 3490 ζωῆς,
482 3391 690 3490 τῆς-τε
743 3395 887 3490 ζωῆς
912 3403 1284 3476 τυγχανούσης
1321 3384 1496 3476 ιρωτός
1544 3384 1866 3482 ἀνθρώπων,

289 3475 443 3549 ζητῶ
473 3482 526 3534 τί
556 3481 755 3554 δήποτε
805 3489 834 3540 6
864 3491 1154 3563 γενόμενος
1207 3515 1224 3546 ι
1244 3475 1247 3476 ν
1265 3475 1568 3570 ἄνθρωπος,
1599 3475 1871 3558 ἀπεσταλέ

291 3570 456 3670 μένος
479 3577 628 3670 παρὰ
652 3578 808 3645 Θεοῦ,
841 3573 886 3650 ᾦ
925 3583 1096 3658 ὄνομα
1133 3588 1406 3662 Ἰωάννης,
1440 3585 1602 3664 ἦλθεν
1623 3595 1703 3660 εἰς
1732 3611 1870 3670 μαρ-

289 3663 516 3769 τυρίαν,
552 3666 656 3769 ,ἵνα
709 3675 1034 3750 μαρτυρήσῃ
1075 3681 1204 3750 περὶ
1246 3681 1340 3734 τοῦ
1369 3684 1544 3751 φωτός
1579 3702 1594 3751 ;
1634 3704 1652 3738 ι
1691 3663 1791 3742 Διά
1815 3663 1875 3741 τί

293 3756 390 3851 οῦν
424 3756 521 3828 οὐχ
552 3757 637 3812 ἴνα
674 3765 994 3838 μαρτυρήσῃ
1027 3770 1154 3841 περὶ
1184 3771 1280 3842 τῆς
1305 3772 1470 3842 ζωῆς,
1494 3775 1528 3846 ἢ
1553 3776 1638 3830 ἵνα
1663 3795 1872 3851 μαρτυ-

298 3846 445 3940 ρήσῃ
479 3851 604 3921 περὶ
643 3852 736 3906 τοῦ
771 3856 944 3924 Λόγου
969 3898 984 3923 ,
1025 3859 1057 3930 ἢ
1101 3862 1226 3932 περὶ
1258 3861 1358 3932 τῆς
1394 3865 1588 3935 ἀρχῆς,
1621 3846 1876 3940 ἣνὸτέοίας

291 3937 498 4008 δήποτε.
525 3943 688 4013 ἄλλης
715 3948 958 4014 ἐπινοίας
999 3951 1094 4006 τοῦ
1126 3951 1362 4025 Χριστοῦ
1397 3972 1411 4020 ;
1459 3937 1784 4032 Ἐπίσκεψαι
1819 3961 1875 4016 δὲ

291 4035 340 4085 εξ
360 4033 580 4107 μῆ(26’)
601 4052 618 4084 ι
636 4034 664 4084 6
681 4033 812 4100 λαὸς
833 4039 1174 4114 ὀκαθήμενος
1190 4046 1246 4098 ἐν
1264 4047 1440 4120 σκότῳ
1455 4049 1569 4122 φῶς
1580 4045 1684 4106 εἶδε
1700 4051 1902 4122 μέγαρ

292 4125 391 4220 καὶ
409 4127 532 4220 ἐπεὶ
562 4146 580 4178 ι
602 4128 662 4182 τὸ
690 4129 804 4199 φῶς
826 4132 883 4186 ἐν
908 4136 972 4206 τῇ
1002 4135 1190 4209 σκοτία
1223 4139 1425 4208 φαίνει,
1451 4161 1469 4193 ι
1493 4141 1568 4215 μὴ
1594 4147 1875 4220 καταλαμο

289 4216 591 4288 δανόμενον
623 4220 712 4274 ὑπ’
746 4223 936 4294 αὐτῆς,
967 4227 1016 4278 οἱ
1047 4229 1106 4281 ἐν
1131 4229 1306 4301 σκότῳ
1343 4233 1702 4303 τυγχάνοντες
1733 4216 1878 4291 δέον-

287 4325 382 4363 ται
409 4311 604 4378 φωτὸς,
635 4315 914 4371 τουτέστιν
934 4317 980 4370 oi
1003 4319 1387 4391 ἀνθρωπομΕι
1407 4323 1514 4396 γὰρ
1539 4323 1600 4379 τὸ
1629 4327 1744 4397 φῶς
1767 4329 1877 4384 τῶν

1975 471 2174 526 anima:
2205 469 2350 523 illius
2393 476 2548 536 parte
2588 465 3042 534 praestantissima
3083 462 3356 518 illustrata
3397 474 3412 512 :
3450 471 3588 527 po-.

1975 563 2186 634 tuitqne
2218 562 2432 624 Simon,
2463 574 2532 614 eo
2565 557 2711 628 quod
2761 555 2924 611 Jesus
2978 555 3031 608 in
3085 553 3261 624 ipsum
3315 551 3544 606 intuitus

1974 664 2078 717 est,
2105 665 2348 720 eousque
2392 647 2648 714 stabiliri,
2687 656 2746 701 ut
2779 647 2847 700 ab
2873 658 3038 714 opere
3063 639 3243 698 stabili
3280 641 3546 711 llrntoqne

1974 757 2271 816 cognomen
2311 740 2554 796 traheret
2581 748 2630 794 et
2661 746 2955 793 vocaretur
2982 731 3200 788 Petrus.

2044 1011 2134 1067 50.
2159 1009 2266 1066 Sed
2307 1008 2552 1065 dicturus
2596 1015 2681 1064 est
2709 1003 2926 1076 aliquis,
2969 1017 3066 1058 cur
3098 1002 3313 1057 tandem
3345 1014 3548 1071 propn-

1973 1104 2079 1159 sita
2125 1103 2279 1158 nobis
2319 1099 2766 1172 interpretatione
2799 1097 3089 1154 verborum
3128 1109 3354 1151 eorum;
3390 1113 3410 1148 ι
3451 1094 3551 1150 Hic

1976 1197 2130 1250 venit
2181 1195 2248 1249 ad
2302 1193 2746 1256 testiﬁcandum,
2783 1200 2845 1245 ut
2879 1190 3270 1245 testiﬁcaretur
3310 1188 3376 1244 de
3429 1187 3554 1244 luce

1976 1287 2068 1343 illa
2097 1287 2196 1351 ",i
2224 1287 2407 1341 omnia
2455 1286 2572 1340 hmo
2623 1281 3092 1338 transcurrimus?
3116 1279 3186 1334 At
3219 1279 3504 1335 dicendum
3532 1321 3548 1348 ,

1976 1392 2205 1434 necesse
2263 1377 2432 1432 fuisse
2475 1375 2698 1431 Joannis
2733 1372 3040 1429 testimonia
3076 1371 3142 1426 de
3184 1371 3303 1426 luce
3333 1367 3422 1425 illa
3453 1372 3551 1426 de-
3605 1379 3620 1396 °

1975 1477 2284 1523 monstrare
2306 1467 2660 1536 ordinemque
2698 1479 2886 1519 eorum
2913 1477 3184 1532 exponere
3215 1480 3228 1516 :
3255 1471 3420 1532 atque
3449 1463 3560 1517 utic.

1973 1558 2183 1624 litatem
2208 1573 2328 1628 quae
2363 1559 2606 1613 insecuta
2650 1555 2817 1612 fuerit
2851 1571 2948 1612 eos
2976 1549 3114 1625 apud
3149 1569 3290 1624 quos
3319 1563 3552 1610 testatus

1975 1644 2189 1710 fuisset,
2230 1645 2428 1700 factam
2460 1654 2582 1716 post
2619 1641 2844 1700 Joannis
2871 1642 3239 1700 testimonium
3269 1659 3296 1696 a
3324 1641 3472 1711 Jesu,
3493 1649 3556 1698 ut

1975 1738 2236 1809 perfectio
2267 1737 2562 1793 testimonii
2585 1735 2812 1792 Joannis
2841 1735 3234 1792 declararetur.
3253 1733 3393 1802 Quin
3424 1744 3576 1790 ante

1975 1832 2094 1888 ham
2135 1831 2438 1888 testimonia
2473 1830 2726 1900 Baptistae
2769 1829 3068 1887 exsultatio
3109 1843 3220 1899 pra:
3265 1828 3463 1898 gaudio
3495 1828 3548 1882 in

1979 1935 2135 1980 utero
2175 1924 2450 1979 Elisabeth
2497 1933 2717 1992 prepter
2742 1922 2926 1977 Mariae
2958 1914 3366 1986 salutationem,
3403 1920 3550 1976 testi-

1977 2017 2219 2072 monium
2251 2017 2351 2071 fuit
2387 2017 2452 2072 de
2478 2016 2716 2080 Christo,
2753 2014 3080 2070 testificante
3110 2011 3354 2082 Baptista
3377 2013 3443 2070 de
3464 2011 3552 2067 di-

1980 2110 2208 2164 vinitate
2244 2107 2616 2178 conceptionis
2654 2116 2708 2163 et
2741 2115 2896 2162 ortus
2924 2105 3150 2162 Christi.
3173 2103 3312 2172 Quid
3361 2099 3558 2175 plura?

1983 2201 2074 2258 Vel
2097 2201 2294 2268 ubique
2320 2198 2474 2256 testis
2491 2211 2544 2254 et
2567 2213 2870 2270 praecursor
2887 2197 3013 2254 Jesu
3035 2207 3117 2254 est
3131 2189 3369 2253 Joannes
3397 2187 3556 2252 ante;-

1979 2301 2196 2348 vertens
2231 2293 2374 2347 illius
2395 2301 2594 2354 ortum,
2628 2300 2682 2346 et
2704 2290 2864 2360 paulo
2889 2301 3016 2346 ante
3047 2300 3276 2345 mortem
3299 2288 3422 2344 Filii
3459 2289 3552 2344 Dei

1977 2383 2236 2449 moriens,
2255 2393 2314 2438 ut
2347 2399 2454 2438 non
2483 2381 2656 2437 solum
2685 2384 2752 2436 ad
2787 2382 2958 2447 viros,
2979 2396 3167 2437 verum
3189 2389 3244 2436 et
3275 2383 3342 2436 ad
3367 2395 3558 2450 exspe-

1977 2486 2186 2532 ctantes
2203 2477 2504 2531 libertatem
2523 2490 2550 2528 a
2572 2483 2743 2530 morte
2761 2489 2855 2545 per
2867 2474 3140 2530 Christum
3155 2473 3412 2540 futuram,
3428 2482 3566 2528 ante.

1977 2567 2251 2623 Christum
2280 2567 2602 2634 adveniens,
2634 2567 2836 2636 ubique
2868 2566 3094 2621 Domino
3126 2574 3346 2637 pararet
3386 2581 3567 2637 popu-

1978 2662 2087 2716 lum
2117 2661 2531 2727 instructum”;
2559 2660 2816 2731 pertingit
2845 2669 3024 2715 autem
3056 2673 3224 2730 usque
3258 2661 3323 2713 ad
3353 2674 3556 2715 secun-

1977 2756 2127 2819 dum,
2158 2769 2391 2823 eumque
2429 2753 2751 2810 diviniorem
2773 2793 2789 2818 ,
2818 2753 3018 2809 Christi
3055 2754 3347 2808 adventum
3389 2751 3558 2809 Joan-

1978 2848 2062 2902 nis
2099 2845 2490 2902 testitnonium.
2529 2864 2548 2899 ι
2588 2845 2644 2901 Si
2676 2845 2823 2901 enim
2866 2845 3050 2911 vultis,
3091 2845 3264 2914 inquit
3289 2843 3359 2912 “,
3404 2843 3556 2900 reci-

1977 2955 2142 3010 pere,
2221 2937 2337 3008 ipse
2410 2945 2494 2992 est
2570 2937 2755 3006 Elias,
2821 2936 2917 3008 qui
2979 2947 3240 2992 venturus
3288 2946 3390 2992 est.
3447 2936 3557 3005 Qui

1977 3032 2135 3086 habet
2183 3043 2344 3086 aures
2384 3029 2658 3094 audiendi,
2701 3029 2900 3084 audiat.
2945 3045 2966 3081 ι
2999 3027 3265 3084 Caeterum
3310 3041 3432 3082 cum
3484 3027 3557 3081 sit

1969 3123 2289 3195 principium
2337 3123 2388 3178 in
2427 3135 2532 3193 quo
2555 3130 2639 3177 est
2657 3121 2848 3177 Sermo
2865 3120 3034 3192 (quod
3076 3119 3394 3190 sapientiam
3433 3133 3568 3174 esse-

1968 3232 2034 3270 ex
2065 3215 2484 3272 Proverbiorum
2530 3213 2666 3269 libro
2705 3211 3092 3282 ostendimus),
3121 3225 3353 3280 cumque
3391 3209 3556 3266 etiam

1969 3308 2040 3364 sit
2078 3307 2310 3370 Sermo,
2349 3313 2512 3375 atque
2563 3303 2672 3358 vita
2725 3303 2778 3358 in
2833 3302 2938 3362 hoc
2997 3302 3182 3367 facta,
3241 3316 3306 3356 ac
3360 3300 3556 3354 deinde

1972 3400 2080 3454 vita
2097 3399 2169 3454 sit
2192 3397 2279 3452 lux
2303 3397 2598 3464 hominum,
2619 3407 2801 3465 quaero
2817 3409 2916 3449 cur
2943 3393 3180 3461 tandem,
3201 3409 3321 3448 cum
3345 3410 3365 3445 ι
3390 3393 3575 3448 homo~

1973 3491 2170 3546 missus
2196 3503 2226 3542 a
2269 3489 2399 3556 Deo,
2435 3487 2522 3543 cui
2569 3501 2766 3542 nomen
2796 3493 2914 3540 erat
2941 3482 3204 3549 Joannes,
3246 3481 3460 3537 venerit
3485 3481 3572 3536 ad:

1976 3581 2396 3646 testiﬁcandum,
2413 3587 2476 3633 ut
2494 3579 2879 3634 testiﬁcaretur
2905 3576 2972 3632 de
3003 3575 3233 3638 lucc",t
3263 3587 3371 3626 non
3390 3573 3572 3628 etiarn-

1975 3674 2186 3730 venerit
2222 3681 2280 3726 ut
2319 3671 2706 3726 testiﬁcaretur
2736 3669 2804 3724 de
2837 3667 2980 3734 vita,
3010 3663 3096 3720 vel
3127 3672 3186 3718 ut
3231 3661 3554 3734 testiﬁcare-

1977 3773 2068 3820 tur
2100 3763 2166 3818 de
2198 3761 2481 3824 Sermone,
2512 3759 2596 3814 vel
2625 3759 2694 3812 de
2721 3756 3010 3826 principio,
3030 3753 3112 3808 vel
3141 3755 3209 3809 de
3231 3766 3576 3822 quacunque-

1975 3855 2084 3911 alia
2110 3853 2546 3910 consideratione
2592 3849 2793 3907 Christi
2827 3849 2849 3903 ἓ
2881 3847 3113 3902 Proinde
3147 3844 3428 3901 considera
3459 3858 3570 3911 an,

1978 3948 2234 4017 qnoniam
2273 3964 2291 3999 ι
2323 3944 2552 4016 populos
2581 3944 2674 4014 qui
2717 3943 2941 4000 sedebat
2967 3941 3020 3997 in
3071 3939 3334 4004 tenebris,
3361 3937 3558 3994 viderit

1977 4041 2154 4096 lucem
2213 4053 2464 4111 magnam
2491 4037 2560 4104 “,
2597 4057 2618 4091 ι
2652 4045 2709 4092 et
2739 4038 2994 4108 quoniam
3035 4053 3068 4088 ιι
3091 4034 3180 4088 lux
3225 4033 3278 4088 in
3313 4031 3570 4087 tenebris»

1980 4131 2122 4188 lucet
2153 4151 2172 4185 ι
2215 4148 2324 4187 non
2370 4131 2705 4201 deprehensa
2733 4130 2802 4185 ab
2830 4130 2965 4201 ipsis
2999 4126 3324 4192 tenebris”,
3358 4124 3435 4180 illi
3458 4126 3555 4194 qui

1979 4235 2106 4280 sunt
2137 4225 2191 4280 in
2225 4223 2494 4289 tenebris,
2527 4237 2722 4293 nempe
2771 4221 3066 4286 homines,
3087 4217 3206 4274 luce
3257 4216 3552 4286 indigeant.

1980 4319 2112 4374 Nam
2147 4319 2192 4374 si
2230 4318 2322 4371 lux
2353 4317 2632 4372 hominum
2659 4315 2712 4370 in
2739 4314 2979 4370 tenebris
3003 4313 3169 4377 lucet,
3199 4309 3309 4380 92
3339 4309 3555 4379 quando

289 4401 595 4473 ἀνθρώπων
627 4407 684 4458 ἐν
714 4410 780 4478 τῇ
816 4409 1004 4481 σκοτίᾳ
1034 4412 1242 4480 φαίνει,
1288 4414 1414 4469 ἔνθα
1443 4417 1693 4490 οὐδαμῶς
1720 4422 1874 4495 ἐνέρ-

1981 4410 2126 4466 nulla
2151 4410 2374 4466 omnino
2413 4409 2757 4464 tenebrarum
2803 4405 3048 4476 operatio
3081 4403 3206 4468 erit,
3250 4411 3380 4455 tunc
3419 4399 3554 4454 alias

289 4511 416 4562 γεια
438 4497 656 4562 σκοτίας
677 4501 970 4571 τυγχάνει,
997 4505 1199 4577 ἑτέρων
1229 4509 1481 4564 ἐπινοιῶν
1508 4511 1602 4565 τοῦ
1633 4491 1870 4587 Χριστοῦ

1981 4500 2184 4556 ChriSti
2243 4498 2710 4555 considerationes
2757 4495 3238 4566 participabitnus,
3291 4505 3412 4546 cum
3450 4491 3556 4543 mi-

293 4590 725 4662 κοινωνήσομεν,
773 4593 868 4649 νῦν
913 4595 1117 4667 κυρίως
1160 4599 1253 4652 καὶ
1294 4600 1435 4655 κατὰ
1462 4603 1523 4656 τὸ
1561 4582 1784 4677 ἀκρινόἐς
1810 4607 1871 4660 οὐ

1982 4591 2127 4648 nime
2174 4592 2322 4661 ipsas
2363 4591 2583 4661 proprie
2627 4604 2769 4644 nunc
2791 4627 2820 4654 ,-
2844 4596 2898 4642 et
2946 4596 3099 4643 certo
3145 4582 3552 4655 participemus.

294 4682 618 4752 μετέχοντες
643 4685 840 4740 αὐτῶν.
875 4685 999 4752 Πῶς
1033 4689 1142 4762 γὰρ
1162 4687 1473 4765 ’μετέχομεν
1513 4694 1677 4768 ζωῆς,
1708 4698 1758 4750 οἱ
1791 4697 1873 4752 ἔτι

1982 4683 2117 4740 Nam
2157 4685 2428 4755 quomodo
2474 4685 2594 4738 vita:
2633 4682 2936 4754 participes
2974 4695 3183 4745 sumus,
3236 4679 3330 4749 qui
3379 4679 3556 4734 adhuc

289 4772 353 4824 τὸ
386 4773 546 4844 σῶμα
566 4775 660 4828 τοῦ
688 4776 914 4832 θανάτου
944 4783 1317 4854 περικείμενοι
1355 4801 1370 4850 ;
1406 4805 1424 4836 ι
1445 4779 1543 4839 Ὧν
1569 4790 1602 4859 ή
1638 4787 1751 4860 ζωὴ
1777 4789 1871 4843 κέ-

1981 4792 2210 4846 corpore
2243 4777 2345 4830 hoc
2373 4775 2587 4830 mortali
2635 4773 3085 4830 circumdamur?
3120 4789 3138 4823 ι
3170 4772 3410 4839 Quorum
3447 4774 3554 4824 vita

291 4879 532 4934 κρυπται
581 4869 676 4921 σὺν
727 4868 806 4940 τῷ
840 4872 1061 4944 Χριστῷ
1113 4873 1169 4927 ἐν
1208 4875 1286 4947 τῷ
1312 4877 1472 4948 Θεῷ;
1510 4880 1677 4951 Ὅταν
1708 4881 1816 4954 γὰρ
1843 4881 1870 4934 6

1977 4869 2298 4926 abscondita
2325 4877 2408 4922 est
2433 4883 2536 4920 una
2562 4881 2683 4922 cum
2718 4867 2934 4922 Christo
2960 4867 3011 4920 in
3063 4864 3173 4921 Deo
3201 4866 3223 4920 ?
3249 4865 3381 4922 Cum
3411 4866 3557 4919 enim

289 4955 528 5027 Χριστὸς
558 4960 866 5032 φανερωθῇ,
893 4961 926 5033 ἡ
961 4962 1072 5035 ζωὴ
1099 4967 1276 5037 ἡμῶν,
1311 4968 1430 5022 τότε
1460 4969 1554 5024 καὶ
1580 4971 1742 5042 ἡμεῖς
1772 4973 1871 5028 σὺν

1981 4961 2232 5017 Christus
2288 4960 2598 5030 apparuerit
2647 4960 2753 5012 vita
2809 4966 3016 5022 nostra,
3048 4967 3174 5012 tunc
3199 4967 3256 5012 et
3298 4971 3395 5011 nos
3422 4971 3544 5009 cum

289 5052 444 5123 αὐτῷ
469 5055 965 5133 φανερωθησόμεθα
991 5061 1048 5113 ἐν
1079 5061 1226 5135 δόξῃ.
1267 5083 1285 5116 ι
1319 5064 1430 5135 Οὐχ
1463 5061 1572 5119 οἷόν
1594 5083 1653 5118 τε
1685 5062 1778 5122 οὖν
1801 5063 1870 5140 ἦν

1980 5052 2096 5124 ipso
2142 5050 2525 5122 apparebimus
2552 5051 2603 5105 in
2634 5051 2802 5122 gleria
2840 5051 2907 5106 ⁸⁸.
2946 5069 2966 5102 ι
3007 5047 3179 5103 Homo
3210 5062 3340 5118 ergo
3380 5045 3557 5103 nullus

287 5145 384 5199 τὸν
417 5144 640 5202 ἐλθόντα
675 5153 1019 5223 μαρτυρῆσαι
1069 5157 1196 5227 περὶ
1241 5157 1340 5228 τῆς
1379 5157 1524 5230 ζωῆς
1553 5159 1654 5230 τῆς
1697 5161 1777 5214 ἔτι
1808 5159 1874 5216 ἂν

1976 5148 2069 5216 qui
2123 5149 2382 5210 veniSset,
2420 5146 2698 5202 testiﬁcari
2752 5154 2964 5214 poterat
2995 5145 3062 5199 de
3099 5143 3208 5196 vita
3256 5143 3552 5198 etiamnum

289 5240 679 5312 κρυπτομένης
715 5242 811 5296 σὺν
835 5241 914 5315 τῷ
946 5241 1165 5319 Χριστῷ
1204 5251 1260 5302 ἐν
1288 5249 1365 5321 τῷ
1400 5251 1538 5322 Θεῷζ
1581 5252 1720 5306 Ἀλλ’
1755 5252 1874 5306 οὐδέ

1976 5255 2098 5294 cum
2125 5238 2342 5294 Christo
2368 5239 2685 5293 abscondita
2713 5238 2767 5292 in
2802 5237 2929 5292 Deo.
2972 5235 3084 5290 Sed
3104 5249 3278 5304 neque
3311 5233 3456 5288 venit
3487 5233 3566 5288 ad

286 5325 457 5400 ἦλθεν
482 5334 562 5395 είς
588 5335 913 5406 μαρτυρίαν,
933 5337 1018 5390 ἵνα
1053 5343 1377 5413 μαρτυρήσῃ
1407 5343 1534 5414 περὶ
1558 5342 1652 5396 τοῦ
1678 5344 1874 5412 Λόγου,

1979 5332 2404 5397 testificandum,
2435 5341 2492 5384 ut
2546 5330 2931 5384 testiﬁcaretur
2989 5327 3058 5382 de
3097 5327 3404 5384 Sermone:
3435 5326 3568 5382 Sera

289 5423 466 5492 Λόγον
490 5426 652 5496 ἡμῶν
675 5426 934 5483 νοούντων
962 5429 1052 5483 τὸν
1076 5432 1135 5483 ἐν
1157 5432 1298 5503 ἀρχῇ
1321 5432 1458 5503 πρὸς
1481 5434 1570 5487 τὸν
1602 5434 1753 5501 Θεὸν,
1785 5435 1874 5489 καὶ

1979 5442 2197 5482 monent
2249 5423 2724 5480 considerantibus
2778 5421 2934 5476 nobis
2987 5419 3040 5477 in
3089 5422 3351 5493 principio
3411 5422 3554 5490 apud

364 5538 411 5569 "
428 5537 584 5593 Joan.
606 5535 649 5603 Ι⁹
673 5537 724 5594 7.
802 5538 848 5570 ⁸³
867 5538 997 5597 Luc.
1024 5557 1062 5606 ι,
1087 5541 1171 5596 l7.
1247 5541 1590 5610 “Matinum,
1612 5546 1697 5609 Η,
1720 5547 1806 5602 15.

293 5609 343 5642 ⁸⁸
366 5611 548 5663 (Solos.
588 5625 682 5665 ιιι.
711 5609 768 5665 5.
797 5609 855 5664 6.

1975 5545 2263 5611 loan.t,6.
2339 5537 3104 5608 "lsa.lx,2;Matth.miti.
3183 5540 3229 5573 ⁸⁷
3261 5539 3556 5606 Joan.t,5..

533 5647 548 5663 ο
588 5647 682 5672 ιιι,
711 5647 768 5676 υ,
797 5647 855 5664 ’.ο

371 5698 506 5770 μιν)
547 5699 702 5771 Legit
729 5700 1001 5770 interpres
1025 5695 1208 5767 είμὶι,
1246 5697 1375 5752 ἐπεὶ
1411 5701 1442 5752 o'
1467 5700 1634 5768 λαὸς,
1666 5719 1718 5755 κ.
1751 5721 1798 5756 τ.
1839 5700 1888 5756 λ.
1928 5711 2088 5771 Ευιτ,
