3962 6206
523 270 618 338 183

1983 288 2307 348 οιιιοεινιδ

3660 287 3760 359 ιιι

511 398 680 456 Deum
709 403 776 468 δ’,
809 414 860 459 et
892 402 1056 458 Deum
1099 404 1414 460 Sermonem
1449 422 1466 460 :
1504 420 1667 478 super
1705 417 1904 463 terram
1937 408 2054 462 enin

2185 407 2317 461 Θεὸν
2345 407 2517 476 Λόγον
2535 423 2548 437 ⁸
2584 405 2676 460 ἐπὶ
2705 405 2807 476 γῆς
2835 402 2943 476 γὰρ
2962 402 2992 456 ὁ
3014 400 3186 472 Λόγος
3213 401 3352 475 σάρξ
3378 400 3614 472 ἐγένετο.
3651 404 3765 458 Καὶ

511 496 707 550 Sermo
737 497 914 552 l‘actus
950 507 1034 552 est
1081 514 1210 554 caro
1239 499 1309 558 ⁸⁸.
1339 499 1402 556 Et
1463 499 1654 557 luisset
1712 501 2079 556 testimonium

505 585 782 660 (quamvis
833 591 1158 659 quihusdam
1208 593 1488 649 videretur
1535 608 1658 650 esse
1695 595 1762 648 de
1796 594 2079 664 Sermone)

461 739 466 744 ,
509 681 726 750 proprie
771 681 1058 738 dicendum
1084 685 1150 740 de
1189 685 1451 742 Sermone
1485 685 1576 756 qui
1605 685 1780 740 lactus
1808 696 1894 742 est
1927 700 2076 746 caro,

504 786 614 827 non
643 787 820 829 autem
847 775 914 830 ile
940 776 1203 833 Sermone
1235 777 1327 832 Dei
1351 792 1368 842 ς
1394 790 1564 849 quare
1587 793 1694 833 non
1726 777 1874 833 venit
1913 787 1970 831 ut
1995 786 2077 832 Ie-

503 865 834 920 stiﬁcaretur
865 866 932 922 de
969 867 1255 922 Sermone.
1288 866 1574 934 Quomodo
1614 867 1730 922 ﬂeri
1772 882 1902 922 vero
1928 875 2081 936 pote-

502 965 588 1012 rat
624 957 992 1014 testimonium
1021 959 1089 1015 de
1118 959 1386 1030 sapientia
1410 974 1543 1030 pure
1571 959 1860 1030 lucideque
1885 973 2074 1014 verum

503 1057 612 1102 non
643 1042 1076 1119 dispicientibus,
1102 1046 1317 1105 etiamsi
1334 1047 1713 1104 existimarent
1739 1065 1798 1104 se
1815 1063 2077 1119 agnosce-

499 1153 582 1203 re,
609 1137 703 1195 sed
729 1140 1079 1195 cernentibus
1103 1156 1201 1212 per
1229 1142 1504 1212 speculum
1527 1149 1582 1197 et
1606 1141 1659 1195 in
1683 1141 1970 1212 :enigmate
1990 1139 2075 1194 υτ

498 1223 734 1286 Proinde
762 1228 1047 1300 probabile
1081 1241 1166 1286 est
1198 1229 1459 1294 futurum,
1519 1239 1578 1284 ut
1615 1239 1740 1284 ante
1777 1230 2072 1284 secundum

423 1375 438 1390 ,
495 1320 905 1378 etdivinidrem
935 1321 1134 1378 Christi
1164 1323 1458 1378 adventum
1499 1321 1681 1377 veniat
1707 1319 1946 1376 Joalmes
1980 1329 2076 1376 aut

495 1412 642 1473 Elias
693 1415 762 1472 ad
813 1412 1212 1472 testificandum
1262 1417 1328 1472 de
1372 1416 1528 1482 vita,
1565 1413 1729 1485 paulo
1782 1423 2071 1482 antequam

493 1501 742 1561 Christus
774 1504 1207 1562 nianii‘cstandus
1248 1507 1319 1562 sit
1355 1507 1466 1561 vita
1504 1516 1714 1570 nostra,
1748 1520 1814 1562 ac
1854 1515 1967 1561 tum
2005 1507 2072 1562 de

493 1593 756 1652 Sermone
779 1596 1119 1653 testiﬁcaturi
1149 1597 1262 1653 sint
1279 1599 1661 1668 ostensurique
1699 1597 2066 1653 testimonium

491 1685 558 1745 de
575 1685 866 1760 sapientia.
885 1684 1236 1761 lndagatione
1267 1699 1448 1745 autem
1461 1701 1658 1760 egetan
1674 1694 1726 1750 in
1748 1704 2069 1762 unaquaque

2180 495 2248 570 ἦν
2275 499 2342 552 ἂν
2372 497 2667 571 μαρτυρία,
2694 498 2766 568 (εί
2787 496 2882 551 καὶ
2908 495 3083 549 ἐδόκει
3115 493 3354 564 γίνεσθαι
3379 495 3508 566 περὶ
3538 494 3639 548 τοῦ
3663 496 3766 548 A6-

2180 592 2325 661 γου,)
2351 591 2556 662 κυρίως
2592 589 2658 642 ἂν
2685 587 3058 659 λεχθηαομένη
3091 589 3126 655 ἡ
3172 587 3300 658 περὶ
3329 587 3502 655 Λόγου
3541 587 3765 657 γενομέ-

2178 700 2272 736 νου
2302 681 2502 754 σαρκὸς
2524 723 2542 748 ,
2585 679 2706 752 οὐχὶ
2739 680 2797 733 δὲ
2827 679 3005 748 Λάγου
3035 677 3190 732 Θεοῦ’
3240 679 3428 750 διόπερ
3460 679 3562 732 οὐκ
3595 675 3763 750 ἦλθεν

2180 774 2265 828 ἵνα
2311 774 2641 847 μαρτυρήσῃ
2684 773 2814 844 περὶ
2855 771 2949 825 τοῦ
2997 770 3190 841 Λόγου.
3232 771 3358 835 Πῶς
3391 771 3452 825 δὲ
3485 771 3764 844 μαρτυρία

2174 865 2386 934 ἐγίνετο
2413 864 2526 936 (2'1)
2571 863 2820 933 γίνεσθαι
2850 863 2978 936 περὶ
3003 863 3104 934 τῆς
3137 862 3328 932 σοφίας
3363 865 3500 927 τοῖς,
3549 862 3652 917 κᾶν
3673 864 3763 918 δο-

2177 957 2346 1012 κῶσιν
2371 957 2686 1026 ἐγνωκέναι,
2703 955 2765 1009 οὐ
2796 955 2858 1010 τὸ
2885 955 3140 1026 καθαρῶς
3161 954 3360 1026 ἀληθὲς
3379 955 3760 1024 κατανοοῦσιν,

2173 1047 2313 1101 ἀλλὰ
2345 1045 2601 1117 βλέπουσι
2629 1046 2696 1099 δι’
2723 1046 2990 1118 ἐσόπτρου
3017 1046 3114 1100 καὶ
3146 1047 3206 1099 ὲν
3235 1045 3517 1116 αἰνίγματι
3542 1063 3556 1112 ;
3592 1047 3759 1114 Εἰκὸς

2177 1137 2424 1210 μέντοιγε
2458 1137 2564 1210 πρὸ
2586 1138 2685 1202 τῆς
2719 1137 2978 1209 δευτέρας
3009 1137 3121 1208 (ΞΒ)
3165 1137 3260 1191 καὶ
3299 1136 3574 1209 θειοτέρας
3623 1141 3762 1211 Χρι-

2175 1229 2303 1282 στοῦ
2328 1229 2622 1301 ἐπιδημίας
2647 1229 2964 1284 ἐλεύσεσθαι
2997 1229 3412 1301 μαρτυρήσοντα
3449 1230 3542 1283 τὸν
3577 1231 3764 1286 Ἰωάν-

2173 1338 2291 1395 νην,
2337 1321 2372 1394 ﬁ
2414 1322 2599 1376 Ἠλίαν
2642 1323 2771 1395 περὶ
2811 1321 2989 1394 ζωῆς,
3030 1322 3136 1394 πρὸ
3175 1322 3360 1391 ὀλίγου
3397 1323 3488 1378 τὸν
3520 1324 3763 1396 Χριστὸν

2173 1413 2654 1486 φανερωθήσεσθαι
2674 1413 2775 1484 τὴν
2800 1411 2946 1484 ζωὴν
2972 1415 3005 1484 ἡ
3014 1413 3130 1484 μῶν
3155 1431 3168 1444 ·
3199 1413 3294 1467 καὶ
3318 1413 3438 1466 τότε
3470 1417 3762 1487 μαμυρή-

2171 1522 2286 1560 σειν
2312 1504 2441 1579 περὶ
2467 1503 2562 1558 τοῦ
2592 1504 2788 1574 Λόγου,
2819 1505 3192 1576 παραστήσειν
3215 1523 3274 1559 τε
3299 1505 3361 1558 τὸ
3385 1507 3514 1578 περὶ
3539 1507 3640 1578 τῆς
3669 1523 3762 1560 σοι-

2171 1597 2301 1667 φίας
2331 1596 2652 1672 μαρτύριον.
2686 1595 2928 1651 Βασάνου
2960 1594 3018 1648 δὲ
3044 1595 3216 1649 δεῖται
3250 1598 3300 1650 εί
3327 1597 3532 1650 ἔνεστιν
3565 1591 3678 1650 οἷον
3720 1599 3757 1670 ἠ

2181 1688 2428 1742 Ἰωάννου
2465 1687 2739 1760 μαρτυρία
2769 1687 3073 1759 πρόδρομος
3109 1688 3312 1759 ἑκάστῃ
3352 1688 3461 1742 τῶν
3496 1687 3596 1742 τοῦ
3621 1688 3762 1760 Χρυ-

489 1754 925 1837 ιξοιιδὶἰίει-οιῑοιιε
971 1754 1046 1835 de
1086 1777 1303 1837 Christo
1349 1754 1660 1837 testilicatio
1712 1754 1937 1838 Joannis
1979 1754 2054 1838 ἐει

2170 1779 2300 1835 στοῦ
2332 1754 2603 1834 ὲπινόιιῖέν.
2643 1754 2829 1836 Ταῦτα
2858 1754 3070 1851 μένέίς
3099 1779 3188 1834 τό’
3231 1800 3248 1831 ι
3281 1754 3447 1844 bino;
3483 1775 3649 1852 ἦλθεν
3674 1754 3760 1846 εἰς

487 1872 653 1926 Veluti
683 1888 1007 1944 prmcursor.
1043 1871 1168 1928 llaec
1187 1873 1404 1944 quidem
1433 1873 1485 1928 in
1527 1873 1654 1928 illud
1683 1888 1697 1926 :
1736 1889 1752 1926 t
1786 1874 1883 1928 llic
1913 1875 2064 1929 venit

485 1965 554 2020 ad
590 1964 1014 2030 testificandum,
1049 1974 1105 2019 ut
1135 1965 1520 2020 testiﬁcaretur
1548 1967 1614 2020 de
1635 1966 1874 2023 luce“.i
1901 1967 2062 2022 Dein-

483 2041 613 2126 ceps
642 2071 768 2114 vero
797 2056 1256 2113 considerandum
1285 2068 1370 2114 est
1400 2062 1526 2131 quid
1581 2059 1939 2114 commentari
1967 2059 2063 2114 de-

477 2143 709 2230 beamus
734 2149 786 2204 in
808 2147 935 2204 illud
963 2165 976 2202 :
1002 2166 1021 2202 ι
1052 2146 1326 2207 Utomnes
1349 2151 1634 2207 crederent
1655 2164 1752 2221 per
1786 2149 1933 2206 illum
1965 2149 2064 2208 ⁸⁸.»

2173 1873 2498 1947 μαρτυρίαν,
2529 1873 2619 1927 ἵνα
2648 1875 2973 1946 μαρτυρήσῃ
3007 1874 3136 1945 περὶ
3166 1873 3261 1926 τοῦ
3293 1874 3489 1942 φωτός.
3533 1891 3552 1926 ι
3592 1873 3758 1944 Ἑξῆς

2169 1966 2228 2019 δὲ
2257 1964 2616 2020 ἐπισκεπτέον
2645 1965 2700 2018 τί
2737 1965 2820 2019 δεῖ
2858 1967 2999 2020 νοεῖν
3033 1965 3115 2030 είς
3155 1964 3408 2020 τόίἿνα
3435 1963 3637 2029 πάντες
3663 1981 3757 2018 πι-

2172 2057 2438 2113 στεύσωσι
2467 2057 2534 2112 δι’
2556 2056 2744 2112 αὐτοῦ.
2760 2079 2780 2116 ι

487 2491 492 2494 Ι
590 2399 684 2460 EX
722 2403 956 2462 EODEM
989 2403 1182 2465 ΤΟΜΟ
1214 2406 1280 2477 ll,
1326 2407 1506 2466 APUD
1533 2410 1938 2470 PAMPHILUM
1978 2413 2368 2472 MARTYREM
2405 2415 2474 2472 IN
2515 2413 2886 2473 APOLOGIA
2923 2415 3066 2472 PRO
3106 2411 3443 2473 ORIGENE
3486 2413 3632 2487 (‘29).

556 2545 888 2616 Unigenitus
904 2563 1035 2618 ergo
1063 2550 1206 2607 Deus
1232 2550 1484 2608 Salvator
1518 2563 1704 2610 noster
1726 2555 1874 2612 solus
1895 2571 1924 2611 a
1958 2556 2058 2612 Pa-

480 2647 569 2695 tre
589 2651 898 2711 generatus,
932 2651 1122 2697 natura
1153 2653 1209 2700 et
1248 2659 1357 2701 non
1402 2645 1694 2716 adoptione
1727 2647 1899 2704 Filius
1942 2660 2055 2713 est;

480 2743 642 2791 natus
683 2744 863 2790 autem
908 2750 973 2790 ex
1006 2735 1124 2806 ipsa
1168 2736 1350 2792 Patris
1390 2746 1592 2805 mente,
1624 2739 1768 2795 sicut
1810 2739 2059 2796 voluntas

475 2844 546 2884 ex
582 2837 782 2883 mente.
825 2827 942 2885 Non
987 2829 1134 2885 enim
1165 2829 1460 2888 divisibilis
1493 2842 1577 2888 est
1621 2832 1802 2890 divina
1841 2843 2055 2899 natura,

477 2921 532 2975 id
556 2930 642 2974 est
662 2919 883 2991 ingeniti
903 2920 1100 2986 Patris,
1121 2929 1182 2976 ut
1205 2932 1460 2992 putemus
1485 2925 1569 2981 vel
1584 2925 1850 2984 divisione
1865 2925 1947 2981 vel
1965 2921 2063 2981 im-

477 3011 782 3067 minutione
821 3013 1138 3071 substantize
1166 3015 1286 3086 ejus
1319 3015 1511 3084 Filium
1539 3033 1662 3074 esse
1693 3019 2055 3092 progenitum.

475 3101 584 3160 Sed
601 3108 909 3172 sivemens,
931 3107 1048 3164 sive
1076 3122 1192 3176 cor,
1221 3117 1315 3164 aut
1341 3125 1535 3167 sensus
1560 3111 1626 3168 de
1660 3111 1767 3168 Deo
1797 3111 2060 3168 dicendus

2163 2567 2266 2626 est,
2315 2559 2655 2617 indiscussns
2686 2575 3032 2630 permanens,
3062 2575 3282 2632 germen
3338 2559 3627 2631 proferens
3653 2573 3754 2616 vo-

2164 2652 2408 2719 luntatis,
2440 2654 2616 2711 lactus
2643 2664 2728 2710 est
2776 2652 2939 2710 Verbi
2989 2651 3184 2719 Pater;
3220 2653 3364 2724 quod
3418 2648 3658 2708 Verbum
3693 2652 3751 2708 in

2163 2744 2287 2801 sinu
2329 2744 2507 2801 Patris
2547 2745 2928 2816 requiescens,
2959 2746 3249 2801 annuntiat
3285 2762 3304 2798 ι
3343 2743 3530 2808 Deum,
3578 2760 3750 2814 quem

2165 2850 2325 2893 nemo
2350 2835 2482 2892 vidit
2517 2851 2754 2907 unquam
2771 2837 2869 2906 ⁸⁵,ι
2889 2847 2944 2892 et
2966 2837 3173 2892 revelat
3199 2835 3440 2901 Patrem,
3461 2851 3622 2905 quem
3653 2846 3754 2892 ue-

2165 2944 2256 2984 mo
2287 2929 2538 3000 cognovit
2560 2928 2661 2984 nisi
2697 2929 2813 2998 ipse
2850 2927 3000 2986 solus
3023 2928 3089 2998 “,
3118 2929 3201 2986 his
3227 2943 3364 3000 quos
3389 2929 3455 2984 ad
3477 2942 3602 2984 cum
3639 2925 3748 2983 Pa-

2161 3030 2243 3076 ter
2270 3016 2508 3077 caelestis
2539 3019 2827 3076 attraxerit
2865 3020 2933 3077 “.

475 3305 524 3361 E
555 3305 844 3377 QUARTO
875 3306 1079 3362 70110
1101 3307 1188 3362 IN
1233 3307 1732 3366 EVANGELIUM
1783 3309 2054 3368 SECUN-

2180 3312 2278 3366 EK
2305 3311 2446 3366 ΤΟΥ
2468 3309 2844 3365 ΊῈΤΑΡΤΟΥ
2869 3303 3117 3362 ΤΟΜΟΥ
3137 3307 3276 3362 NN
3295 3307 3414 3362 ΕΙΣ
3450 3309 3533 3362 T0
3557 3311 3654 3364 ΚΑ
3667 3308 3750 3364 TA

907 3399 1070 3455 DUM
1098 3399 1492 3461 JOANNEM.

885 3494 1085 3550 Tribus
1113 3511 1141 3549 a
1178 3495 1447 3566 principio
1473 3497 1640 3554 loliis.

457 3615 462 3618 -
537 3581 648 3660 93
682 3587 728 3642 Ι.
757 3586 860 3656 Qui
908 3587 1104 3642 dividit
1133 3585 1274 3657 apud
1306 3601 1366 3642 se
1395 3603 1604 3654 vocem,
1639 3597 1696 3644 et
1723 3588 2052 3661 signiﬁcata,

453 3688 525 3736 ‘et
553 3697 657 3744 res,
685 3695 782 3750 pro
819 3679 1019 3750 quibus
1046 3680 1299 3734 notiones
1324 3690 1620 3750 ponuntur,
1647 3696 1753 3736 non
1788 3681 2052 3755 impinget

469 3773 537 3826 ad
571 3772 938 3826 soloecismum
967 3772 1139 3840 vocis,
1174 3786 1298 3828 cum
1333 3781 1709 3841 perscrutatus
1741 3787 1830 3830 res
1851 3777 2048 3845 quibus

467 3861 840 3930 significandis
868 3876 1030 3916 voces
1055 3863 1406 3928 adhibentur,
1427 3878 1590 3920 sanas
1614 3873 1669 3919 et
1695 3867 1934 3936 integras
1963 3867 2048 3922 in-

465 3953 721 4019 venerit;
764 3951 1000 4028 maxime
1039 3967 1168 4008 vero
1195 3967 1318 4008 cum
1347 3957 1708 4023 protiteantur
1740 3956 1842 4011 viri
1868 3956 2044 4014 sancti

465 4055 772 4099 sermonem
821 4057 977 4097 suum
1010 4058 1031 4094 ι
1077 4050 1131 4096 et
1167 4043 1503 4111 praeconium
1526 4077 1544 4110 ,
1583 4060 1689 4100 non
1734 4045 1788 4100 iu
1823 4062 2045 4116 persua-

465 4135 622 4190 sione
655 4134 936 4205 sapientia:
971 4133 1284 4201 verborum,
1323 4133 1418 4190 sed
1470 4134 1526 4190 in
1575 4135 2042 4196 demonstratione

463 4225 692 4299 spiritus
719 4235 774 4281 et
801 4225 1084 4296 potestatis
1125 4243 1145 4280 ι
1178 4240 1300 4282 esse
1323 4224 1391 4281 ".

2395 3453 2406 3462 ..
2705 3393 3026 3455 mazvzmzv
3059 3397 3194 3469 (se).

2511 3489 2670 3547 Μετὰ
2699 3490 2826 3562 τρία
2855 3488 3028 3560 φύλλα
3053 3490 3158 3560 τῆς
3185 3483 3381 3561 ἀρχῆς.

2231 3585 2284 3645 1.
2315 3583 2374 3644 Ὁ
2396 3583 2618 3662 διαιρῶν
2643 3585 2770 3660 παρ’
2791 3583 2967 3656 ἑαυτῷ
2988 3583 3191 3655 φωνὴν,
3216 3585 3310 3638 καὶ
3343 3579 3748 3655 σημαινόμενα,

2159 3682 2254 3736 καὶ
2282 3681 2582 3752 πράγματα
2601 3719 2617 3744 ,
2660 3677 2784 3732 καθ’
2828 3670 2903 3730 ὧν
2937 3675 3112 3731 κεῖται
3142 3675 3212 3730 τὰ
3240 3675 3642 3748 σημαινόμενα,
3673 3677 3742 3730 οὐ

2157 3773 2455 3846 προσκόψει
2481 3773 2562 3846 τῷ
2591 3771 2697 3827 τῶν
2729 3769 2920 3841 φωνῶν
2955 3767 3302 3841 σολοικισμῷ,
3337 3769 3472 3822 ἐπὰν
3498 3768 3744 3834 ἐρευνῶν

2155 3864 2380 3938 εὑρίσκῃ
2407 3863 2520 3935 (51)
2547 3861 2617 3917 τὰ
2640 3861 2960 3936 πράγματα,
2978 3859 3101 3914 καθ’
3130 3853 3204 3913 ὧν
3227 3862 3432 3913 κεῖνται
3460 3859 3515 3913 αἱ
3536 3860 3741 3928 φωναὶ,

2155 3958 2312 4030 ὑγιῆο
2345 3957 2438 4012 καὶ
2469 3956 2700 4028 μάλιστα
2726 3954 2865 4008 ἐπὶν
2905 3949 3242 4024 ὁμολογῶσιν
3276 3953 3327 4004 οἱ
3364 3952 3508 4020 ἆγιοι
3539 3949 3741 4022 ἄνδρες

2153 4051 2244 4105 τὸν
2265 4049 2420 4120 λόγον
2447 4048 2624 4104 αὐτῶν
2657 4067 2676 4100 ι
2714 4045 2893 4102 καὶτὸ
2925 4043 3325 4118 κήρυγμα,οὐκ
3357 4044 3415 4096 ἐν
3446 4043 3624 4096 πειθοῖ
3644 4059 3745 4097 σο-

2148 4140 2276 4211 φίας
2302 4140 2410 4193 τῶν
2432 4139 2606 4208 λόγων
2631 4139 2765 4212 (52),
2789 4137 2902 4192 ἀλλ’
2918 4138 2978 4190 ὲν
3005 4135 3278 4203 ἀποδείξει
3308 4133 3616 4206 πνεύματος
3636 4135 3741 4191 καὶ

2149 4231 2452 4300 δυνάμεως.
2470 4253 2488 4286 ι

533 4337 907 4413 fucum-1,1.
981 4337 1190 4413 _‘_'_ihid.
1229 4338 1317 4394 14.
1372 4339 1436 4413 _“
1475 4338 1496 4394 Ι
1533 4339 1658 4397 Cor.
1703 4357 1825 4407 xm,
1858 4343 1946 4397 ιε.
2037 4342 2054 4375 ⁴

2165 4358 2268 4399 ian.
2307 4359 2347 4413 ι,
2383 4343 2439 4399 7.
2520 4342 2566 4376 ⁸³
2595 4342 2730 4401 ibid.
2805 4343 2852 4376 “
2886 4341 3021 4400 ibid.
3063 4341 3150 4398 18.
3229 4339 3274 4374 ⁸⁸
3298 4340 3484 4398 Matth.
3518 4357 3597 4409 ιι,
3638 4343 3740 4402 97.

461 4411 510 4446 ⁸⁸
528 4411 782 4476 Joan.v|,
810 4409 900 4463 44.
977 4409 1020 4442 ⁸⁷
1056 4407 1071 4461 l
1102 4409 1228 4467 Cor.
1263 4425 1323 4474 ιι,
1359 4411 1414 4465 4.

535 4525 648 4606 (ἳἹ)
687 4534 972 4606 Ἐγίνετο,
1003 4529 1147 4602 Lege
1167 4531 1406 4606 ἐδύνατο.

534 4601 650 4676 (23')
677 4604 856 4670 Εικὸς
895 4601 1168 4676 μέντοιγε
1212 4603 1327 4676 apd
1379 4601 1488 4672 τῆς
1540 4601 1847 4671 δευτέρας.
1907 4603 2040 4661 Vide

461 4673 586 4747 quae
609 4691 772 4743 supra
795 4679 876 4747 ad
903 4673 1118 4728 Comm.
1142 4675 1202 4727 in
1250 4673 1444 4728 Matth.
1474 4688 1586 4730 xvu
1616 4688 1782 4744 super
1807 4676 1910 4732 hoc
1944 4689 2037 4729 ar-

461 4746 722 4820 geniculo
754 4746 1043 4820 observata
1079 4753 1226 4799 sunt.

531 4811 646 4890 (‘29)
679 4814 855 4868 Hocce
882 4814 1293 4890 _lragmentum,
1328 4814 1472 4883 quod
1526 4829 1558 4890 ο
1599 4813 1840 4870 secundo
1893 4823 2040 4870 tomo

387 4901 394 4906 '
459 4878 844 4956 depromptum
875 4878 1070 4956 fertur,
1105 4883 1293 4938 nullibi
1332 4878 1510 4938 tamen
1544 4884 1598 4940 in
1645 4900 1713 4940 eo
1759 4895 2042 4956 tomoirei-

455 4953 638 5029 peries
662 4953 856 5029 {unde
887 4953 971 5008 vel
989 4954 1382 5029 detrimentum
1410 4969 1534 5008 eum
1561 4970 1682 5029 esse
1709 4955 2040 5029 concluden-

457 5021 584 5085 dum
603 5034 710 5090 est,
734 5025 820 5081 vel
849 5024 1240 5096 suspicandum
1271 5021 1803 5096 fragmentumistud
1831 5039 1863 5080 e
1891 5033 2037 5096 tonio

424 5095 434 5128 τ’
459 5101 650 5170 quinto
683 5112 806 5154 esse
838 5092 1270 5170 depromptum,_
1292 5092 1782 5170 quemadmodunL
1795 5102 1851 5148 et
1903 5094 2033 5150 illud

457 5161 601 5238 quod
645 5184 710 5223 ex
763 5161 954 5238 eodem
1000 5161 1148 5238 torno
1189 5161 1683 5238 inira_aﬂ‘erimus.
1745 5164 1808 5238 Et
1844 5180 2034 5238 revera

461 5231 604 5292 idem
632 5245 717 5292 est
757 5237 1041 5305 utriusque
1077 5233 1381 5305 fragmenti
1407 5231 1644 5305 initium,
1676 5234 1864 5305 eadem
1919 5233 2032 5291 fere

455 5310 654 5376 verba;
683 5307 778 5376 sed
804 5323 929 5376 cum
953 5303 1109 5376 prius
1137 5303 1421 5376 Pamphilo
1455 5303 1791 5376 probandum
1821 5305 2030 5360 incum-

455 5373 614 5433 beret
645 5391 714 5431 ex
757 5373 1054 5448 DeuiPa'tre
1077 5375 1251 5448 (juxta
1287 5373 1603 5448 Qrigeuem)
1654 5373 1853 5448 Filium
1906 5388 2029 5448 esse

458 5457 674 5511 natum,
709 5454 767 5500 et
801 5447 962 5500 unius
988 5443 1113 5501 esse
1141 5460 1265 5502 cum
1302 5443 1466 5498 Patre
1516 5444 1859 5510 substantiae,
1891 5445 2032 5500 alie-

2075 4538 2122 4595 D
2150 4534 2471 4607 posteriora,
2497 4549 2624 4607 qua:
2651 4534 2720 4607 ad
2752 4549 2878 4607 rem,
2907 4535 3244 4607 probandam
3285 4538 3580 4607 pertinent,
3619 4549 3740 4594 sta-

2151 4605 2244 4674 tim
2279 4603 2624 4674 progreditur
2657 4604 2744 4659 his
2770 4605 2954 4674 verbis
2985 4621 2998 4658 :
3037 4624 3054 4658 ι
3100 4606 3234 4662 Item
3263 4603 3314 4662 in
3346 4609 3538 4664 eodem
3566 4610 3736 4666 libro.

2148 4671 2302 4750 Unu_s
2329 4671 2470 4750 Aer'go
2519 4683 2625 4750 est,
2675 4693 2694 4727 ι
2730 4684 2839 4750 e_tc.
2879 4673 3044 4731 Paulo
3066 4686 3198 4750 post
3223 4693 3374 4744 vero,
3415 4690 3474 4733 ut
3528 4683 3734 4750 probet

2146 4758 2213 4799 ex
2252 4742 2501 4816 Origene
2521 4742 2716 4816 Filium
2748 4744 2839 4816 Dei
2875 4759 2972 4814 per
3005 4742 3368 4816 prolationem
3400 4742 3586 4802 natu'm
3619 4767 3735 4807 non

2143 4827 2286 4879 esse,
2316 4813 2456 4886 idem
2489 4814 2654 4886 hocce
2687 4813 2902 4870 initium
2935 4813 3182 4880 resumit.
3211 4817 3370 4884 cuius
3385 4828 3736 4886 contextum,

2145 4899 2310 4953 quem
2341 4883 2428 4938 hic
2458 4884 2798 4958 exhibemus,
2825 4886 2922 4958 ubi
2956 4901 3023 4942 ea
3057 4888 3122 4942 de
3147 4903 3206 4942 re
3229 4891 3432 4958 agitur,
3468 4892 3537 4944 ad
3561 4883 3736 4947 lineui

2149 4951 2323 5024 usque
2362 4954 2705 5026 transcribit.
2743 4951 2949 5026 Deinde
2987 4959 3240 5026 quamvis
3264 4951 3434 5014 'nulla
3480 4964 3736 5016 auctori-

2149 5033 2252 5091 tas,
2286 5024 2443 5079 nullze
2469 5026 2744 5082 variantes
2772 5024 3039 5082 lectiones
3069 5030 3401 5084 admoneant
3429 5040 3636 5084 tomum
3681 5049 3730 5088 ιι

2145 5110 2249 5168 pro
2275 5103 2420 5168 temo
2441 5096 2729 5168 vipositum
2763 5111 2885 5152 esse
2915 5097 2967 5151 in
2986 5097 3254 5168 Apologia
3281 5099 3576 5168 Pamphili,
3611 5101 3736 5156 ιὶιι-

2144 5166 2290 5238 linus
2318 5166 2435 5238 ipse
2485 5167 2645 5238 huius
2673 5167 2941 5238 interpres
2973 5167 3134 5222 facile
3168 5166 3352 5238 potuit
3386 5166 3586 5238 decipi.
3645 5174 3731 5228 Ex

2142 5236 2323 5311 littera
2337 5233 2495 5311 enim
2518 5233 2584 5311 ΔΙΙ
2607 5237 2754 5311 unde
2779 5233 3003 5306 quintus
3033 5233 3288 5311 numerus
3318 5241 3460 5311 apud
3490 5233 3726 5299 Crzccos

2140 5306 2487 5375 imprimitur,
2514 5304 2676 5362 facile
2708 5308 2769 5362 lit
2794 5304 3082 5381 __numerus
3111 5307 3173 5374 ll,
3198 5311 3245 5364 si
3280 5304 3426 5365 linea
3462 5313 3730 5381 superius

2141 5385 2450 5430 transversa
2483 5386 2574 5430 aut
2603 5392 2707 5430 non
2741 5378 3054 5433 advertatur
3083 5390 3178 5434 aut
3207 5381 3476 5436 deleatur.

2207 5445 2319 5532 (.30)
2355 5446 2470 5532 Ἐκ.
2490 5446 2928 5532 τρᾷξετᾴρτου,
2954 5459 3062 5504 etc.
3088 5449 3282 5507 Exstat
3309 5454 3412 5508 hoc
3443 5452 3730 5532 fragmen-

458 5532 586 5584 num
639 5529 770 5570 vero
833 5529 861 5567 a
918 5515 1237 5570 substantiis
1291 5523 1690 5576 creaturarum,
1744 5522 2027 5584 postquam
2070 5573 2075 5578 ,
2134 5515 2248 5568 tum
2289 5531 2409 5584 cap.
2446 5517 2480 5570 4
2511 5515 2847 5573 Ρήἰιοσαιῖω.

457 5581 597 5641 dixit
629 5604 642 5639 :
684 5603 701 5636 ι
739 5584 1057 5654 Unigéniths
1082 5584 1258 5639 Filius
1291 5584 1546 5639 Salvator
1576 5581 1786 5645 noster.
1813 5581 1904 5651 qui
1933 5597 2025 5639 so-

457 5655 542 5709 lus
572 5672 638 5711 ex
670 5655 833 5710 Patre
863 5661 1022 5710 natus
1069 5663 1173 5721 est,
1204 5654 1350 5708 solus
1385 5664 1580 5709 natura
1626 5662 1682 5706 et.
1733 5669 1837 5708 non
1898 5655 2030 5710 ado-

2343 5586 2635 5666 Ejéglax‘nl.
2661 5588 2756 5644 Sic
2787 5604 2944 5666 Ipsa;
2971 5588 3108 5666 libb.
3140 5590 3292 5666 editi,
3321 5593 3589 5666 εὗρίςῑκει.

2207 5655 2319 5724 (3‘2)
2373 5655 2500 5732 Τῶν
2547 5659 2763 5728 λόγων.
2805 5657 3118 5731 Legendum
3165 5655 3554 5721 videtur'sivat
3605 5662 3725 5724 τῶν

456 5727 642 5797 ptione
681 5724 722 5782 Ρ
729 5727 851 5784 ilius
877 5735 979 5795 est,
1017 5743 1034 5778 ι
1070 5725 1260 5782 relicto
1309 5725 1546 5794 quodam
1601 5723 1914 5790 intervallo,
1963 5724 2032 5785 ad
2135 5723 2330 5796 λόγων.
