4020 6216
425 341 526 406 l8?

1773 295 1782 298 —
1847 339 2172 398 ORIGENIS

3591 341 3702 399 438

422 479 630 525 trusum
679 474 736 522 et
789 465 949 522 nobis
1002 465 1181 520 adhuc
1233 465 1527 519 obscurum
1579 461 1861 532 proposita
1909 460 1998 514 illa

2110 455 2436 528 κρυμμένον,
2459 455 2552 510 καὶ
2577 455 2659 508 ἔτι
2683 458 2814 526 ἡμῖν
2830 457 3015 528 ἀσαφῆ
3038 459 3070 530 ή
3102 456 3247 523 λδξις
3272 461 3305 528 ὴ
3336 461 3704 534 προκειμένη,

422 561 732 617 Salomonis
769 559 934 614 habet
977 556 1250 612 sententia
1275 596 1292 621 ,
1324 563 1650 626 praeceptum
1703 554 1752 606 id
1790 553 2004 622 penitus

422 653 802 723 perfregimus,
824 651 915 721 qui
945 665 1049 707 non
1075 650 1320 706 cavimus
1350 663 1418 704 ne
1452 646 1654 704 multos
1677 647 1846 702 libros
1875 659 2004 701 cono

423 747 729 799 liceremus.

2105 549 2362 618 ἄντικρυς
2391 548 2856 620 παραϐεϐήκαμεν
2885 548 2984 621 τὴν
3011 550 3253 624 ἐντολὴν,
3281 553 3358 623 μὴ
3387 552 3703 626 φυλαξάμε-

2105 656 2186 693 νοι
2209 639 2431 711 ποιῆσαι
2467 637 2648 708 βιϐλία
2675 639 2866 694 πολλά.

407 818 654 913 Ἠείηάε,
681 843 953 902 postquam
983 833 1116 887 dixit
1145 829 1456 954 Iprigeuea]
1483 845 1538 883 se
1565 827 1832 911 volumina
1870 841 2003 907 qua-

491 915 612 954 tuor
639 920 692 954 ιιι
723 920 890 954 pauca
933 903 1142 954 annae
1167 919 1204 954 ιι
1249 903 1402 954 verba
1444 901 1762 954 absolvisse.
1803 899 2003 954 adtttuc

2110 816 2276 883 Εἶτα,
2317 818 2535 884 εἰπὼν,
2559 819 2641 886 ὡς
2675 820 2764 886 εις
2800 820 2973 891 ὀλίγα
3010 820 3117 875 τοῦ
3146 822 3518 893 Εὐαγγελίου
3538 823 3703 893 ῥητὰ

2199 909 2492 954 τίθη-παρείη
2522 909 2682 954 ηὗτῶ
2703 911 3080 954 διιηνιῆθιησην
3100 915 3262 954 τΛηΛι
3310 915 3575 954 beru-sine:

491 915 612 957 tuor
639 897 692 956 iu
721 897 890 972 pauca
933 897 1206 974 Evangelii
1249 897 1402 957 verba
1437 897 1762 964 absolvisse,
1803 897 2003 966 adjuuc

489 975 587 1044 git.

490 1065 544 1118 2.
573 1065 846 1130 Quantum
875 1063 1019 1116 enim
1049 1076 1114 1117 ex
1142 1062 1257 1131 ipsa
1285 1061 1524 1116 dictione
1561 1062 1836 1132 conjicere
1857 1061 2001 1130 licet,

421 1157 528 1212 duo
559 1156 936 1226 signiﬁcantur
971 1153 1056 1209 his
1088 1154 1266 1210 verbis
1297 1172 1355 1208 ιι
1388 1153 1489 1208 Fili
1519 1153 1760 1218 mi,cave
1784 1164 1842 1208 ut
1863 1155 2000 1209 mul-

421 1257 502 1302 tos
531 1246 701 1300 libros
735 1245 1037 1311 coniicias;
1085 1264 1104 1296 ι
1142 1245 1375 1314 primum
1433 1245 1686 1314 quidem,
1725 1259 1830 1298 non
1880 1261 2002 1300 esse

421 1338 700 1393 habendos
742 1337 940 1392 multos
992 1336 1179 1405 libros,
1205 1337 1460 1401 alterum,
1496 1352 1600 1389 non
1649 1351 1770 1391 esse
1804 1337 2002 1393 multos

419 1432 821 1500 componendos
853 1447 867 1484 :
899 1440 954 1486 et
978 1427 1077 1485 nisi
1109 1431 1369 1500 primum,
1402 1429 1561 1496 plane
1585 1429 1882 1484 secundum
1915 1447 1928 1490 ;
1955 1430 2000 1486 si

419 1536 550 1575 vero
579 1522 876 1576 secundum
929 1537 1032 1575 non
1080 1521 1314 1590 primum
1343 1521 1604 1574 omnino:
1641 1529 2000 1588 prteterquam

420 1612 564 1681 quod
588 1611 843 1682 utrinque
877 1613 1056 1666 doceri
1093 1612 1343 1666 videmur
1383 1627 1489 1665 non
1537 1625 1658 1665 esse
1692 1611 2001 1680 complures

422 1703 591 1758 libros
628 1703 1012 1759 conlicieudos.
1047 1703 1296 1758 Poteram
1331 1711 1511 1756 autem
1541 1703 1604 1756 ad
1639 1702 1690 1756 id
1713 1687 1871 1774 quod
1903 1717 2000 1755 uo-

2199 909 2492 980 τέσσαρες
2522 909 2682 977 αὑτῷ
2703 911 3080 982 διηνύθησαν
3100 915 3287 984 τόμοι,
3309 915 3596 984 ἐπιφέρει.

2174 1062 2230 1116 2.
2270 1064 2433 1116 Ὅσον
2463 1061 2572 1134 γὰρ
2604 1062 2696 1115 ἐπὶ
2725 1065 2790 1134 τῇ
2819 1062 2961 1128 λέξει
2993 1063 3088 1117 δύο
3118 1065 3443 1136 σημαίνεται
3475 1068 3540 1120 ἐκ
3559 1068 3657 1122 τοῦ
3681 1086 3698 1099 ο

2111 1173 2129 1207 ι
2168 1154 2270 1208 Υίέ
2301 1172 2401 1226 μου
2427 1195 2441 1219 ,
2472 1153 2704 1223 φύλαξαι
2742 1153 2834 1208 τού
2867 1155 3088 1226 ποιῆσαι
3118 1155 3296 1225 βιϐλία
3330 1156 3533 1210 πολλά·
3576 1179 3592 1208 ι
3635 1159 3702 1212 ἓν

2108 1246 2228 1318 μὲν,
2255 1247 2336 1299 ὅτι
2369 1245 2430 1298 ού
2465 1245 2545 1298 δεῖ
2585 1241 2892 1315 κεκτῆσθαι
2933 1244 3115 1316 βιϐλία
3149 1245 3319 1299 πολλά
3343 1263 3358 1278 ·
3391 1248 3578 1319 ἕτερον
3608 1247 3694 1311 δὲ,

2103 1337 2265 1392 ὅτιού
2303 1339 2384 1392 δεῖ
2415 1336 2673 1403 συντάξαι
2703 1336 2887 1408 βιϐλία
2921 1337 3122 1390 πολλά·
3159 1338 3253 1390 καὶ
3285 1339 3334 1390 εί
3369 1334 3443 1408 μὴ
3463 1339 3523 1390 τὸ
3551 1338 3700 1409 πρῶο

2104 1445 2215 1494 τον,
2259 1428 2474 1492 πάντως
2502 1428 2563 1481 τὸ
2596 1426 2875 1499 δεύτερον⁸
2909 1431 2957 1481 εί
2986 1428 3043 1480 δέ
3075 1426 3135 1481 τὸ
3169 1428 3441 1500 δεύτερον,
3467 1431 3526 1482 οὐ
3559 1431 3700 1484 πάν·

2103 1538 2211 1584 τως
2242 1519 2303 1573 τὸ
2333 1519 2550 1592 πρῶτον
2573 1537 2586 1549 °
2620 1519 2759 1590 πλὴν
2791 1519 3127 1592 ἑκατέρωθεν
3160 1520 3382 1591 δόξομεν
3415 1521 3522 1591 (59)
3552 1539 3699 1591 μαν-

2105 1611 2288 1666 θάνειν
2319 1613 2394 1684 μὴ
2426 1612 2535 1665 δεῖν
2570 1615 2744 1666 ποιεῖν
2770 1611 2951 1680 βιϐλία
2980 1612 3224 1666 πλείονα.
3269 1613 3578 1682 Ἦδυνάμην
3609 1613 3698 1678 δὲ,

2106 1705 2242 1778 πρὸς
2287 1707 2348 1758 τὸ
2376 1705 2471 1759 νῦν
2505 1708 2634 1777 ἡμῖν
2677 1705 3071 1769 ὑποπεπτωκδς
3114 1705 3424 1776 ἱστάμενος,
3464 1707 3700 1758 ἐπιστεῖ·

420 1792 506 1848 bis
534 1794 634 1848 sub
668 1794 840 1848 aciem
887 1793 1155 1848 sermonis
1193 1794 1371 1860 venit,
1421 1793 1821 1858 adhaerescens,
1852 1794 1918 1848 ad
1950 1802 2001 1849 te

2110 1798 2188 1851 λαί
2225 1815 2308 1850 σοι
2346 1797 2422 1862 ὡς
2469 1796 2765 1865 ἀπολογίαν
2799 1797 2861 1850 τὸ
2895 1798 3092 1870 ρητόνο
3140 1797 3234 1851 καὶ
3272 1795 3697 1862 κατασκευάσας

421 1882 718 1955 Scriptura:
750 1885 951 1941 dictum
981 1885 1347 1941 excusationis
1375 1885 1494 1940 loco
1525 1886 1765 1953 mittere,
1797 1894 1849 1939 et
1871 1901 2000 1939 con-

423 1976 638 2030 firmata
669 1990 726 2028 re
746 1991 810 2030 ex
845 1990 910 2030 eo
941 1975 1083 2044 quod
1109 1989 1283 2044 neque
1309 1974 1483 2029 sancti
1521 1974 1808 2028 multorum
1839 1975 2002 2028 libro-

421 2082 540 2122 rum
569 2066 946 2134 compositioni
968 2067 1298 2130 studuerint,
1318 2064 1567 2120 desinere
1593 2065 1847 2133 deinceps
1875 2066 2002 2118 sub-

417 2159 652 2232 iungere
695 2158 1122 2215 commentarios
1165 2153 1321 2227 juxta
1356 2157 1534 2214 foedus
1582 2158 1724 2213 inter
1763 2155 1871 2228 95
1903 2173 2001 2213 nos

421 2249 614 2306 initum
651 2249 717 2302 ad
770 2258 820 2304 te
862 2248 1341 2314 transmittendos;
1369 2258 1423 2302 et
1450 2259 1502 2302 ttt
1539 2247 1774 2302 fortasse
1801 2247 1890 2301 illo
1917 2248 2001 2302 di-

421 2349 510 2396 cto
541 2340 836 2410 Scriptura:
880 2351 1183 2396 commotus
1213 2339 1263 2393 id
1301 2339 1431 2393 mihi
1463 2339 1514 2393 in
1561 2349 1833 2406 posterum
1865 2353 2001 2392 con-

419 2443 720 2498 cessisses:
753 2441 1126 2511 sedquoniam
1156 2439 1457 2508 Scriptum
1497 2453 1618 2493 cum
1649 2448 1796 2491 recta
1823 2446 2003 2492 mente

421 2545 478 2590 et
506 2533 842 2589 conscientia
871 2530 1206 2586 excutiendae
1237 2539 1392 2595 sunt,
1419 2545 1518 2584 nec
1545 2539 1748 2584 temere
1769 2529 2001 2600 gauden-

421 2624 550 2681 dum
575 2623 733 2694 quasi
782 2637 878 2678 eas
901 2621 1174 2690 intelligas
1199 2636 1266 2676 ex
1303 2635 1368 2676 eo
1395 2619 1540 2690 quod
1581 2619 1778 2674 nudam
1809 2619 2005 2674 dictio-

425 2731 549 2772 nem
584 2716 917 2785 perceperis,
950 2730 1064 2769 rem
1117 2728 1224 2767 non
1272 2713 1502 2783 prolato.
1545 2725 1664 2778 nec,
1693 2727 1814 2783 qua:
1867 2713 1997 2766 mihi

422 2807 639 2863 videtur
692 2803 1018 2875 suﬂragari,
1069 2801 1445 2859 defensionem
1503 2802 1704 2868 affero.
1757 2816 1862 2872 qua
1924 2801 2000 2856 uti

421 2909 613 2958 contra
645 2913 731 2953 me
770 2898 968 2969 possis,
1001 2897 1044 2952 si
1074 2907 1269 2966 praeter
1292 2906 1508 2965 pactum
1553 2895 1756 2966 aliquid
1795 2895 2000 2950 fecero.

422 2993 501 3046 Ac
529 2990 761 3060 primum
786 2989 1026 3058 quidem,
1057 2989 1274 3058 quando
1299 2988 1458 3044 dictis
1485 2988 1591 3043 illis
1618 2985 1843 3042 historia
1871 3000 2003 3040 cou-

423 3081 628 3138 sentire
655 3079 889 3144 videtur,
921 3093 1045 3133 cum
1080 3093 1239 3133 nemo
1277 3089 1591 3134 sanctorum
1630 3077 1812 3148 plures
1852 3089 2002 3130 cout-

425 3173 719 3229 meutarios
766 3171 1022 3236 ediderit,
1079 3187 1178 3227 nec
1230 3171 1413 3226 multis
1478 3169 1630 3225 libris
1691 3183 1850 3224 sensa
1903 3183 2001 3222 sua

421 3266 757 3336 exposuerit,
785 3265 851 3318 de
901 3265 1003 3319 hoc
1043 3263 1428 3334 disputandum
1475 3273 1578 3318 est.
1609 3262 1708 3330 Qui
1744 3275 1873 3315 vero
1913 3275 2000 3314 re-

423 3357 724 3428 prehendet
763 3357 906 3425 quod
943 3358 1009 3409 ad
1054 3357 1206 3424 plura
1246 3355 1532 3409 scribenda
1570 3369 1655 3408 me
1697 3351 2002 3419 accingam,

422 3447 685 3521 Moysem,
710 3447 868 3501 talem
893 3463 956 3502 ac
978 3459 1185 3502 tantum
1213 3449 1408 3512 virum,
1426 3445 1662 3516 quinqtte
1676 3443 1820 3499 solos
1843 3441 2008 3497 libros

2102 1889 2164 1942 τὸ
2197 1890 2450 1959 πρᾶγμα,
2475 1890 2537 1941 ἐκ
2567 1882 2661 1942 τοῦ
2695 1887 2831 1961 μηδέ
2862 1890 2990 1954 τοὺς
3015 1891 3203 1959 ἁγίους
3234 1889 3441 1944 πολλῶν
3474 1889 3698 1959 βιϐλίων

2105 1979 2418 2044 συντάξεσιν
2449 1979 2825 2050 ὲσχολακέναι,
2852 1981 3166 2035 παύσασθαι
3196 1982 3332 2053 πρὸς
3353 1981 3414 2035 τὸ
3445 1979 3571 2054 ἑξῆς
3595 1980 3696 2034 τοῦ

2103 2073 2244 2125 κατά
2283 2071 2380 2136 τὰς
2430 2071 2703 2144 συνθήκας
2752 2072 2819 2137 ἃς
2852 2071 3231 2144 ἐποιησάμεθα
3263 2074 3400 2146 πρὸς
3429 2073 3696 2145 ἀλλήλους

2103 2163 2462 2233 ὑπαγορεύειν
2486 2163 2556 2216 τὰ
2587 2164 3119 2237 διαπεμφθησόμενά
3150 2183 3261 2219 σοι’
3298 2167 3396 2219 καὶ
3432 2167 3574 2236 τάχα
3602 2166 3695 2232 σὺ,

2102 2255 2331 2326 πληγεὶς
2361 2255 2464 2309 ὑπὸ
2481 2257 2582 2327 τῆς
2603 2257 2821 2324 λέξεως,
2849 2259 2988 2330 πρὸς
3017 2259 3078 2312 τὸ
3104 2259 3232 2331 ἑξῆς
3271 2259 3337 2312 ἂν
3365 2261 3496 2330 ἡμῖν
3539 2258 3696 2325 ξυνε-

2101 2345 2394 2418 χώρησαςο
2435 2347 2550 2402 ἀλλ’
2585 2349 2708 2403 ἐπεὶ
2757 2350 2858 2422 τὴν
2897 2351 3118 2422 Γραφὴν
3147 2349 3258 2422 (40)
3310 2351 3698 2414 εὐσυνειδότως

2101 2440 2183 2494 δεῖ
2215 2439 2518 2506 ἐξετάζειν,
2549 2442 2625 2514 μὴ
2653 2443 2942 2514 προπετῶς
2971 2444 3150 2516 ἑαυτῷ
3194 2443 3698 2516 καταχαριζόμενον

2102 2533 2164 2586 τὸ
2202 2533 2550 2604 νενοηκέναι,
2597 2536 2662 2588 ἐκ
2701 2531 2795 2588 τοῦ
2832 2534 2995 2606 ψιλὴν
3038 2535 3136 2606 τὴν
3159 2535 3303 2602 λέξιν
3331 2535 3696 2606 ἐξειληφέναι,

2101 2625 2201 2696 οὐχ
2230 2625 2505 2696 ὑπομένω,
2533 2624 2609 2697 μὴ
2642 2625 2740 2698 τὴν
2767 2627 3096 2698 φαινομένην
3137 2645 3226 2697 μοι
3273 2627 3414 2698 ὑπὲρ
3453 2626 3694 2698 ἐμαυτοῦ

2103 2723 2420 2792 ἀπολογίαν,
2524 2723 2753 2795 χρήσαιο
2781 2723 2847 2778 ἂν
2879 2725 3000 2776 κατ’
3029 2723 3250 2794 ἐμοῦ,εἰ
3274 2722 3426 2795 παρὰ
3442 2723 3539 2786 τὰς
3569 2739 3702 2776 συν-

2103 2814 2277 2888 θήκας
2305 2820 2594 2890 ποιήσαιμι
2625 2817 2963 2888 παρατιθείς.
3021 2818 3128 2870 Καὶ
3168 2817 3386 2888 πρῶτόν
3424 2833 3523 2884 γε,
3571 2815 3698 2871 ἐπεὶ

2103 2908 2250 2962 δοκεῖ
2276 2911 2341 2980 τῇ
2376 2907 2518 2974 λέξει
2559 2907 2943 2980 συναγορεύειν
2981 2910 3014 2980 ἡ
3054 2909 3282 2980 ἱστορία,
3328 2907 3541 2972 οὐδενὸς
3581 2907 3694 2960 τῶν

2103 2999 2276 3068 ἁγίων
2315 2999 2673 3062 ἐκδεδωκότος
2709 2998 2990 3064 συντάξεις
3035 2999 3318 3064 πλείονας,
3349 3000 3444 3052 καὶ
3473 3001 3532 3052 ἐν
3564 2999 3696 3051 πολ-

2103 3089 2222 3156 λαῖς
2249 3091 2452 3161 βίϐλοις
2478 3090 2570 3144 τὸν
2593 3088 2718 3144 νοῦν
2741 3087 2907 3143 αὑτοῦ
2942 3089 3314 3160 ἐκτιθεμένου,
3346 3089 3476 3162 περὶ
3501 3089 3694 3142 τούτου

2108 3182 2348 3236 λεκτέον.
2401 3183 2458 3236 '0
2499 3182 2555 3235 δὲ
2594 3180 2842 3251 ἐγκαλῶν
2878 3198 2967 3252 μοι
3017 3182 3097 3244 εἰς
3141 3179 3389 3248 σύνταξιν
3433 3179 3695 3233 πλειόνων

2111 3274 2418 3348 ἐρχομένῳ,
2461 3275 2553 3326 τὸν
2584 3273 2898 3343 τηλικοῦτον
2925 3273 3161 3327 Μωῠσέα
3189 3274 3352 3345 φήσει
3383 3272 3494 3345 (Μ)
3531 3270 3694 3325 πέντε

2115 3367 2281 3438 μόνας
2306 3366 2518 3437 βίϐλους
2548 3366 3016 3420 καταλελοιπέναι.

425 3542 715 3613 reliquisse
740 3543 908 3599 dicet.

958 3788 1051 3844 EX
1084 3787 1316 3845 EODEM
1347 3787 1540 3846 ΤΟΜΟ
1573 3784 1834 3855 QUINTO
1873 3787 2003 3846 CUM

2110 3789 2530 3846 :NTARIORUM
2564 3788 2632 3846 IN
2663 3787 2981 3846 JOANNEM
3021 3789 3156 3861 (te).

1658 3905 1949 3976 Interprete
1987 3903 2216 3960 Henrico
2259 3903 2488 3962 i’ulm’a.

495 4023 551 4079 3.
611 4024 662 4079 is
719 4036 848 4078 vero
898 4037 1059 4092 quem
1118 4022 1262 4077 Deus
1307 4023 1562 4079 idoneum
1613 4023 1871 4092 reddidit,
1910 4022 2003 4093 qui

2181 4022 2234 4077 5.
2285 4022 2342 4076 '0
2372 4023 2430 4078 δέ
2460 4023 2747 4088 ίκανωθεὶς
2770 4023 3014 4087 διάκονος
3052 4021 3306 4093 γενέσθαι
3333 4019 3434 4094 τῆς
3480 4025 3694 4097 Καινῆς

425 4116 560 4172 Novi
591 4115 925 4170 Testamenti
959 4113 1210 4169 minister
1237 4124 1406 4178 esset,
1443 4129 1549 4170 non
1581 4115 1760 4169 littera
1791 4123 1850 4170 et
1883 4127 2003 4169 vers

2112 4115 2408 4186 Διαθήκης,
2458 4117 2519 4168 οὐ
2555 4115 2884 4186 γράμματος
2923 4115 3059 4169 ἀλλὰ
3095 4115 3420 4187 πνεύματος,
3458 4117 3693 4182 Παῦλος,

427 4207 511 4264 bis
533 4218 712 4274 tenus,
739 4207 834 4264 sed
861 4205 1088 4278 spiritus
1109 4207 1324 4278 (ipsius,
1348 4207 1546 4262 Paulus
1564 4207 1792 4272 scilicet,
1820 4207 1911 4276 qui
1937 4207 2003 4260 ab

2113 4207 2142 4260 ὁ
2170 4207 2550 4278 πεπληρωκὼς
2580 4208 2640 4262 τὸ
2667 4207 3000 4278 Εὑαγγέλιον
3027 4209 3136 4263 ἀπὸ
3176 4210 3557 4282 Ἰερουσαλὴμ,
3592 4211 3689 4264 καὶ⁹

427 4299 826 4372 Hierosolymis
869 4309 924 4356 et
952 4299 1201 4354 finitimis
1228 4299 1363 4355 locis
1411 4311 1583 4369 usque
1621 4298 1687 4352 ad
1729 4298 2003 4368 Illyricum

2114 4299 2300 4370 κύκλῳ
2337 4299 2498 4370 μέχρι
2545 4299 2640 4354 τοῦ
2693 4301 3010 4372 Ἰλλυρικοῦ,
3054 4302 3180 4355 οὐδὲ
3210 4301 3413 4365 πάσαις
3455 4301 3702 4374 ἔγραψεν

425 4392 780 4465 Evangelium
811 4391 1129 4465 adimplevit
1173 4391 1242 4460 ",
1294 4407 1404 4447 non
1449 4392 1708 4447 omnibus
1745 4388 2003 4443 Ecclesiis

2114 4387 2203 4456 αἷς
2225 4391 2460 4459 ἐδίδαξεν
2489 4390 2858 4465 Ἐκκλησίαις’
2877 4393 3013 4448 ἀλλὰ
3041 4396 3134 4448 καὶ
3168 4389 3256 4459 αἷς
3290 4391 3550 4466 ἔγραψεν,
3584 4393 3696 4447 ὀλί-

427 4503 565 4560 quas
597 4487 865 4544 docuerat
919 4486 1157 4561 scripsit,
1213 4487 1308 4541 sed
1351 4495 1407 4541 et
1457 4485 1523 4540 iis
1552 4485 1749 4554 quibus
1791 4482 2003 4552 scripsit

2114 4498 2242 4551 γους
2275 4481 2490 4552 στίχους
2521 4482 2821 4535 ἐπέστειλε.
2853 4483 3058 4556 Πέτρος
3089 4485 3145 4537 δὲ
3181 4484 3265 4554 ἐφ’
3313 4479 3358 4552 ᾧ
3391 4479 3692 4554 οἰκοδομεῖ-

427 4586 634 4649 paucas
671 4579 960 4634 admodum
1014 4577 1184 4633 lineas
1235 4577 1506 4633 exaravit.
1559 4575 1754 4631 Petrus
1805 4585 2003 4639 autem.

2113 4578 2264 4647 ταιή
2301 4575 2538 4647 Χριστοῦ
2593 4573 2911 4646 Ἐκκλησία,
2943 4570 3012 4647 ἦς
3047 4575 3214 4630 πύλαι
3259 4575 3387 4648 ᾅδου
3432 4576 3493 4628 οὐ
3535 4591 3693 4628 κατι·

427 4672 514 4727 cui
552 4680 806 4741 tanquam
837 4669 1200 4724 fundamento
1233 4676 1610 4739 superstructa
1640 4678 1725 4722 est
1765 4666 2003 4721 Ecclesia

2117 4668 2396 4739 σχύσουσι,
2434 4668 2563 4740 μίαν
2590 4669 2878 4740 ἐπιστολὴν
2903 4666 3342 4740 ὁμολογουμένην
3377 4667 3692 4722 καταλέλοι-

427 4763 654 4829 Christi,
704 4763 965 4818 adversus
1005 4775 1170 4833 quam
1202 4775 1304 4817 nec
1334 4761 1464 4832 ipsa;
1489 4761 1788 4816 inferorum
1839 4767 2003 4830 porta

2117 4779 2238 4816 πεν.
2276 4763 2458 4816 Ἔστω
2483 4763 2538 4817 δὲ
2567 4763 2658 4817 καὶ
2685 4763 2940 4836 δευτέραν
2962 4761 3094 4832 (45)·
3133 4759 3532 4832 ἀμφιϐάλλεται
3561 4762 3692 4831 γάρ.

427 4853 790 4924 przevaliturte
821 4865 950 4910 sunt
991 4855 1059 4919 ⁷⁸,
1101 4869 1264 4910 uuam
1306 4855 1572 4910 duntaxat
1606 4855 1849 4908 omnium
1879 4865 2003 4906 cum

2117 4852 2183 4905 Τί
2226 4850 2308 4905 δεῖ
2349 4853 2476 4923 περὶ
2510 4848 2604 4906 τοῦ
2649 4853 3014 4916 άναπεσόντος
3049 4851 3230 4919 λέγειν
3272 4852 3366 4905 ἐπὶ
3398 4852 3459 4904 τὺ
3495 4851 3693 4921 στῆθος

427 4957 592 5000 sensu
664 4955 938 5014 receptam
999 4945 1218 5015 reliquit
1267 4943 1579 5015 epistolam.
1639 4942 2003 4999 Coucedamus

2121 4943 2216 4998 τοῦ
2262 4943 2457 5016 Ἰησοῦ,
2496 4945 2744 5001 Ἰωάννου
2768 4961 2784 5013 ;
2814 4946 2910 5010 ’ος
2939 4943 3270 5015 Εὑαγγέλιον
3301 4943 3360 4997 ἐν
3383 4942 3696 4998 καταλέλοιο

500 5061 547 5096 ’⁸
580 5061 741 5118 Rom.
761 5075 854 5127 xv,
876 5061 963 5118 i9.
1042 5062 1092 5096 "
1117 5059 1310 5116 Matth.
1339 5073 1452 5128 ινι,
1483 5061 1572 5116 18.

502 5177 614 5247 (59)
637 5177 920 5246 Δόξομεν.
961 5175 1141 5247 (Todex
1173 5175 1386 5228 Thuau.
1415 5174 1681 5245 δείξομεν.

481 5241 618 5328 ’(40)
678 5241 801 5317 Thr:
837 5246 1110 5317 Γραερήν.
1163 5247 1378 5300 'l‘huau.
1431 5241 1642 5310 codex,
1704 5241 1809 5298 τῶν
1871 5243 2012 5316 Γρα-

473 5337 570 5370 ων.

432 5335 618 5460 φυξῖι)
649 5385 764 5442 Τὸν
792 5383 1147 5460 τηλικοῦτον
1169 5385 1426 5442 Μωῢσέα
1465 5385 1674 5456 φήσει.
1705 5384 1817 5439 lloc
1844 5385 2008 5460 etiam

434 5456 782 5526 argttmeuto.
819 5471 1013 5527 praeter
1036 5459 1164 5520 alia.
1220 5461 1452 5526 probare
1485 5473 1777 5526 possumus
1805 5456 2010 5527 alteru-

438 5525 583 5584 trum
609 5543 640 5583 c
662 5525 1084 5583 Commentariis
1119 5530 1174 5584 in
1199 5525 1302 5582 Job
1339 5525 1558 5596 Ut-igeui
1605 5527 1764 5596 vulgo
1793 5525 2015 5580 tributis

435 5599 840 5669 supposititium
870 5614 1010 5669 esse.
1045 5616 1167 5669 cum
1199 5602 1470 5669 posterius
1502 5615 1531 5652 a
1561 5597 1812 5652 Pcriouio
1846 5598 2014 5650 inter—

457 5667 706 5725 ISo:tattttn
741 5667 979 5739 Moysem
1003 5667 1209 5722 librum
1229 5667 1348 5722 Jobi
1374 5669 1518 5738 scrip
1537 5669 1682 5732 ~isse,
1709 5671 1858 5737 prius
1888 5680 2017 5720 vero

457 5687 706 5725 ιξιειιιιιιιη
741 5687 979 5739 atoysem
1004 5687 1196 5722 uorum
1229 5687 1348 5722 eum
1374 5687 1518 5738 scrip
1537 5687 1587 5722 sl:

436 5687 692 5798 itehraire
714 5740 1049 5794 convertisse
1073 5740 1286 5793 doceat.
1323 5741 1533 5794 Ιιυετιυ
1551 5758 1587 5790 ι.

505 5811 623 5881 (42)
651 5811 886 5867 Exhibet
919 5811 1086 5864 hocce
1137 5812 1499 5878 fragmentum
1559 5808 1824 5864 Eusebius
1870 5806 2011 5862 Hist.

2118 5172 2298 5228 cedes.
2345 5171 2438 5223 lih.
2475 5186 2546 5230 νι,
2580 5186 2626 5220 ‹·.
2655 5169 2747 5224 Ξῖἰ.

2190 5242 2302 5309 (45)
2345 5243 2542 5294 Ἔστω
2572 5237 2638 5292 δὲ
2673 5237 2770 5293 καὶ
2800 5237 3106 5309 δευτέραν,
3143 5248 3251 5293 etc.
3288 5235 3419 5290 Eam
3455 5235 3693 5309 admittit

2118 5305 2378 5382 Origo-nes
2405 5311 2589 5365 homil.
2621 5309 2652 5362 7
2683 5311 2736 5363 iu
2765 5311 2923 5364 Iosue
2950 5305 2982 5364 ς’
3009 5329 3026 5361 ι
3065 5305 3257 5382 Petrus
3292 5310 3455 5382 ςιὶςιηι
3476 5305 3694 5382 duabus

2121 5374 2484 5452 Epistolarum
2517 5395 2736 5452 suanm:
2761 5389 3015 5452 personat
3042 5381 3204 5452 tubis.
3240 5398 3257 5429 ι
3288 5377 3557 5452 Eusebius
3593 5374 3686 5452 liii.

2121 5446 2178 5508 tti
2220 5449 2386 5513 Ilist.,
2413 5467 2535 5518 cap.
2562 5451 2596 5505 ’5
2623 5467 2636 5521 ς
2663 5446 2774 5516 Τὴν
2805 5449 2862 5504 δέ
2907 5449 3211 5521 φερομένην
3242 5447 3407 5521 αὐτού
3436 5446 3692 5521 (Πέτρου)

2122 5521 2378 5593 δευτέραν
2559 5515 2878 5592 ἐνδιάθὴκον
2917 5515 3016 5590 μὲν
3043 5515 3181 5572 εἶναι
3231 5515 3646 5593 παρειλῄφοιμεν
3671 5532 3685 5546 ·

2123 5535 2378 5593 δευτέραν
2416 5535 2515 5574 ουκ
2559 5535 2878 5592 ενοιαυηκον
2917 5535 3016 5590 μεν
3043 5535 3181 5572 ειναι
3231 5535 3646 5638 παρειληφαμεν
3671 5535 3685 5546 ·

2123 5594 2273 5672 δμως
2390 5591 2603 5672 πολλοῖς
2636 5593 2902 5672 χρήσιμος
2926 5592 3171 5660 φανεῖσα,
3210 5588 3482 5672 μετα-τῶν
3515 5587 3550 5640 ά
3583 5585 3692 5672 λων

2125 5656 2468 5733 ἐσπουδάσθη
2505 5656 2756 5733 Γραῲὶῒιν.
2785 5656 2816 5714 ι’
2840 5656 2970 5726 Qua:
3016 5677 3144 5733 vero
3173 5656 3406 5733 segtttda
3453 5656 3689 5733 appella-

2125 5744 2236 5798 tur,
2267 5750 2386 5802 eatn
2411 5725 2644 5802 quident'
2668 5733 2808 5786 inter
2845 5725 3030 5802 sacros
3070 5728 3206 5802 Novi
3238 5725 3688 5802 Tcstzttttcntidi:

2127 5795 2253 5860 bro}:
2283 5795 2510 5876 positam
2550 5819 2652 5858 non
2681 5817 2800 5858 esse
2831 5816 2858 5855 ει
2892 5801 3186 5872 majoribus
3217 5797 3546 5869 accepimus.
3582 5795 3690 5852 Sed
