4020 6216
339 347 450 406 139
1434 355 1793 412 COMMEN'I'.
1836 356 1901 412 IN
1941 357 2134 417 JOAN.
2170 362 2410 420 TOMUS
2444 365 2511 423 ll.
3503 359 3607 418 190

329 478 460 529 πιν,
498 464 774 536 ὁμολογῶν
801 461 1059 521 δύνασθαι
1088 467 1329 523 τοσαῦτα
1359 472 1629 543 ποιήσειν,
1661 471 1697 528 ἁ
1725 474 1848 528 οὐδὲ
1898 477 1918 537 d

2031 495 2162 536 vero
2192 490 2246 538 et
2281 483 2573 538 secundam
2623 481 2742 551 ejus
2769 496 2892 538 esse
2923 497 2940 536 :
2968 481 3033 538 de
3062 482 3167 536 hac
3195 478 3343 535 enim
3372 477 3607 546 ambigi-

331 556 542 628 κόσμος
565 558 806 630 χωρῆσαι
829 559 1070 615 ἐδύνατο.
1109 561 1358 634 Ἔγραψε
1387 562 1444 617 δὲ
1481 567 1575 618 καὶ
1597 565 1707 638 τὴν
1755 569 1915 624 Ἀπο-

2021 578 2129 625 tnr.
2177 571 2298 628 Jam
2346 587 2474 629 vero
2522 574 2652 645 quid
2703 573 2996 629 dicendum
3042 572 3226 628 estde
3279 585 3347 625 eo
3411 568 3501 638 qui
3551 569 3606 623 iu

332 649 591 719 κάλυψιν,
631 649 940 716 κελευσθεὶς
984 653 1283 724 σιωπῆσαι,
1332 655 1427 708 καὶ
1470 656 1544 728 μὴ
1578 657 1914 729 γράψαιτὰς

2021 663 2141 718 sinu
2169 664 2370 721 Christi
2407 667 2652 722 recubuit
2682 668 2750 733 "’,
2782 665 2993 722 Joanne
3016 665 3160 732 ?Qni
3193 664 3406 734 quidem
3439 677 3606 716 unum

326 740 441 795 τῶν
469 742 611 795 ἑπτὰ
648 742 886 815 βροντῶν
923 745 1126 814 φωνάς.
1155 746 1530 802 Καταλέλοιπε
1563 748 1621 802 δὲ
1664 751 1758 804 καὶ
1791 753 1914 807 ἐπι·-

2023 756 2246 827 reliquit
2277 758 2650 830 Evangeiium,
2690 759 2907 816 tametsi
2938 759 3174 813 fateatur
3208 767 3285 812 tot
3331 771 3393 810 se
3439 755 3609 809 libros

329 832 526 905 στολὴν
571 833 708 886 πάνυ
746 835 942 904 ὀλίγων
977 837 1196 908 στίχων·
1227 837 1370 892 ἔστω
1398 838 1453 892 δὲ
1495 840 1588 892 καὶ
1627 839 1909 916 δευτέραν,

2021 849 2267 904 scribere
2320 852 2563 918 potuisse
2614 862 2748 922 quot
2810 866 2910 906 nec
2955 851 3105 904 orbis
3165 848 3279 918 ipse
3337 853 3606 899 terrarutn

325 925 425 978 καὶ
453 925 660 996 τρίτην·
704 927 827 980 ἐπεὶ
851 927 912 980 ού
947 928 1149 992 πάντες
1173 930 1308 1000 φασὶ
1331 931 1589 1001 γνησίους
1624 927 1760 986 εἶναι
1795 934 1910 1003 (44)

2021 948 2201 1004 posset
2222 941 2514 998 continere
2537 942 2606 998 ⁷⁸.
2633 943 2870 1014 Scripsit
2891 952 3148 1013 prmterea
3175 937 3605 1000 lteveiationem,

325 1017 554 1081 ταύτας.
588 1017 737 1090 Πλὴν
769 1020 870 1073 οὐκ
899 1021 1007 1074 εἰσὶ
1031 1021 1227 1092 στίχων
1251 1018 1562 1094 ἀμφότεραι
1591 1023 1804 1078 ἑκατόν.

2021 1028 2197 1098 iussus
2233 1033 2420 1098 silere,
2456 1049 2558 1090 nec
2591 1046 2802 1106 septem
2838 1033 3138 1090 tonitruum
3185 1046 3344 1086 voces
3369 1028 3608 1102 peracri-

327 1111 462 1166 bere
497 1107 563 1165 ’³.
612 1112 846 1184 Scripsit
894 1114 1060 1169 etiam
1098 1113 1384 1182 epistolam
1421 1115 1711 1168 admodum
1756 1112 1996 1171 brevem.
2045 1119 2152 1174 Sed
2185 1125 2569 1190 concedamus,
2621 1129 2664 1181 si
2700 1126 2905 1196 placet,
2960 1134 3014 1180 et
3051 1123 3342 1178 secundam
3390 1129 3444 1174 ct
3496 1128 3609 1172 tero

331 1204 463 1258 tiam
503 1203 694 1258 abillo
730 1205 962 1275 scriptas
999 1220 1168 1270 esse;
1194 1219 1373 1276 neque
1403 1206 1550 1262 enim
1589 1206 1688 1262 bas
1725 1208 1994 1277 genuinas
2036 1210 2182 1268 illius
2223 1229 2344 1273 esse
2396 1231 2588 1274 omnes
2639 1218 3014 1275 consentiunt.
3053 1215 3238 1272 Ambze
3295 1225 3472 1270 tamen
3519 1212 3604 1267 vix

329 1305 548 1350 centum
577 1311 769 1353 versus
789 1298 1092 1354 contineat.

329 1403 499 1495 Εἶτα,
545 1410 1132 1495 ἀπαριθμῃσρμενος-
1155 1413 1472 1495 πραξήτας
1512 1414 1613 1470 καὶ
1647 1417 1918 1495 ,ἀποστό-

2023 1419 2134 1495 96
2158 1423 2381 1491 Deinde,
2413 1429 2681 1493 prophetis
2721 1436 2768 1479 et
2796 1423 3046 1494 apostolis
3083 1419 3438 1476 enumeratis.
3471 1431 3606 1495 quo-

401 1483 568 1565 ..lov'c,
595 1483 766 1551 ὀλίγα
794 1483 1078 1552 ἑκάστου,
1102 1485 1140 1554 ἢ
1171 1483 1318 1540 οὐδὲ
1355 1487 1528 1557 ὀλίγα
1551 1485 1913 1557 γράψαντος,

2028 1483 2210 1546 vrum
2247 1483 2444 1564 singieii
2485 1483 2672 1562 unum,
2727 1483 3025 1565 sed-neque
3065 1505 3233 1562 puum
3283 1483 3606 1557 conscripse-

403 1549 629 1621 ἐπάγει.
700 1549 708 1551 “
1064 1549 1071 1552 ⁷
1127 1549 1138 1554 ’
1461 1549 1474 1557 ’
1558 1549 1599 1557 ’⁷
1669 1549 1687 1557 ’
1868 1549 1908 1555 ’⁷

2093 1575 2238 1626 rum,
2265 1549 2416 1619 aditu
2446 1549 2756 1638 [brigcties.
2780 1565 2794 1638 ]

1565 1652 1860 1718 Interprcte
1894 1657 2108 1715 Joanne
2141 1659 2363 1716 Torino.

401 1737 454 1792 4.
523 1741 680 1794 Μετὰ
709 1741 884 1796 ταῦτα
933 1741 1169 1815 ἱλιγγιᾷν
1216 1761 1306 1816 μοι
1339 1744 1627 1816 ἐπέρχεται
1659 1750 1903 1804 σκοτοδιο

2079 1755 2134 1808 4.
2164 1753 2280 1824 (45)
2303 1753 2492 1808 liicrco
2517 1751 2712 1807 deinde
2756 1765 2820 1806 ac
2849 1746 3209 1818 caligantibus
3232 1744 3402 1802 oculis
3433 1744 3604 1799 verti-

329 1830 537 1897 νιῶντι,
601 1834 678 1904 μὴ
738 1836 846 1903 ἄρα
897 1834 1207 1907 πειθαρχῶν
1260 1853 1342 1890 σοι
1387 1838 1485 1891 οὐκ
1535 1840 1912 1915 ὲπειθάρχησα

2021 1848 2136 1919 gine
2166 1855 2360 1912 aestuo,
2385 1861 2451 1901 ne
2475 1845 2572 1901 tibi
2600 1846 2985 1914 obtemperans
3006 1856 3112 1895 non
3142 1837 3439 1894 obedierim
3469 1838 3602 1897 Deo.

327 1921 472 1993 Θεῷ,
502 1924 624 1977 οὐδὲ
663 1925 792 1989 τοὺς
834 1925 1020 1994 ἁγίους
1051 1927 1434 2000 ἐμιμησάμην·
1470 1930 1521 1982 si
1558 1932 1632 2002 μὴ
1674 1934 1913 2002 σφάλλο-

329 2032 432 2086 μαι
458 2017 642 2070 τοίνυν
681 2018 898 2090 ἐμαυτῷ
936 2019 1314 2091 συναγορεύων
1342 2021 1433 2077 διὰ
1465 2022 1527 2076 τὸ
1562 2025 1707 2078 πάνυ
1735 2043 1796 2080 σε
1829 2046 1918 2098 φι-

327 2107 470 2174 λεῖν,
500 2111 593 2164 καὶ
640 2113 698 2164 ὲν
743 2112 932 2182 μηδενὶ
987 2111 1193 2168 ἐθέλειν
1247 2113 1466 2182 λυπεῖν,
1512 2116 1771 2183 τοιαύτας
1827 2121 1919 2174 εύ-

327 2202 509 2275 ρίσκω
564 2205 643 2267 είς
709 2203 882 2258 ταῦτα
947 2205 1266 2274 ἀπολογίας.
1324 2207 1440 2279 Πρὸ
1505 2211 1724 2264 πάντων
1771 2229 1914 2284 παρ-

325 2295 566 2366 εθέμεθα
659 2295 720 2349 τὸ
798 2297 864 2350 ἐκ
937 2297 1032 2352 τοῦ
1132 2299 1566 2372 Ἐκκλησιαποῦ
1645 2303 1916 2373 λέγοντος·

330 2406 352 2439 ι
388 2387 483 2441 rat
536 2403 658 2457 μου,
715 2388 950 2458 φύλαξαι
995 2391 1092 2446 τοῦ
1137 2393 1360 2464 ποιῆσαι
1421 2394 1603 2466 βιϐλία
1667 2398 1856 2453 πολλά.
1892 2417 1911 2451 s

323 2477 517 2550 Τούτῳ
549 2479 1002 2552 ἀντιπαραϐάλλω
1035 2483 1101 2536 ὲκ
1131 2482 1240 2538 τῶν
1268 2486 1588 2556 Παροιμιῶν
1615 2487 1709 2542 τοῦ
1752 2491 1917 2545 αὐτοῦ

325 2570 680 2642 Σολομῶντος
725 2573 908 2646 ῥητὸν,
945 2576 974 2628 ὅ
1006 2591 1192 2647 φησιν·
1243 2596 1262 2628 ι
1315 2579 1412 2632 Ἐκ
1460 2577 1784 2650 πολυλογίας
1819 2583 1921 2637 οὐκ

329 2668 572 2742 ἐκφεύξῃ
625 2671 932 2741 ἁμαρτίαν·
971 2671 1289 2744 φειδόμενος
1321 2673 1378 2727 δὲ
1425 2674 1650 2744 χειλέων
1699 2678 1919 2748 νοήμων

327 2759 452 2835 (an.
497 2781 515 2814 ι
551 2763 663 2816 Καὶ
696 2763 845 2836 ζητῶ
877 2764 925 2818 εί
986 2763 1049 2819 τὸ
1094 2766 1460 2819 δποιαποτοῦν
1518 2768 1698 2837 λέγειν
1751 2770 1921 2824 πολλὰ

329 2858 648 2930 πολυλογεῖν
700 2863 842 2927 ἐστι,
889 2863 992 2917 κᾶν
1025 2863 1159 2933 ἆγιά
1199 2881 1282 2928 τις
1339 2866 1433 2918 καὶ
1482 2866 1727 2937 σωτήρια
1785 2865 1919 2937 λέγῃ

330 2953 507 3006 πολλὰ
544 2954 677 3026 (46).
715 2956 779 3008 Ei
809 2955 919 3027 γὰρ
949 2955 1098 3010 τοῦθ’
1131 2954 1305 3022 οὕτως
1335 2957 1472 3028 ἔχει,
1505 2958 1599 3012 καὶ
1634 2957 1923 3027 πολυλογετ

330 3043 362 3096 ό
386 3043 560 3116 πολλαί
587 3041 799 3110 διεξιὼν
822 3042 1093 3118 ὠφέλιμα,
1113 3045 1276 3112 αὐτὸς
1308 3063 1327 3098 t
1350 3048 1378 3100 ὁ
1398 3047 1649 3119 Σολομὼν
1673 3067 1691 3100 ι
1709 3048 1810 3101 οὐκ
1827 3051 1920 3102 ὲκ-

333 3108 575 3204 πέφευγε
602 3103 700 3208 τὴν
729 3103 1029 3208 ἁμαρτίαν,
1051 3103 1288 3210 λαλήσας
1319 3155 1338 3189 ι
1364 3142 1516 3211 τρεῖς
1534 3103 1784 3210 ¹χιλιάδας
1815 3157 1920 3194 πα-
1948 3103 1990 3161 C

335 3227 602 3299 ραῦολῶν,
629 3229 722 3282 καὶ
746 3229 890 3301 ᾠδὰς
923 3234 1384 3303 πεντακισχιλίας,
1421 3235 1516 3288 καὶ⁷
1542 3233 1670 3306 περὶ
1694 3232 1803 3287 τῶν
1830 3232 1920 3300 ξύ-

331 3317 442 3373 λων
473 3320 582 3374 ἁπὸ
609 3321 708 3390 τῆς
742 3320 936 3395 κέδρου
969 3324 1069 3396 τῆς
1098 3326 1156 3380 έν
1186 3325 1265 3397 τῷ
1290 3326 1530 3398 Λιϐάνῳ,
1563 3327 1659 3381 καὶ
1687 3326 1794 3390 ἕως
1820 3326 1920 3397 τῆς

333 3409 590 3465 ὑσσώπου
622 3411 722 3484 τῆς
755 3415 1202 3487 ὲκπορευομένης
1230 3415 1320 3470 διὰ
1358 3417 1568 3488 τοίχου·
1605 3417 1684 3471 ἔτι
1725 3417 1784 3470 δὲ
1824 3418 1920 3471 καὶ

335 3503 466 3574 περὶ
497 3503 607 3557 τῶν
639 3501 874 3574 κτηνῶν,
905 3505 1000 3558 καὶ
1043 3507 1173 3578 περὶ
1204 3506 1312 3562 τῶν
1341 3507 1625 3574 πετεινῶν,
1662 3508 1757 3562 κα)¹
1791 3508 1919 3581 περὶ

333 3594 443 3648 τῶν
473 3594 740 3667 ἑρπετῶν,
771 3596 866 3650 καὶ
905 3597 1035 3669 περὶ
1057 3597 1167 3652 τῶν
1203 3598 1420 3670 ἰχθύων.
1464 3620 1480 3652 ι
1521 3599 1647 3664 Πῶς
1678 3601 1788 3672 γὰρ
1829 3600 1920 3655 δύ-

333 3702 492 3741 ναται
527 3687 875 3742 διδασκαλίαν
904 3689 1086 3744 ἀνύειν
1107 3708 1192 3754 τις
1224 3693 1393 3763 χωρὶς
1420 3692 1521 3762 τῆς
1549 3691 1919 3763 ἁπλούστερον

333 3779 633 3851 νοουμένης
680 3781 1023 3851 πολυλογίας,
1070 3784 1165 3836 καὶ
1211 3785 1381 3854 αὐτῆς
1424 3785 1525 3855 τῆς
1566 3784 1766 3853 Σοφίας
1812 3801 1918 3854 φα·-

338 3871 574 3941 σκούσης
603 3875 713 3937 τοῖς
734 3873 1149 3946 ἀπολλυμένοις·
1183 3893 1203 3928 ι
1247 3876 1541 3941 Ἐξὲτεινον
1557 3875 1750 3945 λόγους
1781 3876 1916 3947 (47),

335 3965 433 4019 καὶ
461 3967 522 4020 οὐ
557 3967 877 4039 προσείχετε
904 3985 919 4034 ;
964 3987 982 4020 ι
1023 3968 1081 4023 ’0
1123 3969 1181 4022 δὲ
1209 3968 1424 4032 Παῦλος
1453 3968 1702 4038 φαίνεται
1735 3968 1919 4021 διατε-

333 4055 444 4110 λῶν
486 4056 654 4111 ἕωθεν
699 4059 859 4130 μέχρι
895 4059 1249 4131 μεσονυκτίου
1283 4061 1342 4112 έν
1379 4058 1457 4130 τῷ
1499 4058 1792 4126 διδάσκειν,
1830 4061 1920 4114 ὅτε

334 4149 431 4203 καὶ
468 4148 722 4221 Εὔτυχος,
753 4153 1196 4224 καταφερόμενος
1219 4151 1393 4224 ὕπνῳ,
1426 4152 1755 4206 καταπεσὼν
1789 4154 1918 4208 ὲτά-

337 4239 469 4311 ραξε
497 4241 626 4305 τοὺς
653 4229 969 4309 ἀκούοντας,
993 4243 1068 4308 ὡς
1097 4239 1396 4314 τεθνηκώς.
1426 4243 1489 4295 Ei
1511 4241 1690 4295 τοίνυν
1720 4243 1920 4314 ἁληθὲς

332 4330 416 4385 τό·
445 4351 463 4382 ι
500 4332 595 4385 Ἐκ
622 4332 946 4401 πολυλογίας
970 4334 1071 4387 οὐκ
1088 4334 1328 4406 ἐκφεύξῃ
1345 4334 1648 4405 ἁμαρτίαν,
1677 4354 1696 4386 ι
1721 4334 1919 4406 ἀληθὲς

2015 1953 2192 2010 neque
2247 1949 2470 1994 sanctos
2539 1937 2643 1992 sim
2713 1936 2963 1991 imitatus
2999 1953 3014 1990 :
3049 1935 3152 1990 nisi
3211 1933 3322 2002 iam
3381 1941 3604 2002 propter

2014 2031 2416 2084 vehementiam
2461 2026 2669 2081 amoris
2719 2028 2774 2081 iu
2831 2037 2884 2081 te
2937 2027 3065 2090 mei,
3125 2027 3379 2095 quodque
3432 2024 3600 2078 nolim

2017 2123 2282 2179 molestia:
2303 2123 2601 2191 quidquam
2633 2135 2661 2174 a
2702 2133 2790 2174 me
2827 2119 2923 2174 tibi
2959 2119 3140 2173 aﬂerri
3167 2157 3183 2183 ,
3223 2131 3348 2173 erro
3392 2117 3505 2186 ipse
3545 2117 3600 2170 in

2017 2219 2124 2274 hoc
2161 2232 2294 2272 mem
2321 2231 2504 2273 causm
2538 2213 2865 2286 patrocinio,
2916 2221 2972 2268 et
3015 2213 3177 2268 hasce
3222 2211 3602 2266 excusationes

2016 2309 2423 2364 comminiscor.
2449 2309 2590 2362 Ante
2611 2305 2795 2362 omnia
2821 2306 3198 2375 proposuimus
3229 2304 3280 2358 id
3314 2319 3379 2358 ex
3414 2304 3600 2358 Eccle-

2016 2403 2184 2458 siaste
2226 2404 2502 2458 docente:
2549 2415 2568 2454 ι
2597 2399 2697 2456 Fili
2749 2401 2846 2464 mi,
2905 2413 3038 2454 cave
3089 2404 3147 2450 ut
3197 2396 3399 2451 multos
3431 2397 3600 2450 libros

2017 2506 2309 2564 componas
2343 2494 2455 2551 “.t
2507 2491 2642 2549 Huic
2683 2505 2950 2562 compono
2990 2506 3055 2545 ex
3106 2489 3420 2546 Proverbiis
3446 2491 3602 2560 ejus-

2019 2589 2140 2644 dem
2199 2587 2508 2643 Salomonis
2553 2587 2760 2642 dictum
2809 2586 2961 2642 hoc:
2999 2602 3019 2637 ι
3054 2583 3096 2640 Ε
3132 2583 3301 2639 multo
3347 2595 3602 2638 sermone

2021 2697 2125 2735 non
2177 2678 2406 2750 eﬂ‘ugies
2460 2686 2784 2748 peccatum;
2834 2677 2877 2732 si
2940 2689 3132 2748 parcas
3184 2685 3364 2729 autem
3417 2675 3598 2740 labiis,

2020 2771 2236 2842 sapiens
2263 2772 2372 2827 eris
2396 2772 2496 2829 ⁸⁸.»
2535 2771 2601 2826 Ει
2622 2785 2806 2841 quaero
2831 2787 2898 2825 an
2924 2768 3410 2840 quomodocnnque
3429 2767 3600 2821 multa

2022 2862 2223 2927 dicere,
2262 2861 2561 2932 loquacitas
2584 2861 2677 2928 sit,
2715 2862 2964 2932 quamvis
2997 2868 3183 2914 sancta
3213 2861 3336 2930 quis
3369 2868 3422 2912 et
3450 2859 3600 2912 salu-

2025 2953 2158 3007 taria
2183 2951 2329 3007 dicat
2352 2947 2518 3006 multa
2541 2968 2555 3005 :
2579 2951 2622 3005 si
2648 2949 2791 3007 etiini
2819 2949 2892 3002 ita
2911 2964 2969 3004 se
2999 2964 3085 3003 res
3112 2947 3292 3010 habet,
3317 2956 3372 3000 et
3399 2945 3597 3012 loquax

2023 3053 2105 3099 est
2129 3043 2220 3114 qui
2251 3043 2418 3099 multa
2456 3041 2710 3100 edisserit
2738 3044 2921 3111 utilia,
2952 3053 3101 3098 certe
3125 3054 3226 3095 nec
3253 3041 3368 3108 ipse
3401 3055 3420 3089 ι
3445 3036 3602 3092 Salo-

2024 3152 2147 3193 mon
2171 3155 2190 3190 »
2227 3145 2505 3206 peccatum
2535 3135 2752 3206 effugit,
2793 3136 2887 3206 qui
2941 3149 2960 3187 t
2991 3143 3074 3190 ter
3117 3133 3264 3188 mille
3312 3129 3604 3202 parabolas

2022 3230 2229 3296 elfudit,
2263 3231 2600 3286 canticorum
2631 3230 2875 3299 qiihiqne
2895 3226 3080 3291 millia,
3111 3235 3166 3280 et
3196 3225 3264 3279 de
3288 3224 3600 3286 arboribus,

2021 3341 2051 3380 a
2109 3326 2272 3379 cedro
2303 3320 2490 3377 Libani
2524 3321 2591 3375 ad
2627 3321 2944 3391 hyssopum,
2983 3332 3104 3390 quae
3145 3318 3259 3372 exit
3289 3330 3320 3372 ο
3354 3319 3596 3387 pariete;

2020 3422 2286 3488 praeterea
2327 3424 2382 3470 et
2428 3412 2496 3469 de
2541 3413 3017 3484 quadrupedibus,
3059 3413 3126 3466 de
3167 3410 3496 3473 volucribus,
3535 3407 3602 3462 de

2023 3511 2325 3580 reptilibus,
2354 3508 2500 3562 etde
2527 3506 2769 3578 piscibus
2804 3505 2908 3558 ".s
2957 3501 3237 3572 Quomodo
3277 3503 3421 3558 enim
3479 3515 3601 3568 pere

2022 3605 2162 3659 fecte
2210 3602 2409 3655 docere
2466 3599 2588 3670 quis
2635 3607 2811 3667 potest
2860 3599 2975 3651 sine
3008 3597 3098 3650 illa
3148 3595 3290 3648 node
3323 3592 3598 3647 intellecta

2019 3694 2376 3764 loquacitate,
2404 3707 2529 3747 cum
2561 3703 2616 3747 et
2645 3693 2756 3759 ipsa
2790 3689 3069 3759 Sapientia
3094 3687 3240 3741 dicat
3271 3683 3498 3754 perditis
3526 3679 3597 3735 ⁵³ι

2027 3802 2045 3835 ι
2077 3782 2446 3836 Exlcndcbatu
2518 3795 2828 3841 sermones,
2895 3788 2951 3833 et
2996 3791 3100 3832 non
3148 3772 3542 3828 attendebalis?
3577 3789 3596 3822 ι

2020 3872 2244 3928 Paulum
2306 3881 2489 3926 autem
2545 3871 2614 3927 ab
2657 3880 2782 3926 ertu
2830 3871 2962 3926 solis
3001 3869 3070 3924 ad
3117 3867 3349 3922 mediam
3384 3873 3600 3919 noctem

2022 3962 2239 4017 assidue
2297 3963 2550 4018 docuisse
2609 3963 2824 4033 planum
2878 3971 3003 4027 est,
3059 3975 3182 4016 cum
3228 3969 3282 4014 et
3327 3957 3602 4029 Eutychus

2020 4064 2247 4126 urgente
2268 4070 2458 4112 somno
2484 4057 2734 4111 deorsum
2763 4057 3048 4125 prolapsus
3078 4052 3358 4107 audientes
3381 4059 3604 4104 contur-

2018 4148 2192 4215 bavit,
2225 4158 2408 4220 utpote
2439 4160 2684 4205 mortuus
2711 4147 2782 4205 ⁸⁵.
2841 4149 2897 4204 Si
2945 4149 3091 4204 enim
3135 4162 3322 4201 verum
3347 4153 3431 4200 est
3462 4161 3476 4200 :
3513 4163 3532 4196 ι
3558 4143 3602 4198 E

2020 4239 2189 4295 multo
2210 4256 2460 4296 sermone
2488 4257 2595 4296 non
2621 4240 2844 4311 effugies
2865 4249 3144 4312 peccatum
3175 4239 3244 4304 ⁸⁸,
3269 4257 3289 4291 ι
3325 4245 3379 4291 et
3413 4249 3600 4290 verum

2019 4341 2101 4388 est
2135 4347 2238 4387 non
2277 4348 2534 4404 peccasse
2566 4332 2913 4388 Salomonem
2956 4333 3048 4401 qui
3083 4331 3250 4385 multa
3302 4325 3368 4383 de
3412 4341 3605 4396 supra-

333 4423 392 4478 δὲ
426 4423 520 4478 καὶ
551 4424 612 4478 τὸ
647 4423 722 4498 μὴ
755 4425 1132 4498 ἡμαρτηκέναι
1160 4426 1330 4480 πολλὰ
1360 4427 1490 4498 περὶ
1518 4426 1627 4480 τῶν
1658 4443 1917 4500 προειρη-

2021 4427 2177 4482 dictis
2202 4427 2484 4492 disseruit,
2528 4441 2706 4498 neque
2743 4425 2971 4481 Paulum
2997 4463 3013 4489 ,
3058 4423 3148 4494 qui
3191 4433 3494 4476 sermonem
3533 4416 3601 4470 ad

405 4564 452 4597 '"
477 4563 634 4620 Joau.
673 4581 784 4629 ut,
820 4563 912 4619 9.0.
985 4566 1030 4598 ⁷⁸
1065 4566 1194 4620 ibid.
1224 4566 1315 4621 25.

335 4633 382 4668 ⁸³
412 4634 569 4690 Prov.
601 4653 642 4702 l,
667 4635 759 4691 Ἡ.
832 4636 881 4668 ⁸³
905 4638 1026 4690 Act.
1065 4651 1156 4702 sx,
1181 4636 1234 4700 7,
1263 4639 1317 4694 9.
1395 4635 1440 4669 "
1466 4633 1628 4691 Prov.
1659 4651 1694 4690 ι
1742 4637 1827 4693 i9.

335 4784 516 4830 tamen
549 4791 677 4830 cum
706 4774 858 4830 utilis
893 4789 1016 4831 csse
1036 4773 1784 4844 videreturquamplurimis.
1810 4787 1916 4828 una

339 4862 464 4900 cum
491 4846 715 4915 reliquis
741 4862 913 4900 sacrae
942 4846 1241 4915 Scriptura:
1281 4843 1436 4899 libris
1468 4843 1713 4915 studiose
1747 4845 1910 4915 lecti-

338 4927 452 4971 tata
479 4912 684 4986 esuiet
707 4932 828 4986 cap.
859 4915 928 4971 25
965 4933 979 4969 :
1007 4914 1126 4968 Τῶν
1155 4914 1212 4986 δὲ
1233 4912 1692 4986 ἀντιλεγομένων,
1722 4913 1920 4986 γνωρί-

339 5005 456 5060 μων
477 4987 521 5040 δ’
555 4985 647 5043 οὖν
673 4982 788 5048 τοῖς
803 4986 1063 5069 ’πολλοῖς
1093 4987 1140 5108 Pl
1167 4982 1440 5055 λεγομένη
1473 4982 1728 5036 Ἰακώϐου
1759 4982 1920 5068 φέρε-

339 5073 451 5108 ται.
500 5059 593 5108 καὶ
643 5059 674 5108 ἡ
717 5057 906 5108 Ίουδα.
935 5057 967 5108 ii
1002 5073 1061 5108 τε
1146 5056 1302 5108 έτοου
1359 5054 1585 5108 δευτέρα
1637 5053 1916 5108 ἐπιστολὴ.

339 5053 451 5121 ται,
500 5059 593 5112 καὶ
643 5059 674 5128 ή
705 5056 906 5128 -Ίούδα,
1002 5073 1069 5128 τε
1095 5053 1309 5128 Πέτρου
1359 5053 1601 5128 δευτέραΔ
1637 5053 1916 5128 ἐπιστολῇ,

339 5073 451 5121 ται,
500 5073 593 5112 και
643 5073 674 5128 η
724 5073 906 5119 ἰουοα,
935 5073 969 5126 η
1002 5073 1061 5108 τε
1095 5073 1302 5126 ιιετρου
1359 5073 1585 5177 egerere.
1637 5073 1914 5126 επιστσλη,

337 5128 436 5183 καὶ
463 5129 496 5199 ἡ
525 5126 897 5198 ὀνομαζομένη
923 5127 1146 5198 δευτέρα
1175 5126 1267 5178 καὶ
1296 5125 1452 5198 τρίτη
1489 5126 1501 5143 ’
1527 5124 1731 5199 ωάννου
1788 5144 1805 5175 ι
1842 5123 1914 5180 Et

343 5201 410 5254 iis
434 5195 562 5252 vero
586 5195 706 5268 quae
743 5195 793 5268 iii
831 5195 1049 5250 dubium
1078 5195 1500 5268 revocantuma
1529 5195 1708 5249 tuultis
1731 5204 1912 5268 talin-tt

343 5265 761 5322 comment—arari
809 5268 1075 5330 videmus,
1117 5275 1200 5321 est
1250 5265 1490 5335 Epistoia
1541 5281 1663 5335 qua:
1691 5265 1914 5335 _dicitnr

338 5337 550 5398 Jacobi.
605 5349 656 5393 et
695 5353 815 5406 qua:
864 5336 1036 5402 Judm,
1086 5347 1140 5389 et
1192 5333 1422 5392 secunda
1463 5333 1632 5400 Petri,
1682 5333 1908 5392 Joannis

339 5409 468 5464 item
498 5410 666 5462 altera
697 5419 751 5462 et
780 5409 960 5462 tertia.
1007 5427 1025 5457 ι
1063 5406 1326 5462 Ηιιετιυε.

411 5477 522 5548 (44)
570 5479 731 5534 Ἐπεὶ
779 5480 850 5532 οὐ
916 5477 1140 5545 πάντες
1200 5476 1350 5547 φασὶ
1399 5476 1690 5548 γνησίους
1735 5473 1910 5530 εἶναι.

339 5547 612 5619 Origenes;
631 5550 820 5604 homil.
858 5548 891 5602 7
915 5551 969 5601 in
1009 5548 1126 5604 Jos.
1153 5563 1172 5600 :
1201 5566 1219 5599 ι
1250 5547 1414 5619 Addit
1439 5548 1793 5619 nihiiounnus
1818 5553 1914 5601 ad-

345 5617 465 5673 huc~
485 5629 540 5673 et
585 5617 824 5674 Joannes
857 5620 982 5673 tuba
1027 5632 1226 5673 canere
1260 5632 1356 5687 per
1400 5617 1669 5684 Epistolas
1698 5633 1845 5685 suas,
1888 5637 1907 5670 ι

343 5700 392 5744 et
431 5689 692 5744 Eusebius
723 5692 839 5744 loco
872 5691 1116 5756 proxime
1153 5688 1394 5743 laudato.
1427 5687 1505 5743 ID.

416 5759 530 5829 (45)
564 5759 638 5813 Ex
667 5775 787 5827 cap.
818 5759 853 5813 5
907 5756 1233 5813 Philocalia’.

419 5826 532 5904 (56)
574 5829 701 5886 Κᾶν
732 5826 870 5904 ἅγιά
927 5847 1014 5899 τις
1067 5829 1163 5886 καὶ
1191 5827 1454 5900 σωτήρια
1503 5827 1652 5902 λέγῃ
1691 5826 1908 5884 πολλὰ.

1387 4567 1431 4636 τε
1460 4566 1628 4636 Apoc.
1658 4581 1710 4632 τ,
1736 4567 1792 4622 i.
1867 4565 1914 4599 ⁸⁸

2021 4571 2122 4626 cie.
2152 4586 2251 4636 xu,
2285 4570 2373 4627 l2.
2449 4571 2493 4603 ⁸¹
2528 4569 2690 4626 Prov.
2713 4585 2772 4636 ι,
2807 4569 2894 4626 l9.
2959 4567 3007 4600 ³³
3037 4567 3099 4622 lll
3125 4567 3258 4633 Reg.
3298 4582 3372 4632 iv,
3396 4567 3486 4631 5‘3,
3511 4566 3600 4622 55.

2030 4773 2154 4828 Ιιιιιο
2203 4774 2399 4827 desunt
2448 4774 2500 4827 in
2546 4772 2734 4827 codice
2795 4771 2983 4840 Regio,
3022 4771 3115 4825 sed
3177 4769 3538 4822 restituuntur
3571 4785 3600 4822 e

2026 4847 2213 4900 codice
2245 4843 2458 4897 Thuau.

2098 4913 2209 4984 (47)
2257 4911 2592 4984 Ὲξέτεινον
2630 4912 2870 4982 λόγους.
2898 4910 2951 4984 ld
2987 4912 3154 4967 secuti
3185 4918 3313 4964 sunt
3339 4911 3519 4984 _Sy_rns
3546 4917 3600 4962 et

2026 4979 2224 5041 Arabs.
2287 4982 2497 5053 Reliqui
2563 4979 2889 5052 interpretes
2941 4983 3220 5053 legerunt,
3274 4979 3435 5052 χεῖρά
3471 4995 3594 5050 μου,

2027 5057 2169 5126 quod
2198 5055 2264 5109 ad
2292 5052 2437 5109 idem
2456 5055 2670 5118 recidit,
2699 5055 2943 5126 namqui
2974 5054 3146 5126 verba
3185 5052 3377 5126 tacturi
3420 5059 3598 5126 ei-nnt,

2029 5121 2191 5181 litanti
2227 5127 2326 5181 sibi
2362 5127 2692 5179 audientiam
2745 5122 3040 5178 faciebant.
3094 5122 3185 5175 Sic
3239 5121 3437 5174 Paulm
3469 5121 3596 5176 Act.

2023 5213 2144 5264 xm,
2171 5196 2236 5252 16
2262 5215 2275 5252 :
2307 5198 2654 5261 Κατασείσας
2674 5198 2739 5268 τῇ
2759 5195 2900 5266 χειρὶ
2921 5191 3094 5246 εἶπεν·
3113 5205 3165 5246 et
3180 5191 3330 5245 Pers.
3351 5201 3521 5262 satyr.
3542 5189 3598 5245 ιι

2128 5310 2252 5364 Fert
2287 5313 2493 5364 animus
2532 5311 2723 5364 calida:
2770 5310 2962 5377 fecisse
2993 5307 3210 5360 silentia
3247 5305 3418 5359 turba:

2133 5381 2416 5451 Majestute
2467 5396 2777 5435 manus..."

2022 5453 2084 5507 Et
2107 5453 2286 5507 Caesar
2311 5454 2449 5519 apud
2479 5451 2611 5505 an.
2647 5468 2661 5504 :

2526 5558 2541 5572 .
2573 5558 2588 5574 .
2623 5560 2638 5574 .
2672 5559 2686 5572 .
2724 5558 2738 5573 .
2781 5517 3084 5574 Tumultnm

2125 5591 2430 5656 Composuit
2455 5591 2602 5646 vultu
2627 5593 2921 5661 dextraque
2957 5592 3171 5645 silentia
3203 5590 3386 5658 iussit.

2023 5683 2158 5739 liuic
2194 5682 2563 5738 observationi
2603 5685 2704 5736 hoc
2734 5684 2896 5746 adde,
2946 5683 3398 5751 signiﬁcationem
3448 5681 3596 5734 illam

2020 5755 2220 5810 erectis
2244 5753 2574 5825 primoribus
2607 5752 2792 5825 digitis
2825 5755 3019 5819 tribus,
3063 5756 3284 5822 pollice,
3323 5753 3502 5825 indice
3541 5757 3598 5803 ct

2021 5827 2220 5894 medio,
2248 5823 2537 5882 conclusis
2570 5823 2744 5882 medio
2783 5837 2840 5881 et
2883 5826 3180 5881 auriculari
3210 5826 3326 5880 licri
3353 5823 3592 5878 solitam.
