4020 6216
333 2743 340 2746 _
413 2675 640 2730 miriﬁce
695 2690 968 2746 exponere
1035 2691 1282 2746 queam,

409 363 504 422 191

1876 355 2197 413 οιιιοΕΝιε

3557 360 3666 414 19?.

410 481 640 539 mediam
671 489 884 538 noctem
918 477 1196 550 produxit,
1237 478 1584 547 qua'reudum
1628 488 1708 534 est
1753 494 1875 549 qum
1909 481 1982 533 sit

2100 477 2265 544 μένων
2289 479 2378 533 τὸν
2413 476 2734 548 Σολομῶντα
2768 475 3204 545 ἀπαγγείλαντα,
3237 474 3376 546 μηδὲ
3401 475 3494 529 τὸν
3524 476 3676 529 Παῦ-

409 573 748 642 loquacitas;
785 572 910 625 inde
942 569 1296 640 transgressis
1323 568 1616 623 videndum
1649 579 1731 624 est
1761 571 1984 639 quinam

407 666 514 720 sint
542 663 693 717 multi
725 661 870 718 libri.
899 658 1017 715 Jam
1050 661 1228 714 omnis
1275 661 1364 714 Dei
1401 659 1592 716 Sermo
1621 662 1711 731 qui
1747 662 1798 716 iu
1835 661 1986 730 priu-

407 754 548 823 cipio
569 762 688 808 erat
713 755 852 821 apud
882 753 1047 806 Deum
1079 752 1150 818 ⁸⁸,
1187 767 1291 807 non
1314 762 1396 806 est
1431 752 1853 823 tuultiloquium,
1879 768 1984 807 non

407 859 727 910 sermones;
759 859 938 898 sermo
961 843 1105 898 enim
1133 857 1219 899 εει
1242 861 1382 900 unus
1411 860 1476 900 ex
1496 845 1679 900 multis
1703 846 1989 901 sententiis

405 935 763 1004 compositus,
818 935 924 1004 97
970 949 1200 1004 quarum
1248 934 1501 1005 quaelibet
1535 951 1662 1006 pars
1701 945 1786 991 est
1825 937 1988 991 totius

406 1027 700 1084 sermonis.
732 1025 836 1093 Qui
865 1041 994 1081 vero
1017 1037 1169 1081 extra
1199 1028 1345 1082 ltuuc
1378 1027 1694 1098 pollicentur
1724 1042 1783 1082 se
1810 1029 1986 1084 conti-

407 1133 539 1176 nere
567 1118 955 1188 digressionem
982 1128 1037 1172 et
1064 1119 1462 1189 expositionem
1507 1121 1799 1187 quamlibet
1828 1161 1843 1185 ,
1883 1119 1983 1174 etsi

407 1208 560 1280 quasi
593 1210 658 1262 de
697 1208 925 1264 veritate
946 1224 1228 1265 sermones
1257 1210 1386 1274 sint,
1420 1225 1617 1265 novum
1649 1227 1712 1265 ac
1745 1213 1987 1268 insolens

407 1301 556 1363 dico,
587 1297 766 1352 nullus
801 1299 1041 1367 ipsorum
1070 1309 1254 1354 sermo
1283 1309 1365 1354 est
1386 1339 1400 1362 ,
1425 1300 1520 1354 sed
1553 1301 1748 1371 singuli
1776 1317 1985 1356 sermo-

407 1405 542 1457 nes;
574 1389 763 1445 nullilti
807 1389 953 1442 enim
987 1389 1167 1442 unitas
1215 1396 1318 1451 est,
1377 1388 1568 1444 nullibi
1607 1399 1904 1446 concentus
1935 1401 1990 1447 et

411 1497 628 1538 unum:
665 1479 757 1536 sed
818 1481 963 1550 quod
1017 1479 1268 1534 distracti
1313 1479 1424 1535 sint
1467 1481 1680 1550 sibique
1726 1491 1987 1554 pugnent,

410 1578 594 1631 unitas
625 1575 732 1630 illis
776 1575 976 1644 periit,
1007 1585 1061 1629 et
1091 1573 1218 1630 facti
1249 1583 1374 1629 sunt
1401 1575 1637 1638 numeri,
1672 1585 1729 1629 et
1761 1572 1992 1630 fortasse

411 1666 626 1723 numeri
678 1666 898 1720 inﬁniti.
966 1667 1154 1735 Itaque
1201 1677 1572 1736 congruenter
1619 1667 1706 1721 his
1738 1667 1990 1734 dicimus,

409 1759 504 1830 qui
555 1775 584 1812 a
628 1758 813 1812 divino
843 1759 988 1813 cultu
1027 1759 1262 1813 alienum
1297 1759 1564 1830 quidlibet
1591 1758 1744 1823 dicit,
1797 1758 1986 1828 loqua-

2085 571 2175 623 λον
2219 572 2622 642 παρατείναντα
2673 569 2834 640 μέχρι
2870 569 3242 639 μεσονυκτίου·
3279 568 3544 640 ζητητέον
3584 571 3672 633 τίς

2086 665 2120 735 ἡ
2155 662 2468 730 πολυλογία,
2511 660 2766 716 κάκεῖθεν
2809 660 3139 731 μεταϐατέον
3169 661 3266 712 ἐπὶ
3294 659 3360 712 τὸ
3386 661 3514 714 ἰδεῖν
3547 662 3674 714 τίνει

2085 755 2156 808 τὰ
2198 754 2368 808 πολλὰ
2405 754 2607 823 βιϐλία.
2647 754 2707 807 Ὀ
2742 755 2849 816 πᾶς
2877 752 2942 823 δὴ
2972 753 3066 806 τοῦ
3101 751 3235 805 Θεοῦ
3270 753 3443 821 Λόγος
3482 753 3614 822 (48),
3643 758 3674 807 ὁ

2088 844 2146 898 ἐν
2169 845 2312 916 ἀρχῇ
2345 845 2483 915 πρὸς
2504 843 2595 897 τὸν
2619 843 2772 906 Θεὸν,
2800 843 2860 895 οὐ
2890 842 3182 911 πολυλογία
3208 843 3376 908 ἐστὶν,
3409 846 3470 896 οὐ
3498 844 3673 912 λόγοιο

2087 934 2242 1006 λόγος
2282 936 2389 1008 γάρ
2431 929 2512 999 εἷς
2557 932 2829 998 συνεστὼς
2863 937 2928 987 ἐκ
2973 933 3236 988 πλειόνων
3271 934 3672 1006 θεωρημάτων,

2088 1021 2164 1081 ὧν
2225 1027 2456 1082 ἕκαστον
2526 1026 2793 1098 θεώρημα
2857 1026 3022 1098 μέρος
3075 1027 3194 1080 ἐστὶ
3260 1027 3354 1080 τοῦ
3404 1027 3528 1082 ὅλου
3581 1028 3678 1080 λὸ·

2088 1136 2207 1189 γου.
2253 1123 2315 1175 0!
2375 1120 2433 1174 δὲ
2471 1120 2578 1185 ἔξω
2619 1122 2810 1175 τούτου
2852 1121 3318 1192 ἐπαγγελλόμενοι
3383 1123 3672 1192 περιέχειν

2087 1214 2316 1282 διέξοδον
2363 1216 2459 1268 καὶ
2492 1215 2830 1285 ἀπαγγελίαν
2863 1215 3053 1270 ὁποίαν
3091 1215 3314 1286 δήποτε,
3362 1216 3410 1268 εί
3458 1217 3553 1268 καὶ
3591 1217 3670 1278 ὡς

2089 1308 2216 1380 περὶ
2243 1308 2500 1380 ἀληθείας
2530 1309 2636 1362 εἰσὶ
2668 1308 2835 1379 λόγοι,
2864 1309 2958 1363 καὶ
2987 1306 3420 1380 παραδοξότερόν
3447 1325 3512 1377 γε
3534 1309 3676 1379 ἐρῶ,

2089 1401 2264 1464 οὐδεὶς
2295 1401 2473 1454 αὐτῶν
2498 1399 2676 1469 λόγος,
2702 1400 2814 1454 ἀλλ’
2842 1399 3063 1454 ἕκαστοι
3088 1401 3254 1469 λόγοι.
3281 1399 3528 1470 Οὑδαμοῦ
3562 1400 3678 1472 γὰρ

2089 1495 2122 1562 ἡ
2173 1491 2358 1563 μονὰς,
2395 1493 2489 1546 καὶ
2531 1491 2768 1568 οὐδαμοῦ
2809 1492 2870 1544 τὸ
2913 1491 3225 1562 σύμφωνον,
3261 1491 3356 1545 καὶ
3398 1492 3455 1544 ἓν
3478 1508 3492 1521 ·
3528 1492 3672 1546 ἀλλὰ

2091 1584 2244 1656 παρὰ
2274 1584 2334 1636 τὸ
2364 1583 2683 1637 διεσπᾶσθαι
2713 1584 2805 1636 καὶ
2833 1583 3104 1654 μάχεσθαι
3131 1583 3192 1636 τὺ
3226 1584 3282 1635 ἓν
3318 1584 3414 1636 ἀπ’
3447 1583 3675 1637 ἐκείνων

2091 1673 2358 1739 ἀπώλετο,
2393 1675 2486 1726 καὶ
2527 1673 2817 1743 γεγόνασιν
2858 1673 3102 1745 ἀριθμοὶ,
3146 1674 3240 1727 καὶ
3273 1672 3413 1743 τάχα
3449 1673 3680 1745 ἀριθμοὶ

2091 1765 2330 1836 ἄπειροι.
2357 1766 2516 1818 Ὥστε
2543 1765 2682 1818 κατά
2706 1765 2846 1818 τοῦτ’
2868 1763 2934 1818 ἂν
2953 1767 3102 1836 ἡμᾶς
3124 1766 3321 1827 εἰπεῖν,
3349 1765 3432 1818 ὃτι
3460 1767 3488 1817 ὁ
3515 1765 3677 1832 φθεγ-

409 1864 528 1906 cem
554 1864 710 1915 esse;
747 1849 837 1918 qui
867 1865 998 1905 vero
1029 1851 1157 1905 dicit
1195 1867 1315 1920 qua:
1340 1867 1467 1906 vera
1498 1861 1644 1917 sunt,
1673 1853 1774 1908 etsi
1811 1855 1991 1908 omnia

2100 1862 2322 1933 γόμενος
2351 1861 2379 1914 ὃ
2637 1861 2735 1931 τῆς
2778 1859 3091 1922 θεοσεϐείας
3133 1859 3413 1930 ἀλλότριον
3448 1858 3679 1910 πολυλο-

410 1941 609 1996 dixerit
637 1943 880 2011 nihilque
911 1942 1102 2010 reliqui
1133 1943 1342 2006 fecerit,
1378 1959 1542 1998 unum
1566 1958 1786 2014 semper
1809 1944 1944 1997 dicit
1975 1962 1990 1998 :

412 2047 591 2101 neque
634 2033 684 2087 itt
735 2032 1084 2102 loquacitatis
1135 2035 1327 2089 vitium
1363 2035 1609 2089 incidunt
1653 2035 1865 2099 sancti,
1899 2037 1991 2105 qui

410 2137 633 2193 scopum
667 2123 868 2179 habent
895 2125 1052 2179 unius
1079 2127 1346 2180 sermonis
1391 2140 1607 2196 semper
1633 2128 1992 2197 propositum.

414 2213 472 2272 Si
507 2217 674 2287 igitur
721 2216 1124 2286 multiloquium
1171 2219 1459 2289 praeceptis
1495 2218 1846 2288 diiudicatur,
1886 2236 1996 2278 non

410 2323 542 2364 vero
595 2323 824 2364 numero
887 2309 1234 2377 dictionum,
1291 2310 1414 2365 vide
1463 2325 1530 2364 an
1576 2310 1652 2364 ita
1703 2311 1994 2380 possimus,

413 2415 578 2454 unum
612 2415 731 2456 esse
755 2400 950 2456 libruut
982 2415 1178 2454 omnes
1226 2414 1414 2455 sacros
1446 2400 1633 2456 dicere
1653 2441 1670 2464 ,
1714 2411 1764 2454 et
1796 2401 1994 2457 multos

414 2493 605 2559 libros,
629 2493 721 2562 qui
761 2500 914 2546 extra
949 2492 1046 2545 bos
1076 2499 1223 2546 sunt.
1257 2490 1362 2546 Sed
1389 2492 1647 2561 quoniam
1681 2493 1993 2548 testimonio

411 2586 545 2640 mihi
581 2600 717 2654 Opus
747 2595 829 2640 est
857 2599 887 2638 ε
915 2585 1096 2639 divina
1137 2583 1448 2654 Scriptura,
1481 2585 1755 2654 perpende
1783 2601 1908 2638 num
1941 2586 1993 2640 id

1359 2675 1451 2730 ubi
1521 2677 1864 2731 constituero
1925 2679 1992 2731 de

416 2767 641 2826 Christo
689 2768 983 2825 secundum
1013 2783 1148 2832 nos,
1196 2783 1301 2822 non
1349 2768 1404 2823 itt
1446 2783 1553 2824 uno
1581 2766 1844 2838 scriptum
1873 2783 1994 2824 esse

417 2861 580 2928 libro,
613 2867 657 2919 si
690 2866 967 2921 communi
995 2881 1157 2922 sensu
1190 2881 1380 2922 sacros
1403 2867 1574 2922 libros
1607 2867 1990 2937 intelligamus;

413 2957 676 3027 scriptum
704 2967 788 3014 est
823 2959 966 3013 enim
996 2958 1047 3013 itt
1073 2959 1314 3029 quinque
1343 2958 1500 3014 libris
1531 2958 1750 3030 Muysis,
1789 2960 1992 3014 dictum

414 3058 504 3106 est
535 3050 588 3105 in
622 3049 848 3121 singulis
886 3051 1184 3120 prophetis,
1216 3051 1269 3105 in
1309 3048 1561 3117 Psalmis,
1583 3061 1635 3105 et
1664 3050 1909 3115 omnino,
1937 3059 1996 3104 ut

417 3140 533 3210 ipse
557 3139 820 3194 Servator
860 3141 975 3204 ait,
1025 3139 1078 3194 in
1126 3137 1338 3194 cunctis
1378 3136 1700 3206 Scripturis,
1738 3137 1804 3188 ad
1857 3151 1994 3204 quas

2095 1957 2212 2023 γεῖο
2244 1955 2272 2006 ὁ
2304 1953 2361 2006 δὲ
2389 1953 2564 2020 λέγων
2591 1951 2660 2005 τά
2683 1952 2781 2022 τῆς
2802 1951 3080 2023 ἀληθείας,
3105 1950 3207 2005 κᾶν
3242 1950 3370 2022 εἴπῃ
3399 1951 3467 2002 τὰ
3499 1951 3677 2003 πάντα

2094 2045 2170 2109 ὡς
2220 2043 2388 2115 μηδὲν
2431 2043 2781 2114 παραλιπεῖν,
2819 2044 2916 2096 ἕνα
2951 2045 3038 2096 ἀεὶ
3066 2044 3216 2112 λέγει
3258 2043 3436 2111 λόγον⁸
3480 2043 3574 2095 καὶ
3613 2045 3678 2095 οὐ

2096 2134 2483 2204 πολυλογοῦσιν
2515 2137 2564 2189 οἱ
2609 2135 2754 2204 ἆγιοι
2797 2133 2894 2188 τοῦ
2928 2134 3130 2188 σκοποῦ
3160 2133 3254 2188 τοῦ
3289 2135 3432 2188 κατά
3464 2135 3554 2188 τὸν
3583 2137 3678 2189 ἕνα

2096 2227 2346 2299 ἐχόμενοι
2382 2227 2559 2295 λόγον.
2599 2228 2663 2280 Εἰ
2706 2227 2948 2297 τοίνυνή
2998 2227 3294 2295 πολυλογία
3329 2229 3394 2279 ὲκ
3438 2228 3548 2280 τῶν
3588 2228 3680 2280 δο-

2093 2319 2318 2390 γμάτων
2353 2319 2615 2389 κρίνεται,
2647 2318 2741 2371 καὶ
2767 2318 2866 2370 οῦκ
2894 2319 2958 2371 ἐκ
2980 2318 3078 2389 τῆς
3106 2317 3216 2370 τῶν
3243 2316 3454 2370 πολλῶν
3475 2317 3684 2382 λέξεων

2093 2409 2456 2477 ἀπαγγελίας,
2507 2411 2610 2479 ὅρα
2653 2409 2701 2460 εί
2745 2407 2889 2460 οὕτω
2935 2407 3212 2479 δυνάμεθα
3260 2409 3318 2462 ἓν
3359 2409 3560 2479 βιϐλίον
3605 2408 3678 2462 τὰ

2094 2499 2272 2553 πάντα
2315 2498 2450 2567 ἆγια
2480 2501 2675 2562 εἰπεῖν,
2708 2497 2880 2550 πολλὰ
2908 2498 2965 2551 δὲ
3003 2499 3072 2551 τά
3116 2498 3221 2562 ἔξω
3253 2497 3478 2554 τούτων.
3530 2497 3678 2551 Ἀλλ’

2094 2591 2216 2645 ἐπεὶ
2252 2584 2550 2662 μαρτυρίου
2599 2605 2688 2660 μοι
2728 2588 2809 2641 δεῖ
2833 2589 2928 2641 τοῦ
2971 2589 3079 2642 ἀπὸ
3103 2589 3203 2659 τῆς
3243 2590 3394 2653 θείας
3430 2590 3676 2662 Γραφῇ,

2097 2681 2394 2752 ἐπίσκεψαι
2429 2683 2477 2734 εί
2506 2680 2924 2757 πλῃκτικὼτατα
2951 2681 3185 2752 δύναμαι
3217 2681 3374 2735 τοῦτο
3400 2683 3687 2756 παραστῆ-

2096 2793 2208 2838 σαι,
2257 2772 2695 2836 κατασκευάσας,
2748 2773 2831 2825 δτι
2879 2773 3006 2844 περὶ¹
3059 2773 3296 2844 Χριστοῦ
3352 2773 3474 2827 καθ’
3532 2775 3684 2844 ἡμᾶς

2093 2867 2194 2918 οὐκ
2221 2867 2277 2918 ὲν
2310 2867 2390 2919 ἐνὶ
2418 2865 2731 2936 γέγραπται
2763 2862 2953 2935 βιϐλίῳ
2976 2866 3280 2935 κοινότερον
3313 2867 3347 2936 ἡ
3357 2865 3475 2935 μῶν
3503 2867 3570 2918 τὰ.
3599 2865 3682 2934 βι-

2095 2955 2218 3010 ϐλία
2246 2955 2528 3010 νοοῦντων.
2554 2955 2865 3026 Γέγραπται
2887 2955 2996 3026 γὰρ
3019 2955 3112 3008 καὶ
3128 2957 3184 3008 ὲν
3211 2957 3276 3026 τῇ
3295 2954 3677 3025 Πεντατεῦχῳυ

2097 3049 2312 3120 εἴρηται
2345 3046 2401 3100 δὲ
2435 3047 2529 3101 καὶ
2568 3047 2624 3100 ὲν
2657 3045 2872 3117 ἑκάστῳ
2894 3045 3002 3099 τῶν
3029 3045 3346 3118 προφητῶν,
3371 3047 3465 3100 καὶ
3487 3048 3546 3098 ὲν
3568 3049 3686 3110 τοῖς

2098 3139 2369 3210 Ψαλμοῖς,
2405 3139 2498 3193 καὶ
2533 3139 2894 3206 ἁπαξαπλῶς,
2931 3138 3006 3203 ῶς
3032 3157 3196 3211 φησιν
3223 3140 3384 3203 αὐτὸς
3413 3141 3441 3192 ὁ
3468 3139 3684 3210 Σωτὴρ,

417 3229 706 3286 remittens
737 3243 857 3290 nos,
913 3229 1044 3283 dicit
1083 3229 1128 3260 ⁸⁷
1161 3246 1176 3282 :
1221 3245 1240 3278 ι
1269 3225 1606 3282 Scrutamini
1648 3225 1996 3295 Scripturas,

2105 3233 2162 3286 ἐν
2193 3233 2396 3296 πάσαις
2447 3234 2566 3294 ταῖς
2612 3232 2876 3303 Γραφαῖς,
2912 3231 2998 3299 ἐφ’
3044 3231 3111 3295 ἀς
3155 3231 3498 3302 ἀναπέμπων
3534 3233 3684 3302 ἡμᾶς

416 3323 544 3392 quia
577 3337 672 3378 vos
698 3323 900 3390 putatis
931 3322 984 3376 in
1019 3321 1150 3392 ipsis
1174 3321 1342 3376 vitam
1369 3328 1631 3375 aeternam
1659 3318 1881 3374 habere.
1934 3319 2002 3373 Et

419 3412 526 3470 iila:
556 3425 684 3468 sunt
714 3431 835 3484 qua:
882 3413 1255 3470 teStimoniunt
1297 3412 1584 3483 perhibent
1613 3411 1680 3466 de
1720 3425 1826 3468 nte.
1866 3429 1882 3462 ι
1940 3409 1998 3464 Si

418 3521 521 3562 nos
545 3505 708 3576 igitur
738 3506 1052 3560 remittitad
1084 3502 1399 3574 Scripturas
1430 3511 1686 3572 tanquam
1720 3501 1788 3556 de
1810 3516 1870 3556 se
1896 3508 2003 3556 tes-

417 3597 707 3654 timonium
754 3597 1124 3666 perhibeutes,
1162 3611 1267 3649 nott
1303 3595 1370 3649 ad
1410 3594 1552 3650 hanc
1580 3608 1679 3649 nos
1711 3593 1906 3657 mittit,
1935 3593 2001 3646 ad

421 3688 570 3744 illam
603 3707 708 3745 nott
737 3691 887 3752 item,
919 3691 1014 3745 sed
1045 3691 1111 3744 ad
1138 3701 1330 3743 omnes
1361 3703 1482 3756 qum
1515 3687 1582 3743 de
1614 3687 1730 3756 ipso
1764 3702 2005 3756 pronun-

423 3784 584 3846 tiant,
606 3798 744 3853 quas
772 3782 824 3836 in
846 3781 1077 3836 Psalmis
1098 3789 1263 3850 caput
1282 3780 1404 3834 libri
1429 3779 1690 3850 appellat,
1719 3780 1902 3834 dicens
1919 3779 1964 3810 ⁸⁸
1987 3796 2002 3833 :

425 3892 449 3926 ι
481 3872 537 3928 In
570 3874 745 3943 capite
769 3873 890 3927 libri
918 3874 1175 3942 scriptum
1200 3880 1284 3927 est
1307 3871 1375 3927 de
1409 3886 1514 3926 me.
1543 3890 1560 3922 ι
1596 3872 1695 3938 Qui
1725 3871 1870 3926 enim
1904 3872 2007 3928 hoc

425 3967 568 4021 unde
591 3966 719 4020 velit
756 3964 1006 4033 accipere
1045 3985 1057 4019 :
1107 3983 1126 4016 ι
1159 3963 1214 4016 lu
1251 3963 1428 4031 capite
1465 3963 1586 4018 libri
1631 3964 1891 4033 scriptum
1924 3973 2008 4019 est

422 4059 495 4112 tle
527 4072 663 4120 me,»
693 4059 758 4110 de
781 4073 888 4109 ιιιιο
916 4057 1098 4123 aliquo
1127 4070 1316 4110 eorum
1347 4056 1436 4124 qui
1481 4055 1531 4108 id
1563 4056 1704 4124 quod
1737 4058 1804 4110 ad
1834 4056 2006 4124 ipsum

427 4149 669 4219 pertinet
695 4151 998 4209 continent,
1020 4145 1257 4200 declaret
1278 4161 1383 4216 qua
1413 4145 1621 4200 ratione
1646 4147 1787 4200 hunc
1811 4146 2006 4200 librum

429 4243 590 4298 alteri
629 4240 932 4309 anteponit.
963 4238 1069 4292 Sed
1104 4255 1169 4292 ne
1197 4241 1320 4308 quis
1351 4237 1627 4292 existimet
1664 4253 1762 4291 nos
1801 4237 2005 4292 dictum

432 4336 560 4390 illud
588 4337 654 4389 ad
687 4334 882 4388 libtuut
928 4332 1264 4387 Psabuorum
1312 4330 1536 4394 referre,
1577 4331 2006 4398 respondendum

425 4439 513 4484 est
544 4429 642 4494 illi,
671 4427 775 4482 diri
805 4427 1114 4496 oportuisse
1140 4444 1152 4480 :
1197 4443 1214 4476 ι
1245 4425 1300 4479 Ιιι
1335 4425 1437 4478 hoc
1465 4424 1603 4478 libro
1633 4424 1893 4493 scriptum
1925 4430 2009 4478 cst

429 4522 626 4578 deme.
669 4540 687 4573 ι
741 4519 890 4572 Nunc
942 4529 1122 4571 autem
1172 4526 1328 4570 vocat
1373 4516 1554 4569 omnia
1613 4530 1776 4569 uuutn
1827 4523 2005 4585 caput,

2104 3340 2267 3394 φησιν
2299 3339 2313 3354 ο
2362 3341 2380 3375 ι
2427 3325 2715 3393 Ἐρευνᾶτε
2756 3324 2854 3387 τὰς
2886 3323 3129 3395 Γραφάς,
3174 3325 3256 3378 ὅτι
3290 3325 3449 3395 ὑμεῖς
3477 3323 3686 3377 δοκεῖτε
3729 3321 3740 3332 ’

2105 3418 2163 3470 ἐν
2190 3416 2380 3479 αὑταῖς
2411 3415 2556 3488 ζωὴν
2603 3415 2822 3469 αἰώνιον
2865 3416 3033 3488 ἔχειν.
3074 3416 3184 3469 Καὶ
3213 3416 3418 3469 ἐκεῖναί
3462 3417 3600 3468 εἰσιν
3627 3417 3684 3469 αἱ

2105 3504 2483 3578 μαρτυροῦσαι
2510 3506 2636 3578 περὶ
2657 3506 2814 3577 ἐμοῦ.
2848 3527 2865 3558 ι
2895 3509 2958 3560 Εἰ
2991 3507 3168 3561 τοίνυν
3191 3507 3510 3577 ἀναπέμπει
3539 3507 3685 3576 ἡμᾶς

2104 3597 2196 3649 ἐπὶ
2249 3594 2349 3659 τάς
2380 3595 2602 3668 Γραφάς
2649 3596 2723 3657 ὡς
2756 3599 3140 3668 μαρτυρούσας
3183 3599 3312 3668 περὶ
3349 3595 3537 3660 αὑτοῦ,
3585 3599 3687 3650 οὐκ

2106 3693 2199 3744 ἐπὶ
2241 3691 2399 3764 τήνδε
2442 3691 2543 3763 μὲν
2588 3691 2818 3762 πέμπει,
2854 3693 2946 3745 ἐπὶ
2986 3692 3148 3762 τήνδε
3193 3692 3250 3745 δὲ
3287 3690 3382 3744 οῦ·
3430 3692 3545 3745 ἀλλ’
3593 3693 3685 3745 ἐπὶ

2107 3783 2286 3848 πάσας
2308 3782 2406 3847 τὰς
2429 3783 2878 3852 ἀπαγγελλούσας
2899 3800 2964 3834 πε
2976 3784 3026 3854 ρὶ
3043 3782 3206 3836 αὑτοῦ
3236 3781 3460 3845 ἅστινας
3492 3783 3551 3834 ἐν
3576 3784 3686 3844 τοῖς

2105 3874 2357 3945 Ψαλμοῖς
2397 3872 2661 3942 κεφαλίδα
2719 3871 2976 3943 ὀνομάζει
3022 3869 3227 3940 βιόλίου
3283 3869 3476 3938 λέγων’
3532 3887 3551 3920 ι
3596 3869 3686 3922 Ἐν

2096 3965 2356 4036 ’κεφαλίδι
2403 3965 2606 4036 βιϐλίου
2657 3963 2968 4036 γέγραπται
3010 3963 3138 4034 περ).
3194 3961 3350 4032 ἐμοῦ.
3385 3981 3402 4012 ι
3469 3961 3528 4014 '0
3578 3960 3688 4029 γὰρ

2106 4059 2296 4122 ἀπλῶς
2355 4057 2526 4111 θέλων
2599 4056 2850 4110 ἐκλαϐεῖν
2907 4056 2990 4108 τό⁶
3057 4074 3074 4106 ι
3156 4054 3247 4107 Ἐν
3300 4051 3548 4122 κεφαλίδι
3609 4051 3690 4120 βι-

2109 4153 2259 4206 ϐλίου
2287 4151 2598 4222 γέγραπται
2645 4149 2774 4220 περὶ
2815 4147 2970 4218 ἐμοῦ,
3009 4166 3026 4198 ι
3065 4146 3158 4200 ἐπὶ
3198 4162 3310 4198 orsu
3338 4145 3537 4216 δήποτε
3570 4143 3688 4208 ἑνὸς

2109 4245 2219 4298 τῶν
2254 4243 2620 4313 περιεχόντων
2652 4241 2719 4294 τὰ.
2759 4241 2888 4312 περὶ
2931 4237 3096 4292 αὑτοῦ
3121 4238 3257 4309 (49),
3297 4234 3690 4305 ἁπαγγελλέτω

2111 4335 2215 4388 τίνι
2259 4334 2404 4405 λόγῳ
2449 4333 2610 4404 τήνδε
2639 4333 2736 4404 τὴν
2775 4331 2954 4402 βίϐλον
3002 4330 3193 4402 ἐτέρας
3228 4327 3528 4399 προκρίνει.
3573 4327 3690 4378 Ἵνα

2110 4427 2217 4500 γὰρ
2256 4425 2331 4498 μὴ
2353 4423 2711 4498 ὑπολαμϐάνει
2735 4441 2819 4487 τις
2845 4425 2930 4476 ἐπ’
2966 4421 3133 4493 αὐτὴν
3166 4421 3264 4492 τὴν
3293 4419 3401 4473 τῶν
3443 4417 3691 4488 Ψαλμῶν

2115 4518 2294 4590 βίϐλον
2325 4517 2615 4586 ἀναφέρειν
2643 4517 2790 4587 ἡμᾶς
2823 4516 2912 4568 τὸν
2938 4514 3118 4583 λόγον,
3146 4514 3366 4568 λεκτέον
3414 4512 3550 4584 πρὸς
3589 4511 3688 4564 αῦο

428 4614 571 4682 quod
596 4613 647 4666 itt
681 4629 846 4666 unum
885 4623 1047 4682 caput
1093 4611 1382 4680 colligatur
1424 4610 1513 4678 qui
1549 4610 1613 4662 de
1653 4609 1766 4677 ipso
1798 4609 1863 4661 ad
1911 4622 2008 4662 nos

2112 4612 2222 4677 τὸν,
2255 4612 2336 4666 ὅτι
2383 4609 2553 4682 ἐχρῆν
2585 4607 2858 4680 εἰρῆσθαιο
2911 4625 2929 4658 ι
2973 4607 3060 4660 Ἐν
3093 4605 3266 4680 ταύτῃ
3290 4607 3355 4676 τῇ
3395 4604 3558 4675 βίϐλῳ
3601 4602 3693 4674 γέο

428 4719 612 4762 sermo
670 4706 936 4775 pervenit.
973 4703 1160 4771 Quid?
1194 4703 1395 4757 vidisse
1432 4703 1477 4734 δ’
1516 4701 1776 4756 Joannem
1810 4701 2002 4754 librum

429 4797 691 4865 scriptum
731 4797 874 4850 intus
907 4807 962 4851 ct
992 4797 1147 4861 l'oris,
1188 4804 1242 4848 ct
1265 4795 1633 4865 obsignatum,
1657 4809 1815 4862 quem
1848 4807 2006 4846 nemo

431 4898 645 4960 poterat
682 4889 884 4959 legere,
921 4906 1098 4960 neque
1151 4889 1364 4945 solvere
1402 4887 1681 4959 signacula
1728 4887 1867 4955 ejus,
1902 4887 2006 4943 nisi

428 4983 515 5040 leo
547 4984 612 5039 de
636 4983 779 5039 tribu
827 4982 988 5047 Iuda,
1038 4983 1190 5038 radix
1242 4983 1434 5050 David,
1469 4982 1599 5052 «qui
1629 4980 1788 5036 habet
1813 4980 2007 5036 clavim

499 5100 546 5133 “
572 5097 728 5156 Joan.
755 5115 809 5164 t,
846 5100 897 5154 l.

430 5192 541 5248 lluc
569 5202 724 5264 gestu
779 5209 902 5248 cum
955 5191 1212 5260 populum
1269 5191 1680 5264 alloquerentur
1736 5186 2000 5264 episcopi,

429 5257 618 5317 eudet'u
650 5264 749 5332 ipsi
786 5257 1179 5319 benedicebant
1226 5277 1256 5316 e
1282 5257 1631 5332 saltt'tatorio,
1661 5257 1753 5328 qui
1790 5273 1906 5312 tuos
1935 5258 2002 5311 ad

433 5334 548 5388 lucc
580 5331 820 5400 tempora
849 5334 1114 5388 deductus
1140 5343 1247 5388 est.
1276 5331 1537 5386 HUETIUS.

502 5402 616 5472 (48)
751 5402 869 5469 πᾶς
930 5403 1006 5470 δὴ
1046 5403 1152 5458 τοῦ
1202 5401 1352 5458 Θεοῦ
1409 5403 1624 5470 Λόγος,
1656 5406 1775 5472 _elc.
1808 5398 2003 5454 Eadem

433 5469 670 5526 habebat
695 5469 1026 5528 Petaviautts
1057 5475 1148 5530 ille
1171 5475 1341 5530 codex
1373 5469 1723 5532 llolutieusis,
1759 5485 1878 5536 quae
1924 5487 2006 5522 re-

435 5543 790 5610 prmsettt‘avit
836 5541 1094 5602 Tarinus.
1126 5562 1187 5598 ea
1223 5545 1479 5598 nimirum
1519 5560 1532 5595 :
1569 5540 1740 5608 Λόγον
1777 5539 2013 5593 ἐνταῦθα

432 5613 525 5666 τοῦ
571 5611 790 5684 θεοῦοῦ
819 5613 913 5684 τὸν
937 5613 1165 5684 οὐσιώδη
1202 5614 1437 5684 νοήσεις,
1481 5610 1712 5684 (ἀμερὴς
1744 5610 1852 5680 γὰρ
1874 5611 2015 5684 ἐγκεῖ-

433 5701 544 5757 veg,
629 5683 761 5748 Θεός
779 5685 818 5752 ο)
836 5683 972 5738 ἀλλά
1005 5684 1094 5757 τὸν
1130 5679 1448 5757 περὶ-,αὺτοῦ
1472 5679 1643 5757 Λόγον
1662 5679 2015 5757 ἑκ-ποίικίλων

434 5741 814 5838 Θεωρῆμάτων
844 5741 1218 5836 συγκείμενονξ
1252 5754 1281 5806 ὃ
1330 5755 1424 5838 καὶ
1469 5741 1630 5834 αὐτος
1676 5749 1762 5836 ξιξ)
1818 5749 2016 5838 πρώτῳ

438 5820 743 5897 ὁμωνύμως
797 5820 1009 5895 (l'ctav.
1042 5820 1402 5893 Ἧμὼιηίιος)
1453 5825 1511 5874 ὲν
1563 5823 1704 5893 ἀρχῇ
1743 5820 1875 5892 πρὸς
1926 5820 2016 5873 τὸν

2111 4721 2354 4778 γραπται
2398 4703 2524 4774 περὶ
2558 4701 2713 4772 ἐμοῦ.
2751 4720 2769 4753 ι
2814 4699 2926 4753 Νῦν
2968 4700 3024 4752 δέ
3058 4717 3188 4770 φησι
3221 4698 3397 4751 πάντα
3438 4697 3564 4768 μίαν
3594 4713 3691 4749 κε-

2113 4799 2332 4868 φαλίδα,
2381 4795 2458 4867 τῷ
2501 4791 3054 4863 ἀνακεφαλαιοῦσθαυ
3092 4791 3180 4844 τὸν
3227 4790 3356 4861 περὶ
3402 4788 3566 4843 αὑτοῦ
3610 4789 3688 4850 είς

2114 4889 2262 4959 ἡμᾶς
2289 4885 2580 4958 ἐληλυθότα
2607 4883 2764 4952 λόγον
2780 4881 2888 4943 ἐἰς
2917 4881 2996 4932 ἓν.
3040 4878 3104 4930 Τί
3147 4877 3240 4942 δέ;
3269 4876 3363 4930 καὶ
3391 4875 3450 4928 τὸ
3490 4873 3691 4944 βιϐλίον

2116 4978 2390 5054 ἑωρᾶσθαι
2415 4973 2801 5047 γεγραμμένον
2837 4972 2943 5026 ὑπὸ
2965 4971 3059 5025 τοῦ
3101 4969 3348 5024 Ἰωάννου
3381 4963 3692 5038 ἔμπροσθεν

974 5097 1018 5131 ⁸⁷
1052 5097 1189 5152 ibid.
1223 5111 1275 5164 ν,
1310 5096 1404 5152 39.
1477 5096 1525 5128 ⁸⁸
1550 5094 1696 5149 Psal.
1721 5109 1912 5159 nm,
1943 5093 1997 5150 8.
2073 5093 2120 5126 ⁸⁹
2160 5093 2329 5162 Apoc.
2354 5107 2407 5156 v,
2441 5091 2496 5157 l,
2530 5089 2584 5144 4.

2109 5187 2243 5241 Θεὸν
2274 5184 2511 5254 λέγεται.
2530 5182 2743 5254 Eadem
2769 5179 3077 5254 qttoque‘atl
3099 5192 3250 5254 oram
3274 5191 3385 5254 sua:
3416 5175 3687 5242 interpre-

2115 5248 2758 5311 tationisGettebrardus
2787 5248 3038 5304 exhibuit
3063 5248 3257 5302 Latine
3289 5249 3360 5299 ita
3383 5259 3643 5297 conversa
3672 5257 3690 5296 :

2118 5346 2136 5379 ι
2178 5326 2416 5382 Verbum
2448 5324 2537 5377 hic
2586 5321 2680 5375 Dei
2728 5321 3022 5375 essctttiale
3061 5333 3127 5372 ue
3165 5317 3440 5384 intelligas
3471 5317 3692 5381 (expers

2112 5399 2258 5451 enim
2319 5397 2554 5466 partium
2605 5402 2713 5466 est,
2763 5387 3264 5466 tauquatnUDeus),
3312 5383 3409 5466 sed
3452 5383 3687 5466 Yet-bunt

2113 5469 2257 5537 quod
2308 5455 2373 5520 de
2431 5465 2545 5534 ipso
2600 5461 2812 5537 ex_sisti_t
2859 5455 2889 5513 ο
2924 5459 3090 5512 variis
3143 5455 3690 5537 ουιιιυιιιῃιιιιῑυιιίιιιις

2123 5526 2505 5604 compositum,
2537 5533 2677 5601 quod
2718 5532 2885 5604 etiam
2932 5546 3054 5584 cunt
3087 5543 3298 5604 priore
3347 5527 3436 5604 illo
3468 5526 3685 5604 “Ulli-illc

2123 5594 2634 5724 εοιιιὶιιὶιιιίοιιιιεξίιι
2661 5601 2926 5672 principio
2958 5599 3098 5668 apud
3121 5594 3301 5651 'Detttn
3346 5594 3515 5650 fuisse
3549 5594 3683 5647 dici-

2127 5689 2228 5724 lttr.
2263 5693 2278 5723 ι
2333 5691 2383 5724 lt-

2127 5689 2228 5732 tur.
2263 5693 2278 5723 ι
2311 5689 2383 5732 to.

2197 5749 2308 5816 (59)
2368 5747 2442 5802 Τὰ
2482 5746 2614 5812 περὶ
2662 5741 2869 5816 αὐτοῦ.
2909 5737 3054 5816 flare
3106 5740 3299 5794 desunt
3361 5737 3414 5792 Ῑιι
3470 5735 3689 5806 vulgato

2128 5812 2434 5873 Philocultw
2465 5828 2638 5881 testu,
2670 5815 2763 5868 sed
2794 5812 3149 5868 restituuntur
3177 5828 3206 5864 e
3241 5826 3369 5864 mss.
