4020 6216
272 283 377 342 193

1373 279 1728 336 COMMENT.
1772 276 1839 331 ΙΝ
1877 275 2070 332 JOAN.
2109 277 2350 336 TOMUS
2390 277 2450 331 ll.

3435 275 3541 331 196

269 400 366 454 καὶ
420 399 666 464 ὄπισθεν,
727 399 822 452 καὶ
871 393 1434 468 κατεσφραγισμένον,
1489 395 1630 466 ὅπερ
1686 391 1860 454 οὐδεὶς

1977 393 2154 459 David,
2180 396 2271 464 qui
2304 394 2495 462 aperit,
2527 400 2575 447 et
2614 405 2773 446 nemo
2815 388 3067 454 claudet;
3097 388 3188 459 qui
3219 386 3458 454 claudit,
3491 396 3548 442 et

269 490 510 561 ἠδύνατο
529 490 860 559 ἀναγνῶναι,
887 488 984 542 καλ⁵
1011 487 1173 540 λῦσαι
1201 487 1301 548 τὰς
1329 487 1635 557 σφραγῖδας
1666 485 1856 547 αὑτοῦ,

267 589 320 642 εί
351 589 429 661 μὴ
452 592 482 643 ὁ
503 589 638 642 λέων
651 589 688 640 -ὁ
713 589 776 639 ὲκ
797 586 897 656 τῆς
920 583 1094 654 φυλῆς
1117 581 1212 636 τοῦ
1247 578 1440 643 Ἰούδα,
1469 581 1504 650 ἡ
1529 579 1655 651 ῥίζα
1675 576 1858 640 Δαυῖδ,

273 700 296 734 ε
319 684 350 736 δ
381 682 520 752 έχων
546 682 649 749 τὴν
673 680 822 732 κλεῖν
845 677 939 731 :06
964 675 1147 740 Δαυῒδ,
1173 673 1270 728 καὶ
1293 673 1548 741 ἀνοίγων,
1573 671 1668 726 καὶ⁸
1688 669 1862 732 οὐδεὶς

269 773 499 835 κλείσει,
520 773 614 826 καὶ
630 770 844 836 κλείων,
869 769 967 823 καὶ
983 766 1161 830 οὐδεὶς
1183 765 1384 830 ἀνοίξει
1404 783 1418 830 ;
1445 784 1464 816 ι
1501 765 1565 818 Ἦ
1581 762 1688 835 γὰρ
1711 763 1862 814 πᾶσα

270 867 465 938 Γραφή
489 868 636 918 ἐστιν
666 865 701 934 ἡ
729 861 1034 934 δηλουμένη
1066 859 1154 912 διὰ
1180 859 1280 929 τῆς
1312 857 1518 928 βίϐλου,
1549 853 1876 926 ἔμπροσθεν’

271 964 375 1029 μὲν
407 956 770 1029 γεγραμμένη
805 955 894 1008 διὰ
925 953 1023 1026 τὴν
1063 952 1353 1025 πρόχειρον
1394 949 1566 1020 αὐτῆς
1611 947 1878 1019 ἐκδοχὴν,-

269 1051 492 1105 δπισθεν
524 1049 580 1102 δὲ
611 1049 702 1102 διὰ
744 1047 844 1118 τὴν
881 1045 1367 1116 ἀνακεχωρηκυῖαν
1415 1041 1515 1095 καὶ
1559 1057 1862 1111 πνευματι-

269 1140 397 1208 κὴν.
443 1135 870 1208 Παρατηρητέον
908 1135 1046 1206 πρὸς
1101 1132 1333 1196 τούτοις,
1371 1134 1420 1186 εί
1460 1131 1685 1185 δύναται
1728 1131 1866 1183 ἁπο-

269 1230 544 1284 δεικτικδν
579 1228 670 1282 :06
709 1228 780 1281 τὰ
812 1228 944 1296 ἅγια
991 1227 1118 1297 μίαν
1145 1226 1438 1296 τυγχάνειν
1465 1223 1672 1294 βίϐλον,
1705 1222 1776 1276 τὰ
1807 1221 1866 1275 δὲ

271 1322 533 1387 ὲναντίως
572 1321 766 1393 ἔχοντα
805 1321 1028 1384 πολλὰς,
1079 1320 1141 1373 :0
1174 1321 1268 1373 ἐπὶ
1316 1318 1417 1389 μὲν
1449 1316 1558 1370 τῶν
1618 1315 1864 1381 ζώντων,

276 1415 407 1488 μίαν
433 1408 572 1467 εἶναι
608 1412 708 1484 τὴν
749 1411 950 1483 βίϐλον,
989 1412 1084 1481 ἀφ’
1115 1407 1185 1482 ἧς
1212 1409 1611 1480 ἀπαλείφονται
1658 1408 1708 1462 οί
1735 1409 1869 1462 ἀνά-

273 1504 380 1572 ξιοι
408 1503 580 1574 αὐτῆς
608 1502 967 1573 γεγενημένοι
995 1502 1130 1572 (50),
1163 1501 1240 1564 ὡς
1270 1501 1618 1572 γέγραπται·
1651 1519 1669 1553 t
1717 1503 1866 1567 Ἐξα-

274 1597 657 1669 λειφθήτωσαν
687 1597 754 1648 ἐκ
781 1593 965 1664 βίϐλου
1001 1594 1240 1658 ζώντων·
1279 1613 1298 1646 ι
1333 1595 1424 1648 ἐπὶ
1453 1594 1508 1648 δὲ
1541 1594 1648 1650 τῶν
1685 1595 1866 1666 κρίσει

276 1689 650 1758 ὑποκειμένων
695 1685 912 1757 βίϐλους
942 1684 1227 1756 φέρεσθαιο
1263 1687 1395 1756 φησὶ
1434 1685 1540 1757 γὰρ
1575 1689 1602 1740 ὁ
1640 1687 1860 1757 Δανιήλο

1965 503 2124 541 nemo
2159 488 2367 556 aperiet
2417 487 2462 519 ’°
2483 488 2534 542 ?r
2605 486 2870 540 Universa
2923 483 3068 537 enim
3119 481 3396 552 Scriptura
3431 480 3548 550 98

1962 587 2066 640 est,
2103 594 2224 646 quzc
2273 579 2412 632 libro
2465 576 2558 631 illo
2605 573 2989 646 signiﬁcatur:
3025 573 3266 628 anterius
3326 571 3545 641 quidem

1962 668 2190 736 scripta,
2223 678 2446 738 prepter
2471 667 2684 722 facilem
2720 666 2866 720 illius
2890 663 3325 733 expositionem;
3364 671 3547 730 poste-

1964 761 2076 816 rius
2110 776 2260 824 vero,
2286 770 2508 830 propter
2539 759 2907 820 remotiorem,
2934 767 2986 811 ct
3027 755 3117 825 qui
3145 771 3174 808 a
3207 755 3415 824 Spiritu
3441 763 3548 818 est,

1963 867 2205 906 sensmn.
2259 851 2670 908 Observandum
2725 859 2810 906 est
2865 858 3173 918 prmterea,
3231 847 3280 900 si
3326 854 3560 900 sanctos.

1964 945 2186 1000 codices
2213 961 2379 999 unum
2424 959 2546 998 esse
2575 943 2794 1006 librum,
2825 943 2918 1012 qui
2952 957 3080 996 vero
3121 940 3204 995 his
3251 938 3558 992 adversan-

1966 1046 2075 1100 tur,
2109 1038 2332 1098 multos,
2356 1035 2719 1090 demonstrari
2753 1043 2950 1105 potest,
2981 1046 3047 1087 eo
3083 1032 3227 1099 quod
3251 1031 3551 1094 viventium

1966 1143 2107 1181 unus
2139 1128 2210 1180 sit
2249 1127 2412 1191 liber,
2461 1141 2527 1180 ex
2580 1140 2693 1194 quo
2740 1123 2996 1177 delentur
3041 1123 3130 1189 qui
3183 1121 3381 1190 indigni
3430 1122 3552 1188 ip_;o

1967 1217 2100 1272 facti
2141 1229 2288 1284 sunt,
2322 1227 2380 1271 ut
2403 1218 2669 1286 scriptum
2697 1225 2780 1270 est
2810 1215 2854 1247 ⁹¹
2889 1231 2904 1268 :
2947 1233 2965 1264 ι
3000 1213 3290 1268 Deleantur
3317 1213 3384 1266 de
3413 1211 3552 1265 libro

1971 1311 2308 1375 viventium;
2347 1329 2366 1360 ›
2409 1308 2478 1364 de
2531 1309 2616 1362 his
2664 1321 2794 1362 vero
2826 1307 2916 1376 qui
2943 1306 3147 1373 judicio
3168 1303 3551 1371 suhjiciuntur,

1970 1417 2077 1458 non
2118 1403 2276 1465 liher,
2314 1401 2410 1456 sed
2445 1399 2564 1452 libri
2599 1398 2893 1464 dicuntur;
2940 1397 3017 1451 ait
3061 1397 3204 1456 enim
3237 1394 3420 1448 Daniel
3447 1395 3494 1426 "
3532 1411 3548 1450 :

1974 1513 1992 1546 ι
2029 1494 2298 1550 Judicittm
2342 1495 2609 1559 consedit,
2634 1503 2688 1548 et
2711 1491 2830 1546 libri
2875 1489 3048 1558 aperti
3085 1495 3234 1541 sunt.
3274 1509 3298 1533 ι
3344 1485 3554 1541 Uuitati

1967 1586 2131 1640 etiam
2189 1585 2354 1639 divini
2434 1584 2555 1638 libri
2627 1581 2993 1636 testimonium
3049 1579 3280 1633 ascribit
3334 1577 3550 1648 Moyses

1968 1677 2155 1730 dicens
2195 1677 2283 1730 πε
2318 1695 2336 1727 ι
2371 1675 2428 1730 Si
2469 1675 2688 1744 quidem
2727 1672 2960 1727 dimittis
3009 1669 3207 1740 populo
3240 1682 3552 1739 peccatum,

279 1789 310 1831 ιε
335 1756 638 1850 Κριτῆριον
672 1756 916 1837 ἐκάθισε,
951 1779 1045 1830 καὶ
1095 1776 1267 1847 βίϐλοι
1305 1756 1680 1849 ἠνεῴχθησαν.
1722 1799 1740 1830 ι
1774 1756 1866 1850 Τῷ

1977 1769 2225 1833 dimitte;
2280 1767 2328 1820 si
2359 1782 2468 1822 non
2501 1764 2796 1828 dimiseris,
2845 1763 2966 1818 dele
3007 1776 3092 1816 me
3137 1777 3203 1816 ex
3245 1762 3384 1816 libro
3435 1774 3555 1828 tuo,

274 1871 332 1924 δὲ
359 1869 522 1940 ἑνικῷ
563 1869 666 1940 τῆς
690 1867 844 1932 Θείας
875 1868 1058 1939 βίϐλου
1085 1869 1180 1922 καὶ⁹
1199 1867 1440 1937 Μωῡσῆς
1465 1872 1740 1940 μαρτυρεί
1767 1868 1862 1922 λέ-

278 1979 415 2032 γων·
457 1982 476 2014 ι
516 1963 580 2015 Εἰ
627 1963 726 2033 μὲν
756 1963 900 2032 ἀφῇς
923 1959 1001 2032 τῷ
1025 1959 1138 2030 λαῷ
1160 1959 1258 2030 τὴν
1283 1960 1581 2030 ἁμαρτίαν,
1612 1960 1749 2031 ἄφες
1775 1980 1788 1992 ·
1817 1963 1868 2014 εί

276 2055 333 2108 δὲ
355 2055 450 2126 μὴ,
477 2053 760 2123 ὲξάλειψόν
781 2070 846 2124 με
863 2053 926 2106 ὲκ
941 2051 1042 2122 τῆς
1062 2051 1268 2121 βίϐλου,
1289 2047 1357 2123 ἦς
1373 2050 1642 2123 ἔγραψας.
1668 2071 1686 2103 ι
1726 2053 1871 2121 Ἐγὼ

276 2146 463 2200 καὶτὸ
491 2147 641 2217 παρὰ
685 2143 762 2214 τῷ
803 2143 999 2214 Ἡσαΐᾳ
1043 2141 1218 2206 οὕτως
1251 2141 1603 2212 ὲκλαμϐἀνιο.
1653 2143 1726 2196 Οὐ
1761 2143 1871 2214 γὰρ

277 2237 412 2290 ἴδιον
451 2239 550 2308 τῆς
598 2236 786 2289 τούτου
836 2233 1178 2306 προφητείας
1206 2233 1268 2287 τὸ
1313 2229 1455 2286 εἷναι
1506 2235 1636 2298 τοὺς
1678 2234 1873 2303 λόγους

276 2329 374 2383 τοῦ
420 2328 624 2400 βιϐλίου
675 2327 1163 2399 έσφραγισμένους,
1206 2327 1342 2397 μήτε
1371 2325 1476 2378 ὑπὸ
1502 2325 1596 2379 :06
1630 2327 1705 2397 μὴ
1753 2328 1872 2379 έπι-

278 2423 548 2493 σταμένου
591 2420 898 2492 γράμματα
936 2417 1509 2488 ἀναγινωσκομένους,
1559 2416 1647 2470 διὰ
1689 2416 1754 2469 :0
1795 2416 1871 2488 μὴ

275 2514 477 2568 εἰδέναι
504 2512 668 2567 αὐτὸν
701 2512 1030 2584 γράμματα,
1065 2511 1202 2584 μήτε
1224 2509 1330 2562 ὑπὸ
1357 2507 1451 2563 τοῦ
1477 2507 1870 2579 ἐπισταμένου,

274 2605 369 2660 διὰ
386 2606 444 2658 :0
459 2604 826 2677 ἐσφραγίσθαι
842 2603 942 2675 τὴν
962 2601 1164 2673 βίϐλον.
1197 2599 1361 2653 Ἀλλὰ
1383 2598 1542 2654 τοῦτο
1573 2599 1666 2654 ἐπὶ
1691 2598 1874 2670 πάσης

276 2697 505 2769 Γραφῖκ
539 2697 865 2769 ἀληθεύεται
909 2696 1178 2768 δεομένης
1225 2695 1320 2750 τοῦ
1363 2695 1680 2759 κλείσαντος
1708 2695 1871 2764 λόγου

277 2790 606 2857 ἁνοίξοντος·
626 2783 778 2852 οὗτος
801 2787 910 2860 γὰρ
931 2807 950 2841 ι
969 2788 1174 2842 κλείσει
1195 2789 1288 2842 καί¹
1299 2788 1474 2852 οὐδεὶς
1492 2787 1712 2852 ἀνοίξει·
1740 2808 1758 2839 ι
1782 2790 1876 2843 καὶ

281 2882 424 2937 lnior
439 2883 622 2954 ἀνοίξῃ
643 2881 778 2953 (51),
803 2882 988 2936 οὐκέτι
1006 2883 1182 2945 οὐδεὶς
1204 2881 1436 2953 ἀπορίαν
1453 2881 1675 2935 δύναται
1697 2884 1762 2952 τῇ
1779 2881 1874 2934 ἀπ’

280 2971 449 3027 αὐτοῦ
497 2973 766 3044 σαφηνείᾳ
816 2975 1228 3044 προσενεγκεῖν.
1282 2972 1382 3026 Διὰ
1428 2973 1589 3026 τοῦτο
1635 2971 1872 3042 λέγεται,

281 3067 367 3119 ὃτι
403 3084 420 3116 ι
459 3064 681 3131 ἀνοίξει,
721 3065 818 3117 καὶ⁵
860 3064 1036 3126 οὐδεὶς
1064 3063 1288 3117 κλείσει.
1336 3082 1354 3114 ι
1389 3063 1462 3116 T0
1493 3061 1876 3136 παραπλήσιον
1903 3092 1945 3149 c

279 3157 343 3211 δὲ
375 3157 467 3210 καὶ
487 3157 598 3208 -ὲπὶ
626 3156 727 3227 τῆς
769 3154 1066 3226 εἰρημένης
1100 3154 1282 3225 βίϐλου
1315 3155 1468 3228 παρὰ
1493 3155 1570 3225 τῷ
1613 3153 1871 3226 Ἰεζεκιὴλ

284 3247 637 3318 ὲκλαμϐἁνω,
672 3249 729 3300 ὲν
843 3265 863 3298 ι
902 3247 1216 3319 ἐγέγραπτο
1266 3246 1485 3318 Θρῆνος,
1541 3246 1636 3298 καὶ
1687 3245 1904 3320 μέλοςη

267 3341 385 3394 «αἱ
408 3339 548 3393 οὐαί.
581 3357 599 3391 ι
626 3339 785 3392 Πᾶσα
815 3338 924 3411 γὰρ
952 3338 1130 3409 βίϐλος
1157 3338 1400 3411 περιέχει
1427 3338 1487 3392 :0
1511 3337 1619 3391 τῶν
1641 3338 1873 3392 ἀπολλυ-

290 3433 466 3503 μένων
497 3433 642 3496 οὐαὶ,
679 3431 858 3485 καὶτὸ
884 3433 1014 3504 περὶ
1043 3431 1152 3484 τῶν
1201 3431 1524 3502 σωζομένων
1566 3429 1744 3501 μέλος,
1779 3430 1874 3484 καὶ

221 3516 228 3525 ’
285 3525 380 3576 τὸν
544 3524 652 3577 τῶν
667 3524 872 3595 μεταξὺ
891 3517 1108 3596 θρῆνον.
1139 3525 1298 3579 Ἀλλὰ
1318 3525 1414 3578 καὶ
1437 3525 1465 3577 ὁ
1482 3523 1677 3578 ἐσθίων
1702 3523 1876 3576 Ἰωάν-

288 3627 391 3683 νης
423 3615 551 3686 μίαν
599 3615 882 3685 κεφαλίδα,
931 3619 990 3670 ὲν
1107 3617 1417 3688 γέγραπται
1449 3615 1522 3669 τὰ
1568 3615 1876 3687 ἔμπροσθεν

289 3707 389 3761 καὶ
412 3706 481 3760 τὰ
497 3706 739 3770 ὄπισθεν,
767 3709 864 3781 τὴν
888 3710 1067 3763 πᾶσαν
1088 3711 1312 3780 νενόηκε
1337 3709 1580 3780 Γραφὴν,
1603 3710 1677 3772 ὼς
1696 3709 1877 3779 βίϐλον

291 3798 430 3868 μίαν
458 3800 700 3872 ἡδίστην,
732 3801 874 3854 κατὰ
893 3800 994 3863 τὰς
1013 3802 1190 3874 ἀρχὰς
1218 3804 1540 3872 νοουμένην,
1562 3803 1649 3855 ὅτε
1681 3819 1765 3865 τις
1790 3801 1880 3855 αὑ-

290 3892 392 3962 τὴν
422 3895 680 3962 μασᾶται,
717 3893 918 3966 πικρὰν
951 3896 1008 3948 δὲ
1039 3897 1106 3965 τῇ
1149 3895 1379 3948 ἑκάστου
1423 3894 1532 3946 τῶν
1563 3893 1881 3960 ἐγνωκότων

292 3987 649 4058 συναισθήσει
665 3991 731 4059 τῇ
752 3990 879 4058 περὶ
892 3987 1084 4042 ἑαυτοῦ
1105 3986 1694 4058 ἀναφαινομένην.Ἔτι
1716 4001 1884 4055 προσ-

1967 1872 2130 1926 quem
2182 1854 2474 1924 scripsisti.
2507 1873 2526 1907 ι
2586 1854 2654 1908 Et
2709 1853 2838 1907 illud
2871 1853 3014 1923 apud
3046 1852 3242 1907 Isaiam
3269 1853 3351 1906 sic
3380 1853 3556 1907 inter-

1969 1959 2152 2019 pretor.
2187 1948 2255 2002 “.
2285 1945 2402 2003 Non
2438 1947 2584 2001 enim
2628 1946 2905 2014 proprium
2941 1954 3025 1999 est
3057 1943 3223 2013 hujus
3257 1944 3556 2014 pmphctia:

1973 2049 2030 2096 ut
2058 2041 2173 2095 sint
2209 2053 2494 2095 sermones
2530 2037 2652 2091 libri
2706 2036 2998 2104 obsignati,
3051 2046 3111 2090 et
3154 2050 3260 2090 non
3310 2035 3556 2104 legantur

1971 2131 2039 2183 ab
2069 2145 2136 2185 eo
2167 2129 2260 2196 qui
2322 2129 2500 2182 nescit
2548 2126 2786 2189 litteras,
2837 2127 2962 2194 quia
3014 2125 3060 2180 is
3097 2125 3267 2178 nescit
3320 2123 3555 2188 litteras,

1975 2235 2150 2290 neque
2180 2223 2248 2276 ab
2274 2236 2339 2276 eo
2370 2220 2462 2288 qui
2494 2220 2620 2282 scit,
2649 2219 2778 2288 quia
2800 2218 3116 2286 obsignatus
3143 2225 3228 2271 est
3249 2216 3404 2270 liber.
3445 2217 3558 2272 Sed

1975 2317 2027 2371 id
2068 2331 2256 2372 verum
2311 2326 2392 2370 est
2435 2314 2488 2367 in
2540 2313 2796 2368 universa
2836 2311 3146 2378 Scriptura,
3199 2324 3318 2378 qua:
3353 2309 3558 2376 indiget

1972 2409 2140 2464 verbo
2163 2407 2282 2472 Dei,
2308 2407 2453 2476 quod
2477 2404 2676 2460 clausit
2706 2413 2766 2458 ut
2790 2403 3034 2471 aperiat;
3068 2403 3171 2457 hoc
3194 2402 3337 2456 enim
3365 2419 3384 2453 ι
3416 2403 3562 2458 clauo

1973 2501 2084 2558 det.
2121 2509 2175 2554 et
2210 2515 2368 2554 nemo
2407 2497 2614 2568 aperiet
2641 2498 2688 2528 "
2719 2513 2736 2563 ;
2775 2513 2793 2546 ι
2831 2505 2888 2549 et
2917 2509 3038 2556 cum
3067 2493 3364 2563 aperuerit,
3399 2507 3559 2548 nemo

1974 2593 2168 2646 deinde
2194 2599 2372 2660 potest
2395 2591 2794 2645 dubitationem
2825 2587 2892 2642 ad
2943 2587 3115 2656 ipsius
3158 2584 3558 2654 expositionem

1974 2684 2190 2742 aﬂ‘erre.
2247 2683 2328 2740 Oh
2354 2698 2476 2737 eam
2507 2697 2620 2736 rem
2663 2683 2868 2737 dicitur
2900 2695 2914 2732 :
2951 2699 2969 2732 ι
3019 2679 3250 2748 aperiet,
3291 2686 3346 2732 et
3398 2691 3561 2733 nemo
3659 2732 3670 2744 ,

1975 2775 2278 2830 claudet".
2311 2794 2328 2825 ι
2375 2775 2568 2828 Simile
2597 2775 2727 2843 quid
2765 2777 2832 2828 de
2855 2772 2994 2826 libro
3033 2771 3124 2840 qui
3155 2781 3239 2826 est
3262 2771 3402 2838 apud
3427 2769 3560 2824 Eae.

1976 2865 2232 2928 ehielem,
2259 2864 2488 2934 accipio,
2516 2865 2568 2918 in
2599 2879 2708 2934 quo
2737 2881 2757 2916 ι
2789 2863 2998 2931 scripta
3039 2871 3162 2916 erat
3215 2861 3557 2922 lamentatio.

1975 2965 2028 3010 et
2061 2955 2378 3019 modulatio,
2406 2967 2462 3010 et
2485 2970 2562 3011 va:
2589 2955 2656 3006 ".
2691 2973 2710 3006 ι
2756 2952 2948 3010 Omnis
2976 2953 3122 3007 enim
3155 2951 3294 3006 liber
3317 2950 3562 3008 continet

1981 3062 2060 3102 va:
2088 3049 2154 3103 iis
2175 3047 2267 3116 qui
2298 3056 2546 3116 pereunt,
2588 3057 2644 3100 et
2681 3045 2959 3101 canticqu
2997 3043 3065 3098 de
3108 3042 3176 3098 iis
3204 3042 3296 3111 qui
3327 3055 3554 3096 servan-

1981 3152 2089 3205 tur,
2119 3141 2269 3197 etde
2299 3141 2368 3194 iis
2405 3138 2496 3207 qui
2531 3137 2840 3194 intermedii
2882 3146 3046 3204 sunt,
3091 3133 3556 3198 lamentationem.

1971 3234 2078 3289 Sed
2108 3231 2372 3299 Joannes,
2436 3229 2529 3300 qui
2579 3238 2746 3298 caput
2807 3242 2974 3282 unum
3032 3224 3370 3286 devoravit,
3409 3220 3563 3302 cujus

1957 3317 2270 3388 anteriora,
2301 3331 2356 3378 et
2388 3321 2687 3392 posteriora
2715 3317 3013 3389 perscripta
3045 3325 3204 3371 erant
3226 3315 3297 3383 ",
3319 3312 3565 3382 Scriptu-

1975 3433 2088 3473 ram
2113 3431 2328 3472 omnem
2353 3413 2624 3484 intelligit,
2651 3421 2711 3467 ut
2737 3412 2934 3467 librum
2963 3426 3124 3464 ttntuu
3151 3406 3560 3470 suavissimum,

1974 3509 2377 3579 quamprimum
2441 3505 2763 3576 percipitur,
2836 3517 2960 3556 cum
3027 3501 3150 3570 quis
3207 3484 3562 3553 eum'veluti

1980 3601 2210 3663 mandit,
2262 3595 2520 3652 acerbum
2575 3609 2710 3647 vero
2759 3591 3184 3656 uniuscujusque
3223 3603 3408 3640 eorum
3471 3583 3563 3650 qui

1977 3697 2338 3765 perceperunt
2395 3688 2582 3742 sensui
2641 3701 2704 3739 ac
2767 3683 3159 3740 conscientize.
3219 3693 3338 3745 qua:
3389 3677 3564 3742 ipsum

1980 3786 2182 3855 prodit.
2212 3783 2420 3836 Addam
2461 3789 2720 3849 praeterea
2759 3775 2826 3827 ad
2865 3772 2983 3840 ejus
3018 3772 3096 3824 rei
3135 3771 3566 3831 ﬁrmamentum,

1981 3878 2188 3932 dictum
2244 3871 2487 3940 Apostoli
2537 3883 2806 3937 nusquam
2853 3863 3192 3919 intellectum
3248 3861 3313 3914 ab
3363 3858 3432 3912 iis
3472 3856 3568 3927 qui

1984 3967 2312 4024 Marcionem
2375 3967 2752 4022 assectantur,
2805 3957 2897 4028 qui
2969 3955 3196 4025 proinde
3275 3947 3567 4019 Evangelia

289 4076 451 4143 θήσω
507 4079 586 4141 είς
623 4077 722 4149 τὴν
767 4078 958 4132 τούτου
1009 4076 1282 4142 ἀπόδειξιν
1323 4077 1484 4148 ῥητὸν
1530 4075 1876 4129 ἀποστολικὺν

1985 4065 2352 4130 aspernantur
2383 4063 2438 4108 et
2475 4051 2824 4122 improbant;
2857 4048 3000 4118 quod
3037 4047 3181 4100 enim
3225 4043 3300 4098 ait
3332 4045 3570 4113 Aposto-

299 4135 378 4240 μή
401 4135 726 4239 νενοημένον
749 4171 854 4224 ὑπὸ
873 4169 980 4224 τῶν
1003 4169 1099 4223 τοῦ
1127 4135 1473 4240 Μαρκίωνος,
1498 4168 1592 4221 καὶ
1617 4165 1704 4220 διὰ
1727 4165 1876 4219 τοῦτι

1987 4151 2070 4207 lus
2100 4151 2187 4205 9’:
2232 4166 2252 4200 ι
2281 4146 2590 4204 Secundum
2641 4141 2987 4212 Evangelium
3020 4153 3200 4193 meum
3242 4135 3294 4191 in
3343 4135 3566 4191 Christo

291 4228 634 4315 διϐέτούντων
668 4262 734 4316 τὰ
782 4261 1092 4330 Εὐαγγέλια
1127 4228 1265 4330 (523°
1315 4259 1377 4312 τὸ
1425 4228 1534 4329 γαρ
1579 4257 1670 4310 τὸν
1728 4255 1876 4310 Ἀπό-

1986 4246 2135 4308 Jcsu,
2166 4265 2186 4298 ι
2239 4257 2340 4297 nec
2387 4237 2519 4294 dicit
2553 4234 2870 4306 Evangelia,
2915 4233 2988 4288 illi
3041 4232 3168 4286 huic
3211 4232 3355 4285 dicto
3384 4228 3566 4283 immi-

291 4351 488 4406 ,στολον
515 4352 716 4419 λέγειν·
761 4371 780 4402 ι
810 4351 967 4405 Κατὰ
995 4353 1058 4406 τὸ
1082 4348 1416 4420 Εὐαγγέλιόν
1447 4366 1547 4420 μου
1573 4351 1632 4402 ὲν
1663 4346 1886 4420 Χριστῷ

1991 4347 2182 4393 nentes
2207 4344 2482 4398 asserunt,
2513 4345 2579 4387 eo
2613 4329 2756 4399 quod
2789 4342 2893 4381 nou
2927 4324 3078 4395 plura
3114 4323 3222 4379 sint
3247 4320 3566 4390 Evangelia,

309 4443 513 4514 Ἰησοῦ,
541 4403 685 4503 ικαὶ-
705 4443 781 4515 μὴ
803 4403 1379 4512 φάσκειννείναγγέλια,
1404 4403 1601 4496 ἐκεῖνοι
1629 4403 1876 4510 ἐφιστὰνί

1989 4427 2307 4499 Apostolum
2339 4439 2565 4480 numero
2591 4419 2817 4476 unitatis
2854 4403 3206 4486 Evangelium
3235 4412 3474 4474 dixisse;
3501 4409 3571 4463 ob

296 4551 392 4599 τες
421 4537 605 4604 φασὶν,
653 4535 752 4589 οὐκ
783 4535 850 4588 ἂν
897 4536 1156 4590 πλειόνων
1195 4535 1364 4588 ὄντων
1394 4533 1761 4602 Εὑαγγελίων,
1793 4531 1884 4584 τὸν

315 4623 637 4680 Ἀπόστολον
667 4625 861 4690 ἑνικῶς
897 4627 959 4679 τὸ
991 4625 1318 4695 Εὐαγγέλιον
1347 4624 1645 4696 εἰρηκέναι·
1672 4624 1734 4676 οὐ
1762 4639 1886 4675 συν-

303 4713 499 4778 ιέντες,
545 4715 625 4767 ὅτι
653 4715 729 4778 ὠς
761 4710 841 4780 εἷς
873 4719 1018 4772 ἐστιν
1064 4715 1122 4771 ὃν
1145 4715 1585 4784 εὐαγγελίζονται
1618 4712 1884 4774 πλείονες,

299 4805 479 4868 οὕτως
511 4805 568 4858 ἓν
597 4807 713 4859 ἐστι
743 4811 810 4880 τῇ
843 4807 1070 4877 δυνάμει
1099 4808 1158 4861 :0
1191 4807 1294 4860 ὑπὸ
1324 4805 1434 4858 τῶν
1469 4803 1680 4857 πολλῶν
1709 4804 1888 4870 Εὐαγ-

300 4897 484 4967 γέλιον
511 4899 1021 4970 ἀναγεγραμμένον·
1055 4899 1148 4952 καὶ
1170 4899 1232 4951 :0
1256 4897 1470 4968 ἀληθῶς
1496 4896 1583 4950 διὰ
1608 4897 1888 4965 τεσσάρων

299 4990 364 5044 ’ἐν
380 4992 528 5044 ἐστιν
547 4991 896 5060 Εὗαγγέλιον.
917 4993 980 5045 El
1001 4992 1180 5044 τοίνυν
1192 4990 1364 5044 ταῦτα
1390 4991 1574 5042 πεῖσαι
1603 4989 1751 5060 ἡμᾶς
1775 4987 1887 5055 (55)

304 5079 530 5136 δύναται
576 5083 629 5136 τί
673 5083 802 5135 ποτέ
835 5085 952 5136 ἐστι
977 5083 1036 5135 τὸ
1065 5082 1123 5136 ἓν
1153 5081 1378 5152 βιϐλίον,
1408 5079 1500 5132 καὶ
1527 5077 1580 5134 τί
1605 5078 1675 5131 τὰ
1698 5075 1888 5140 πολλὰ,

305 5172 404 5228 νῦν
436 5175 632 5247 μᾶλλον
676 5175 944 5246 φροντίζω
967 5175 1028 5228 οὐ
1069 5174 1157 5228 διὰ
1185 5175 1246 5228 τὸ
1292 5172 1495 5243 πλῆθος
1525 5171 1638 5224 τῶν
1682 5186 1892 5242 γραφο-

381 5313 429 5345 ⁹⁰
463 5316 629 5382 Apoc.
655 5329 737 5376 ιιι,
759 5313 811 5366 7.
888 5313 958 5382 7"
989 5310 1131 5364 Psal.
1157 5326 1342 5382 ωινιιι,
1371 5309 1462 5382 29.

1994 4521 2153 4590 idque
2214 4533 2320 4573 non
2377 4515 2740 4585 intelligentes
2781 4507 3232 4579 quemadmodum
3281 4517 3422 4556 unus
3463 4511 3570 4565 est,

1993 4629 2152 4682 quem
2185 4605 2370 4680 plures
2396 4609 2718 4679 pradicant,
2736 4607 2816 4659 sic
2842 4618 3008 4656 unum
3041 4613 3162 4655 esse
3185 4598 3405 4660 virtute,
3426 4593 3570 4662 quod

1993 4722 2024 4760 a
2061 4705 2246 4758 multis
2282 4701 2548 4769 scriptum
2579 4709 2664 4754 cst
2688 4695 3062 4764 Evangelium.
3107 4690 3175 4744 Et
3199 4701 3389 4741 revera
3429 4682 3572 4754 quod

1995 4773 2358 4866 perquatuor
2404 4777 2666 4859 scriptum
2717 4794 2834 4849 est,
2891 4781 3056 4836 unum
3087 4787 3169 4834 est
3196 4773 3570 4844 Evangelium.

1993 4862 2176 4954 Quare
2209 4884 2254 4938 si
2290 4881 2408 4936 haec
2435 4880 2592 4932 tidem
2638 4877 2822 4932 facere
2861 4873 3000 4940 apud
3037 4876 3410 4940 ttospossunt,
3443 4862 3574 4954 quid

1991 4953 2062 5033 sit
2085 4991 2226 5032 unus
2254 4974 2414 5037 liber,
2443 4981 2497 5025 et
2532 4969 2659 5040 quid
2697 4967 2870 5031 multi,
2902 4979 3045 5020 nunc
3071 4961 3244 5033 magis
3272 4973 3395 5013 sum
3422 4953 3574 5010 solli-

1995 5073 2160 5132 citus,
2205 5083 2309 5121 non
2343 5065 2560 5135 quidem
2618 5071 2841 5132 propter
2895 5057 3294 5114 multitudinem
3341 5050 3576 5118 scripto-

1991 5175 2135 5224 runt,
2162 5157 2274 5228 99
2305 5139 2648 5225 sed'propter
2677 5153 2782 5206 vim
2819 5149 3235 5208 intellecturum,
3273 5157 3340 5196 ne
3380 5139 3567 5195 forsan

1564 5307 1612 5336 ”
1641 5305 1776 5366 Cap.
1810 5318 1876 5354 vu

1977 5314 2080 5354 crs.
2115 5298 2204 5351 10.
2280 5291 2528 5366 νεκρά.
2565 5303 2742 5366 χχιι-ιι,
2777 5285 2869 5339 52.
2945 5280 2993 5314 ⁸⁸
3024 5279 3127 5334 lsa.
3166 5291 3317 5338 xxix,
3351 5273 3437 5336 Η,
3479 5268 3572 5326 12.

308 5385 356 5418 υ
381 5360 811 5446 ίυιξιῖνὲῖιιζέέζ
881 5381 926 5414 οι
962 5360 1130 5438 uitii."
1157 5360 1222 5413 ῖῖ
1248 5360 1533 5438 εὶὲειῗιίξιι,
1561 5377 1616 5431 9.
1691 5360 1739 5408 σέ
1774 5375 1876 5440 Apc

1977 5387 2025 5434 ι,
2054 5370 2110 5434 9,
2145 5368 2231 5424 10.
2304 5364 2351 5395 ⁹⁹
2385 5365 2538 5416 ltom.
2575 5375 2633 5422 tt,
2662 5360 2748 5411 16.

382 5499 496 5588 (ξο)
533 5494 951 5567 Temper-oc.
997 5493 1075 5548 Ita
1121 5493 1291 5548 codex
1323 5491 1618 5555 Thuanus;
1663 5487 1884 5556 Regius,

309 5587 610 5641 γενομενοι.

325 5714 336 5730 ,
547 5637 797 5706 Ἀνοίξῃ.
855 5636 930 5692 Ita
975 5649 1107 5690 mss.
1165 5633 1400 5687 Tarinus
1434 5646 1563 5686 vero
1604 5630 1659 5684 itt
1713 5637 1883 5692 textu,

353 5714 534 5766 νοιΞει.

312 5714 348 5766 ὰ
389 5767 504 5856 (εἷς.)
524 5779 914 5837 Ἀθετούι-’των
942 5775 1014 5831 τὰ
1035 5771 1392 5843 Εὺαγγέλια.
1413 5769 1526 5827 Non
1553 5769 1760 5834 omnia,
1793 5768 1888 5822 sed

1998 5481 2256 5542 Matlltati,
2278 5477 2444 5532 Marci
2477 5484 2530 5527 et
2555 5469 2800 5527 Joannis.
2829 5467 2986 5520 Luca:
3005 5474 3181 5542 autem
3219 5457 3573 5542 Evangelium

2390 5529 2628 5614 quidem,
2649 5543 2740 5593 sed
2770 5544 2928 5614 ita_ut
2958 5553 2984 5614 ιι
3017 5538 3281 5614 dictatore
3313 5547 3410 5584 suo
3438 5529 3576 5581 Mar-

1999 5625 2156 5676 ciouc
2191 5607 2574 5683 interpolatum
2605 5615 2800 5664 fuerat.
2827 5607 3159 5676 Epiphanius
3188 5607 3381 5658 lateres.
3436 5611 3570 5665 xui,

1999 5708 2100 5758 cap
2160 5688 2524 5758 9,rlO._iiut-:r
2552 5698 2635 5736 us.

2070 5739 2437 5834 ζεεῐἩμάςζ
2459 5757 2532 5808 Ita
2567 5767 2699 5807 mss.
2749 5747 2982 5803 Tarinus
3027 5750 3076 5801 in
3107 5754 3274 5809 textu,
3309 5739 3475 5810 ὑμᾶς.
