4020 6216
355 226 458 282 I91

1417 244 1774 301 COMMENT.
1819 247 1885 301 lN
1918 251 2110 306 εῐΟᾹΝ.
2149 254 2387 310 TOMITS
2425 258 2508 313 Vl.

3510 275 3611 330 I98

361 373 3598 446 ..____________________________

1561 585 2402 704 ΩΡΙΓΕΝΟΥΣ
2639 497 2641 499 ι

1018 788 1154 842 ΤΩΝ
1185 791 1294 843 ΕΙΣ
1320 792 1406 846 ΤΟ
1445 794 1628 846 ΚΑΤΑ
1665 796 1974 851 ΙΩΛΝΝΗΝ
2008 799 2435 855 ΕΥΑΓΓΕΛΙΟΝ
2472 805 2933 864 ΕΞΗιῚΙΤΙΚΩΝ.

1705 961 2090 1048 ΤΟΜΟΣ
2138 973 2235 1050 (τ’.

1625 1307 2304 1427 ORIGENIS

951 1524 1612 1582 COMMENTARIORUH
1655 1525 1722 1580 lN
1754 1526 2206 1586 EVANGELIUM
2245 1533 2618 1592 SECUNDUM
2653 1538 2967 1598 JOANNEM

1621 1697 2032 1790 TOMUS
2104 1705 2272 1791 Vl.

1294 1887 1782 1946 INTERPBETE
1808 1888 2188 1949 AHBROSIO
2222 1892 2624 1955 FERRARIO.

1895 2059 1956 2074 υ

781 2203 944 2276 ιοο
995 2204 1407 2262 ΠΡΟΟΙΜΙΟΝ.

383 2297 445 2353 1.
473 2297 628 2350 Πᾶσα
681 2295 780 2368 μὲν
824 2297 1004 2362 οἰκία,
1055 2295 1132 2359 ὡς
1164 2296 1243 2350 ἔνι
1289 2298 1525 2370 μάλιστα
1569 2301 1904 2376 στερρότατα

1911 2213 1961 2272 Α

2381 2209 2543 2281 ιοο
2569 2213 2951 2274 ΡιιΑερΑτιο.
3143 2296 3150 2304 Δ

2082 2302 2134 2356 Ι.
2159 2299 2353 2358 Omnis
2382 2306 2601 2372 quidem
2631 2309 2844 2374 domus,
2876 2325 3016 2379 quae,
3046 2299 3307 2381 quantum
3343 2313 3458 2370 ﬁeri
3487 2329 3585 2388 pos

299 2385 944 2459 κατασκευασθησομένη
967 2427 983 2452 ,
1030 2388 1088 2441 ὲν
1125 2387 1274 2460 εὑδίᾳ
1303 2389 1398 2443 καὶ
1441 2393 1674 2466 νηνεμίᾳ
1698 2379 1883 2454 οἰκοδο

2007 2403 2133 2460 test,
2174 2391 2484 2452 firmissime
2511 2401 2872 2454 construenda
2901 2411 3004 2468 est,
3037 2417 3228 2458 sereno
3261 2413 3505 2473 tempore
3527 2418 3582 2463 et

300 2480 514 2549 μεῖται,
550 2478 636 2531 ἶνα
672 2479 746 2551 μὴ
771 2477 1133 2550 ἐμποδίζηται
1175 2480 1274 2557 τήν
1311 2481 1534 2537 δέουσαν
1569 2485 1730 2557 πῆξιν
1763 2489 1899 2546 ἀνα-

2003 2487 2300 2556 tranquillo
2329 2489 2662 2556 aediﬁcatur;
2700 2504 2766 2544 ne
2798 2493 3123 2560 impediatur
3162 2494 3444 2550 decentem
3477 2513 3572 2552 re-

306 2569 498 2624 λαϐεῖν
523 2587 536 2600 ·
572 2569 723 2636 ὅπως
766 2569 988 2642 δύνηται
1029 2572 1124 2624 καὶ
1168 2573 1391 2646 τοιαύτη
1443 2577 1726 2644 γενέσθαι,
1756 2580 1883 2636 ὥστε

2001 2579 2180 2648 cipere
2208 2580 2592 2646 stabilitatem;
2647 2592 2705 2636 ut
2735 2583 2859 2638 talis
2890 2599 3012 2639 esse
3060 2588 3232 2655 possit
3260 2601 3379 2656 qua!
3409 2590 3578 2644 susti-

307 2662 597 2731 ὑπομεῖναι
626 2661 964 2734 πλημμύρας
977 2662 1172 2734 ὁρμὴν,
1198 2663 1293 2716 καὶ
1310 2664 1606 2738 πρόσρηξιν
1629 2670 1895 2742 ποταμοῦ,

306 2753 404 2808 καὶ
427 2754 528 2806 ὅσα
561 2753 722 2822 φιλεῖ,
757 2753 1026 2826 χειμῶνος
1059 2754 1453 2826 συμϐαίνοντος
1473 2797 1488 2824 ,
1522 2758 1765 2832 ἐλέγχειν
1796 2763 1896 2834 μὲν

298 2843 375 2898 τὰ
410 2842 586 2916 σαθρά
631 2845 741 2899 τῶν
772 2845 1258 2918 οἰκοδομημάτων,
1288 2847 1564 2905 δεικνύναι
1589 2851 1647 2904 δὲ
1691 2853 1761 2907 τά
1793 2853 1895 2924 τὴν

295 2937 514 2992 οἰκείαν
563 2938 765 3014 ἀρετήν
805 2939 1146 3011 ἀπειληφότα
1186 2941 1295 2995 τῶν
1330 2945 1888 3016 κατασκευασμάτων.

315 3029 642 3104 Ἐξαιρέτως
672 3031 732 3090 δὲ
769 3033 806 3103 ή
838 3029 946 3084 τῶν
965 3031 1066 3104 τῆς
1107 3031 1366 3104 ἀληθείας
1395 3033 1763 3106 θεωρημάτων
1806 3036 1892 3090 δε-

297 3121 490 3194 κτικὴ,
541 3121 732 3193 λογικὴ
765 3121 840 3185 ὡς
883 3121 942 3176 ὲν
974 3123 1276 3196 ἐπαγγελίᾳ
1311 3125 1344 3197 ἢ
1387 3125 1712 3198 γράμμασιν
1742 3128 1888 3181 οἰκο-

298 3211 478 3286 δομὴ,
511 3213 632 3266 τότε
666 3213 902 3285 μάλιστα
946 3215 1341 3287 οἰκοδομεῖται,
1378 3216 1558 3280 καλῶς
1590 3217 1891 3273 συνοικοδο-

276 3307 536 3376 ⁹μοῦντος
567 3307 645 3380 τῷ
677 3307 998 3382 προθεμένῳ
1032 3307 1093 3362 τδ
1138 3310 1359 3380 ἄριστον
1393 3309 1555 3364 τοῦτο
1583 3311 1742 3384 ἔργον
1769 3312 1890 3366 ἐπι-

297 3400 476 3454 τελεῖν
533 3399 628 3454 τοῦ
659 3399 818 3464 Θεοῦ,
868 3399 1010 3459 ἐπὰν
1072 3401 1375 3477 γαληνιάζῃ
1423 3406 1488 3476 τῇ
1545 3403 1884 3477 ύπερεχούσῃ

298 3493 479 3547 πάντα
498 3491 622 3548 νοῦν
655 3493 846 3567 εἰρήνῃ
875 3492 1130 3565 χρωμένη
1163 3495 1196 3566 ή
1227 3494 1394 3566 ψυχὴ,
1428 3495 1611 3566 πάσης
1639 3497 1886 3569 ταραχῆς

2000 2681 2124 2725 nent
2150 2670 2407 2739 impetum
2447 2674 2851 2741 extnniationis,
2891 2684 2944 2730 et
2974 2675 3274 2732 aliisionem
3305 2677 3452 2735 ﬂuvii
3474 2719 3492 2746 ,
3521 2687 3578 2736 et

1999 2773 2335 2830 quaecunque
2356 2761 2553 2828 solent,
2592 2762 2636 2816 si
2665 2764 2945 2834 contingat
2975 2774 3294 2835 tempestas,
3325 2783 3576 2838 quaenam

1995 2851 2222 2908 aediﬁcia
2252 2853 2464 2923 putrida
2495 2868 2562 2908 ac
2596 2853 2816 2918 debilia,
2855 2866 3016 2926 atque
3042 2872 3164 2928 quae
3196 2859 3350 2916 ﬁrma
3379 2871 3434 2917 et
3464 2871 3576 2917 sta-

1995 2943 2126 3000 bilia
2160 2945 2438 3017 propriam
2467 2945 2723 3000 virtutem
2755 2949 3081 3020 receperint,
3109 2950 3404 3008 declarare.
3429 2953 3576 3011 Prat-

1993 3036 2154 3106 cipue
2185 3051 2316 3094 vero
2347 3037 2637 3094 aediﬁcium
2671 3039 2898 3096 rationis
2925 3054 3169 3112 compos,
3200 3053 3462 3101 constans
3475 3047 3588 3102 vol-

1991 3127 2071 3184 uti
2120 3127 2174 3181 in
2202 3127 2584 3198 promissione,
2616 3137 2672 3183 et
2699 3129 2915 3198 litteris,
2936 3131 3450 3202 contemplationem
3479 3150 3574 3191 ve-

1992 3218 2170 3274 ritatis
2192 3233 2383 3290 capax,
2406 3219 2748 3290 potissimum
2770 3230 2880 3276 tum
2909 3221 3078 3293 probe
3099 3224 3402 3280 aediﬁcatur
3433 3227 3567 3300 (58),

1991 3305 2150 3379 [Deo,
2190 3324 2295 3362 una
2323 3325 2447 3365 cum
2472 3323 2557 3376 eo,
2586 3312 2678 3382 qui
2722 3313 2988 3381 optimum
3031 3315 3571 3382 praestantissimum-

1989 3412 2094 3468 que
2117 3399 2219 3455 hoc
2257 3413 2393 3471 opus
2419 3401 2676 3471 perﬁcere
2699 3403 3001 3467 constituit,
3027 3403 3330 3460 aediﬁcante
3349 3404 3395 3479 :]
3437 3421 3563 3463 cum

1989 3491 2168 3547 anima
2200 3507 2332 3562 pace
2360 3493 2449 3548 illa
2479 3509 2600 3564 quae
2626 3509 2842 3550 omnem
2891 3492 3301 3565 intelligentiam
3333 3511 3564 3568 superat

295 3585 727 3660 ἀλλοτριουμένη
748 3626 764 3652 ,
804 3585 899 3640 καὶ
943 3585 1196 3658 οὐδαμῶς
1254 3588 1662 3661 κυματουμένη.
1699 3587 1883 3642 Ταῦτα

1989 3596 2166 3651 utens,
2182 3600 2391 3641 summa
2416 3587 2808 3656 tranquillitate
2827 3587 3048 3657 potitur,
3075 3590 3144 3644 ab
3160 3589 3307 3644 omni
3334 3590 3566 3644 tumultu

291 3677 360 3749 δή
393 3695 482 3748 μοι
508 3677 754 3732 δοκοῦσιν
777 3677 1021 3752 ἀκριϐῶς
1051 3679 1510 3752 κατανενοηκότες
1542 3680 1592 3762 οἰ
1623 3678 1718 3733 τοῦ
1749 3697 1884 3752 προ-

297 3767 531 3840 φητικοῦ
561 3763 871 3842 πνεύματος
901 3769 1200 3840 ὑπηρέται,
1228 3770 1325 3822 καὶ
1372 3771 1422 3824 οἱ
1452 3769 1549 3824 τοῦ
1596 3771 1882 3840 εὐαγγελι-

173 3855 192 3879 ⁴
293 3857 397 3910 κοῦ
451 3858 807 3930 κηρύγματος
862 3859 1099 3913 διάκονοι
1139 3859 1320 3924 ἀξίους
1355 3861 1580 3925 ἑαυτοὺς
1623 3863 1884 3935 παρειλη-

291 3950 458 4020 φέναι
493 3951 589 4004 τοῦ
616 3951 799 4005 λαϐεῖν
834 3951 934 4023 τὴν
972 3953 1031 4006 ὲν
1075 3951 1305 4024 κρυπτῷ
1351 3953 1576 4026 εἰρήνην
1631 3953 1741 4007 ἀπὸ
1785 3954 1881 4008 τοῦ

291 4043 407 4096 αἰεὶ
429 4045 542 4107 τοῖς
559 4042 727 4107 ἀξίοις
751 4043 984 4107 διδόντος
1005 4042 1194 4115 αὐτὴν,
1215 4027 1312 4096 τοῦ
1331 4044 1611 4116 εἰρηκότος
1630 4061 1647 4077 ο
1679 4063 1696 4095 ‹
1717 4045 1884 4117 Εἰρή-

289 4149 400 4204 νην
431 4134 636 4206 ἀφίημι
662 4134 790 4204 ὑμῖν
809 4173 824 4198 ,
855 4135 1081 4207 εἰρήνην
1106 4133 1205 4206 τὴν
1230 4135 1368 4207 ἐμὴν
1398 4135 1589 4206 δίδωμι
1621 4135 1780 4207 ὑμῖν·
1817 4137 1878 4190 οὐ

289 4225 482 4289 καθὼς
510 4228 538 4279 ὁ
563 4227 765 4297 κόσμος
783 4226 994 4280 δίδωσιν
1013 4227 1257 4301 εἰρήνην,
1293 4227 1448 4296 κάγὼ
1467 4227 1657 4298 δίδωμι
1676 4227 1821 4300 ύμῖν.
1853 4247 1872 4280 ι

304 4317 708 4390 Ἐπισκόπησον
768 4318 836 4392 δὴ
892 4321 1105 4392 μήποτε
1168 4321 1409 4376 τοιοῦτόν
1474 4338 1526 4375 τι
1581 4321 1876 4378 αἰνίττεται

291 4410 426 4482 περὶ
455 4411 549 4465 τὸν
577 4408 740 4464 Δαυῒδ
776 4410 872 4465 καὶ
899 4411 1217 4483 Σολομῶντα
1251 4415 1284 4484 ή
1321 4413 1448 4485 περί⁵
1473 4411 1566 4466 τοῦ
1591 4414 1720 4469 ναοῦ
1745 4417 1878 4470 ἰστο-

293 4501 410 4574 ρία.
445 4500 606 4554 Δαυτδ
646 4502 743 4570 μὲν
770 4500 898 4572 γὰρ,
923 4501 1190 4574 πολέμους
1221 4503 1428 4573 Κυρίου
1464 4503 1748 4576 πολεμῶν,
1780 4505 1875 4559 καὶ¹

289 4593 433 4666 πρὸς
490 4592 742 4657 πλείονας
791 4593 1074 4664 ἱστάμενος
1124 4595 1351 4668 ἐχθροὺς
1394 4596 1590 4650 ἑαυτοῦ
1629 4598 1724 4652 καὶ
1777 4597 1872 4654 τοῦ

298 4684 544 4757 Ἰσραὴλ,
569 4683 740 4738 θέλων
767 4684 1116 4756 οἰκοδομῆσαι
1141 4687 1268 4740 ναὸν
1298 4686 1376 4757 τῷ
1403 4687 1521 4758 Θεῷ
1540 4726 1556 4751 ,
1591 4688 1697 4742 ὑπὸ
1735 4689 1872 4748 Θεοῦ

283 4775 382 4829 διὰ
400 4773 494 4828 τοῦ
513 4774 697 4829 Νάθαν
723 4773 1013 4839 κωλύεται,
1044 4773 1294 4843 λέγοντος
1323 4776 1457 4848 πρὸς
1481 4777 1673 4832 αὐτόν·
1711 4798 1730 4832 ι
1759 4781 1873 4834 υύκ

287 4866 664 4938 οἰκοδομήσεις
693 4883 782 4938 μοι
815 4863 960 4920 οἷκον
980 4905 995 4930 ,
1025 4866 1104 4920 ὄτι
1133 4867 1274 4940 ἀνὴρ
1303 4867 1551 4938 αἰμάτων
1592 4869 1676 4924 σύ.
1725 4889 1743 4922 ι
1771 4871 1871 4924 Σο-

1989 3677 2217 3732 liberata
2253 3689 2310 3734 et
2340 3679 2502 3734 nullis
2537 3681 2802 3734 undarum
2853 3681 3112 3750 procellis
3161 3682 3383 3752 agitata.
3439 3683 3564 3741 llaec

1988 3765 2155 3836 igitur
2176 3777 2432 3822 accurate
2456 3781 2578 3822 cum
2607 3771 3033 3838 perspexissent,
3052 3779 3107 3824 et
3128 3771 3426 3841 prophetici
3450 3775 3567 3846 spi-

1989 3857 2127 3910 ritus
2161 3856 2487 3925 interpretes
2514 3867 2570 3912 et
2602 3859 2928 3930 evangelica;
2956 3863 3357 3932 praedicationis
3395 3869 3562 3925 mini-

1988 3947 2086 4001 stri
2115 3987 2130 4014 ,
2173 3948 2306 4002 mihi
2335 3949 2588 4004 videntur
2633 3951 2842 4016 seipsos
2869 3953 3064 4023 dignos
3111 3956 3420 4014 exhibuisse
3466 3962 3561 4030 qui

1988 4038 2296 4109 acciperent
2332 4053 2518 4107 pacem
2561 4041 2880 4098 inleriorem
2911 4045 2978 4100 ab
3014 4060 3082 4100 eo
3109 4047 3204 4116 qui
3235 4063 3358 4104 eam
3380 4051 3560 4118 dignis

1985 4143 2200 4199 semper
2223 4130 2467 4197 exhibet,
2497 4133 2700 4202 quique
2727 4134 2862 4191 dixit
2885 4136 2996 4192 "'z
3039 4155 3059 4189 ι
3089 4136 3280 4194 Pacem
3310 4141 3558 4215 relinquo

1985 4221 2156 4288 vobis,
2193 4235 2376 4290 pacem
2409 4237 2583 4277 meum
2614 4223 2684 4278 do
2713 4224 2903 4280 vobis:
2959 4242 3063 4280 non
3093 4231 3362 4298 quomodo
3399 4248 3560 4286 mun-

1983 4313 2082 4366 dus
2109 4312 2199 4366 dat
2223 4327 2410 4386 pacem
2438 4352 2454 4380 ,
2491 4328 2594 4380 ego
2625 4314 2694 4367 do
2729 4315 2882 4370 vobis
2913 4331 3125 4386 pacem.
3159 4337 3179 4370 ›
3210 4318 3442 4376 Proinde
3470 4321 3557 4376 in-

1981 4405 2130 4475 Spice
2165 4421 2292 4459 num
2337 4408 2556 4474 quando
2598 4405 2703 4461 tale
2731 4408 2860 4478 quid
2901 4409 3096 4464 innuat
3141 4411 3362 4466 historia
3398 4413 3557 4470 Davi-

1981 4497 2064 4552 dis
2091 4506 2144 4552 et
2169 4497 2480 4552 Salomonis
2507 4497 2576 4552 de
2611 4500 2830 4568 templo.
2867 4499 3036 4556 David
3066 4501 3333 4571 siquidem
3368 4504 3554 4563 hostes

1983 4587 2196 4642 Domini
2232 4587 2535 4650 debellans,
2570 4597 2628 4642 et
2660 4597 2849 4644 contra
2898 4591 3080 4657 plures
3113 4592 3321 4645 instans
3351 4592 3432 4646 sui
3469 4595 3551 4664 ip-

1979 4679 2094 4734 sius
2140 4688 2194 4733 et
2220 4677 2436 4733 lsraelis
2465 4678 2736 4746 inimicos,
2769 4679 2954 4735 volens
2981 4680 3252 4738 aediﬁcare
3288 4683 3549 4754 templum

1981 4773 2114 4836 Deo,
2160 4787 2191 4826 a
2237 4773 2346 4826 Deo
2372 4786 2468 4840 per
2502 4771 2714 4825 Nathan
2744 4771 3065 4840 prohibetur
3095 4774 3344 4830 dicente:
3382 4793 3402 4826 ι
3430 4773 3548 4836 Νοη

1977 4862 2268 4918 mdiﬁcahis
2285 4861 2414 4915 mihi
2436 4863 2676 4925 domum,
2693 4861 2818 4934 quia
2838 4863 2922 4916 vir
2933 4865 3256 4934 sanguinum
3272 4881 3330 4920 es
3349 4875 3405 4921 tu
3419 4867 3508 4919 ’i':
3523 4885 3542 4920 ι

289 4955 474 5028 λομὼν
501 4956 558 5010 δὲ
583 4956 718 5030 δναρ
748 4957 840 5010 τὸν
882 4956 1014 5011 Θεὸν
1053 4955 1207 5021 ἰδὼν,
1254 4959 1349 5012 καὶ
1378 4958 1511 5031 ὄναρ
1544 4959 1644 5030 τὴν
1679 4961 1873 5030 σοφίαν

1987 4954 2232 5014 Salomon
2260 4961 2440 5009 autem
2465 4991 2480 5016 ,
2517 4951 2607 5022 qui
2646 4951 2817 5008 Deum
2864 4969 2961 5024 per
3010 4957 3281 5013 somnium
3319 4971 3550 5026 conspe-

288 5047 471 5101 λαϐὼν
490 5087 506 5112 ,
557 5048 827 5121 (ἐτηρεῖτο
857 5047 966 5121 γὰρ
1014 5047 1078 5102 τὸ
1107 5047 1258 5122 ὕπαρ
1286 5049 1366 5121 τῷ
1390 5049 1628 5120 λέγοντιο
1666 5070 1686 5103 ι
1737 5051 1868 5106 ’ἰδοὺ

287 5141 477 5196 τλεῖον
511 5142 855 5213 Σολομῶντος
879 5135 981 5196 ὦδε
1001 5158 1014 5171 ·
1030 5145 1078 5215 ι)
1102 5145 1160 5198 ὲν
1188 5145 1460 5220 βαθυτάτῃ
1483 5145 1772 5218 γενόμενος
1800 5149 1870 5202 εἰ·

1978 5047 2166 5112 xit’“,
2187 5045 2567 5119 quiqttepiiam
2587 5045 2902 5116 sapientiam
2921 5063 3018 5117 per
3031 5050 3299 5105 somnium
3326 5051 3546 5119 cepit"'

1976 5141 2322 5212 (servabatur
2348 5113 2492 5195 enim
2525 5153 2709 5194 revera
2739 5140 2971 5194 dicenti:
3025 5157 3043 5192 ι
3071 5139 3212 5196 Ecce
3239 5142 3359 5212 plus
3385 5157 3544 5211 quam

293 5233 456 5305 ρήνῃ,
495 5232 572 5296 ὼς
611 5233 984 5288 ἀναπαύεσθαι
1027 5235 1147 5288 τότε
1187 5235 1416 5291 ἕκαστον
1464 5235 1721 5292 ὑποκάτω
1767 5239 1866 5310 τῆς

1987 5233 2227 5289 Salomon
2252 5232 2352 5288 hoc
2379 5231 2430 5286 in
2458 5231 2576 5287 loco
2600 5231 2620 5264 ⁸
2645 5229 2690 5303 ι)
2718 5231 2770 5284 in
2816 5230 3076 5286 altissima
3097 5247 3232 5306 pace
3254 5235 3541 5300 exsistens,

291 5324 540 5394 ἀμπέλου
564 5325 730 5380 αὐτοῦ
749 5364 764 5391 ,
792 5325 887 5380 καὶ
914 5326 1172 5382 ὑποκάτω
1201 5327 1302 5399 τῆς
1333 5328 1509 5400 συκῆς
1539 5327 1703 5383 αὑτοῦ
1721 5369 1738 5395 ,
1771 5332 1867 5386 καὶ

1987 5340 2050 5384 ιιι
2075 5337 2134 5382 ut
2159 5325 2531 5395 unusquisque
2565 5323 2666 5380 sub
2694 5337 2790 5379 sua
2821 5322 2951 5390 vite,
2979 5333 3036 5378 et
3059 5325 3159 5380 sub
3193 5340 3288 5382 sua
3321 5325 3422 5380 ﬁcu
3459 5341 3546 5381 re.

357 5469 431 5500 “‘
456 5466 614 5522 Joan.
639 5481 750 5528 xw,
768 5467 860 5526 27.

289 5537 392 5606 te;
423 5537 556 5593 Luc.
591 5552 668 5602 ιι,
700 5538 790 5593 δι.

957 5468 1027 5501 ιτ·
1055 5466 1074 5522 ι
1101 5466 1282 5524 para].
1318 5483 1456 5536 χχιι,
1486 5468 1542 5536 8,
1573 5469 1639 5538 9;
1674 5485 1870 5540 xxvnn,

2059 5463 2531 5531 "'llParal.t,7.
2605 5463 2675 5496 νο·
2708 5461 2838 5519 ibid.
2877 5460 2964 5531 to,
2994 5460 3078 5518 ιε.
3171 5459 3540 5529 inanium.

363 5675 476 5749 (58)
508 5641 692 5732 liaeca
721 5675 976 5732 Ferrario
1005 5672 1398 5747 praetermissa,
1428 5688 1496 5731 ex
1533 5674 1984 5746 interpretatione
2010 5673 2244 5732 Perionii
2272 5671 2661 5746 supplevimus.
3191 5699 3236 5725 ~.-.
3258 5699 3295 5738 ι,
