4020 6216
225 343 329 400 2le

1327 339 1683 398 COMMENT.
1728 338 1795 395 IN
1836 336 2027 394 JOA‘N.
2065 336 2304 394 TOMUS
2345 337 2434 394 V'l.

3392 348 3498 400 ‘20‘3

227 479 321 530 φοι
352 461 429 534 μὴ
452 462 718 534 παρόντες
744 461 834 515 τοῦ
863 460 1080 532 ἔχεσθαι
1104 459 1211 514 τῶν
1237 457 1660 528 ὑπαγορεύσεων
1681 457 1813 511 ἐκώ-

1922 471 2054 521 sem,
2091 455 2248 525 102
2275 455 2534 509 mandare
2567 453 2783 509 litteris.
2816 454 2969 510 Nunc
2997 472 3125 513 vero
3153 461 3370 527 quando
3399 467 3498 515 ad-

227 553 382 608 λυον.
417 553 534 607 Νῦν
562 555 607 607 δ’
631 555 716 606 ὅτε
760 553 827 607 τὰ
858 553 977 606 καθ’
1011 551 1170 624 ἡμῶν
1203 550 1578 623 πεπυρωμένα
1623 549 1810 613 πολλὰ,

229 644 554 709 σὸεννύντος
587 644 718 698 Θεοῦ
742 645 910 716 ,βέλη
955 643 1294 715 ᾕμϐλυνται,
1345 644 1438 697 καὶ
1481 642 1816 696 ὲνεθισθεϊσα

229 735 390 808 ἡμῶν
417 738 451 808 ἡ
483 735 628 807 ψυχὴ
658 739 768 800 τοῖς
810 734 1182 806 συμϐεϐηκόσι
1223 735 1311 788 διά
1334 735 1427 789 τὸν
1453 736 1701 808 οὑράνιον
1725 735 1815 788 λό-

226 843 325 895 γον
348 868 363 893 ,
399 827 582 898 φέρειν
615 828 740 896 ῥᾷον
768 825 1014 896 βιάζεται
1045 825 1144 890 τὰς
1182 825 1556 896 γεγενημένας
1593 826 1814 878 ἐπιϐου-

226 916 328 983 λὰς
346 958 363 982 ,
410 918 650 989 ὡσπερεὶ
678 917 855 988 ποσῆς
883 919 1066 984 εὐδίας
1093 918 1413 990 λαϐόμενοι,
1445 918 1628 971 οὑκέτι
1653 919 1818 988 ὑπερ-

225 1010 500 1081 τιθέμενοι
529 1011 892 1082 ὑπαγορεύειν
923 1013 993 1065 te
1023 1010 1290 1065 ἀκόλουθα
1320 1009 1620 1080 βουλόμεθα
1639 1049 1653 1072 ,
1683 1009 1816 1062 Θεὸν

230 1103 550 1158 διδάσκαλον
578 1103 896 1176 ὑπηχοῦντα
929 1106 986 1157 ὲν
1033 1103 1110 1174 τῷ
1140 1103 1316 1173 ἀδύτῳ
1337 1104 1436 1174 τῆς
1463 1102 1642 1173 ψυχῆς
1662 1102 1816 1171 ἡμῶν

233 1195 488 1264 παρεῖναι
509 1194 828 1265 εὐχόμενοι,
855 1195 941 1248 ἵνα
983 1195 1132 1260 τέλος
1155 1193 1296 1268 λάϐῃ
1330 1197 1363 1264 ἡ
1399 1194 1500 1263 τῆς
1533 1193 1673 1246 κατὰ
1707 1193 1819 1244 Ἰω-

231 1285 398 1353 άννην
416 1286 723 1358 διηγήσεως
750 1286 841 1340 τοῦ
872 1286 1200 1356 Εὑαγγελίου
1229 1287 1508 1358 οἰκοδομή.
1538 1285 1753 1338 Γένοιτο
1774 1283 1818 1336 δ’

231 1381 261 1431 6
292 1378 426 1441 Θεὸς
459 1379 695 1449 ἐπήκοος
735 1379 888 1450 ἡμῶν
919 1382 985 1452 τῇ
1019 1381 1175 1450 εὐχῇ,
1199 1382 1279 1442 εἰς
1309 1379 1372 1432 τὸ
1405 1376 1639 1446 συνάψαι
1663 1376 1822 1447 δυνη-

228 1469 388 1540 θῆναι
418 1470 479 1522 τὸ
510 1469 666 1540 σῶμα
687 1468 780 1522 τοῦ
802 1470 924 1524 ὅλου
953 1469 1112 1540 λόγου
1134 1511 1148 1534 ,
1183 1470 1380 1540 μηκέτι
1414 1465 1819 1538 μεσολαϐούσης

229 1561 624 1634 περιστάσεως,
647 1561 1018 1633 διακοπῆνιτοῦ
1033 1560 1228 1633 είρμοῦ
1245 1561 1346 1629 τῆς
1367 1558 1585 1630 γραφῆς
1629 1555 1818 1609 ὁποίαν

227 1652 427 1725 δήποτε
465 1653 862 1726 ένεργήσασθαι
907 1653 1238 1723 δυναμένης.
1286 1650 1424 1704 ’Ἰσθι
1459 1649 1546 1712 δὲ,
1586 1649 1667 1701 ὅτι
1708 1646 1819 1702 ἀπὺ

230 1745 431 1816 πολλῆς
461 1745 767 1816 προθυμίας
799 1746 1062 1816 δευτέραν
1101 1745 1306 1814 ταύτην
1337 1743 1508 1816 ἀρχὴν
1554 1739 1814 1811 ποιοῦμαι

1920 563 2132 601 versum
2171 563 2270 601 nos
2303 548 2484 617 ignita:
2525 549 2738 618 sagitta:
2772 549 2956 604 ιιιιιιιιυ
2988 566 3138 605 vamc
3163 552 3385 609 fuerunt
3419 555 3502 609 l'a-

1917 648 2039 703 σιω,
2075 637 2182 692 Deo
2235 638 2354 693 illas
2397 641 2796 708 exstinguente.
2833 651 2884 693 et
2921 653 3138 696 assueta
3175 646 3353 699 anima
3403 665 3500 700 no-

1917 743 2030 782 Stra
2079 731 2159 783 his
2195 747 2318 800 quae
2356 732 2595 785 caelestis
2645 734 2911 787 sermoais
2941 750 3107 788 causa
3149 739 3500 809 contingunt,

1919 821 2064 876 ferre
2099 822 2315 890 cogitur
2341 822 2555 877 facilius
2587 823 2756 876 factas
2787 824 3031 888 insidias,
3069 829 3230 881 veluti
3255 829 3506 898 aliquan-

1919 921 2030 965 tum
2075 912 2389 966 serenitatis
2422 915 2604 976 nacti,
2644 931 2748 966 non
2798 915 3033 985 amplius
3067 916 3384 974 differentes
3419 922 3505 975 di-

1917 1011 2069 1058 ctare
2100 1003 2345 1059 volumus
2393 1019 2515 1074 qua:
2567 1015 2794 1070 restant,
2851 1006 3015 1062 Deum
3069 1010 3390 1082 magistrum
3452 1015 3504 1067 in

1918 1094 2114 1147 anima:
2157 1105 2355 1150 nostrm
2387 1097 2551 1166 adyto
2605 1099 2867 1166 penetrali
2923 1100 3264 1158 insonantem
3315 1106 3508 1161 adesse

1920 1194 2228 1253 precantes,
2263 1195 2319 1240 ut
2355 1188 2514 1241 tinem
2547 1188 2783 1256 accipiat
2829 1201 3103 1246 struetura
3139 1199 3508 1252 enarratiOni.

1922 1273 2197 1344 Evangelii
2231 1278 2531 1331 secundum
2558 1277 2848 1336 Joannem.
2875 1284 3056 1351 Atque
3088 1286 3296 1340 utinam
3326 1289 3510 1343 audiat

1922 1363 2066 1419 Deus
2097 1382 2288 1434 preces
2332 1379 2574 1432 nostras,
2628 1382 2684 1422 ut
2721 1387 2924 1441 corpus
2958 1377 3122 1430 totius
3165 1381 3345 1448 aperis
3377 1399 3510 1436 ron-

1914 1454 2153 1525 jungcre
2201 1460 2494 1528 possimus,
2525 1477 2625 1516 nec
2665 1466 2772 1516 ulla
2819 1467 3048 1532 posmac
3093 1473 3391 1528 necessitas
3423 1476 3508 1528 in—

1921 1550 2171 1618 tercipiat
2204 1563 2372 1621 atque
2406 1554 2773 1623 interrumpat
2808 1558 3108 1627 Scriptura:
3140 1564 3359 1618 seriem.
3388 1564 3508 1620 Cae—

1922 1648 2093 1693 terum
2122 1642 2263 1696 Scias
2287 1658 2356 1697 ex
2381 1645 2546 1697 multa
2579 1663 2676 1700 nos
2699 1651 3126 1719 promptitudinc
3151 1653 3512 1730 initium.st'3-

1921 1733 1956 1785 ti
1991 1734 2118 1788 tomi
2157 1736 2333 1790 denuo
2377 1737 2580 1804 facere,
2625 1755 2690 1794 eo
2722 1744 2861 1810 quod
2895 1760 3013 1812 qua:
3052 1757 3210 1799 antea
3244 1748 3511 1819 interpre-

228 1837 389 1891 ἕκτου
420 1837 587 1908 τόμου
609 1877 624 1900 ,
656 1837 746 1890 διὰ
786 1836 847 1890 τὸ
875 1837 945 1889 τὰ
966 1835 1513 1909 προῦπαγορευθέντα
1543 1831 1649 1902 (66)
1683 1833 1815 1903 ἡμῖν

1922 1827 2016 1880 lati
2047 1825 2326 1882 fueramus
2362 1829 2727 1895 Alexandria},
2763 1834 2946 1888 nescio
2983 1851 3090 1905 quo
3127 1851 3284 1906 pacto
3321 1843 3510 1897 uobis-

230 1931 290 1982 ὲν
330 1930 396 1998 τῇ
459 1926 841 2000 Ἀλεξανδρείᾳ
886 1930 984 1982 οὑκ
1011 1924 1106 1982 οἷδ’
1134 1925 1369 1995 ὅπωςμή
1382 1925 1770 1996 ἐκκεκομίσθαι
1796 1941 1810 1956 ·

228 2020 437 2091 βέλτιον
469 2020 583 2092 γὰρ
613 2021 931 2092 ἡγησάμην,
967 2021 1106 2092 ὑπὲρ
1133 2018 1228 2074 τοῦ
1267 2023 1342 2092 μὴ
1377 2016 1677 2090 ἀπράκτως
1725 2033 1814 2087 μοι

224 2111 379 2166 τοῦδε
411 2112 509 2166 τοῦ
543 2111 709 2184 ἔργου
757 2111 1046 2183 παρελθεῖν
1067 2152 1082 2176 ,
1132 2111 1226 2165 κα)⁹
1269 2109 1457 2165 τοῦτον
1499 2109 1593 2163 τδν
1623 2109 1816 2181 χρόνον

223 2203 326 2275 ἢδη
356 2203 468 2256 τῶν
501 2204 705 2257 λοιπῶν
729 2205 1030 2276 ἄρξασθαι,
1062 2205 1156 2258 καὶ
1189 2203 1263 2276 μὴ
1285 2245 1300 2269 ,
1351 2206 1470 2276 μετ’
1517 2203 1702 2274 ἀδήλῳ
1737 2201 1816 2272 τῷ

221 2296 620 2369 εὑρεθήσεσθαι
646 2298 713 2351 τὰ
745 2297 1302 2370 προῦπαγορευθέντα
1335 2299 1470 2368 ἡμῖν
1503 2295 1811 2366 ἀναμένων,

222 2387 417 2460 κέρδος
444 2389 544 2444 οὑκ
574 2390 752 2459 ὀλίγον
791 2389 1056 2446 ἀπολέσαι
1094 2390 1158 2444 τὸ
1184 2391 1291 2444 τῶν
1327 2388 1529 2462 μεταξὺ
1564 2385 1812 2460 ἡμερῶν.

222 2481 336 2534 Καὶ
362 2481 534 2536 ταῦτα
585 2483 682 2553 μὲν
724 2483 1012 2556 αὐτάρκως
1039 2483 1151 2556 (67)
1195 2479 1646 2554 πεπροοιμιάσθω
1667 2497 1681 2510 ο
1711 2480 1812 2551 ἠδη

223 2573 280 2628 δὲ
303 2574 399 2629 καὶ
421 2574 522 2646 τῆς
549 2573 748 2642 λέξεως
774 2575 1051 2647 ὲχώμεοα.

1919 1933 2040 1970 cum
2093 1916 2250 1971 allata
2281 1934 2385 1972 non
2428 1919 2670 1976 fuerunt.
2701 1921 2891 1978 Melius
2921 1927 3065 1980 enim
3093 1938 3243 1985 ratus
3270 1947 3412 1993 sum,
3444 1952 3512 1990 ne

1920 2008 2137 2064 interim
2180 2011 2346 2066 etiam
2380 2012 2484 2066 hoc
2513 2027 2652 2081 opus
2685 2030 2810 2069 cum
2853 2017 3065 2088 ignavia
3120 2023 3510 2082 intermittere-

1922 2109 2028 2165 tur,
2077 2117 2199 2170 qua:
2247 2103 2528 2157 restabant
2573 2109 2864 2175 praseqni,
2898 2126 3062 2178 quam
3110 2113 3236 2166 dum
3271 2117 3513 2172 incertus

1921 2210 2040 2248 sum
2077 2196 2389 2250 inveniendi
2421 2213 2540 2266 qua:
2573 2198 2916 2269 interpretati
2967 2204 3270 2272 fueramps,
3319 2224 3510 2280 exspe-

1923 2299 2102 2344 ctare:
2138 2290 2241 2345 hoc
2288 2291 2507 2346 interim
2546 2301 2815 2363 tempore,
2847 2298 2989 2365 quod
3025 2298 3162 2353 lucri
3199 2317 3307 2355 non
3343 2320 3510 2373 panni

1921 2392 2007 2436 est
2050 2383 2312 2448 accessio,
2343 2389 2624 2453 pereunte.
2663 2389 2728 2442 Et
2765 2389 2883 2445 [nec
2919 2393 3166 2460 prooemii
3209 2392 3328 2450 loco
3377 2399 3514 2453 satis

1924 2482 2120 2541 sunto;
2159 2477 2306 2530 nimc
2331 2476 2438 2546 iam
2474 2487 2790 2533 contextum
2825 2498 3142 2554 sequamur.

1600 2669 1830 2741 Explicit
1867 2663 2147 2733 Pra’fatio.

296 2767 354 2824 2.
417 2788 435 2820 ι
473 2771 581 2823 Καὶ
607 2769 745 2842 αῦτη
778 2772 927 2824 ἐστὶν
972 2773 1005 2843 ἡ
1035 2771 1310 2846 μαρτυρία
1343 2769 1438 2825 τοῦ
1485 2769 1755 2824 Ἰωάννου.
1793 2787 1813 2820 ι

228 2859 467 2931 Δευτέρα
506 2859 646 2932 αὕτη
692 2861 1161 2934 ἀναγεγραμμένη
1206 2861 1454 2916 Ἰωάννου
1491 2858 1583 2914 τοῦ
1615 2859 1819 2914 Barm-

230 2948 354 3004 στοῦ
391 2953 521 3023 περὶ
547 2953 786 3026 Χριστοῦ
819 2956 1115 3028 μαρτυρία,
1145 2953 1247 3025 τῆς
1275 2953 1549 3026 προτέρας
1581 2952 1818 3026 ἀρξαμέ-

224 3059 326 3114 νης
351 3044 462 3097 ἀπὸ
484 3044 600 3110 τοῦ,
635 3065 652 3098 ι
693 3039 862 3110 Οὗτος
892 3043 960 3118 ἦν
986 3048 1046 3102 δν
1069 3043 1241 3112 εἶπον,
1268 3049 1296 3100 6
1322 3046 1498 3100 ὀπίσω
1529 3063 1630 3116 μου
1665 3045 1817 3120 ἐρχό-

228 3151 390 3206 μενος
412 3177 427 3200 ,
463 3155 479 3185 ι
515 3137 610 3191 καὶ
639 3137 913 3209 ληγούσης
947 3140 1028 3202 εἰς
1056 3138 1118 3191 τό
1143 3155 1155 3168 ο
1194 3157 1212 3189 ι
1258 3138 1317 3191 '0
1339 3135 1650 3207 Μονογενὴς
1689 3133 1818 3200 Υἱὸς

223 3225 322 3279 τοῦ
346 3226 504 3292 Θεοῦ,
535 3230 564 3281 6
593 3227 668 3282 ὢν
692 3228 802 3300 (68)
828 3231 908 3294 εἰς
937 3229 1028 3283 τὸν
1054 3228 1254 3283 κόλπον
1282 3227 1382 3282 τοῦ
1411 3227 1643 3300 Πατρδς,
1680 3230 1820 3282 ἐκεῖ·

223 3333 317 3379 νος
352 3315 682 3390 ἐξηγήσατο.
728 3339 746 3372 ι
805 3321 920 3390 Οὑχ
971 3319 1138 3388 ὑγιῶς
1171 3319 1228 3374 δὲ
1264 3320 1293 3372 6
1332 3308 1648 3391 ’Πρακλέων
1681 3319 1817 3371 ὑπο-

226 3407 519 3479 λαμϐάνει,
561 3431 579 3461 ι
610 3412 799 3475 Οὐδεὶς
825 3412 916 3466 τὸν
951 3413 1082 3466 Θεὸν
1113 3412 1358 3483 ἑώρακεν
1392 3411 1633 3474 πώποτε,
1665 3432 1682 3462 ι
1725 3412 1818 3465 καὶ

223 3500 298 3554 τὰ
325 3502 454 3574 ἑξῆς
487 3502 710 3571 φάσκων
736 3505 988 3576 εἰρῆσθαι
1020 3507 1121 3560 οὑκ
1148 3508 1257 3560 ἀπὸ
1281 3507 1374 3561 τοῦ
1409 3504 1653 3578 μαθητοῦ
1679 3504 1813 3575 (69),

222 3591 342 3645 ἀλλ’
374 3593 482 3647 ἀπὸ
511 3594 605 3647 τοῦ
645 3595 952 3650 Βαπτιστοῦ
981 3599 1113 3669 (70).
1141 3600 1202 3652 Εἰ
1233 3599 1342 3670 γὰρ
1381 3601 1473 3653 καὶ
1507 3601 1626 3653 κατ’
1656 3600 1816 3652 αὑτὸν

223 3683 308 3747 τὸ,
352 3705 370 3737 ι
395 3686 490 3740 Ἐκ
518 3686 610 3740 τοῦ
641 3688 1003 3762 πληρώματος
1029 3691 1194 3745 αὑτοῦ
1225 3695 1386 3764 ἡμεῖς
1411 3693 1611 3756 πάντες
1631 3692 1817 3746 ἐλάϐο-

227 3793 328 3846 μεν
349 3817 366 3840 ,
410 3779 504 3832 καὶ
542 3780 701 3852 χάριν
733 3783 854 3836 ἀντὶ
903 3786 1124 3855 χάριτος
1144 3826 1158 3846 ,
1209 3786 1291 3838 ὅτι
1323 3787 1352 3838 6
1384 3787 1546 3856 νόμος
1577 3784 1664 3838 διὰ
1688 3787 1817 3838 Mm-

227 3867 370 3930 σέως
433 3868 626 3941 ἐδόθη,
693 3871 919 3945 ἡχάρις
970 3876 1063 3927 καὶ
1120 3878 1152 3946 ἡ
1213 3875 1441 3946 ἀλήθεια
1495 3876 1583 3928 διὰ
1639 3875 1815 3945 Ἰησοῦ

224 3959 465 4030 Χριστοῦ
531 3963 782 4030 ἐγένετο,
825 3985 842 4014 ι
895 3967 1000 4019 ὑπὸ
1041 3966 1133 4019 τοῦ
1198 3965 1505 4020 Βαπτιστοῦ
1561 3967 1813 4037 εἴρηταιο

223 4051 347 4117 πῶς
391 4053 489 4106 οὑκ
542 4055 832 4112 ἀκόλουθον
881 4058 972 4111 τὸν
1023 4060 1087 4111 ὲκ
1147 4057 1241 4110 τοῦ
1305 4058 1674 4129 πληρώματος
1723 4058 1816 4110 τοῦ

225 4141 466 4212 Χριστοῦ
493 4143 751 4214 εἰληφότα
774 4185 788 4208 ,
823 4145 916 4198 καὶ
941 4147 1101 4216 χάριν
1133 4145 1392 4217 δευτέραν
1429 4145 1522 4198 ἐπὶ
1547 4146 1819 4218 προτέρας

225 4235 453 4307 χάριτος
473 4275 486 4296 ,
520 4237 887 4306 ὁμολογοῦντά
923 4255 982 4290 τε
1027 4238 1116 4291 διὰ
1147 4239 1391 4301 Μωσέως
1443 4238 1544 4309 μὲν
1573 4237 1817 4292 δεδόσθαι

223 4327 316 4381 τὸν
349 4328 534 4398 νόμον,
559 4330 659 4400 τὴν
692 4330 749 4383 δὲ
771 4331 929 4402 χάριν
961 4331 1054 4384 καὶ
1090 4330 1190 4402 τὴν
1215 4330 1472 4401 ἀλήθειαν
1506 4329 1596 4383 διὰ
1640 4331 1815 4403 Ἰησοῦ

1997 2761 2054 2816 2.
2095 2779 2114 2812 ι
2148 2762 2214 2815 Ει
2242 2761 2344 2817 hoc
2374 2774 2457 2817 est
2495 2764 2864 2822 testimonium
2908 2767 3134 2828 Joannis
3161 2775 3200 2830 ⁸.
3236 2794 3258 2829 ι
3299 2776 3511 2832 Secun-

1925 2852 2052 2907 dum
2084 2853 2188 2909 hoc
2217 2863 2303 2910 est
2340 2853 2565 2912 Joannis
2598 2857 2856 2928 Baptista:
2883 2861 2950 2915 de
2992 2863 3212 2922 Christo
3241 2870 3388 2940 scrip
3418 2888 3507 2926 um

1928 2945 2322 3011 testimonium,
2379 2949 2559 3017 primo
2589 2953 2902 3007 testimonio
2931 2955 3228 3027 incipiente
3284 2963 3354 3016 ab
3408 2965 3513 3020 ηις

1921 3035 2138 3092 verbis:
2173 3056 2190 3088 ι
2226 3037 2322 3094 llic
2348 3050 2492 3106 erat,
2517 3057 2674 3110 quem
2704 3043 2848 3107 dixi;
2873 3046 2962 3114 qui
2993 3061 3110 3116 post
3141 3067 3224 3104 me
3249 3056 3392 3110 venit
3419 3059 3459 3120 ⁷,
3488 3077 3508 3108 ι

1921 3139 1973 3182 et
2002 3130 2287 3186 desinente
2326 3131 2380 3185 in
2416 3147 2500 3196 ea,
2551 3152 2570 3186 ι
2605 3133 2925 3204 Unigenitus
2952 3139 3123 3196 Filius
3157 3143 3273 3209 Dei,
3298 3148 3389 3215 qui
3430 3159 3511 3203 est

1922 3221 1974 3274 in
2007 3221 2129 3276 sinu
2161 3221 2365 3291 Patris,
2405 3225 2496 3280 ille
2539 3229 2816 3282 enarravit
2847 3229 2889 3282 ⁸.
2921 3248 2940 3282 ι
2995 3233 3064 3287 At
3099 3249 3228 3288 vero
3285 3255 3389 3292 non
3423 3257 3509 3292 re-

1922 3330 2009 3374 cte
2040 3319 2336 3376 Heracleou
2363 3323 2678 3390 suspicatur
2705 3325 2870 3379 verba
2904 3326 2991 3380 illa
3017 3348 3031 3383 :
3070 3348 3089 3380 ι
3121 3329 3311 3386 Nullus
3337 3332 3506 3388 Deum

1919 3412 2054 3466 vidit
2105 3416 2408 3482 unquam’,
2445 3433 2464 3466 ι
2520 3425 2574 3470 et
2609 3432 2732 3486 quae
2780 3433 3105 3488 sequuntur,
3153 3425 3298 3480 dicta
3342 3425 3511 3481 fuisse

1921 3521 2025 3560 non
2057 3521 2087 3561 a
2128 3507 2392 3576 Baptista,
2437 3510 2529 3562 sed
2562 3525 2592 3562 a
2631 3510 2916 3582 discipulo.
2949 3512 3083 3568 Nam
3117 3516 3161 3570 si
3190 3519 3507 3591 etiamopi-

1921 3599 2083 3652 ttionc
2126 3615 2245 3663 Sita,
2293 3603 2442 3669 quod
2489 3615 2598 3655 rex
2629 3601 2968 3671 plenitudine
3009 3605 3127 3671 ejus
3183 3624 3281 3661 nos
3317 3625 3509 3666 omnes

1923 3692 2258 3761 accepimus,
2291 3701 2347 3746 et
2375 3693 2604 3762 gratiam
2647 3709 2748 3762 pro
2775 3695 2973 3764 gratia,
3008 3699 3262 3764 quoniam
3293 3701 3373 3755 lex
3415 3720 3512 3768 per

1927 3781 2112 3837 Mosen
2172 3785 2299 3836 data
2328 3793 2442 3846 est;
2473 3783 2668 3852 gratia,
2694 3792 2748 3837 et
2783 3785 2984 3840 veritas
3010 3802 3108 3856 per
3132 3787 3316 3844 Jesum
3341 3792 3470 3846 Cliri
3489 3822 3505 3833 -

1921 3885 2067 3927 stum
2100 3874 2240 3928 facta
2271 3882 2356 3928 est
2385 3874 2448 3940 ¹⁰,
2475 3893 2494 3925 ι
2526 3889 2555 3926 a
2587 3873 2826 3943 Baptista
2857 3888 2940 3931 est
2967 3879 3195 3946 dictum,
3229 3887 3507 3951 quomodo

1923 3981 2026 4019 non
2055 3980 2399 4034 consequens
2424 3976 2529 4030 est,
2562 3981 2687 4019 eum
2715 3967 2807 4036 qui
2835 3984 2903 4024 ex
2937 3971 3276 4041 plenitudine
3304 3974 3504 4032 Christi

1920 4058 2228 4126 acceperit,
2273 4067 2328 4111 et
2352 4057 2585 4126 gratiam
2625 4062 2922 4114 secundam
2955 4079 3054 4131 pro
3097 4065 3270 4134 gratia
3303 4070 3504 4135 prima,

1921 4149 2124 4219 quique
2150 4147 2327 4204 fassus
2351 4150 2516 4205 fuerit
2541 4152 2720 4206 datam
2750 4152 2916 4209 fuisse
2949 4165 3046 4223 per
3071 4154 3274 4211 Mosem
3307 4159 3502 4228 legem,

1919 4240 2151 4310 gratiam
2181 4256 2311 4294 vero
2334 4250 2392 4296 et
2428 4242 2719 4297 veritatem
2755 4251 2852 4312 per
2882 4244 3068 4299 Jesnm
3101 4246 3380 4305 Christum
3428 4254 3509 4304 ta-

1921 4339 2065 4385 ctam
2116 4331 2310 4396 fuisse,
2353 4349 2418 4387 ex
2457 4333 2540 4388 his
2575 4349 2697 4404 qua:
2731 4351 2799 4389 ex
2853 4336 3193 4405 plenitudine
3240 4340 3292 4394 in
3328 4342 3503 4410 ipsum

229 4416 470 4486 Χριστοῦ
517 4419 833 4486 γεγονέναι,
882 4420 946 4472 ὲκ
992 4418 1102 4471 τῶν
1150 4418 1257 4471 άπὸ
1310 4417 1405 4471 τοῦ
1450 4417 1815 4490 πληρώματος

1923 4421 2289 4484 devertissent,
2329 4434 2440 4476 tum
2475 4424 2812 4479 intellexisse
2845 4428 3116 4496 quomodo
3152 4447 3172 4480 ι
3194 4429 3360 4483 Deum
3395 4435 3506 4484 tmt-

224 4509 305 4571 εἰς
328 4509 491 4561 αὑτὸν
533 4509 901 4579 ἐληλυθότων,
945 4511 1262 4581 νενοηκέναι
1317 4509 1434 4572 πῶς
1479 4529 1497 4560 ι
1543 4508 1676 4562 Θεὸν
1724 4509 1815 4561 οὑ-

222 4602 341 4666 δεὶς
394 4601 639 4673 ἑώρακεν
685 4602 900 4657 πώποτε
927 4614 1006 4667 ,·›
1067 4607 1166 4657 καὶ
1216 4603 1275 4655 τὸ
1330 4623 1348 4653 ι
1390 4603 1481 4656 τὸν
1533 4601 1812 4671 Μονογενῆ

223 4689 308 4751 εἰς
346 4689 437 4742 τὸν
489 4690 690 4744 κόλπον
759 4692 885 4745 δντα
953 4691 1048 4745 τοῦ
1105 4691 1317 4763 Πατρός
1359 4712 1376 4743 ι
1451 4691 1552 4763 τὴν
1613 4691 1815 4764 eiim-

227 4796 315 4832 σιν
344 4781 493 4852 αὑτῷ
517 4785 608 4836 κα)⁴
637 4785 769 4838 πᾶσι
801 4787 914 4848 τοῖς
945 4785 1009 4838 ὲκ
1046 4784 1139 4837 τοῦ
1172 4784 1538 4855 πληρώματος
1567 4783 1812 4855 εἰληφόσι

223 4871 703 4942 παραδεδωκέναις
742 4875 816 4928 Οὑ
857 4874 966 4946 γὰρ
1009 4873 1103 4926 νῦν
1164 4873 1380 4945 πρῶτον
1435 4874 1740 4946 ἐξηγήσατο
1785 4875 1814 4927 6

222 4960 302 5016 ὣν
339 4963 450 5034 (71)
485 4966 564 5028 εἰς
600 4965 693 5018 τὸν
731 4966 928 5020 κόλπον
957 4965 1051 5018 τοῦ
1095 4967 1328 5038 Πατρός,
1357 4965 1432 5030 ὡς
1461 4966 1670 5030 οὐδενὸς
1699 4967 1812 5038 (72)

219 5055 534 5128 ὒατηδείου
565 5059 827 5129 πρότερον
855 5060 1222 5131 γεγενημένου
1267 5059 1452 5112 λαϐεῖν
1487 5057 1523 5112 ὃ.
1559 5061 1670 5122 τοῖς
1701 5059 1812 5130 (75)

1923 4513 2005 4568 lus
2040 4514 2174 4569 vidit
2221 4531 2460 4585 unquam
2496 4517 2560 4580 ¹¹,
2605 4537 2624 4568 ι
2680 4528 2792 4570 ιυιιι
2842 4519 3004 4572 etiam
3053 4521 3195 4588 quod
3249 4540 3266 4572 ι
3304 4519 3506 4593 Uttige-

1921 4605 2068 4659 nitus
2115 4605 2185 4659 ad
2248 4607 2431 4661 sinum
2489 4605 2670 4661 Patris
2723 4609 2999 4662 exsisteus
3041 4610 3084 4640 "
3117 4649 3132 4672 ,
3169 4629 3186 4660 ι
3237 4612 3353 4665 lucc
3403 4614 3501 4683 ipsi

1919 4707 1975 4750 et
2013 4697 2270 4751 omnibus
2320 4697 2412 4766 qui
2466 4713 2534 4752 ex
2584 4698 2921 4767 plenitudine
2969 4700 3088 4768 ejus
3146 4701 3502 4762 hausissent.

1926 4785 2084 4856 103
2115 4787 2502 4842 euarraverit?
2557 4788 2672 4844 Non
2709 4788 2852 4842 enim
2889 4805 3031 4844 nunc
3070 4793 3302 4858 primum
3342 4811 3504 4851 enar.

1927 4877 2088 4940 ravit,
2116 4876 2206 4945 qui
2247 4885 2336 4931 est
2371 4877 2422 4930 itt
2455 4877 2576 4931 sinu
2607 4878 2786 4933 Patris
2810 4919 2826 4945 ,
2875 4880 3098 4948 perinde
3135 4886 3289 4952 quasi
3321 4887 3504 4942 nullus

1922 4979 2079 5024 antea
2147 4970 2376 5025 idoneus
2434 4971 2709 5027 exstiterit
2762 4973 3009 5043 accipere
3063 4990 3183 5044 qua:
3239 4981 3502 5047 apostolis

1919 5061 2215 5128 enarravit,
2249 5061 2686 5132 quandoquidem
2718 5076 3007 5135 antequam
3043 5069 3321 5123 Abraham
3351 5069 3504 5128 ﬁeret

298 5171 500 5228 ‘Joau.
530 5189 568 5239 t,
599 5175 683 5229 19.
762 5177 780 5206 ⁷
812 5175 941 5229 ibid.
973 5177 1058 5230 l5.
1134 5177 1156 5207 ⁸
1189 5175 1319 5229 ibid.
1351 5174 1440 5229 18.
1517 5177 1538 5207 ’
1573 5175 1704 5230 ibid.
1784 5175 1815 5206 ¹¹

1922 5176 1989 5230 id.
2016 5192 2128 5243 xvt,
2171 5177 2252 5230 Π.
2333 5177 2374 5208 ¹¹
2403 5176 2530 5232 ibid.
2557 5177 2644 5236 18.
2725 5182 2767 5211 ¹²
2793 5180 2924 5234 ibid.

298 5269 416 5338 (66)
455 5269 556 5322 Δια
593 5270 658 5322 τὸ
709 5269 784 5322 τά
827 5271 1450 5340 προῦπαγορευθέντα,
1503 5278 1610 5326 etc.
1672 5270 1809 5325 lliuc

222 5351 453 5410 apparet
510 5340 772 5410 reliquam
817 5343 957 5394 hanc
993 5341 1512 5395 Commentariorum
1543 5342 1599 5395 in
1631 5340 1806 5394 Joan—

223 5428 345 5465 nem
381 5421 590 5478 partem
641 5420 753 5464 tum
795 5411 1056 5477 scriptam
1091 5410 1278 5473 fuisse.
1316 5427 1440 5464 cum
1474 5412 1810 5465 Alexandria

222 5483 493 5549 Origenes
524 5483 884 5536 discessisset.
901 5483 1008 5537 Sed
1042 5484 1158 5536 hazc
1184 5483 1238 5535 in
1270 5481 1612 5552 Origenianis
1636 5483 1816 5552 dispu-

225 5565 338 5607 tata
373 5561 518 5605 snut.
559 5552 818 5608 HUBTIUS.

264 5622 768 5710 't67)Autdpzwc.
839 5622 932 5680 Sic
981 5623 1154 5679 codex
1212 5620 1574 5688 Bodleiauus;
1612 5621 1818 5693 Regius

223 5710 522 5756 αυταρκες.

297 5709 570 5832 ait???»
607 5763 717 5818 τοῦ
753 5763 922 5825 Θεοῦ,
964 5767 997 5818 ό
1030 5769 1138 5827 ὢν,
1168 5772 1276 5818 etc.
1302 5761 1394 5816 Sic
1417 5763 1586 5816 codex
1623 5763 1817 5818 Bodle-

226 5835 417 5900 ianus;
443 5838 609 5888 editio
639 5835 840 5898 lluetii,
869 5837 985 5898 υίὸς
1015 5836 1149 5899 θεὸς
1182 5835 1212 5888 ό
1245 5836 1341 5900 ὢν,
1367 5834 1445 5897 εἰς
1475 5832 1587 5897 τόν,
1619 5847 1724 5891 etc.

514 5932 781 5992 Ρηιιοι..
816 5932 932 5994 Gtt.
975 5932 1146 5994 XIV.

1991 5271 2101 5343 (69)
2134 5271 2435 5339 Μαθητοιλ
2468 5272 2611 5341 Lege
2641 5274 2970 5328 Βαπτιστοῦ.

1992 5343 2104 5416 (70)
2131 5343 2494 5416 Βασζτιστοῦ.
2521 5343 2662 5414 Lege
2695 5344 2960 5416 μαθητοῦ,

1994 5414 2104 5482 (7-1)
2141 5413 2194 5465 '0
2221 5413 2524 5492 dir._l)ce_st
2559 5413 2618 5467 in
2653 5413 2891 5470 editione
2922 5415 3214 5486 lluetiana,
3246 5422 3340 5475 sed
3368 5439 3499 5492 sup-

1922 5483 2100 5554 pletur
2134 5500 2163 5535 e
2189 5487 2310 5537 cod.
2345 5484 2659 5554 Bodleiano.

1995 5553 2241 5633 (:72):ng
2281 5553 2550 5633 οὑδενός.
2599 5556 2673 5633 Ita
2735 5569 2881 5612 recte
2942 5560 3206 5633 hahetUin
3255 5564 3498 5633 margine

1923 5624 2096 5722 codex
2126 5624 2490 5690 Bai-bcrinus;
2522 5627 2660 5680 tnale
2689 5639 2868 5682 autent
2896 5631 3064 5684 editio
3101 5624 3402 5698 Huetiatua:
3420 5635 3498 5699 ώς

1925 5695 2098 5749 οὐδέν.

1999 5764 2112 5833 (75)
2148 5765 2206 5817 Ἀ
2241 5763 2386 5831 τοῖς.
2414 5765 2489 5821 Ita
2519 5767 2688 5822 codex
2735 5766 3099 5826 BodleianuSt
3155 5775 3321 5828 editio
3355 5773 3500 5828 liue-

1930 5839 2010 5903 tii,
2044 5835 2148 5888 ὑπὸ
2183 5838 2312 5898 τοῖς.

3177 5923 3238 5996 Ὗ.
