4020 6216
193 306 297 364 εοε
854 340 869 357 ι
1279 306 1640 364 (ΖΟΜΜΕΝΤ.
1676 308 1739 362 IN
1774 348 1775 353 η

1875 304 1966 361 lN.
2005 303 2246 361 TOMUS
2284 303 2372 359 Vl.

3330 300 3438 357 206

185 419 330 488 ὦτα,
357 421 567 493 λέγων·
608 442 625 476 ι
663 423 727 477 Ei
760 422 923 478 τέκνα
955 421 1050 478 τοῦ
1090 421 1341 494 Ἀϐραάμ
1372 419 1493 495 ἦτε,
1526 424 1596 479 τά
1631 423 1766 496 ἔργα

1877 440 1897 474 ι
1938 421 1993 477 Si
2033 423 2127 477 lilii
2154 421 2428 477 Abraham
2475 421 2713 483 essetis,
2758 434 2920 490 opera
2968 418 3198 473 Abrahae
3225 415 3439 475 faceres

182 513 279 568 τοῦ
341 513 595 587 Ἀϐραὰμ
644 516 892 569 ἐποιεῖτε.
920 535 941 566 ι
992 515 1104 568 Καὶ
1146 515 1195 568 εί
1226 534 1246 567 ι
1284 515 1446 586 σοφὸς
1477 517 1661 588 νοήσει
1694 518 1763 572 τὰ

183 605 295 661 ἀπὺ
330 605 462 660 ίδίου
490 606 768 677 στόματος,
789 609 880 661 ἐπι
906 606 964 662 δὲ
991 607 1197 679 χείλεσι
1212 607 1433 680 φορέσαι
1452 609 1763 679 ἐπιγνωμοη

183 696 385 769 σύνην,
411 717 431 749 ι
459 698 750 767 ἀναγκαῖον
770 698 889 769 ἦτοι
910 698 1203 770 προπετῶς
1232 698 1616 771 ἀποφήνασθαι
1643 717 1765 754 τινα

185 790 317 863 περὶ
355 788 684 862 προφητῶν,
724 788 800 853 ῶς
830 790 894 845 οὐ
939 790 1117 860 σοφῶν
1149 789 1234 862 (εί
1264 790 1340 863 μὴ
1369 792 1656 858 νενοήκασι
1696 791 1766 844 τὰ

187 877 294 933 ἀπὸ
322 878 420 932 τοῦ
460 879 590 932 ίδίου
615 869 962 951 ⁸στόματος),
995 880 1028 952 ἢ
1059 880 1122 935 τὸ
1154 878 1401 952 εὔφημον
1429 881 1522 935 καὶ
1567 880 1765 952 ἀληθὲς

187 967 698 1040 παραδεξαμένους,
727 970 809 1023 ὅτι
837 964 979 1040 ἦσαν
1007 971 1057 1023 oi
1092 971 1365 1043 προφῆται
1405 971 1595 1041 σοφοὶ,
1634 973 1766 1043 ὁμο-

186 1060 366 1130 λογεῖν
387 1059 699 1133 νενοηκέναι
722 1062 922 1126 αὐτοὺς
945 1062 1052 1116 ἀπὸ
1081 1062 1210 1117 ἰδίου
1245 1064 1529 1136 πόματος,
1560 1063 1653 1118 καὶ
1674 1064 1767 1118 ἐπὶ

187 1156 303 1217 τοῖς
329 1153 537 1225 χείλεσι
585 1157 959 1227 πεφορηκέναι
1018 1155 1117 1227 τὴν
1146 1156 1633 1229 ὲπιγνωμοσύνην·
1672 1157 1769 1210 καὶ

190 1248 379 1320 δῆλον,
426 1248 510 1302 ὅτι
552 1248 757 1319 Μωσῆς
794 1246 941 1320 ἐώρα
993 1247 1071 1318 τῷ
1117 1246 1198 1302 νοῒ
1243 1249 1344 1323 τὴν
1382 1248 1641 1321 ἀλήθειαν
1673 1248 1769 1302 τοῦ

190 1340 394 1412 νόμου,
446 1341 541 1395 καὶ
589 1340 689 1403 τὰς
748 1342 888 1396 κατά
938 1341 1233 1412 ἀναγωγὴν
1292 1341 1620 1414 ἀλληγορίας
1661 1341 1771 1394 τῶν

188 1432 699 1505 ἀναγεγραμμένων
748 1435 877 1506 παρ’
921 1433 1071 1506 αὺτῷ
1125 1433 1399 1506 ἱστοριῶν.
1467 1433 1672 1506 Ἰησοῦς
1713 1434 1772 1488 δὲ

189 1524 292 1598 τὴν
326 1524 503 1597 ἀληθῆ
546 1524 895 1599 κληροδοσίαν
923 1526 1226 1597 γενομένην
1276 1526 1414 1597 μετά
1443 1526 1542 1598 τὴν
1581 1525 1773 1582 καθαί-

194 1634 343 1689 ρεσιν
377 1617 486 1680 τῶν
517 1618 688 1675 εἴκοσι
720 1618 816 1673 καὶ
843 1618 1003 1673 ἐννέα
1033 1619 1299 1690 βασιλέων
1334 1620 1534 1683 συνίει,
1571 1619 1771 1690 μᾶλλον

191 1710 351 1782 ἡμῶν
381 1711 678 1780 δυνάμενος
712 1713 947 1782 συνορᾷν
978 1711 1142 1766 τίνων
1175 1711 1390 1783 ἀληθῶν
1416 1712 1566 1765 σκιαὶ
1611 1711 1772 1782 ἐτύγ-

190 1814 353 1867 χανον
394 1800 465 1856 τὰ
494 1802 564 1856 δι’
593 1802 757 1856 αὐτοῦ
793 1802 1206 1874 ἐπιτελούμενα.
1253 1782 1421 1873 Δῆλον
1463 1802 1510 1855 δ’
1542 1803 1625 1856 ὅτι
1674 1804 1771 1858 καὶ
1806 1782 1846 1836 Β

200 1892 435 1958 Ἡσαΐας
492 1893 555 1948 τὸ
618 1894 916 1966 μυστήριον
956 1892 1101 1966 ἑώρα
1146 1891 1241 1947 τοῦ
1286 1893 1377 1947 ἐπὶ
1424 1891 1518 1947 τοῦ
1576 1893 1768 1965 θρόνου

190 1983 584 2056 καθεζομένου,
622 1983 718 2039 καὶ
756 1982 865 2038 τῶν
895 1983 987 2038 δύο
1012 1983 1280 2056 σεραφὶμ,
1315 1983 1543 2039 καὶτῶν
1577 1984 1774 2057 πτερύ-

190 2092 305 2145 γων
338 2075 530 2141 αὑτοῦ,
563 2076 662 2131 τοῦ
702 2093 763 2131 τε
800 2074 1185 2151 θυσιαστηρίου
1229 2077 1326 2132 καὶ
1368 2077 1468 2147 τῆς
1513 2072 1771 2143 λαὸίδος,

189 2168 287 2222 καὶ
318 2167 420 2240 τῆς
447 2165 826 2237 ὲπικαλύψεως
871 2164 962 2219 τοῦ
1012 2165 1304 2240 προσώπου
1331 2209 1348 2230 ,
1391 2168 1487 2221 καὶ
1519 2166 1627 2222 τῶν
1680 2185 1776 2220 πο·

186 2258 321 2317 δῶν.
370 2258 662 2331 γινομένης
715 2259 819 2314 ὑπὸ
861 2258 969 2313 τῶν
1012 2259 1275 2332 σεραφίμ.
1323 2259 1585 2332 Ἰεζεκιὴλ
1614 2260 1672 2314 δὲ
1707 2261 1777 2315 τά

187 2352 480 2425 χερουϐὶμ,
510 2352 602 2405 καὶ⁸
633 2350 730 2423 τὴν
761 2353 985 2425 πορείαν
1028 2353 1231 2419 αὐτῶν,
1262 2353 1357 2407 καὶ
1389 2353 1451 2406 τὸ
1480 2354 1567 2407 ἐπ’
1594 2353 1774 2407 αὐτῶν

189 2441 511 2515 στερέωμα,
555 2442 651 2496 καὶ
693 2441 803 2496 τῶν
837 2443 1314 2515 ἐπικαθεξομένων
1356 2442 1435 2515 τῷ
1468 2443 1664 2517 θρόνῳ,
1699 2439 1775 2500 ὧν

186 2533 243 2586 τί
269 2533 339 2588 ἂν
370 2533 456 2606 εἴη
499 2532 836 2606 ἐνδοξότερον
873 2534 970 2588 καὶ
1005 2533 1372 2608 ὑψηλότερον;
1418 2535 1528 2591 Καὶ
1564 2534 1655 2589 ἵνα
1699 2535 1776 2608 μὴ

187 2624 357 2679 καθὲν
388 2623 564 2694 λέγων
615 2626 711 2679 ἐπὶ
757 2625 893 2679 πολὺ
922 2626 1152 2699 μηκύνω
1187 2627 1280 2681 τὸν
1308 2627 1487 2698 λόγον,
1520 2627 1779 2699 βουλόμεο

186 2734 281 2782 νος
322 2717 750 2783 κατασκευάζειν
789 2718 891 2773 οὐκ
913 2719 1132 2775 ἔλαττον
1175 2719 1284 2775 τῶν
1314 2724 1428 2785 τοῖς
1460 2722 1778 2785 ἀποστόλοις

186 2809 303 2865 ἀπὸ
337 2811 575 2883 Χριστοῦ
613 2812 1112 2883 ἀποκαλυφθέντων
1145 2815 1443 2885 ἐγνωκέναι
1468 2817 1595 2882 τοὺς
1622 2834 1779 2870 τετε-

187 2901 521 2974 λειωμένους
552 2904 611 2957 ἐν
639 2906 760 2969 ταῖς
784 2905 1079 2977 προτέραις
1109 2908 1344 2975 γενεαῖς,
1364 2907 1776 2963 ἀποκαλύπτον⁹

1866 516 1936 571 tis
1968 517 2036 570 “.
2077 534 2097 567 ι
2124 517 2277 584 Quod
2307 518 2353 573 si
2377 534 2397 568 ι
2438 517 2656 586 sapiens
2682 513 2941 585 intelliget
2979 528 3096 582 qua:
3128 527 3192 566 ex
3218 511 3440 583 proprio

1869 622 1966 663 ore
1993 608 2302 676 protulerit,
2340 608 2395 663 in
2430 607 2586 661 labiis
2615 621 2747 661 vero
2777 606 3014 677 portabit
3042 604 3207 658 animi
3233 604 3434 659 cando-

1868 698 2098 754 rem“:
2133 716 2153 750 ι
2209 697 2293 753 vel
2336 697 2653 753 necessario
2701 698 2946 767 quaedam
2997 695 3065 750 de
3117 693 3441 766 prophetis,

1868 800 2123 859 tanquam
2171 805 2278 842 non
2334 788 2673 859 sapientibus
2723 787 2805 860 (ιιι
2851 790 2942 856 (ιιιὶ
2996 801 3101 840 non
3150 785 3442 841 intellexe-

1868 883 1983 936 rint
2022 880 2244 951 proprio
2269 895 2366 935 ore
2401 879 2681 951 prolata),
2712 877 3112 933 inconsiderate
3158 864 3469 930 enuntian-P

1867 978 1932 1033 da
1962 986 2144 1039 erunt,
2187 976 2272 1029 vel
2302 976 2447 1045 quod
2479 975 2703 1030 celebre
2729 983 2816 1030 est
2841 983 2899 1028 et
2932 988 3117 1028 verum
3153 973 3447 1029 admitten-

1868 1076 1952 1123 tes
1998 1067 2216 1138 (nempe
2261 1066 2556 1137 prophetas
2604 1065 2885 1134 sapientes
2934 1064 3076 1125 esse)
3103 1105 3120 1130 ,
3166 1064 3444 1119 fatendum

1869 1160 1997 1226 erit,
2026 1175 2147 1227 ιιιιιιι
2180 1159 2401 1228 proprio
2429 1172 2524 1213 ore
2551 1157 2878 1229 protulerint
2903 1197 2917 1219 ,
2952 1172 3048 1212 eos
3082 1156 3446 1224 intellexisse,

1872 1253 2041 1323 inque
2071 1252 2232 1307 labiis
2266 1263 2511 1321 gestasse
2543 1250 2709 1304 animi
2760 1252 3099 1314 candorem;
3136 1260 3192 1305 et
3234 1251 3447 1321 perspi-

1873 1360 2037 1397 cuum
2065 1354 2150 1399 est
2179 1343 2360 1399 Mosen
2396 1344 2593 1397 mentis
2640 1342 2759 1399 acie
2802 1342 2935 1412 legis
2968 1343 3249 1398 veritatem
3281 1343 3453 1399 histo-

1875 1437 2188 1506 riarumque
2220 1433 2361 1504 apud
2395 1450 2454 1489 se
2496 1435 2820 1504 scriptarum
2860 1434 3146 1506 allegorias
3171 1434 3324 1503 juxta
3352 1449 3454 1490 an-

1873 1539 2080 1596 agogen
2110 1526 2331 1581 vidisse.
2364 1524 2478 1581 luto
2499 1525 2657 1581 Iesus
2686 1542 2870 1581 veram
2898 1526 3335 1582 distributionem
3371 1527 3452 1582 fa-

1872 1629 2014 1672 ctam
2043 1627 2162 1687 post
2194 1619 2624 1675 destructionem
2655 1634 2848 1674 novem
2884 1628 2940 1674 et
2968 1619 3158 1686 viginti
3195 1634 3377 1691 regum
3401 1619 3450 1654 “

1877 1709 2168 1778 intelligit,
2203 1724 2330 1765 cum
2360 1710 2534 1780 magis
2571 1726 2732 1781 quam
2783 1725 2885 1765 nos
2913 1711 3232 1782 conspicere
3264 1723 3451 1781 posset

1873 1815 2011 1871 quas
2048 1800 2311 1856 veritates
2344 1801 2736 1873 adumbrarent
2769 1815 2857 1857 res
2902 1816 2934 1855 a
2982 1816 3041 1858 se
3085 1813 3271 1869 gestae.
3306 1803 3448 1870 Quin

1874 1891 2220 1965 perspicuum
2258 1893 2422 1948 etiam
2464 1901 2549 1947 est
2579 1891 2774 1947 lsaiam
2801 1932 2818 1956 ,
2850 1892 3171 1964 mysterium
3205 1892 3450 1950 sedentis

1874 1986 1930 2043 in
1958 1986 2180 2050 throno,
2228 1995 2284 2039 et
2317 1986 2548 2041 duorum
2581 1987 2882 2057 serapbim,
2902 1996 2958 2041 et
2989 1987 3221 2053 alarum,
3256 1986 3456 2056 ipsius-

1875 2090 1987 2147 que
2043 2074 2269 2143 altaris,
2301 2087 2357 2130 et
2383 2077 2610 2145 forcipis
2636 2117 2653 2142 ,
2700 2086 2756 2131 et
2785 2079 3108 2144 operimenti
3142 2079 3303 2137 faciei
3334 2121 3350 2141 .
3402 2088 3458 2135 et

1877 2172 2094 2242 pedum,
2123 2169 2266 2240 quod
2305 2168 2580 2224 faciebant
2635 2170 2937 2238 seraphim,
2986 2172 3187 2227 vidisse
3217 2173 3283 2229 ³⁷.
3320 2172 3457 2228 Βιιικ

1875 2277 1971 2316 sus
2024 2259 2273 2316 Ezechiel
2331 2261 2651 2326 cherubim,
2705 2271 2762 2316 et
2805 2262 3043 2331 ipsorttm
3094 2262 3220 2331 iter,
3261 2272 3316 2318 et
3358 2264 3459 2318 ﬁr-

1878 2364 2215 2409 mamentum
2263 2367 2426 2421 super
2454 2354 2617 2419 ipsos,
2661 2361 2717 2406 et
2741 2354 3022 2408 sedentem
3059 2353 3111 2408 in
3148 2360 3345 2411 throno
3370 2356 3456 2410 vi—

1877 2446 1956 2501 dit
1982 2444 2052 2513 ⁹⁸,
2100 2446 2301 2516 quibus
2329 2446 2458 2516 quid
2489 2444 2780 2515 gloriosius
2810 2444 3251 2516 sublimiusque?
3298 2446 3362 2503 Et
3392 2462 3460 2503 ue

1877 2537 2189 2609 singulatim
2224 2551 2555 2607 prosequens
2582 2577 2599 2603 ,
2633 2537 2685 2592 in
2735 2537 2954 2607 longmn
2980 2540 3301 2608 protendam
3334 2554 3455 2597 ser-

1878 2645 2094 2686 monem
2123 2670 2139 2694 ,
2174 2630 2360 2685 volens
2387 2630 2678 2686 ostendere
2722 2629 2870 2684 viros
2901 2630 3173 2700 perfectos
3208 2632 3260 2685 in
3290 2646 3456 2702 supc-

1879 2722 2118 2778 rioribus
2165 2723 2419 2778 aetatibus
2463 2737 2568 2778 non
2600 2722 2782 2776 minus
2808 2722 3133 2791 cognovisse
3168 2737 3332 2791 quam
3361 2722 3456 2795 qui

1879 2831 1910 2869 a
1941 2815 2160 2870 Christo
2194 2814 2584 2870 revelatiouem
2616 2813 2954 2879 habuerunt,
2985 2817 3187 2885 quippe
3220 2828 3343 2868 cum
3374 2815 3460 2869 his

1880 2906 1969 2963 ille
2004 2907 2168 2968 idem,
2211 2906 2305 2976 qui
2345 2904 2622 2976 apostolos
2652 2905 2880 2970 docuit,
2912 2906 3091 2961 cultus
3119 2905 3214 2962 Dei
3248 2918 3456 2985 mystea

187 3012 283 3059 τος
323 2995 508 3060 αὐτοῖς
538 2995 632 3050 τοῦ
674 2997 770 3051 καὶ
812 2997 939 3061 τοὺς
987 2999 1318 3064 ἀποστόλους
1353 2998 1664 3066 διδάξαντος
1709 3002 1775 3055 τὰ

1885 3000 1961 3054 ria
1988 2999 2309 3057 abscondita
2350 2999 2635 3062 retexerit,
2662 2998 2841 3055 adhuc
2885 2998 3075 3068 paucis
3119 2997 3321 3061 additis
3362 2998 3456 3068 ju-

189 3086 484 3179 ἁπὸρρητα
531 3087 630 3179 τῆς
683 3087 992 3155 θεοσεϐείας
1022 3091 1318 3163 μυστήρια,
1356 3090 1435 3146 ἔτι
1483 3091 1592 3163 (74)
1620 3092 1775 3162 ὀλίγα

1882 3091 2172 3148 dicandum
2201 3091 2509 3163 legentibus
2551 3090 2864 3161 relinquam
2897 3098 2954 3144 et
2998 3089 3459 3148 considerandum

192 3176 455 3249 προσθεὶς
502 3176 706 3251 κρίνειν
746 3180 859 3245 τοῖς
911 3179 1300 3252 ἐντυγχάνουσι
1349 3182 1654 3255 καταλείψω
1686 3186 1775 3238 καὶ

1881 3188 1949 3242 de
1979 3187 2130 3243 hisce
2153 3186 2316 3242 rebus
2338 3184 2609 3255 quidquid
2642 3184 2853 3239 volunt.
2885 3183 3020 3243 Nam
3058 3184 3236 3257 inquit
3261 3186 3314 3242 in
3349 3184 3462 3241 Bo-

188 3269 219 3323 ὃ
274 3268 554 3339 βούλονται
596 3269 725 3343 περὶ
756 3268 960 3325 τούτων
993 3273 1238 3325 σκοπεῖν.
1284 3273 1423 3343 Φησὶ
1457 3272 1566 3346 γὰρ
1614 3275 1672 3328 ὲν
1709 3278 1775 3347 τῇ

1882 3297 2165 3337 manorum
2205 3279 2408 3335 Paulus
2446 3278 2687 3349 Epistula
2717 3280 2806 3335 ":
2846 3298 2866 3328 ι
2907 3279 2968 3334 Ei
3002 3289 3210 3346 autem,
3247 3281 3339 3352 qui
3362 3297 3462 3353 po-

194 3362 334 3433 πρὸς
380 3361 508 3425 τοὺς
566 3361 872 3434 Ῥωμαίους
890 3363 1171 3435 Ἐπιστολῇ
1217 3365 1246 3417 ό
1278 3363 1510 3429 Παῦλοςο
1550 3384 1569 3418 ι
1593 3365 1683 3437 Τῷ
1721 3365 1775 3420 δὲ

1883 3383 1988 3431 test
2046 3389 2148 3431 nos
2208 3373 2428 3429 ﬁrmare
2479 3371 2782 3428 secundum
2835 3371 3191 3445 Evangeliurn
3243 3389 3460 3440 meum,

189 3454 479 3526 δυναμένῳ
512 3454 656 3525 ὑμᾶς
700 3454 951 3527 στηρίξαι
992 3455 1133 3509 κατά
1157 3456 1218 3510 τὸ
1250 3457 1582 3527 Εὐαγγέλιόν
1636 3475 1736 3530 μου
1759 3501 1776 3527 ,

192 3546 337 3601 κατὰ
361 3546 704 3618 ἀποκάλυψιν
739 3548 1064 3621 μυστηρίου,
1108 3549 1318 3623 χρόνοις
1355 3550 1597 3616 αἰωνίοις
1633 3568 1780 3606 σεσι-

192 3639 461 3711 γημένου,
496 3639 902 3713 φανερωθέντος
937 3640 993 3695 δὲ
1025 3642 1119 3696 νῦν
1161 3643 1251 3697 διά
1283 3660 1342 3696 τε
1369 3644 1595 3716 γραφῶν
1646 3661 1780 3718 προ·

192 3731 476 3802 φητικῶν,
527 3732 622 3785 καὶ
667 3734 765 3805 τῆς
821 3734 1143 3803 ἐπιφανείας
1200 3733 1296 3788 τοῦ
1358 3736 1566 3808 Κυρίου
1620 3736 1778 3809 ⁴ἡμῶν

203 3822 386 3893 Ἰησοῦ
418 3823 675 3896 Χριστοῦ.
704 3844 722 3875 ι
770 3826 834 3879 Ei
876 3841 985 3896 γαρ
1029 3825 1117 3880 διὰ
1151 3825 1378 3898 γραφῶν
1426 3826 1778 3898 προφητικῶν

190 3912 256 3965 τὸ
288 3912 459 3967 πάλαι
494 3916 901 3988 σεσιωπημένον
935 3918 1233 3990 μυστήριον
1260 3919 1643 3991 πεφανέρωται
1668 3921 1779 3983 τοῖς

192 4004 552 4072 ἀποστόλοις,
592 4009 687 4062 καὶ
720 4009 775 4062 oi.
807 4010 1084 4082 προφῆται
1132 4010 1314 4065 ἐνόουν
1358 4012 1429 4065 τὰ
1481 4012 1592 4064 ἀπὸ
1648 4011 1790 4065 ἰδίου

194 4099 466 4171 στόματος
484 4140 500 4165 ,
536 4100 631 4155 ἅτε
676 4101 830 4167 ὄντες
877 4103 1054 4175 σοφοὶ,
1096 4103 1168 4159 τὰ
1207 4106 1641 4179 πεφανερωμένα
1667 4107 1782 4169 τοῖς

194 4191 521 4257 ἀποστόλοις
556 4194 608 4246 oi.
665 4196 941 4267 προφῆται
997 4195 1219 4268 ᾔδεσαν.
1276 4197 1427 4251 Ἐπεὶ
1464 4196 1522 4251 δὲ
1567 4197 1781 4264 πολλοῖς

194 4287 299 4339 οὐκ
348 4286 765 4343 ἁπεκαλύπτετο
801 4288 935 4361 (75),
979 4288 1069 4343 διὰ
1104 4287 1265 4343 τοῦτό
1291 4306 1454 4361 φησιν
1487 4291 1518 4343 ό
1548 4288 1778 4354 Παῦλος·

1877 3466 2030 3538 juxta
2098 3465 2489 3521 revelationem
2558 3461 2807 3535 mysterii
2841 3502 2857 3527 ,
2916 3466 3062 3535 quod
3122 3466 3463 3535 temporibus

1879 3559 2230 3630 sempiternis
2255 3567 2341 3615 est
2373 3558 2623 3621 tacitum,
2655 3556 3069 3613 manifestatum
3091 3568 3269 3612 autem
3298 3556 3456 3628 105

1882 3665 2024 3705 nunc
2062 3665 2159 3720 per
2198 3650 2504 3719 scripturas
2546 3645 2917 3715 propheticas,
2950 3656 3007 3700 et
3035 3661 3135 3716 per
3157 3647 3459 3719 apparitio-

1881 3754 2005 3795 nem
2037 3738 2252 3795 Domini
2278 3737 2448 3793 nostri
2475 3736 2603 3792 Jesu
2637 3735 2863 3790 Christi.
2905 3754 2924 3788 ι
2968 3735 3026 3793 Si
3058 3736 3204 3793 enim
3246 3747 3464 3808 aposto-

1882 3832 1950 3886 lis
1999 3818 2433 3886 manifestatum
2465 3836 2552 3883 est
2610 3825 2935 3897 mysterium
2996 3840 3096 3896 per
3157 3826 3465 3896 scripturas

1882 3923 2267 3994 propheticas,
2318 3918 2447 3974 olim
2478 3918 2749 3982 tacitum,
2777 3930 2833 3974 et
2867 3918 3144 3988 propheta:
3196 3918 3464 3991 intellige.

1885 4017 2018 4071 bant
2063 4028 2186 4086 quae
2214 4013 2441 4083 proprio
2468 4027 2566 4067 ore
2598 4010 2953 4082 proferebant
2978 4051 2993 4074 .
3026 4011 3153 4081 quia
3186 4014 3463 4083 sapientes

1883 4115 2066 4165 essent
2091 4148 2108 4173 ,
2142 4107 2392 4177 proiecto
2417 4121 2541 4177 quia:
2571 4104 2835 4175 apostolis
2881 4103 3230 4161 manifestata
3265 4105 3417 4161 fuere
3443 4146 3461 4170 ,

1881 4200 2046 4253 etiam
2078 4200 2355 4269 propheta:
2402 4195 2807 4253 intellexerunt.
2835 4195 3108 4264 Quoniam
3136 4211 3275 4252 vero
3315 4198 3456 4252 mul-

1886 4297 1956 4347 tis
2007 4302 2062 4348 et
2106 4291 2426 4362 vulgaribus
2480 4291 2779 4346 revelatum
2824 4305 2933 4343 non
2984 4289 3181 4355 fuerat,
3217 4288 3289 4343 ob
3339 4304 3462 4345 eam

198 4400 218 4431 ι
257 4380 509 4454 Ἑτέραις
532 4384 745 4452 γενεαῖς
767 4381 867 4436 οὐκ
892 4381 1199 4455 ἐγνωρίσθη
1223 4384 1335 4446 τοῖς
1362 4383 1498 4447 υίοῖς
1533 4381 1644 4436 τῶν
1683 4383 1775 4436 ἀν-

1884 4400 2105 4443 causam
2142 4385 2315 4455 inquit
2350 4383 2550 4439 Paulus
2575 4383 2620 4414 “
2654 4400 2669 4437 :
2715 4400 2734 4432 ι
2773 4382 2910 4435 Aliis
2943 4382 3197 4436 aetatibus
3245 4396 3352 4436 non
3379 4382 3468 4436 in.

192 4472 434 4545 θρώπων
452 4515 467 4539 ,
497 4474 573 4539 ὡς
601 4474 698 4531 νῦν
727 4473 1088 4547 ἀπεκαλύφθη
1121 4477 1233 4538 τοῖς
1264 4475 1437 4546 ἀγίοις
1460 4474 1775 4539 ἀποστόλοις

1885 4482 2061 4535 notuit
2098 4478 2224 4533 libis
2270 4481 2551 4531 hominum
2580 4514 2596 4540 ,
2643 4476 3100 4544 quenadmodum
3133 4489 3275 4529 nunc
3309 4487 3464 4528 reve-

190 4567 365 4621 αὑτοῦ
389 4608 404 4633 ,
438 4568 535 4622 καὶ
582 4567 889 4640 προφήταις
921 4567 979 4621 ὲν
1011 4566 1313 4638 Πνεῦματι,
1350 4564 1490 4621 εἷναι
1534 4567 1607 4622 τὰ
1649 4566 1775 4637 ἔθνη

1877 4571 2047 4625 latum
2084 4579 2165 4625 est
2212 4568 2421 4625 sanctis
2454 4567 2715 4638 apostolis
2742 4566 2864 4636 ejus
2887 4605 2904 4631 ,
2939 4578 2993 4622 et
3022 4565 3311 4636 prophetis
3364 4580 3464 4635 per

190 4660 641 4733 συγκληρονόμα,
671 4661 766 4714 καὶ
800 4661 1081 4730 σύσσωμα.
1114 4678 1133 4711 ι
1167 4659 1306 4731 Ὅρα
1331 4658 1388 4712 δὲ
1416 4660 1465 4712 εί
1492 4659 1585 4712 καὶ
1607 4656 1775 4722 οὕτως

1880 4664 2146 4733 Spiritum
2178 4700 2195 4727 ,
2241 4672 2302 4717 ut
2341 4662 2452 4717 sint
2500 4671 2693 4731 gentes
2744 4659 3061 4714 cobaaredes
3084 4698 3102 4724 ,
3135 4669 3192 4713 et
3220 4657 3460 4729 ejusdem

189 4746 307 4807 οἷον
336 4752 953 4825 ἀνθυπενεχθησομένην
979 4751 1091 4824 (76)
1119 4750 1502 4823 ἀνθυποφορὰν
1532 4750 1640 4805 ὑπὸ
1667 4750 1775 4803 τῶν

1881 4753 2151 4824 corporis.
2212 4771 2233 4805 ι
2277 4751 2407 4806 Vide
2449 4767 2579 4806 vero
2623 4767 2690 4804 an
2749 4751 2915 4804 etiam
2967 4749 3040 4804 ob
3070 4750 3460 4822 objectionem,

191 4844 273 4916 μὴ
302 4845 767 4917 παραδεχομένων
792 4845 886 4900 τὸν
913 4844 1092 4915 λόγον,
1138 4846 1237 4917 τὴν
1269 4844 1412 4910 λέξιν
1440 4842 1646 4915 ταύτην
1681 4841 1775 4895 οῦ-

1878 4861 2042 4916 quam
2076 4843 2315 4910 objicere
2344 4850 2564 4910 possent
2604 4840 2658 4894 hi
2688 4839 2780 4910 qui
2816 4854 2922 4894 non
2957 4840 3252 4896 admittunt
3284 4844 3459 4899 ratio-

184 4954 300 5000 τως
334 4936 584 4991 ἐκλαϐεῖν
619 4937 680 4990 τὸ
727 4938 1325 5006 ἀποκαλυπτόμενον,
1373 4936 1585 5009 μήποτε
1616 4934 1775 5005 διχῶς

1889 4955 2011 4993 nem
2036 4944 2305 5000 nostram,
2335 4936 2417 4989 sic
2453 4932 2801 5003 interpretari
2836 4934 3110 5004 possimus
3134 4936 3461 4993 vocabulum

186 5030 346 5085 ἔστιν
370 5029 501 5083 ίδείν
529 5031 1128 5100 ἀποκαλυπτόμενονσ
1174 5028 1297 5083 καθ’
1320 5028 1415 5081 ἕνα
1455 5027 1554 5098 μὲν
1579 5027 1775 5097 τρόπον

1884 5030 2193 5093 metatum,
2236 5041 2431 5096 nempe
2480 5037 2540 5081 ιιι
2585 5027 2800 5081 duobus
2843 5029 3022 5082 modis
3057 5027 3316 5083 dicatur:
3353 5043 3463 5083 uno

184 5128 281 5179 ὅτε
320 5127 543 5187 νοεῖται,
574 5124 697 5179 καθ’
730 5124 918 5197 ἕτερον
953 5123 1009 5176 δὲ
1038 5123 1134 5176 ἐὰν
1232 5120 1392 5175 τοῦτο
1435 5119 1775 5191 προφητευό-

1880 5122 2096 5191 quidem
2144 5122 2327 5185 modo,
2361 5122 2584 5190 quando
2614 5120 2665 5173 id
2693 5120 2835 5188 quod
2891 5118 3167 5174 reveletur
3197 5119 3459 5190 intelligi-

189 5235 395 5288 μενον,
428 5216 570 5271 ῶστε
620 5218 714 5271 καὶ
756 5215 1111 5289 πληρωθῆναι
1144 5214 1309 5268 αὐτό·
1342 5212 1462 5267 τότε
1490 5211 1599 5285 γὰρ
1639 5210 1773 5264 ἀπο-

1881 5223 1987 5278 tur,
2022 5214 2198 5269 altero
2249 5229 2375 5268 vero
2397 5252 2415 5278 ,
2461 5214 2680 5283 quando
2714 5211 2875 5265 fuerit
2910 5212 3117 5281 aliquid
3171 5213 3464 5282 propheta-

262 5358 315 5389 ”
334 5356 495 5413 Joan.
513 5373 629 5417 vni,
649 5357 736 5411 39.
809 5358 855 5388 ’³
881 5355 1041 5410 Prov.
1061 5370 1172 5420 χιι,
1193 5353 1281 5409 25.
1358 5354 1405 5385 ’⁸
1425 5352 1539 5409 Jos.
1561 5367 1658 5415 χιι,
1683 5360 1775 5405 ets

1954 5352 1997 5384 ’⁸⁷
2024 5351 2144 5406 Ιςςιί.
2173 5368 2251 5416 vt,
2279 5352 2328 5416 l,
2350 5352 2408 5419 2,
2427 5350 2480 5406 6.
2553 5350 2599 5383 ’⁸
2623 5350 2820 5404 Ezccb.
2851 5363 2889 5413 ι,
2916 5349 2951 5402 4
2981 5358 3036 5402 et
3064 5364 3183 5419 seq.
3252 5349 3299 5384 ³⁸
3321 5348 3457 5420 Cap.

191 5445 311 5491 xvi,
344 5444 487 5483 vers.
517 5427 611 5493 25,
637 5427 724 5482 26.
807 5427 852 5459 “
883 5425 1079 5496 Ephes.
1111 5440 1189 5487 nt,
1215 5425 1272 5507 5ε
1298 5423 1353 5479 6.

263 5554 384 5623 (τι)
411 5556 561 5611 Ἔτι.
594 5553 669 5606 Ita
694 5554 860 5607 codex
884 5551 1239 5618 Bodleianus;
1266 5549 1467 5620 Regius
1487 5560 1545 5605 et
1574 5548 1774 5603 Barbe-

1957 5547 2068 5623 (79)
2102 5548 2171 5602 Et
2211 5545 2316 5623 καί
2340 5546 2551 5623 οὕτως-
2579 5541 2708 5623 οἷον
2747 5545 3460 5623 ᾁνθυκενεχρησομένηζ,

192 5617 376 5684 ι-ἰηίιςξ
403 5627 508 5687 ὅτι,
542 5629 699 5678 male,
1228 5617 1231 5618 ⁷
1353 5617 1374 5620 ⁷
1884 5617 1991 5688 etc.
2020 5617 2193 5688 Locus
2231 5618 2447 5688 videtur
2493 5617 2735 5688 _|tiulcu_s.
2758 5617 3069 5688 Legendutu
3094 5617 3332 5675 fortasse
3360 5617 3459 5673 :El

266 5696 386 5763 (75)
417 5685 539 5751 οὐκ
568 5695 1038 5749 ἀπεκαλύπτετο.
1066 5693 1158 5763 Sic
1179 5693 1338 5746 codd.
1368 5690 1699 5747 Bodleianus
1719 5697 1775 5745 et

1881 5687 2054 5752 οὕτως
2089 5687 2156 5741 δι’
2181 5685 2814 5761 ἀνθυπενεχθησομένην,
2842 5685 2956 5743 ὶδιο.

194 5762 560 5830 Barbatum;
598 5766 816 5835 Regius,
844 5765 905 5818 οὐ
939 5762 1402 5820 κατεκαλύπτετο.
