3962 6206
513 339 621 395 907

1987 320 2312 380 ORIGENIS

3680 313 3792 368 208

517 468 656 521 tum,
687 452 831 527 quod
860 452 1103 508 futurum
1136 449 1210 506 sit
1240 456 1296 505 et
1331 445 1718 518 complendum
1761 464 1776 501 :
1808 454 1921 501 tum
1950 442 2098 499 enim

2212 439 2560 503 καλύπτεται,
2584 439 2672 493 ὅτε
2698 437 3025 492 ἐπιτελεῖται
3062 433 3461 509 πληρούμενον.
3499 432 3576 487 Τὸ
3608 434 3793 488 τοίνυν

516 551 789 608 revelatur
816 588 833 612 ,
885 546 1102 617 quando
1171 560 1261 601 res
1315 544 1537 614 impleta
1584 539 1887 613 perﬁcitur.
1941 537 2096 604 Quod

518 645 684 714 igitur
729 659 751 695 ι
809 648 1002 712 gentes
1041 657 1060 692 ι
1100 637 1224 710 [per
1273 632 1586 706 Christum]
1635 632 1746 688 sint
1781 631 2097 691 κτώμενοι·

515 737 635 802 des,
687 742 745 789 et
772 731 1024 802 ejusdem
1075 729 1355 798 corporis,
1409 736 1465 782 et
1515 722 1936 795 coinparticipes
1967 734 2098 790 pro-

516 824 799 882 missionis
834 823 892 877 in
935 820 1178 883 Christo,
1216 837 1235 871 ι
1258 825 1530 888 quantum
1562 813 1780 885 quidem
1807 811 2002 866 attinet
2029 809 2098 865 ad

519 916 904 987 cognitionem,
941 923 1001 968 ut
1029 922 1219 984 gemes
1252 911 1453 965 futurae
1479 909 1591 963 sint
1633 904 1949 962 cohzeredes
1972 943 1989 972 ,
2027 909 2086 958 et

518 1008 766 1081 ejusdem
795 1006 1063 1076 corporis,
1092 1014 1146 1061 et
1176 1000 1605 1074 comp'articipes
1626 1039 1642 1065 ,
1675 1007 1732 1053 et
1757 996 1977 1067 quando
2004 1008 2102 1050 co-

519 1100 766 1160 heredes
794 1108 953 1155 erant
982 1096 1185 1152 fatum
1211 1136 1227 1161 ,
1261 1104 1318 1149 et
1341 1108 1513 1165 quare
1538 1134 1552 1159 ,
1583 1103 1640 1147 et
1669 1088 1862 1162 quales
1891 1097 2098 1155 essent,

517 1204 576 1252 et
619 1192 898 1266 quomodo
941 1198 1215 1245 extraneae
1263 1202 1294 1242 a
1342 1184 1686 1242 testamentis
1735 1183 2036 1252 alienasque
2070 1198 2101 1236 a

518 1286 881 1357 promissione
910 1325 926 1350 ,
978 1281 1179 1337 futura:
1215 1279 1271 1335 in
1318 1285 1602 1349 posterum
1651 1284 1812 1332 erant
1857 1274 2100 1344 ejusdem

518 1376 772 1448 corporis
800 1383 859 1430 et
905 1371 1352 1443 comparticipes,
1404 1376 1602 1425 norant
1645 1367 1948 1436 prophetae,
1976 1379 2101 1420 cum

519 1468 655 1540 ipsis
699 1467 804 1522 hoc
861 1467 1163 1521 revelatum
1217 1462 1427 1516 fuisset.
1482 1457 1921 1530 lutetligeutibus
1970 1471 2102 1510 vero

520 1570 754 1625 tantum,
784 1567 840 1613 et
868 1572 976 1612 nou
1012 1553 1327 1610 videntibus
1372 1551 1615 1621 perfecta
1643 1549 1814 1604 fuisse
1857 1563 1945 1612 ea,
1979 1561 2103 1616 quae

518 1653 843 1726 prophetata
882 1650 1104 1704 fuerant
1132 1686 1148 1710 ,
1182 1661 1289 1700 non
1326 1645 1408 1701 sic
1448 1642 1688 1698 revelata
1719 1650 1849 1694 sunt
1896 1638 2098 1703 fultura,

520 1755 584 1801 ut
618 1743 690 1800 iis
714 1742 805 1815 qui
835 1740 938 1796 sub
965 1747 1246 1809 aspectum
1272 1736 1468 1791 horum
1491 1742 1748 1789 eventum
1780 1732 2099 1792 cernebant,

2206 553 2226 585 ι
2253 532 2324 587 τὰ
2348 532 2476 604 ἔθνη
2502 530 2938 605 συγκληρονόμα,
2964 529 3061 585 καὶ
3092 528 3380 600 σύσσωμα,
3416 527 3515 583 καὶ
3547 527 3796 598 συμμέν-

2199 642 2300 697 οχα
2334 620 2473 678 εἶναι
2509 623 2610 695 τῆς
2646 622 2983 694 ἐπαγγελίας
3010 623 3070 676 ἐν
3104 618 3347 694 Χριστῷ,
3376 638 3395 672 ι
3422 620 3547 675 ὅσον
3578 620 3679 691 μὲν
3700 618 3796 672 ἐπὶ

2199 720 2267 789 τῇ
2303 715 2504 788 γνώσει
2525 755 2540 781 ,
2566 716 2661 770 τοῦ
2694 715 2913 770 ἔσεσθαι
2949 714 3020 769 τὰ
3056 713 3183 787 ἐθνη
3222 713 3665 785 συγκληρονόμα,
3700 712 3796 768 καὶ

2203 808 2490 881 σύσσωμα,
2525 808 2620 862 καὶ
2657 807 2997 880 συμμέτοχα,
3024 806 3120 861 καὶ
3141 806 3271 860 πότε
3304 805 3548 869 ἔσεσθαι,
3579 806 3677 859 καὶ
3707 805 3798 858 διὰ

2200 900 2255 954 τί
2276 901 2294 967 ,
2332 901 2427 956 καὶ
2476 902 2602 956 τίνα
2647 901 2778 955 ὄντα
2804 939 2822 965 ,
2873 901 2970 954 καὶ
3016 900 3136 964 πῶς
3195 898 3322 964 ξένα
3370 898 3480 952 τῶν
3505 898 3796 970 Διαθηκῶν

2199 993 2557 1065 τυγχάνοντα,
2587 993 2684 1048 καὶ
2711 993 2966 1066 ἀλλότρια
2996 992 3096 1064 τῆς
3134 991 3488 1062 ἐπαγγελίας,
3529 991 3799 1063 σύσσωμα

2202 1085 2297 1140 καὶ
2347 1089 2665 1158 συμμέτοχα
2712 1084 2935 1158 ὕστερον
2979 1085 3213 1161 ἐσόμενα
3248 1084 3447 1156 ᾔδεσαν
3494 1086 3544 1138 οῖ
3577 1084 3800 1157 προφῖγ

2201 1194 2312 1243 ται,
2346 1176 2822 1248 ἀποκαλυφθέντος
2852 1177 3034 1242 αὐτοῖς
3065 1175 3277 1230 τούτου.
3322 1175 3462 1228 Ἀλλ’
3494 1176 3593 1247 οὐχ
3622 1175 3801 1241 οὕτως

2202 1271 2316 1333 τοῖς
2365 1269 2594 1332 νοοῦσιν,
2640 1270 2739 1340 οὐχ
2769 1267 2938 1341 ὁρῶσι
2965 1268 3022 1322 δὲ
3045 1267 3450 1340 ⁴ἐπιτελούμενα
3482 1268 3549 1322 τὰ
3582 1285 3806 1340 προφη-

2202 1362 2471 1434 τευόμενα
2519 1359 2973 1414 ἀποκεκὰλυπται
3017 1358 3088 1413 τὰ
3126 1357 3365 1430 ἐσόμενα
3387 1397 3401 1422 ,
3437 1358 3513 1423 ὡς
3543 1361 3661 1422 τοῖς
3707 1360 3803 1414 ὑπ’

2211 1454 2335 1526 ὄψιν
2399 1451 2665 1525 θεωροῦσι
2710 1451 3073 1523 τὴνοέκὸασιν
3123 1451 3331 1517 αὐτῶν,
3379 1451 3517 1523 ὅπερ
3574 1451 3804 1520 γέγονεν

2213 1544 2442 1600 ἐπὶτῶν
2468 1542 2810 1599 ἀποστόλων·
2843 1542 2987 1598 οὕτω
3019 1543 3158 1616 γάρ,
3192 1542 3268 1608 ὡς
3298 1538 3473 1615 οἶμαι,
3509 1543 3698 1597 ἐνόουν
3735 1544 3805 1598 τὰ

2207 1636 2514 1709 πράγματα
2545 1637 2605 1690 οὐ
2644 1635 2842 1710 μᾶλλον
2868 1635 2978 1690 τῶν
3016 1635 3269 1708 πατέρων
3317 1636 3412 1689 καὶ
3458 1636 3767 1708 προφητῶν
3788 1654 3800 1667 ο

2205 1728 2528 1802 ἀληθεύεται
2560 1729 2618 1784 δὲ
2651 1729 2782 1802 περὶ
2814 1727 2995 1782 αὐτῶν
3036 1728 3129 1782 τό·
3171 1746 3191 1779 ι
3230 1728 3295 1782 Ὃ
3323 1728 3538 1800 ἑτέραις
3583 1733 3805 1821 γενεαῖς

519 1837 665 1908 quod
690 1834 894 1890 factum
943 1839 1029 1885 est
1072 1832 1126 1885 in
1176 1826 1439 1900 apostolis
1471 1842 1488 1879 :
1518 1840 1668 1888 nam,
1705 1832 1766 1877 ut
1815 1820 1906 1895 [ad
1937 1836 2102 1875 unum

2212 1822 2309 1876 οὐκ
2346 1820 2705 1893 ἀπεκαλύφθη
2727 1860 2743 1886 ,
2794 1820 2872 1885 ὡς
2909 1818 3006 1874 νῦν
3047 1822 3160 1883 τοῖς
3191 1819 3513 1884 ἀποστόλοις
3540 1823 3638 1875 καὶ

526 1902 778 1998 modum]
826 1924 1067 1979 arbitror
1114 1934 1209 1975 eus
1254 1933 1363 1973 non
1413 1915 1588 1986 magis
1630 1928 1718 1969 res
1769 1912 2106 1968 intellexisse
2144 1902 2183 1927 ⁶¹

521 2035 687 2092 quam
715 2017 907 2074 Patres
937 2022 990 2070 et
1012 2013 1314 2082 prophetae,
1345 2010 1424 2065 sic
1449 2006 1625 2062 altero
1658 2005 1822 2060 modo
1853 2003 2106 2058 veritica-

527 2122 617 2167 tur
663 2109 732 2165 de
760 2107 842 2164 eis
883 2105 1014 2162 illud
1038 2143 1056 2170 ,
1096 2102 1243 2175 quod
1275 2120 1294 2154 ι
1334 2100 1457 2155 aliis
1484 2097 1740 2154 aetatibus
1792 2099 2104 2151 revelatum

529 2220 636 2260 non
691 2201 838 2268 fuit,
884 2195 1343 2270 quemadmodum
1379 2206 1525 2248 nunc
1569 2189 1836 2261 apostolis
1868 2199 1924 2244 et
1975 2204 2105 2259 pro-

523 2293 705 2365 phetis
729 2332 746 2357 ,
782 2303 972 2363 gentes
999 2302 1124 2347 esse
1158 2283 1474 2343 eoha~redes
1503 2322 1520 2347 ,
1550 2292 1606 2337 et
1634 2280 1879 2349 ejusdem
1912 2294 2107 2349 corpo-

522 2387 642 2452 ris,
689 2394 744 2441 et
787 2380 1207 2453 comparticipes
1242 2373 1627 2448 promissionis
1677 2374 1733 2426 in
1784 2370 2043 2428 Christo:
2078 2390 2101 2423 ι

520 2477 651 2551 quia
677 2486 1043 2547 praeterquam
1074 2471 1220 2542 quod
1249 2465 1567 2534 intelligunt
1599 2463 1863 2537 mysteria
1888 2502 1906 2528 ,
1937 2462 2104 2517 etiam

518 2570 791 2627 actionem
825 2582 923 2640 per
948 2579 1065 2621 rem
1111 2559 1411 2634 perfectam
1466 2560 1768 2614 intuentur.
1798 2555 1955 2625 Quod
1998 2571 2100 2610 au-

521 2677 631 2725 tem
657 2664 734 2720 ait
776 2660 873 2714 “z
919 2676 940 2711 ι
978 2655 1130 2712 Multi
1181 2652 1476 2725 prophetae,
1528 2660 1584 2707 et
1630 2649 1766 2721 justi
1815 2646 2107 2719 cupierunt

520 2759 709 2817 videre
738 2769 859 2826 qua:
891 2767 990 2807 vos
1018 2747 1212 2804 videtis
1237 2787 1254 2815 ,
1280 2753 1336 2801 et
1362 2759 1469 2801 nou
1508 2744 1800 2806 viderunt;
1836 2749 1892 2796 et
1917 2740 2105 2794 audire

520 2865 645 2922 qua:
676 2825 901 2909 auditis,
936 2851 993 2897 et
1019 2853 1127 2895 non
1161 2835 1510 2900 audierunt,»
1541 2829 1775 2887 similem
1797 2836 1976 2922 potest
2008 2825 2105 2881 ha-

522 2917 656 2996 here
695 2927 1207 3003 interpretationem
1244 2940 1260 2976 :
1292 2922 1522 2996 perinde
1551 2920 1711 2992 quasi
1744 2917 2020 2988 cupierint
2047 2924 2106 2972 et

525 3030 604 3089 illi
649 3027 838 3083 videre
886 3018 1208 3094 mysterium
1242 3015 1374 3071 olim
1424 3012 1741 3085 pnedictum
1776 3008 2102 3081 dispositum

526 3114 957 3181 luearnationis,
1003 3121 1060 3167 ct
1107 3110 1406 3165 descensus
1439 3104 1560 3160 Filii
1620 3103 1714 3158 Dei
1765 3102 1834 3156 ad
1885 3113 2106 3156 meone-

526 3169 1000 3284 ξιῖιῖιῖᾇζεζιοηῖε
1048 3218 1162 3261 sua:
1203 3200 1580 3272 compluribus
1629 3195 1930 3260 salutaris;
1981 3202 2103 3247 tan-
2131 3169 2179 3232 c-

524 3322 689 3380 quam
718 3305 788 3372 si,
837 3297 1074 3369 exempli
1109 3295 1304 3368 gratia,
1357 3291 1464 3346 tale
1497 3288 1760 3359 quiddam
1815 3286 1960 3341 aliud
2007 3299 2106 3339 su-

526 3412 802 3458 meremus
851 3412 873 3452 °.
924 3393 1055 3448 Esto
1105 3389 1307 3459 aliquis
1356 3383 1639 3464 apostolus
1694 3380 1788 3452 qui
1842 3380 2109 3451 intelligat

529 3495 694 3575 106
723 3511 744 3544 ι
772 3489 936 3545 verba
963 3481 1257 3542 iueﬂ‘abilia
1284 3521 1300 3547 ,
1327 3493 1450 3552 quae
1481 3493 1586 3533 non
1634 3476 1761 3575 licet
1791 3473 1995 3575 homini
2029 3473 2110 3527 lo-

526 3566 618 3658 qui
649 3566 716 3649 δ’,
746 3603 767 3638 ι
803 3580 984 3652 sitque
1012 3577 1062 3633 is
1095 3590 1206 3632 non
1232 3573 1452 3628 visurus
1473 3569 1776 3625 secundum
1806 3566 2106 3637 gloriosum

523 3677 732 3741 Christi
767 3674 1066 3732 adventum
1109 3666 1447 3739 divulgatum
1494 3663 1642 3732 apud
1675 3659 1885 3727 tideles,
1919 3669 1975 3715 et
2019 3666 2106 3712 ta-

528 3786 652 3828 tneu
683 3768 871 3838 cupiat
895 3763 1085 3818 videre
1122 3761 1298 3831 ipsum
1325 3772 1342 3823 ;
1391 3768 1583 3810 rursus
1607 3752 1679 3809 sit
1709 3751 1849 3806 alter
1872 3752 1965 3822 qui
1999 3767 2107 3805 non

529 3861 706 3919 solum
740 3871 850 3912 non
878 3850 1188 3925 perceperit
1215 3856 1381 3918 atque
1405 3842 1736 3901 intellexerit
1762 3843 1954 3896 eadem
1986 3855 2112 3911 quae

531 3948 846 4021 apostolus,
892 3944 990 4000 sed
1039 3939 1319 4010 impendio
1366 3937 1547 3991 minus
1596 3936 1712 4006 ipso
1758 3935 1926 3989 etiam
1958 3946 2110 4003 spent

532 4042 774 4100 divinant
817 4032 1124 4108 possederit
1149 4069 1165 4094 ,
1198 4039 1365 4099 atque
1393 4028 1483 4083 hic
1511 4026 1883 4098 deprehendat
1911 4040 2112 4081 secun-

533 4135 666 4191 dum
696 4127 1012 4186 Servatoris
1034 4121 1205 4178 nostri
1235 4121 1524 4175 adventum
1550 4118 1737 4188 (quem
1777 4117 1963 4188 cupiat
1988 4115 2114 4187 qui-

532 4227 656 4284 dem
685 4217 964 4295 apostolus
990 4216 1150 4287 juxta
1182 4208 1515 4280 exemplum,
1538 4223 1638 4264 nec
1664 4217 1848 4263 tamen
1879 4206 2111 4280 videat),

532 4325 689 4375 certe
728 4327 829 4370 nec
883 4309 1021 4367 t‘also
1063 4301 1536 4378 pronuntiabimus
1587 4302 1686 4356 hos
1725 4300 1860 4357 duos
1912 4300 2115 4356 vidisse

531 4422 657 4481 qua
709 4402 945 4475 cupierit
982 4396 1264 4471 apostolus
1320 4392 1412 4449 ille
1456 4391 1543 4447 vel
1594 4390 1826 4461 apostoli
1875 4392 2111 4449 videre:

2207 1914 2429 1986 φήταις,
2465 1908 2607 1966 εἶναι
2638 1911 2707 1965 τά
2737 1910 2864 1984 ἔθνη
2896 1910 3339 1983 συγκληρονόμα,
3377 1912 3472 1965 καὶ
3507 1911 3804 1984 σύσσωμα,

2207 2007 2304 2061 καὶ
2357 2005 2678 2079 συμμέτοχα
2730 2004 2834 2077 τῆς
2891 2004 3229 2074 ἐπαγγελίας
3284 2007 3344 2058 ἐν
3391 2006 3635 2078 Χριστῷ·
3665 2025 3686 2058 ι
3724 2007 3807 2078 τῷ

2207 2099 2346 2171 πρὸς
2372 2097 2453 2170 τῷ
2474 2100 2616 2152 νοεῖν
2638 2096 2836 2161 αὐτοὺς
2860 2095 2930 2151 τὰ
2956 2097 3253 2169 μυστήρια,
3273 2099 3364 2151 καὶ
3391 2097 3490 2170 τὴν
3517 2098 3806 2168 ἐνέργειαν

2206 2190 2294 2244 διά
2321 2190 2418 2244 τοῦ
2455 2189 2782 2262 πράγματος
2811 2188 3229 2261 ἐπιτελουμένου
3273 2195 3581 2251 κατανοεῖν.
3626 2190 3805 2244 Δύνα-

2213 2299 2305 2336 ται
2329 2281 2387 2336 δέ
2420 2281 2518 2335 καὶ
2543 2282 2625 2349 τὸ,
2657 2301 2677 2334 ι
2713 2281 2908 2336 Πολλοὶ
2940 2281 3218 2354 προφῆται
3258 2283 3353 2336 καὶ
3378 2281 3578 2337 δίκαιοι
3607 2284 3809 2337 ἐπεθύ-

2211 2392 2393 2448 μησαν
2422 2375 2572 2440 ἰδεῖν,
2603 2374 2640 2430 ἃ
2665 2375 2826 2447 ὑμεῖς
2859 2374 3086 2446 βλέπετε
3115 2414 3131 2437 ,
3184 2374 3280 2430 καὶ
3329 2376 3430 2429 ούκ
3478 2372 3622 2429 εἶδον
3648 2416 3664 2437 ,
3709 2378 3811 2432 καὶ

2207 2464 2461 2531 ἀκοῦσαι,
2492 2464 2531 2521 ἃ
2563 2465 2813 2529 ἀκούετε,
2849 2466 2945 2520 καὶ
2979 2465 3078 2520 οὐκ
3110 2466 3381 2538 ἥκουσαν,
3411 2485 3429 2517 ι
3463 2466 3560 2538 τὴν
3605 2469 3811 2538 ὁμοίαν

2214 2558 2362 2631 ἔχειν
2394 2559 2668 2632 διήγησιν·
2695 2559 2862 2614 οἱονεὶ
2893 2553 3352 2631 ἐπιθυμησάντων
3377 2560 3652 2613 κάκείνων
3679 2560 3813 2614 ἰδεῖν

2211 2653 2665 2725 οῖκονομούμενον
2692 2651 2755 2706 τὸ
2790 2653 3088 2725 μυστήριον
3119 2652 3219 2724 τῆς
3248 2649 3345 2706 τοῦ
3380 2650 3512 2705 Υίοῦ
3536 2650 3633 2706 τοῦ
3667 2652 3812 2707 Θεοῦ

2208 2742 2651 2818 ἐνσωματώσεως
2688 2745 2784 2800 καὶ
2825 2745 3182 2808 καταϐάσεως
3219 2745 3315 2799 ἐπὶ
3343 2744 3443 2816 τὴν
3484 2745 3812 2816 οἰκονομίαν

2206 2835 2302 2890 τοῦ
2338 2837 2608 2910 σωτηρίου
2667 2840 2782 2902 τοῖς
2833 2835 3049 2902 πολλοῖς
3094 2835 3302 2900 πάθους
3342 2835 3548 2890 αὐτοῦ’
3585 2837 3667 2900 ὡς
3712 2838 3811 2891 ἐπὶ

2207 2927 2655 3000 παραδείγματος
2708 2930 2804 2984 καὶ
2860 2929 2989 2985 ἄλλο
3020 2947 3072 2984 τι
3104 2927 3347 2984 τοιοῦτον
3389 2929 3808 3002 ἐλαμϐάνομεν·

2205 3019 2348 3076 ἐστω
2400 3020 2526 3076 τινὰ
2578 3021 2687 3091 τῶν
2747 3022 3061 3078 ἀποστόλων
3110 3025 3363 3079 συνιέντα
3411 3041 3429 3074 ι
3478 3022 3547 3076 τὰ
3585 3023 3812 3094 ἄρρητα

2210 3114 2455 3187 ῥήματα,
2483 3113 2521 3169 ἃ
2544 3114 2648 3168 οὐκ
2678 3113 2799 3179 ἐξὸν
2829 3114 3115 3188 ἄνθρωπον
3143 3115 3397 3188 λαλῆσαι,
3419 3134 3439 3169 ι
3480 3114 3557 3186 μὴ
3596 3114 3812 3185 ὀψόμεο

2209 3221 2299 3259 νον
2330 3203 2430 3277 τὴν
2463 3204 2618 3278 παρὰ
2648 3208 2760 3271 τοῖς
2784 3205 3173 3261 πεπιστευκόσι
3203 3204 3654 3277 κατηγγελμένην
3679 3203 3814 3256 δευ-

2208 3296 2374 3371 τέραν
2418 3299 2739 3371 σωματικὴν
2788 3299 2965 3370 Ἰησοῦ
3002 3297 3212 3366 ἔνδοξον
3245 3297 3561 3369 ἐπιδημίαν,
3608 3294 3812 3350 ἐπιθυ-

2213 3393 2336 3464 μεῖν
2368 3391 2541 3462 αὐτὴν
2595 3392 2749 3463 όρᾷνο
2811 3392 2998 3464 ἕτερον
3042 3390 3100 3445 δέ
3143 3409 3267 3445 τινα
3300 3390 3413 3463 (77)
3444 3388 3505 3445 οὐ
3544 3388 3709 3460 μόνον
3739 3390 3812 3442 τὰ

2209 3482 2350 3537 αὐτὰ
2398 3481 2478 3555 τῷ
2516 3483 2800 3555 ἀποστόλῳ
2842 3483 3192 3555 ἡκριϐωκότα
3217 3483 3329 3556 (78)
3364 3483 3458 3537 καὶ
3486 3481 3810 3553 νενοηκότα,

2210 3574 2348 3629 άλλά
2374 3576 2470 3630 καὶ
2502 3573 2684 3647 πολλῷ
2711 3574 2876 3630 αὑτοῦ
2911 3575 3129 3630 ἔλαττον
3150 3576 3508 3648 ἀντεχόμενον
3526 3575 3624 3644 τῆς
3651 3573 3813 3638 θείας

2211 3666 2460 3731 ἐλπίδος,
2497 3667 2938 3739 καταλαμϐάνειν
2984 3668 3085 3740 τὴν
3125 3667 3514 3742 δευτέρανκτοῦ
3549 3668 3814 3741 Σωτῆρος

2214 3759 2372 3832 ἡμῶν
2404 3759 2700 3832 ἐπιδημίαν
2753 3761 2866 3833 (ἢν
2907 3759 3361 3833 ἐπιτεθυμηκὴω
3395 3760 3515 3831 μὲν,
3564 3759 3711 3813 κατά
3743 3759 3813 3814 τὸ

2213 3849 2599 3922 παράδειγμα»
2644 3851 2676 3904 ὁ
2718 3850 3073 3916 ’Ᾱπύστολος.
3116 3852 3191 3924 μὴ
3243 3851 3634 3922 τεθεωρηκέτω

2212 3942 2277 3997 οὐ
2301 3941 2495 4014 ψεῦδος
2511 3942 2577 4015 δὴ
2609 3941 2866 4015 ἐροῦμεν,
2896 3944 2979 3997 ὅτι
3003 3936 3108 3998 εἶδε
3147 3942 3242 3996 δύο
3262 3944 3299 3998 ἃ
3317 3942 3665 4016 ἐπεθύμησεν
3685 3944 3813 4018 (79)

2213 4037 2244 4090 ὀ
2287 4034 2585 4099 ἀπόστολος
2623 4035 2754 4089 ιδεῖν
2797 4036 2832 4109 ἢ
2866 4037 2960 4090 καὶ
3008 4035 3316 4100 ἀπόστολοι,
3362 4034 3669 4099 τεθέανται,
3706 4038 3815 4091 καὶ

2212 4128 2276 4181 οὐ
2310 4126 2528 4190 πάντως
2552 4126 2708 4201 παρά
2733 4126 2893 4181 τοῦτο
2945 4129 3344 4200 συνετωτέρους
3376 4127 3573 4191 αὐτοὺς
3623 4126 3658 4199 ἦ
3699 4145 3815 4198 μα-

2213 4218 2581 4291 καριωτέρους
2627 4219 2841 4294 ἀνάγκη
2879 4220 3059 4292 λέγειν
3101 4221 3213 4275 τῶν
3243 4219 3578 4276 ἀποστόλων.
3610 4219 3813 4286 Οὕτως

2213 4309 2335 4364 οὐδὲ
2363 4312 2493 4375 τοὺς
2519 4312 2853 4378 ἀποστόλους
2882 4314 3227 4388 σοφωτέρους
3265 4314 3376 4368 τῶν
3418 4314 3675 4387 πατέρων
3699 4354 3717 4377 ,
3769 4316 3808 4389 ἦ

2214 4401 2479 4468 Μωσέως,
2509 4404 2605 4458 καὶ
2635 4404 2745 4459 τῶν
2776 4406 3093 4479 προφητῶν,
3125 4407 3219 4461 καὶ
3254 4407 3489 4480 μάλιστα
3534 4407 3644 4461 τῶν
3676 4408 3812 4462 ἐπι-

533 4514 637 4557 nec
689 4496 914 4555 omnino
958 4493 1103 4550 hanc
1142 4490 1214 4545 ob
1248 4501 1472 4544 causam
1505 4484 1817 4540 necessario
1865 4484 2105 4540 dicemus

2218 4490 2401 4546 πλεῖον
2445 4492 2512 4548 δι’
2575 4494 2779 4568 ἀρετὴν
2844 4497 3184 4565 ἀξιωθέντων
3248 4498 3583 4568 ἐπιφανειῶν
3609 4538 3625 4564 ,
3705 4502 3814 4556 καὶ

534 4609 630 4650 eos
658 4587 1043 4663 prudentiores
1095 4582 1482 4652 beatioresque
1516 4576 1799 4650 apostolis.
1833 4576 1914 4630 Ad
1966 4577 2105 4631 hunc

2217 4585 2530 4655 ἐμφανειῶν
2570 4557 2765 4653 θείων,
2805 4557 2910 4645 καὶ.
2932 4589 3327 4663 ἀποκαλύψεων
3356 4557 3672 4665 μυστηρίων
3706 4608 3817 4665 με-

536 4686 705 4757 igitur
736 4679 959 4737 modum
1003 4690 1182 4748 neque
1226 4674 1506 4747 apostolos
1546 4668 1912 4742 sapientiores
1937 4667 2112 4723 Patri-

2215 4676 2418 4746 γάλων.

537 4779 658 4839 bus,
688 4773 775 4829 vel
806 4773 973 4838 Mose,
1012 4770 1097 4827 vel
1128 4767 1408 4843 prophetis
1438 4765 1637 4822 dicturi
1669 4778 1881 4826 sumus.
1916 4762 2105 4833 hisque

2212 4770 2423 4842 recipue
2460 4773 2554 4844 qui
2589 4773 2795 4832 diutius
2829 4776 2900 4833 oh
2942 4777 3198 4833 virtutem
3224 4779 3479 4850 supernis
3506 4778 3817 4849 apparitim

537 4867 719 4929 uibus,
758 4865 841 4921 vel
863 4862 1444 4936 repraesentatiouibus
1472 4858 1696 4924 divinis,
1720 4868 1778 4913 et
1805 4857 2236 4917 revelatiouibus
2263 4866 2549 4934 grandium
2581 4871 2965 4942 mysteriorum
2993 4870 3141 4943 digni
3174 4871 3326 4928 fuere
3348 4871 3536 4928 habiti,

605 4966 661 5024 5.
690 4963 800 5021 Sed
822 4964 1025 5020 diutius
1051 4960 1375 5019 commorati
1417 4974 1606 5016 sumus
1630 4958 1683 5012 in
1714 4956 1799 5013 his
1825 4956 2112 5027 inquiren-

541 5070 658 5126 tes.
707 5058 963 5130 quoniam
1008 5054 1163 5112 multi
1207 5063 1433 5126 propter
1479 5052 1850 5122 opinationem
1902 5051 2113 5121 gloriti-

538 5154 696 5211 candi
723 5151 926 5209 Christi
950 5148 1268 5215 adventum,
1303 5144 1551 5201 dicentes
1582 5141 1941 5210 sapientiores
1981 5157 2114 5211 apo-

539 5247 707 5303 stolus
735 5259 899 5316 quam
934 5241 1225 5313 prophetas
1257 5246 1315 5293 et
1344 5236 1530 5292 Patres
1560 5233 1749 5300 fuisse,
1776 5232 1868 5288 alii
1891 5235 2111 5304 quidem

611 5408 653 5443 ³¹
693 5411 881 5465 Matth.
924 5424 1021 5463 xm
1046 5448 1060 5474 ,
1105 5406 1193 5460 l7.
1301 5404 1345 5437 “
1373 5401 1415 5458 ll
1441 5400 1572 5457 Cor.
1605 5416 1702 5465 xu,
1736 5398 1791 5453 4.

610 5548 728 5622 (77)
757 5550 1005 5622 Ἕτερον
1042 5546 1112 5602 δέ
1142 5563 1297 5622 τινα,
1332 5554 1438 5622 etc.
1478 5542 1764 5622 Ferrarius
1798 5579 1812 5595 .
1850 5553 1873 5591 ι
1907 5535 2118 5595 Rursus

542 5612 831 5679 sunto'alii
862 5612 1010 5680 duo;
1057 5636 1076 5668 ι
1109 5619 1325 5671 videtur
1349 5615 1508 5669 aliter
1542 5612 1760 5682 legisse.

611 5690 723 5780 (7§)
769 5686 1173 5759 Ἠκριϐωκότα.
1221 5685 1531 5755 Lugendum
1582 5680 1796 5738 videtur
1816 5680 1916 5736 οὐκ
1961 5681 2119 5752 ἠκρι-

543 5762 776 5818 Canidia.

2289 4963 2344 5017 5.
2392 4965 2686 5022 Ἐπιπλέον
2743 4969 2801 5023 δέ
2858 4968 3214 5042 διετρίψαμεν
3269 4968 3614 5036 ἐξετάζοντες
3675 4970 3821 5045 περὶ

2216 5054 2456 5122 τούτων,
2515 5060 2608 5114 ἐπὶ
2673 5061 2784 5135 (80)
2835 5064 2901 5135 τῇ
2947 5062 3217 5135 φαντασίᾳ
3272 5062 3367 5116 τοῦ
3427 5060 3676 5127 δοξάζειν
3708 5065 3820 5135 τὴν

2220 5146 2456 5218 Χριστοῦ
2490 5152 2781 5225 ἐπιδημίαν
2809 5154 3026 5217 πολλοὶ,
3060 5154 3398 5225 σοφωτέρους
3420 5155 3549 5217 τοὺς
3576 5153 3823 5210 ἀποστό-

2221 5237 2346 5304 λους
2372 5241 2483 5296 τῶν
2520 5245 2773 5318 πατέρων
2815 5247 2909 5301 καὶ.
2961 5247 3069 5302 τῶν
3115 5244 3411 5321 προφητῶν
3451 5244 3730 5314 λέγοντες.
3766 5251 3823 5304 οἱ

2297 5544 2410 5615 (79)
2439 5546 2500 5599 Ἃ
2525 5544 2926 5615 ἐπεθύμησεν.
2962 5541 3054 5598 Sic
3088 5551 3235 5615 recte
3271 5539 3434 5615 habet
3450 5539 3623 5598 codex
3664 5538 3821 5596 Bod-

2226 5609 2456 5670 lcianus.
2491 5615 2547 5671 In
2575 5609 2818 5671 editione
2854 5615 3118 5668 Ituetiana
3142 5612 3295 5667 deest
3318 5609 3375 5668 ἃ.

2297 5686 2413 5760 (80)
2463 5687 2622 5742 Ἐπί.
2662 5687 2803 5756 Lege
2832 5688 2976 5740 ἐπεί.
