4020 6216
223 325 336 383 209

1325 330 1684 388 COMMENT.
1731 329 1798 384 IN
1833 327 2030 384 JOAN.
2069 328 2308 385 TOMUS
2346 327 2440 384 Vl.

3397 330 3502 386 9J0

226 444 334 515 μὲν
367 447 463 499 καὶ
497 445 683 521 ἕτερον
715 450 1128 505 ἀναπεπλάκασι
1171 450 1304 506 Θεδν
1337 455 1562 524 μείζονα
1588 497 1605 520 ,
1653 455 1702 506 οί
1759 453 1818 506 δέ

1930 453 2092 507 Deum
2125 453 2386 522 tttajnt‘etlt
2433 453 2728 518 tinxerunt,
2769 452 2863 507 alii
2900 466 3029 506 vero
3070 453 3172 508 hoc
3212 467 3317 508 non
3359 453 3503 520 ausi,

227 536 308 610 μὴ
356 537 522 592 τοῦτο
568 541 932 614 τολμήσαντες
957 583 972 608 ,
1008 545 1133 598 ὅσον
1185 545 1278 599 ἐπὶ
1328 545 1408 617 τῷ
1440 547 1621 600 αὐτῶν
1653 546 1817 618 λόγῳ,

224 629 318 684 διὰ
371 632 435 687 τὸ
476 634 832 688 ἀϐασάνιστον
860 635 970 690 τῶν
1003 638 1291 708 δογμάτων
1316 640 1695 710 χρεωκοποῦσι
1720 642 1822 712 τὴν

224 722 528 796 δεδομένην
576 729 686 789 τοῖς
739 729 978 798 πατράσι
1042 731 1136 784 καὶ
1193 733 1306 794 τοῖς
1362 733 1671 804 προφήταις
1713 734 1823 787 ἀπὸ

228 814 370 868 Θεοῦ
401 815 492 870 διὰ
519 816 754 890 Χριστοῦ
789 818 1023 891 δωρεάν,
1059 821 1128 874 δι’
1157 816 1218 876 οὗ
1250 822 1317 875 τά
1359 823 1536 876 πάντα
1563 824 1778 892 ἐγένετο
1802 841 1816 854 ο

228 911 280 962 εί
319 909 378 962 δέ
415 910 487 963 τὰ
524 911 733 975 πάντα,
769 912 1012 984 δηλονότι
1045 916 1140 968 καὶ
1170 915 1238 968 τά
1268 915 1495 981 ἐκείνοις
1546 917 1822 971 ἀποκαλυ-

229 999 436 1068 φθέντα
471 1000 610 1055 καλά
647 1003 743 1056 καὶ
780 1006 1146 1076 πεπραγμένα
1195 1006 1440 1078 σύμϐολα
1504 1009 1820 1081 μυστηρίων

230 1091 544 1158 θεοσεϐείας
583 1095 776 1163 ἁγίων.
824 1097 1042 1168 Ἐπειδὴ
1097 1098 1204 1170 (81)
1246 1100 1423 1171 πάντη
1479 1101 1823 1172 φράσσεσθαι

226 1187 312 1239 δεῖ
341 1188 468 1251 τοὺς
511 1189 797 1256 γενναίους
833 1191 1069 1262 Χριστοῦ
1121 1193 1460 1266 στρατιώτας
1505 1195 1647 1265 ὑπὲρ
1691 1195 1825 1266 ἀλη-

232 1278 406 1342 θείας,
437 1280 679 1352 οὐδαμοῦ
714 1287 855 1340 κατά
885 1287 945 1339 τὸ
964 1286 1192 1340 δυνατὸν
1227 1287 1582 1360 παρείσδυσιν
1615 1287 1825 1350 ἐῶντας

229 1371 552 1450 ἐγγενέσθαι
607 1377 672 1446 τῇ
726 1377 836 1430 ἀπὸ
884 1377 978 1430 τοῦ
1023 1378 1252 1447 ψεύδους
1295 1378 1642 1449 πιθανότητι’
1691 1377 1824 1451 φέρε

232 1461 330 1513 καὶ
393 1461 568 1516 ταῦτα
623 1467 1006 1540 σκοπήσωμεν.
1061 1471 1216 1540 Τάχα
1266 1470 1376 1540 γὰρ
1431 1473 1660 1541 φήσουσι
1725 1471 1824 1542 τὴν

233 1549 508 1622 προτέραν
555 1553 799 1608 Ἰωάννου
845 1559 977 1630 περὶ
1017 1561 1258 1631 Χριστοῦ
1311 1560 1615 1631 μαρτυρίαν
1650 1557 1819 1615 εἶναι’

240 1659 259 1690 ε
309 1641 368 1692 '0
401 1643 577 1696 ὀπίσω
613 1663 714 1716 μου
753 1648 1053 1721 ἐρχόμενος
1082 1649 1393 1721 ἔμπροσθέν
1427 1669 1526 1722 μου
1560 1653 1780 1720 γέγονεν
1804 1694 1820 1718 ,

234 1735 319 1786 δτι
372 1736 585 1807 πρῶτός
621 1757 722 1808 μου
752 1736 840 1810 ἦν·
876 1761 895 1793 ι
951 1743 1013 1795 τὸ
1049 1742 1128 1806 δέ,
1172 1762 1189 1794 ι
1220 1745 1340 1797 Ὀτι
1380 1745 1441 1796 ὲκ
1472 1745 1564 1796 τοῦ
1598 1743 1819 1816 πληρώ-

1924 556 2190 614 quantnm
2227 561 2292 600 ex
2335 545 2575 615 ipsorum
2626 544 2811 599 verbis
2855 544 3186 613 percipimus
3215 586 3230 611 ,
3280 553 3505 614 propter

1924 637 2328 708 dogmataqua:
2355 635 2627 706 explicata
2665 635 2902 690 difﬁcilia
2941 645 3092 701 sunt,
3124 637 3418 706 prophetas
3439 650 3504 689 ac

1928 731 2116 786 Patres
2161 731 2303 784 dono
2357 729 2681 784 defraudant
2716 731 2859 800 quod
2898 729 3003 784 illis
3035 745 3064 782 a
3095 729 3204 784 Deo
3246 727 3504 782 donatum

1927 821 2104 878 fuerat
2129 838 2224 892 per
2252 821 2552 884 Christum,
2588 836 2686 890 per
2709 836 2867 890 quem
2891 821 3072 875 omnia
3101 818 3243 874 facta
3274 829 3402 872 sunt
3423 818 3504 886 ”;

1927 929 2050 969 nam
2081 913 2127 968 si
2157 914 2364 978 omnia,
2393 913 2740 984 perspicuum
2765 914 2935 966 etiam
2973 920 3077 980 est,
3109 925 3230 981 qua;
3267 909 3376 963 illis
3417 923 3507 963 re-

1924 1007 2096 1062 velata
2129 1007 2350 1062 fuerunt
2397 1006 2657 1077 prmclara
2704 1013 2758 1059 et
2806 1015 3050 1074 peracta,
3094 1004 3247 1074 signa
3290 1012 3507 1057 sancto-

1927 1117 2048 1154 rum
2079 1101 2460 1171 mysteriorum
2494 1100 2670 1154 cultus
2703 1099 2797 1154 Dei
2832 1114 2928 1168 per
2950 1097 3126 1167 ipsum
3147 1081 3288 1150 facta
3317 1094 3506 1150 fuisse.

1925 1185 2043 1242 Jam
2085 1188 2340 1256 quoniam
2385 1188 2760 1257 undequath
2797 1186 2997 1241 muniri
3028 1200 3252 1240 necesse
3289 1197 3375 1255 est
3409 1199 3506 1256 εσσ-
3573 1223 3576 1226 ι

1930 1291 2156 1333 uerosos
2188 1278 2389 1332 Christi
2425 1279 2626 1334 milites
2667 1294 2768 1348 pro
2800 1277 3054 1342 veritate,
3092 1291 3356 1346 nusquam
3410 1291 3508 1344 pro

1930 1369 2074 1424 virili
2122 1371 2238 1424 lieri
2293 1370 2677 1440 permittentes
2725 1371 3028 1440 ingressum
3079 1369 3230 1424 falsa!
3281 1383 3504 1438 persua-

1927 1456 2092 1521 sioni,
2117 1472 2216 1526 age
2262 1467 2316 1511 et
2346 1459 2462 1513 inec
2497 1459 2930 1514 consideremus.
2960 1459 3096 1512 Nam
3133 1459 3365 1514 fortasse
3397 1460 3509 1530 pri-

1928 1563 2076 1602 mum
2113 1547 2344 1604 Joannis
2374 1551 2440 1604 de
2470 1551 2693 1606 Christo
2732 1553 3108 1607 testimonium
3139 1568 3262 1608 esse
3285 1555 3505 1608 dicent:

1931 1657 1954 1690 ι
1987 1638 2086 1706 Qui
2119 1650 2242 1707 post
2264 1655 2347 1696 me
2379 1641 2548 1708 venit,
2577 1653 2703 1696 ante
2743 1658 2830 1697 me
2860 1642 3036 1698 factus
3065 1651 3173 1707 est,
3206 1645 3330 1714 quia
3359 1645 3508 1714 prior

1926 1744 2012 1785 me
2037 1741 2156 1786 erat
2180 1732 2255 1796 ³⁸;
2297 1751 2315 1782 ι
2353 1742 2410 1787 et
2460 1733 2594 1788 illud
2629 1750 2646 1790 :
2686 1753 2704 1786 ι
2747 1735 2826 1789 Ex
2864 1736 3203 1805 plenitudine
3235 1738 3354 1808 ejus
3403 1752 3506 1794 nos

239 1845 408 1896 ματος
437 1829 601 1884 αὑτοῦ
636 1833 798 1901 ἡμεῖς
827 1833 1029 1896 πάντες
1064 1834 1348 1905 ἐλάϐομεν,
1379 1835 1469 1888 καὶ
1505 1837 1663 1907 χάριν
1692 1813 1818 1892 *ἀντὶ
1853 1813 1894 1867 Β
1919 1841 2109 1880 omnes
2133 1827 2462 1897 πθθρίηιυεο
2487 1838 2542 1883 θι
2566 1830 2798 1900 ﬁmum“
2827 1845 2928 1899 1)Γο
2953 1831 3130 1897 ατθιὶθ
3161 1831 3230 1896 ³⁸ν
3265 1852 3283 1885 ³
3312 1845 3509 1904 οί⁴ἶ¹¹³³

238 1919 481 1992 χάριτος,
506 1922 639 1975 ικαὶ
675 1922 744 1976 τά
781 1923 931 1994 ἑξῆς,
983 1924 1228 1996 είρῆσοαι
1281 1928 1344 1978 ἐκ
1386 1925 1678 1995 προσώπου
1724 1927 1817 1982 τοῦ

241 2011 503 2081 μαθητοῦ.
567 2015 889 2083 Ἀναγκαῖον
936 2016 992 2069 δὲ
1053 2018 1147 2070 καὶ
1208 2015 1380 2088 οὕτως
1430 2017 1699 2087 διελέγξαι
1746 2020 1821 2083 ὼς

241 2101 614 2176 βεϐιασμένην
670 2107 763 2160 καὶ
815 2108 1174 2162 ἀνακόλουθον
1225 2109 1324 2182 τὴν
1385 2111 1612 2183 ἐκδοχήν
1646 2129 1660 2143 ο
1720 2113 1824 2166 πάν

238 2212 301 2248 νυ
359 2195 470 2268 γάρ
528 2197 698 2267 βίαιον
731 2199 796 2251 τὸ
849 2200 1056 2253 οἴεσθαι
1121 2202 1385 2270 αἰφνίδιον
1453 2203 1616 2255 οἱονεὶ
1668 2202 1826 2256 ἀκαί-

239 2302 353 2348 ρως
409 2287 794 2342 διακόπτεσθαι
848 2290 938 2342 τὸν
991 2291 1085 2344 τοῦ
1145 2292 1450 2346 Βαπτιστοῦ
1512 2293 1668 2362 λόγον
1721 2293 1824 2346 ὑπὸ

231 2377 334 2429 τοῦ
391 2377 547 2447 λόγου
602 2378 696 2434 τοῦ
769 2382 1052 2454 μαθητοῦ,
1116 2385 1210 2437 καὶ
1263 2387 1425 2455 παντὶ
1469 2385 1546 2457 τῷ
1590 2387 1683 2440 καὶ
1729 2387 1824 2439 ἐπὶ

235 2470 402 2522 ποσὸν
477 2472 696 2526 ἀκούειν
778 2476 1146 2548 συμφράσεως
1218 2478 1526 2549 λεγομένων
1592 2480 1822 2533 ἐπιστα-

235 2561 385 2632 μένῳ
447 2565 616 2634 σαφὲς
663 2566 724 2619 τὸ
763 2566 859 2620 τοῦ
920 2568 1112 2639 είρμοῦ
1167 2569 1268 2639 τῆς
1316 2569 1548 2636 λέξεωςο
1597 2590 1614 2622 ι
1657 2568 1824 2635 Οὗτος

231 2649 303 2720 ἦν
332 2651 392 2704 ὃν
417 2649 598 2708 εἷπον
624 2657 681 2710 ’0
693 2657 867 2711 ὀπίσω
883 2675 982 2728 μου
1026 2659 1320 2731 ἐρχόμενος
1372 2661 1682 2733 ἔμπροσθέν
1723 2680 1824 2734 μου

232 2745 476 2813 γέγονεν,
527 2748 606 2801 ’ότι
661 2749 879 2822 πρῶτός
918 2768 1019 2822 μου
1049 2747 1137 2824 ἦν.
1179 2772 1198 2806 ι
1251 2754 1500 2809 Διδάσκει
1538 2756 1596 2809 δὲ
1643 2757 1671 2808 ὁ
1717 2757 1824 2810 Βα-

233 2839 467 2909 πτιστὴς
493 2839 608 2904 πῶς
648 2841 959 2914 ἔμπροσθεν
988 2845 1154 2899 αὑτοῦ
1203 2846 1426 2915 γέγονεν
1470 2848 1700 2919 Ἰησοῦς,
1748 2849 1827 2921 τῷ

233 2929 454 3000 πρῶτος
479 2932 666 2998 αὑτοῦ,
713 2935 836 2987 ἐπεὶ
873 2955 891 2986 ‹
929 2937 1274 3007 πρωτότοκος
1307 2939 1486 3011 πάσης
1519 2941 1769 3006 κτίσεως,
1803 2961 1823 2994 ι

234 3015 400 3086 εἶναι,
425 3021 515 3075 διά
537 3021 654 3087 τοῦ,
686 3041 704 3074 ι
730 3023 852 3078 ’Ὀτι
882 3027 945 3078 ἐκ
975 3025 1069 3078 τοῦ
1091 3026 1456 3099 πληρώματος
1483 3027 1646 3082 αὑτοῦ
1667 3031 1828 3100 ἡμεῖς

1922 1928 2264 1987 sequuntur,
2318 1917 2524 1972 dictum
2575 1916 2746 1974 fuisse
2800 1935 2867 1974 ex
2924 1935 3158 1990 persona
3227 1923 3500 1992 discipuli.

1925 2007 2078 2064 Unde
2110 2024 2333 2064 necesse
2357 2019 2440 2064 est
2479 2009 2898 2080 intelligentiam
2932 2013 3072 2067 hanc
3103 2012 3373 2074 refellere.
3404 2029 3503 2069 ceu

1925 2110 2171 2156 coactam
2224 2111 2278 2156 et
2335 2116 2444 2164 non
2491 2114 2945 2172 consequenter».
2997 2105 3303 2158 Admodum
3358 2107 3502 2160 enim

1927 2193 2221 2246 violentum
2251 2202 2338 2247 est
2365 2193 2692 2249 existimare
2741 2206 2970 2264 repente
3019 2197 3162 2252 adeo
3193 2206 3248 2250 et
3300 2197 3501 2266 imporo

1929 2295 2055 2340 tune
2109 2285 2364 2355 Baptista:
2427 2283 2733 2340 orationem
2799 2287 3159 2356 interruptam
3214 2288 3383 2344 fuisse
3435 2291 3504 2345 ab

1925 2378 2173 2431 oratione
2221 2376 2500 2446 discipuli.
2541 2377 2606 2432 Et
2659 2391 2793 2432 sane
2825 2378 2905 2432 vel
2958 2379 3180 2434 cuilibet
3235 2381 3326 2450 qui
3380 2391 3503 2435 tan-

1928 2469 2098 2524 tillum
2164 2467 2417 2537 judicare
2484 2468 2619 2523 sciat
2691 2479 3010 2524 contextum
3083 2471 3350 2527 orationis
3411 2488 3506 2528 eo-

1927 2580 2044 2619 rum
2093 2580 2215 2634 qua:
2257 2564 2545 2629 dicuntur,
2599 2562 2853 2618 lectionis
2907 2563 3080 2619 series
3137 2575 3324 2634 aperta
3361 2577 3499 2622 est:

1930 2657 2090 2727 107
2127 2675 2145 2707 ι
2187 2655 2283 2711 llic
2312 2666 2451 2719 erat,
2479 2671 2641 2726 quem
2669 2655 2781 2710 dixi
2819 2672 2832 2708 :
2874 2655 2974 2724 Qui
3027 2667 3149 2725 post
3204 2674 3289 2712 me
3329 2657 3504 2725 venit,

1927 2761 2053 2805 ante
2090 2765 2176 2804 me
2210 2748 2392 2804 factus
2417 2757 2524 2816 est,
2555 2750 2680 2820 quia
2728 2749 2879 2819 prior
2923 2765 3009 2804 me
3042 2761 3161 2805 erat
3184 2751 3252 2807 “.
3289 2769 3309 2804 ι
3343 2751 3508 2808 Docet

1926 2851 2109 2896 autem
2138 2839 2383 2910 Baptista
2439 2840 2710 2910 quomodo
2740 2851 2866 2894 ante
2911 2855 2970 2894 se
3016 2841 3194 2896 factus
3222 2845 3292 2896 sit
3322 2841 3506 2910 Iesus,

1928 2931 2104 2986 dictus
2130 2931 2246 3000 ipso
2269 2928 2511 2999 Baptista
2561 2930 2731 2999 prior,
2776 2929 2901 3000 quin
2935 2931 3008 2984 sit
3054 2948 3074 2982 ι
3112 2934 3507 3004 primogenitus

1927 3021 2105 3077 omnis
2129 3031 2393 3076 creatura:
2416 3021 2483 3088 "",
2520 3039 2538 3074 ι
2573 3036 2668 3092 per
2710 3021 2800 3076 illa
2835 3020 2998 3075 verba
3031 3038 3045 3075 :
3084 3041 3102 3074 ι
3144 3022 3410 3091 Quoniam
3437 3040 3508 3080 ex

237 3113 440 3176 πάντες
471 3114 733 3186 ἐλάϐομεν
758 3133 771 3146 ⁸
814 3137 832 3168 ι
859 3117 946 3171 διὰ
971 3118 1128 3173 τοῦτο
1156 3120 1265 3191 γάρ
1297 3138 1489 3193 φησιν·
1530 3141 1548 3173 ι
1581 3123 1825 3194 Ἔμπρο-

1930 3114 2265 3185 plenitudine
2312 3115 2431 3186 ejus
2481 3130 2579 3170 nos
2634 3130 2827 3170 omnes
2884 3113 3199 3186 accepimus
3245 3115 3314 3171 '3.
3357 3135 3375 3170 ι
3427 3115 3509 3173 0b

237 3205 365 3258 σθέν
402 3223 500 3273 μου
533 3207 774 3276 γέγονεν,
796 3211 877 3262 ὅτι
908 3210 1122 3282 πρῶτός
1145 3229 1245 3282 μου
1273 3208 1362 3284 ἦν·
1404 3233 1421 3265 ι
1448 3213 1538 3268 διὰ
1563 3213 1722 3268 τοῦτο
1765 3216 1822 3269 δὲ

235 3297 344 3350 νοῶ
374 3298 530 3352 αὑτὸν
553 3301 767 3370 πρῶτόν
803 3319 904 3372 μου
935 3302 1065 3355 ὄντα
1094 3304 1186 3357 καὶ
1217 3306 1538 3378 τιμιώτερον
1568 3307 1716 3380 παρά
1744 3307 1823 3379 τῷ

239 3391 437 3462 Πατρὶ,
475 3393 596 3446 ἐπεὶ
625 3395 690 3446 ἐκ
721 3394 816 3446 τοῦ
847 3395 1213 3468 πληρώματος
1235 3397 1399 3452 αὑτοῦ
1427 3397 1537 3468 ἐγώ
1565 3417 1625 3453 τε
1658 3400 1751 3452 καὶ
1773 3401 1824 3454 οἱ

243 3482 353 3553 πρὸ
385 3483 518 3553 ἐμοῦ
566 3485 842 3556 προφῆται
869 3487 1170 3559 εἰλήφαμεν
1222 3489 1380 3561 χάριν
1409 3489 1507 3560 τὴν
1545 3490 1824 3562 θειοτέραν

240 3576 337 3627 καὶ
355 3575 719 3648 προφητικὴν,
743 3579 860 3631 ἀντὶ
890 3580 1110 3652 χάριτος
1138 3581 1239 3650 τῆς
1267 3581 1406 3636 κατὰ
1434 3581 1531 3652 τὴν
1564 3583 1825 3656 προαίρε-

241 3683 329 3720 σιν
355 3667 510 3737 ἡμῶν
543 3668 930 3739 ἀποδεχθεῖσαν
967 3673 1095 3742 παρ’
1127 3671 1292 3742 αὐτῷ’
1328 3672 1416 3725 διὰ
1457 3672 1614 3726 τοῦτο
1640 3673 1698 3726 δὲ
1731 3675 1826 3728 καὶ

248 3777 266 3807 ι
295 3756 608 3827 ἔμπροσθεν
637 3759 879 3827 γέγονεν,
911 3761 994 3814 ὅτι
1022 3762 1234 3832 πρῶτός
1262 3779 1362 3832 μου
1392 3758 1480 3833 ἦν·
1527 3783 1546 3812 ι
1583 3765 1702 3818 ἐπεὶ
1733 3766 1827 3819 καὶ

243 3852 600 3920 νενοήκαμεν,
638 3854 702 3905 ἐκ
748 3853 843 3904 τοῦ
898 3853 1259 3924 πληρώματος
1306 3855 1470 3907 αὑτοῦ
1525 3856 1825 3926 εἰληφότες,

239 3943 334 3993 τὸν
369 3942 467 4012 μὲν
500 3943 662 4013 νόμον
697 3944 785 3997 διὰ
816 3945 1063 4009 Μωσέως
1111 3945 1378 4011 δεδόσθαι,
1412 3949 1511 4018 οὐχ
1552 3949 1657 4001 ὑπὸ
1697 3951 1828 4003 Μω-

242 4033 405 4096 σέως·
431 4035 528 4106 τὴν
560 4035 617 4089 δέ
641 4036 798 4108 χάριν
820 4039 913 4091 καὶ
946 4037 1044 4109 τὴν
1074 4038 1332 4110 ἀλήθειαν
1358 4039 1447 4094 διὰ
1489 4040 1660 4111 Ἰησοῦ
1697 4043 1831 4114 Χρι-

243 4125 374 4179 στοῦ
406 4127 468 4178 οὐ
495 4126 737 4183 δεδόσθαι
762 4129 942 4198 μόνον,
961 4129 1098 4184 ἀλλά
1125 4131 1220 4184 καὶ
1243 4131 1548 4200 γεγονέναι,
1579 4131 1673 4185 τοῦ
1693 4133 1829 4187 Θεοῦ

242 4218 340 4269 καὶ
369 4217 580 4288 Πατρός
612 4219 778 4272 αὐτοῦ
805 4220 896 4274 τόν
923 4238 982 4273 τε
1013 4221 1176 4292 νόμον
1203 4221 1291 4276 διὰ
1329 4223 1574 4286 Μωσέως
1606 4222 1832 4277 δεδωκό-

241 4327 358 4372 τος,
383 4309 482 4380 τὴν
505 4310 662 4382 χάριν
692 4313 786 4364 καὶ
826 4313 924 4382 τὴν
950 4312 1208 4384 ἀλήθειαν
1251 4313 1340 4368 διὰ
1383 4314 1556 4384 Ἰησοῦ
1591 4315 1829 4388 Χριστοῦ

246 4400 629 4468 πεποιηκότος
663 4402 822 4472 χάριν
853 4402 911 4455 δέ
952 4403 1045 4455 καὶ
1079 4403 1335 4474 ἀλήθειαν
1363 4405 1722 4476 πεποιηκότος
1741 4406 1830 4460 διὰ

1929 3207 2074 3263 hanc
2114 3207 2258 3263 enim
2302 3223 2522 3263 causam
2581 3207 2776 3276 inquit,
2815 3225 2834 3258 ι
2872 3207 3008 3261 Ante
3052 3222 3140 3262 me
3185 3206 3362 3264 factus
3399 3216 3508 3273 est,

1926 3303 2184 3374 quoniam
2207 3302 2358 3372 prior
2388 3317 2472 3357 me
2497 3309 2618 3356 erat
2641 3300 2708 3366 ³⁸,
2740 3319 2760 3354 ι
2795 3310 2846 3354 ct
2869 3306 2939 3356 ob
2977 3301 3119 3356 hanc
3163 3317 3384 3358 causam
3421 3301 3508 3356 in.

1927 3395 2114 3468 telligo
2137 3411 2263 3450 enm
2285 3397 2521 3466 priorem
2568 3409 2654 3450 me
2697 3395 2966 3450 exsistere
2995 3403 3052 3448 et
3094 3395 3236 3463 apud
3287 3393 3508 3450 Patrem

1927 3487 2395 3544 honorabiliorem
2426 3501 2567 3552 esse,
2613 3486 2870 3556 quoniam
2905 3499 2971 3539 ex
3005 3485 3121 3553 ejus
3169 3485 3509 3556 plenitudine

1931 3590 2042 3634 tum
2095 3596 2214 3651 ego,
2263 3590 2375 3634 tum
2436 3579 2736 3650 prophetae,
2794 3577 2884 3646 qui
2937 3592 3024 3632 me
3072 3587 3508 3641 antecesserunt,

1931 3674 2344 3742 sumpserimus,
2375 3687 2570 3740 nempe
2596 3671 2826 3742 gratiam
2867 3671 3216 3734 diviniorcm,
3248 3680 3303 3724 et
3335 3669 3510 3736 ntajo-

1932 3779 2068 3826 rem,
2101 3773 2153 3817 et
2192 3763 2590 3832 propheticam,
2618 3777 2718 3829 pro
2743 3776 2806 3815 ea
2845 3761 3019 3830 gratia
3051 3776 3176 3830 quze
3211 3759 3509 3815 secundum

1931 3854 2251 3908 electionem
2317 3861 2558 3907 nostram
2613 3861 2825 3921 recepta
2846 3860 2958 3918 est;
3009 3852 3079 3906 ob
3136 3852 3275 3906 hanc
3329 3860 3512 3907 autem

1933 3961 2156 4000 causam
2195 3963 2213 3997 ι
2251 3956 2376 4000 ante
2433 3960 2519 3999 me
2557 3965 2576 3997 ι
2608 3945 2770 3999 etiam
2800 3963 2820 3998 ι
2864 3944 3040 4001 factus
3083 3955 3202 4011 est,
3252 3945 3510 4016 quoniam

1933 4040 2081 4108 prior
2116 4054 2200 4092 me
2232 4047 2370 4101 erat,
2408 4058 2426 4090 ι
2457 4039 2583 4110 quia
2613 4053 2678 4093 ex
2711 4037 3045 4107 plenitudine
3069 4037 3187 4107 ejus
3215 4055 3342 4094 cum
3373 4039 3508 4093 han-

1933 4129 2213 4193 sissemus,
2246 4127 2616 4183 intelleximus
2644 4127 2806 4183 etiam
2834 4127 3002 4198 legem
3031 4142 3127 4198 per
3156 4125 3378 4194 Mosem,
3404 4143 3512 4182 non

1934 4237 1963 4274 a
2002 4220 2168 4284 Mose,
2202 4222 2382 4274 datam
2415 4218 2586 4276 fuisse
2618 4220 2664 4253 “
2695 4235 2709 4272 :
2747 4219 2982 4292 gratiam
3042 4235 3174 4276 vero
3225 4229 3280 4273 et
3311 4221 3514 4275 verita-

1935 4323 2040 4366 tem
2086 4328 2180 4382 per
2226 4313 2408 4367 .lesum
2465 4312 2743 4367 Christum
2799 4326 2906 4366 non
2932 4309 3106 4367 solum
3160 4310 3364 4371 datam,
3417 4310 3512 4362 sed

1933 4407 2098 4460 etiam
2131 4405 2332 4459 factam
2389 4404 2573 4459 fuisse.
2612 4403 2814 4469 Nempe
2865 4403 2983 4456 Deo
3024 4411 3081 4455 et
3119 4401 3279 4455 Patre
3320 4399 3512 4468 ipsius,

257 4491 438 4562 Ἰησοῦ
493 4493 730 4564 Χριστοῦ
765 4494 862 4565 τὴν
908 4495 992 4547 ἐπ’
1025 4495 1344 4567 ἀνθρώπους
1384 4496 1686 4564 φθάσασαν.
1735 4499 1825 4551 Εῦ-

1939 4507 2050 4550 ιιιιιι
2112 4496 2286 4565 legem
2343 4511 2438 4564 per
2501 4495 2704 4551 Mosem
2755 4496 2937 4556 dante,
2997 4500 3109 4545 tum
3143 4491 3427 4544 veritatem
3458 4497 3515 4543 et

245 4582 686 4657 γνωμονέστερον
714 4586 822 4657 γάρ
851 4585 1179 4649 ἀκούσαντες
1215 4587 1314 4656 τῆς
1344 4586 1540 4651 λέξεως
1587 4588 1687 4658 τῆς
1727 4607 1829 4658 φα-

248 4673 513 4744 σκοῦσης,
543 4694 559 4727 ι
589 4677 654 4728 Ἥ
684 4677 842 4748 χάρις
871 4677 966 4730 καὶ
988 4679 1021 4747 ἡ
1041 4675 1265 4747 ἀλήθεια
1283 4676 1372 4729 διὰ
1397 4677 1567 4748 Ἰησοῦ
1590 4679 1826 4750 Χριστοῦ

247 4766 488 4834 ἐγένετο,
533 4787 551 4820 ι
587 4769 646 4822 οὐ
674 4768 1150 4841 ταραχθησόμεθα,
1182 4769 1257 4833 ώς
1289 4769 1393 4824 ὑπὸ
1426 4771 1829 4842 ἐναντιιῦματος

248 4858 427 4930 ταύτῃ
465 4863 530 4932 τῇ
564 4864 712 4931 φωνῇ
753 4861 904 4924 ὄντος
952 4860 1044 4913 τοῦ
1079 4879 1097 4910 ι
1145 4859 1284 4929 Ἐγώ
1314 4861 1427 4931 είμι
1449 4863 1482 4931 ή
1508 4861 1645 4925 ὁδὸς,
1677 4862 1829 4932 καὶή

249 4951 498 5022 ἀλήθεια,
530 4953 621 5006 καὶ
647 4956 680 5025 ἡ
714 4953 848 5024 ζωή.
875 4973 892 5002 ι
912 4955 974 5007 Εἰ
1001 4953 1109 5024 γὰρ
1138 4952 1345 5024 Ἰησοῦς
1366 4955 1510 5006 ἐστιν
1534 4956 1562 5008 ό
1582 4954 1829 5024 φάσκων,

256 5059 276 5091 ι
332 5040 475 5108 Ἐγώ
504 5044 618 5112 είμι
654 5044 686 5112 ή
719 5042 969 5112 ἀλήθεια,
1011 5063 1028 5094 ι
1067 5043 1184 5106 πῶς
1212 5044 1250 5113 ἡ
1274 5043 1501 5114 ἀλήθεια
1524 5045 1612 5097 διὰ
1656 5044 1830 5114 Ἰησοῦ

247 5132 493 5202 Χριστοῦ
521 5133 758 5201 γίνεται;
785 5134 946 5197 αὐτὸς
965 5134 1072 5206 γάρ
1103 5152 1185 5198 τις
1205 5135 1272 5187 δι’
1300 5133 1492 5188 ἐαυτοῦ
1519 5136 1579 5188 οὐ
1599 5136 1827 5202 γίνεται.

261 5223 430 5276 Ἀλλά
455 5225 693 5295 νοητέον,
729 5227 811 5279 ὅτι
849 5229 882 5297 ἡ
929 5225 1288 5296 αὐτοαλήθεια
1323 5229 1356 5298 ή
1387 5227 1671 5298 οὑσιώδης,
1715 5230 1828 5292 καὶ,

249 5315 322 5368 ἶν’
354 5313 532 5379 οὕτως
579 5316 738 5380 εἴπω,
780 5317 1132 5389 πρωτότυπος
1175 5318 1276 5388 τῆς
1327 5320 1385 5371 ἐν
1418 5323 1538 5384 ταῖς
1590 5321 1836 5390 λογικαῖς

249 5409 456 5479 ψυχαῖς
489 5409 764 5482 ἀληθείας,
799 5411 890 5481 ἀφ’
913 5406 982 5483 ἧς
1005 5409 1260 5482 ἀληθείας
1283 5411 1446 5465 οἱονεὶ
1469 5412 1675 5476 εἰκόνες
1699 5413 1840 5466 ἐκεί-

326 5549 374 5578 ³⁸
393 5547 548 5602 Joan.
584 5563 622 5611 ι,
653 5547 707 5600 5.

253 5618 302 5650 “
335 5619 468 5674 ibid.
500 5619 586 5673 l7.
661 5617 704 5649 “
738 5617 868 5672 ibid.
948 5617 994 5650 δ’
1022 5615 1178 5673 Joan.
1213 5631 1320 5680 xiv,
1355 5616 1408 5671 6.

783 5547 829 5579 “
857 5547 986 5602 ibid.
1016 5547 1103 5602 15.
1187 5548 1231 5579 ⁸⁸
1263 5546 1395 5604 ibid.
1433 5549 1516 5604 l6.
1595 5551 1640 5582 “
1664 5550 1822 5606 Joan.
1853 5565 1891 5616 ι,
1924 5549 2010 5604 l3.

1935 4588 2168 4657 gratiam
2204 4604 2301 4657 per
2320 4587 2505 4642 Jesum
2527 4587 2803 4641 Christum
2831 4585 3060 4639 faciente
3102 4600 3114 4634 :
3153 4581 3384 4649 gratiam
3419 4593 3517 4632 au-

1939 4692 2044 4736 tem
2101 4690 2156 4735 et
2202 4681 2486 4735 veritatem
2532 4695 2629 4746 per
2680 4677 2865 4733 Jesum
2924 4675 3201 4730 Christum
3258 4671 3516 4736 faciente,

1938 4787 2058 4842 qua!
2086 4771 2332 4825 homines
2365 4769 2650 4840 praevenit.
2698 4767 2992 4823 Candidius
3029 4765 3174 4820 enim
3219 4772 3284 4819 eL
3301 4756 3540 4834 simpli--~

1939 4865 2055 4918 cius
2101 4863 2523 4930 interpretantes
2559 4874 2621 4914 ea
2671 4858 2856 4926 verba,
2917 4875 2947 4908 ι.
2980 4857 3167 4911 Gratia
3218 4864 3272 4910 et
3317 4855 3519 4911 veritas

1939 4970 2034 5024 per
2061 4953 2245 5010 Jesutn
2271 4952 2545 5008 Christum
2593 4950 2734 5006 facta
2769 4959 2853 5004 est
2882 4950 2962 5012 ⁸¹,,
2991 4967 3009 5001 ι
3058 4963 3180 5002 ιιοιι.
3215 4949 3516 5004 discrucia-

1940 5045 2141 5108 bimur,
2165 5043 2386 5113 perinde
2409 5042 2564 5113 quasi
2589 5042 2925 5096 contrarium
2952 5040 3038 5095 his
3067 5041 3140 5095 sit
3172 5039 3298 5093 illud
3323 5056 3337 5092 :
3364 5056 3382 5088 ι
3406 5037 3518 5106 Ego

1938 5152 2054 5190 sum
2089 5136 2195 5200 via,
2231 5137 2457 5202 veritas,
2481 5143 2534 5188 et
2565 5136 2684 5189 vita
2713 5134 2789 5200 υς
2833 5154 2852 5187 ι
2885 5150 3007 5188 nam
3037 5134 3082 5188 si
3109 5131 3268 5188 lesus
3300 5140 3384 5185 est
3419 5130 3512 5200 qui

1938 5230 2089 5293 dicit,
2125 5247 2145 5280 ι
2179 5229 2288 5299 Ego
2318 5245 2436 5282 sum
2465 5228 2668 5284 veritas
2710 5245 2729 5279 ι
2761 5228 2852 5298 qui
2879 5226 2995 5281 lieri
3023 5232 3203 5296 potest
3233 5231 3293 5277 ut
3315 5222 3517 5278 veritas

1945 5336 2040 5389 per
2060 5321 2244 5376 Jesum
2292 5321 2407 5384 liat,
2444 5337 2567 5377 cum
2606 5319 2804 5388 aliquis
2843 5333 2939 5387 per
2981 5316 3222 5386 seipsum
3258 5331 3362 5370 non
3388 5314 3519 5368 fiat?

1949 5410 2055 5467 Sed
2087 5411 2504 5481 intelligendum.
2529 5419 2612 5466 est
2638 5410 2782 5480 quod
2811 5408 3170 5480 αὑτοαλήθεια
3199 5423 3261 5463 ea
3293 5422 3412 5478 qua:
3433 5416 3520 5462 est

2103 5549 2146 5582 ³⁷
2184 5549 2363 5606 Calas.
2401 5565 2440 5614 t,
2480 5549 2567 5604 l5.
2681 5548 2724 5580 ³⁸
2747 5546 2904 5602 Joan.
2943 5545 3095 5611 t,16.
3199 5543 3399 5600 "ibid.
3433 5541 3516 5600 l5.

327 5731 446 5802 (8η
479 5729 742 5798 Ἐπειδὴ.
777 5729 920 5802 Lego
947 5729 1067 5784 ἐπεὶ
1101 5729 1176 5783 δέ.
1215 5727 1333 5785 Mox
1363 5727 1533 5784 codex
1571 5727 1824 5785 Bodleian

1930 5737 2071 5784 recte
2102 5729 2265 5785 habet
2293 5727 2653 5800 φράσσισθαι,
2683 5725 2883 5799 Regius
2913 5739 2967 5785 et
2995 5727 3352 5793 Barberiuus,
3380 5733 3512 5802 φρὶ-

255 5800 468 5867 σεσθαί,
495 5803 652 5858 male.
