3962 6206
514 307 606 362 3H
1957 313 2280 370 ORIGENIS
2345 319 2348 322 ’

3659 275 3791 374 ἐῑε

511 445 609 498 per
636 443 694 483 se
725 427 949 487 veritas.
979 427 1090 495 ipsa
1129 428 1217 482 illa
1244 444 1363 498 qum.
1401 441 1484 485 est
1509 432 1907 500 substantialis,
1935 444 2010 496 et,
2037 445 2091 488 ιιι

2199 451 2295 504 νης
2324 433 2726 488 ὲντετύπωνται
2775 436 2887 496 τοῖς
2935 435 3194 506 φρονοῦσι
3221 435 3319 506 τὴν
3347 433 3628 507 ἀλήθειαν,
3665 436 3792 508 οὐχὶ

514 533 584 575 ita
614 522 819 585 dicam,
854 522 1084 592 primum
1109 523 1390 593 exemplar
1435 525 1580 580 illius
1610 526 1858 582 veritatis
1890 543 2008 596 qme
2035 529 2088 582 in

513 615 797 670 aninubtts
845 619 986 670 inest
1022 617 1249 672 rationis
1280 618 1596 687 c5pacilms.
1658 634 1688 674 a
1721 635 1824 686 qua
1863 621 2092 676 veritate

512 707 678 762 Veluti
707 706 973 776 imagines
1019 708 1163 763 illius
1199 710 1478 778 impressa:
1534 710 1688 766 fuere
1716 713 2093 781 spectantibus

512 800 820 866 veritatem,
855 817 960 856 non
1003 817 1100 872 per
1145 801 1329 857 Jesum
1359 805 1634 860 Cltristmn
1673 808 1813 862 facta
1861 817 1966 875 est,
1997 825 2094 864 ne-

514 909 616 962 que
643 895 864 948 omnino
899 911 996 964 per
1041 895 1298 964 aliquem,
1333 898 1427 951 sed
1477 914 1506 951 a
1547 899 1676 954 Deo.
1726 901 2094 968 Quemadmo-

509 987 639 1041 dum
681 989 824 1043 enim
879 1003 1056 1058 neque
1091 989 1287 1044 Sermo
1333 991 1423 1044 ille
1449 993 1543 1060 qui
1582 993 1634 1047 in
1681 994 1947 1064 principio
1976 1006 2091 1052 erat

511 1080 652 1150 apud
686 1081 850 1135 Deum
880 1081 946 1145 “,
980 1097 1086 1136 non
1118 1093 1204 1138 est
1236 1099 1335 1152 per
1357 1085 1636 1154 aliquem;
1669 1102 1844 1156 neque
1877 1088 2094 1158 sapien-

512 1171 585 1224 tia
619 1172 729 1232 illa,
761 1187 924 1241 quam
957 1173 1163 1227 creavit
1189 1174 1347 1230 initio
1370 1177 1578 1229 viarum
1615 1193 1836 1231 suarum
1861 1179 2002 1234 Deus
2023 1181 2090 1245 “,

510 1279 616 1318 non
645 1274 729 1318 est
757 1280 854 1333 per
879 1265 1121 1334 aliquem
1155 1283 1169 1320 :
1199 1266 1280 1321 sic
1315 1282 1491 1336 neque
1526 1268 1730 1324 veritas
1761 1270 1850 1324 illa
1882 1282 1965 1326 est
1999 1287 2094 1342 per

510 1356 766 1426 aliquem.
805 1356 999 1410 Verum
1041 1373 1163 1427 quin
1185 1359 1325 1429 apud
1354 1359 1604 1416 homines
1631 1370 1716 1416 est
1746 1364 1971 1428 veritus,
1999 1380 2095 1434 per

515 1447 690 1506 Iesum
726 1449 1000 1504 Christum
1060 1450 1204 1505 facta
1237 1459 1354 1515 est;
1407 1451 1556 1519 verbi
1622 1455 1820 1523 gratia.
1891 1459 2095 1511 veritas

511 1556 632 1606 qua:
661 1540 713 1594 in
742 1540 910 1594 Paulo
940 1539 1083 1594 inest
1109 1543 1434 1610 caeterisque
1463 1542 1742 1610 apostolis,
1780 1557 1877 1612 per
1903 1542 2090 1598 Jesum

509 1629 788 1684 Christum
819 1630 962 1684 facta
997 1639 1102 1685 est.
1128 1629 1241 1685 Nec
1273 1632 1469 1685 mirum
1502 1642 1609 1693 est.
1664 1635 1710 1689 si
1737 1637 1940 1691 veritas
1971 1651 2092 1691 cum

508 1723 580 1776 sit
613 1738 742 1785 una,
771 1721 968 1778 multas
998 1723 1153 1792 quasi
1184 1724 1446 1778 veritates
1485 1725 1552 1779 ab
1581 1725 1669 1780 illa
1697 1727 1945 1782 dicamus
1992 1728 2092 1782 dil-

2193 527 2280 582 διὰ
2323 528 2498 598 Ἰησοῦ
2522 527 2758 600 Χριστοῦ
2791 527 3030 597 ἐγένετο,
3059 529 3169 582 οὐδ’
3192 530 3332 593 ὅλως
3357 527 3444 584 διά
3473 548 3639 594 τινος,
3669 531 3789 584 ἀλλ’

2195 619 2298 674 ὑπὸ
2326 619 2462 674 Θεοῦ
2505 620 2743 689 ἐγένετο·
2767 620 2843 684 ὡς
2871 621 2964 675 καὶ
2991 622 3019 674 6
3047 621 3220 690 Λόγος
3252 621 3312 674 ού
3339 621 3429 674 διά
3465 639 3632 686 τινος,
3657 624 3690 676 6
3733 625 3789 676 ὲν

2195 714 2337 784 ἀρχῇ
2371 712 2506 784 πρὸς
2547 714 2638 766 τὸν
2667 712 2820 777 θεὸν,
2860 715 2954 766 καὶ
2999 715 3032 785 ἡ
3075 715 3235 783 σοφία
3263 714 3331 785 ἢν
3364 713 3578 768 ἔκτισεν
3611 715 3790 787 ἀρχὴν

2193 804 2329 859 ὁδῶν
2363 805 2531 858 αὐτοῦ
2574 808 2603 860 6
2633 804 2786 870 Θεὸς,
2823 807 2883 858 ού
2912 805 3002 860 διά
3043 822 3206 868 τινος·
3242 804 3417 870 οὕτως
3448 806 3569 859 οὐδὲ
3596 809 3628 877 ἡ
3653 807 3790 878 ἀλή-

2195 895 2317 950 θεια
2363 896 2453 950 διά
2482 914 2646 962 τινος.
2689 898 2754 950 Ἦ
2805 896 2862 950 δὲ
2914 897 3042 968 παρ’
3089 895 3402 970 ἀνθρώποις
3438 897 3667 968 ἀλήθεια
3697 898 3787 953 διὰ

2207 989 2382 1062 Ἰησοῦ
2417 990 2652 1062 Χριστοῦ
2699 990 2934 1059 ἐγένετο·
2992 984 3103 1042 οἷον
3137 991 3171 1061 ἡ
3205 992 3262 1043 ὲν
3308 987 3506 1060 Παύλῳ
3553 989 3788 1060 ἀλήθεια

2194 1081 2289 1134 καὶ
2313 1083 2424 1144 τοῖς
2453 1080 2773 1143 ἀποστόλοις
2801 1079 2893 1134 διὰ
2936 1079 3112 1150 Ἰησοῦ
3134 1079 3374 1151 Χριστοῦ
3405 1079 3644 1149 ἐγένετο.
3677 1079 3792 1134 Kal.

2193 1175 2254 1228 ού
2293 1173 2626 1246 θαυμαστὸν,
2661 1176 2791 1244 μιᾶς
2839 1171 3009 1244 οῦσης
3053 1171 3331 1244 ἀληθείας,
3375 1173 3539 1227 οἱονεὶ
3583 1171 3793 1236 πολλὰς

2195 1267 2292 1320 ἀπ’
2327 1267 2542 1338 ἐκείνης
2572 1265 2754 1336 λέγειν
2786 1265 3138 1338 ὲῤῥυηκέναι.
3172 1260 3292 1319 Οἵδε
3321 1265 3452 1334 γοῦν
3495 1266 3524 1317 6
3569 1265 3792 1337 προφή-

2193 1377 2294 1431 της
2324 1359 2486 1414 Δαυῒδ
2521 1359 2716 1424 πολλὰς
2752 1359 3012 1431 ἀληθείας
3042 1358 3238 1428 λέγων·
3289 1377 3307 1410 ι
3359 1357 3645 1430 Ἀληθείας
3691 1360 3791 1411 ὲκ-

2196 1453 2350 1523 ζητεῖ
2380 1453 2604 1522 Κύριος.
2648 1471 2667 1503 ι
2806 1451 2916 1522 γὰρ
2943 1450 3042 1524 τὴν
3071 1449 3204 1521 μίαν
3231 1447 3452 1521 ὲκζητεῖ
3476 1449 3734 1519 ἀλήθειαν
3761 1450 3793 1501 6

2194 1544 2378 1618 πατὴρ
2408 1545 2600 1615 αὐτῆς,
2649 1543 2784 1598 ἀλλὰ
2816 1543 2916 1607 τὰς
2963 1543 3186 1606 πολλὰς,
3232 1543 3299 1596 δι’
3331 1541 3396 1604 ἀς
3432 1540 3694 1605 σώζονται
3740 1542 3790 1593 οῖ

2194 1637 2410 1709 ἔχοντες
2440 1636 2628 1700 αὐτάς.
2657 1636 2731 1688 T6
2749 1637 2791 1688 δ’
2813 1637 2996 1707 ὅμοιον
3019 1634 3097 1705 τῷ
3131 1633 3381 1706 περὶτῆς
3410 1631 3669 1704 ἀληθείας
3695 1632 3793 1685 καὶ

2195 1729 2304 1781 τῶν
2343 1727 2610 1798 ἀληθειῶν
2647 1727 2810 1798 λόγῳ,
2869 1726 3196 1798 εὑρίσκομεν
3236 1724 3526 1796 εἰρημένον
3554 1723 3685 1794 περὶ
3711 1722 3793 1775 δι-

511 1813 698 1871 lluere.
733 1813 878 1869 Vidit
908 1814 1050 1868 enim
1083 1813 1250 1868 David
1282 1815 1371 1870 ille
1398 1818 1662 1887 propheta
1697 1819 1897 1873 multas
1945 1821 2091 1874 veri-

2201 1793 2493 1893 καιοσύνης
2507 1821 2600 1874 καὶ
2610 1793 2986 1874 δικαιοσυνῶν.
3003 1819 3075 1872 Τὸ
3091 1793 3197 1891 γὰρ
3210 1793 3656 1886 αὐτοδικαιοσύνη
3674 1815 3790 1886 (8i)

511 1916 672 1972 tates,
705 1908 892 1962 dicens
921 1906 967 1940 "
1004 1925 1018 1962 :
1053 1925 1072 1958 ι
1111 1907 1386 1964 Veritates
1438 1912 1690 1980 exquiret
1744 1913 2024 1968 Dominus.
2067 1931 2086 1966 ι

509 1997 628 2054 Non
655 2000 800 2054 enim
834 2017 994 2055 unam
1041 2002 1278 2070 exquirit
1325 2001 1614 2056 veritatem
1651 2003 1893 2060 veritatis
1922 2005 2093 2076 ipsius

508 2088 696 2154 Pater,
722 2091 818 2144 sed
851 2090 1072 2154 niitltas,
1104 2107 1202 2162 per
1233 2107 1372 2162 quas
1420 2105 1708 2150 servantur
1744 2096 1836 2164 qui
1870 2111 1962 2151 eas
1990 2097 2088 2150 ha-

513 2183 661 2238 bent.
691 2184 882 2240 Simile
909 2202 1038 2242 vero
1077 2189 1334 2258 quiddam
1370 2190 1498 2246 huic
1559 2190 1793 2244 orationi
1857 2190 1922 2242 de
1954 2189 2063 2243 veri

511 2285 623 2332 tate
650 2289 706 2332 et
733 2279 1059 2334 veritatibus
1105 2281 1308 2336 dictum
1361 2283 1666 2338 invenimus
1694 2283 1762 2336 de
1799 2281 2012 2351 justitia
2039 2292 2093 2337 et

505 2367 756 2438 justitiis.
809 2372 926 2441 Ipsa
971 2373 1116 2427 enim
1149 2373 1363 2442 justilia
1401 2375 1564 2446 108
1588 2389 1708 2444 quae
1749 2391 1814 2430 ex
1845 2390 1904 2430 se
1931 2385 2014 2432 est
2038 2383 2095 2431 et

509 2461 908 2527 substantialis,
968 2465 1220 2520 Christus
1254 2474 1359 2529 est,
1407 2484 1425 2517 ι
1469 2468 1556 2535 qui
1611 2465 1786 2520 factus
1822 2475 1905 2520 est
1935 2466 2092 2520 nobis

511 2557 782 2624 sapientia
839 2572 868 2610 a
923 2555 1058 2622 Deo,
1113 2559 1458 2628 justitiaque,
1515 2559 1982 2625 etsanctilicatio,
2037 2569 2086 2612 et

513 2649 815 2719 redemptio
844 2649 890 2683 “
917 2651 1228 2724 [perfecta].
1261 2672 1280 2705 ι
1317 2653 1400 2707 Ab
1455 2651 1546 2706 illa
1574 2661 1755 2706 autem
1783 2651 1998 2720 justitia
2027 2669 2090 2707 ea

505 2738 716 2806 jus'itia
750 2741 1013 2798 formatur
1045 2757 1164 2814 quae
1196 2745 1248 2797 in
1280 2759 1610 2813 unoquoque
1636 2745 1796 2810 inest,
1837 2745 1909 2798 ita
1948 2757 2006 2799 ut
2037 2747 2088 2799 in

513 2829 598 2884 his
626 2831 716 2900 qui
752 2844 1065 2898 servantur,
1116 2832 1297 2888 multae
1347 2834 1478 2887 liant
1523 2832 1786 2902 iustitiae;
1844 2835 1986 2890 hanc
2021 2835 2092 2890 ob

511 2936 732 2976 causam
759 2925 920 2978 etiam
970 2927 1236 2994 scriptum
1265 2936 1349 2981 est
1377 2925 1420 2958 "
1454 2941 1469 2980 :
1507 2944 1526 2978 ι
1563 2926 1754 2982 Justus
1805 2927 2089 2991 Dominus,

509 3025 568 3070 et
593 3015 840 3084 justitias
870 3019 1064 3074 dilexit
1096 3037 1112 3075 :
1155 3038 1174 3072 ι
1208 3023 1288 3076 sic
1315 3021 1461 3076 enim
1515 3021 1566 3074 in
1597 3021 1740 3075 veris
1767 3021 2092 3091 exemplari-

2201 1916 2234 1986 ἡ
2268 1911 2530 1984 ούσιώδης
2563 1913 2794 1984 Χριστός
2830 1913 3000 1976 ἐστιν,
3041 1931 3058 1961 ι
3102 1911 3160 1974 ὃς
3198 1909 3432 1981 ἐγενήθη
3469 1910 3626 1978 σοφία
3654 1911 3790 1979 ἡμῖν

2201 2006 2310 2060 ἀπὸ
2332 2004 2490 2070 Θεοῦ,
2527 2004 2840 2078 δικαιοσύνη
2880 2022 2939 2058 τε
2993 2005 3086 2059 καὶ
3120 2003 3412 2074 ἁγιασμὸς,
3457 2005 3549 2056 καὶ
3588 2000 3792 2055 ἀπολύο

2198 2115 2420 2169 τρωσις.
2467 2116 2484 2148 ι
2513 2097 2633 2150 Ἀπ’
2666 2096 2878 2168 ἐκείνης
2910 2097 2966 2150 δὲ
2996 2097 3092 2166 τῆς
3122 2095 3470 2166 δικαιοσύνης
3500 2098 3532 2168 ἠ
3564 2097 3622 2148 ὲν
3657 2093 3789 2148 ἑκά-

2203 2209 2312 2261 στῳ
2337 2189 2654 2262 δικαιοσύνη
2679 2189 2967 2253 τυποῦται,
2998 2187 3074 2251 ὡς
3107 2187 3354 2256 γίνεσθαι
3373 2188 3451 2238 .ὲν
3480 2188 3595 2248 τοῖς
3630 2185 3789 2249 σωζο-

2204 2284 2385 2354 μένοις
2415 2282 2620 2346 πολλὰς
2645 2280 3011 2354 δικαιοσύνας·
3031 2279 3111 2334 διὸ
3138 2281 3232 2333 καὶ
3255 2280 3586 2350 γέγραπται·
3621 2297 3640 2328 ι
3665 2279 3786 2332 Ὅτι

2198 2353 2408 2438 δίκαιος
2446 2353 2677 2446 Κύριος,
2708 2375 2803 2428 καὶ
2842 2371 3189 2435 δικαιοσύνας
3228 2373 3552 2443 ἠγάπησενσ
3595 2391 3615 2424 ι
3645 2371 3790 2426 οῦτω

2199 2465 2309 2540 γὰρ
2338 2467 2396 2519 ὲν
2426 2468 2538 2530 τοῖς
2568 2465 2851 2538 ἀκριϐέσιν
2879 2464 3234 2536 ἀντιγράφοις
3264 2463 3514 2535 εὕρομεν,
3539 2464 3636 2516 καὶ
3665 2466 3791 2528 ταῖς

2199 2558 2413 2622 λοιπαῖς
2461 2557 2612 2630 παρὰ
2652 2559 2779 2620 τοὺς
2821 2557 3219 2627 Ἐὁδομήκοντα
3269 2555 3533 2618 ὲκδόσεσι,
3575 2555 3672 2608 καὶ
3710 2555 3790 2625 τῷ

2214 2651 2508 2724 Ἐὅραῖκῷ.
2564 2651 2886 2720 Ἐπίστησον
2928 2649 2986 2702 δὲ
3015 2651 3063 2701 εἰ
3089 2647 3313 2702 δύναται
3337 2647 3540 2718 ὁμοίως
3573 2648 3669 2700 καὶ
3719 2647 3788 2701 τὰ

2200 2746 2354 2812 ἄλλα,
2388 2747 2487 2799 ὅσα
2511 2744 2744 2818 Χριστὸς
2766 2739 2904 2797 εἶναι
2933 2742 3149 2811 λέγεται
3183 2741 3396 2807 ἑνικῶς,
3437 2740 3789 2812 πληθυόμενα

2199 2841 2460 2908 ἀνάλογον
2505 2837 2870 2910 ὀνομάζεσθαι
2930 2835 3332 2908 πληθυντικῶς,
3391 2830 3503 2888 οἷον
3551 2835 3789 2906 Χριστός

2197 2933 2347 2984 ἐστιν
2379 2933 2411 3002 ἡ
2443 2931 2555 3003 ζωὴ
2589 2929 2769 3001 ἡμῶν,
2803 2929 2879 2993 ὡς
2913 2928 3074 2991 αὐτὸς
3101 2928 3130 2979 6
3158 2927 3352 2998 Σωτήρ
3383 2942 3566 2996 φησιν’
3591 2945 3608 2976 ι
3646 2925 3787 2994 Ἐγώ

2199 3028 2316 3095 εἰμι
2345 3023 2535 3095 ὴὸδὸς,
2565 3023 2658 3077 καὶ
2685 3025 2719 3093 ἠ
2753 3021 3002 3092 ἀλήθεια,
3039 3019 3132 3074 καὶ
3157 3020 3190 3089 ἡ
3215 3018 3348 3089 ζωή⁸
3378 3035 3396 3070 ι
3431 3018 3523 3071 καὶ
3555 3019 3583 3070 6
3625 3017 3787 3070 Ἀπό-

513 3109 612 3163 bus
658 3120 715 3166 et
747 3113 960 3168 caeteris
1008 3114 1391 3169 traditiOnibus
1439 3115 1594 3184 juxta
1647 3113 2000 3184 Septuaginta
2035 3123 2091 3169 et

2202 3115 2402 3181 στόλος
2435 3137 2452 3168 ι
2479 3117 2647 3170 Ὅταν
2682 3114 2913 3187 Χριστὸς
2945 3111 3231 3184 φανερωθῇ
3255 3113 3287 3181 ἡ
3309 3110 3424 3182 ζωὴ
3453 3109 3633 3212 quib-xc,
3663 3109 3786 3162 τότε

517 3199 632 3270 ipso
680 3201 952 3259 Hebraico
1003 3205 1330 3262 invenimus.
1395 3206 1606 3275 Inspice
1637 3221 1765 3260 vero
1815 3223 1944 3260 num
1992 3208 2094 3262 isto

509 3296 675 3349 modo
705 3296 809 3351 alia
834 3312 1073 3367 quoque,
1109 3314 1232 3368 qua:
1255 3299 1504 3356 Christus
1535 3315 1656 3356 esse
1685 3301 1884 3355 dicitur
1913 3301 2096 3372 singu-

509 3384 723 3451 lariter,
763 3401 863 3458 pro
903 3391 1254 3458 proportione
1290 3392 1670 3462 multiplicata,
1726 3393 1963 3462 plurium
1991 3409 2093 3446 nu-

511 3492 666 3534 mero
714 3479 894 3535 elferri
937 3482 1182 3550 possint;
1237 3485 1388 3539 verbi
1441 3487 1644 3556 gratia,
1697 3485 1951 3541 Christus
2009 3493 2095 3540 est

510 3573 620 3626 vita
659 3583 866 3640 nostra,
901 3576 1356 3643 quemadmodum
1384 3576 1648 3632 Servator
1671 3581 1786 3645 ipse
1812 3577 1988 3646 inquit
2010 3576 2090 3632 ‘5:

517 3687 539 3722 ι
567 3671 678 3742 Ego
709 3687 826 3728 sum
865 3673 969 3735 via,
1008 3673 1211 3728 veritas
1240 3683 1297 3728 et
1324 3673 1470 3739 vita;
1518 3693 1536 3726 ι
1593 3683 1650 3729 et
1687 3674 1983 3744 Apostolus
2004 3675 2089 3727 "z

515 3781 534 3814 ι
572 3762 1019 3836 Quandocunque
1047 3766 1308 3822 Christus
1341 3767 1729 3824 manifestalus
1766 3767 1933 3821 fuerit
1979 3768 2094 3822 vita

512 3862 719 3918 nostra,
774 3865 904 3912 tunc
957 3866 1012 3911 et
1045 3873 1141 3913 vos
1173 3873 1296 3912 cum
1357 3860 1448 3915 illo
1491 3860 1978 3916 manilestahimini
2039 3861 2090 3914 in

511 3944 700 4015 gloria.
736 3963 758 3997 ι
792 3947 1001 4002 Rursus
1047 3948 1098 4002 in
1140 3947 1370 4005 Psalmis
1417 3953 1684 4021 scriptum
1713 3953 1760 3986 ⁸ο
1793 3971 1804 4006 :
1841 3971 1860 4004 ι
1902 3951 2094 4006 Melior

513 4035 887 4092 misericordia
915 4046 1004 4093 tua
1047 4055 1212 4110 super
1245 4043 1406 4098 vitas.
1453 4061 1473 4096 ι
1511 4044 1647 4098 Nam
1674 4047 1800 4114 quia
1840 4045 2092 4099 Christus

510 4127 566 4180 in
603 4141 931 4198 unoquoque
961 4131 1104 4186 inest
1141 4132 1274 4197 vita,
1316 4135 1439 4189 ideo
1473 4134 1906 4203 multiplicantur
1933 4139 2090 4201 vitae;

506 4216 760 4276 fortassis
798 4219 903 4275 isto
934 4221 1096 4277 modo
1146 4231 1202 4278 et
1234 4222 1365 4277 illud
1402 4224 1787 4294 inquirendum
1821 4242 1835 4278 :
1885 4243 1904 4276 ι
1950 4224 2090 4278 Num

507 4312 944 4382 experimentum
1001 4316 1247 4384 quaeritis
1285 4316 1434 4388 ejus,
1493 4318 1585 4388 qui
1627 4318 1681 4372 in
1715 4334 1800 4373 me
1850 4317 2093 4388 loquitur

506 4405 763 4462 Christus
790 4405 877 4460 “?
922 4426 941 4460 ι
979 4407 1175 4463 Ferme
1225 4410 1370 4465 enim
1427 4412 1480 4465 in
1534 4425 1866 4480 unoquoque
1901 4427 2092 4466 saneto

2200 3214 2294 3266 mi.
2336 3212 2494 3282 ὑμεῖς
2540 3209 2636 3262 σὺν
2688 3207 2838 3278 αὐτῷ
2890 3205 3345 3277 φανερωθήσεσθε
3399 3207 3457 3256 ὲν
3501 3200 3788 3275 δόξῃ.»Ὲν

2198 3305 2450 3375 Ψαλμοῖς
2505 3303 2563 3356 δὲ
2621 3302 2782 3356 πάλιν
2834 3300 3280 3371 ἀναγέγραπται’
3344 3315 3362 3348 ι
3415 3299 3678 3368 Κρεῖττον
3725 3296 3788 3349 τὺ

2199 3397 2346 3460 ἔλεός
2375 3412 2469 3448 σου
2501 3394 2640 3467 ὑπὲρ
2684 3392 2850 3458 ζωὰς·
2890 3411 2908 3443 ι
2940 3391 3030 3446 διὰ
3059 3391 3167 3462 γὰρ
3188 3391 3280 3443 τὸν
3311 3390 3370 3442 ὲν
3399 3389 3614 3458 ἑκάστῳ
3647 3390 3786 3459 Χρι-

2199 3488 2323 3541 στὸν
2369 3485 2498 3539 ὄντα
2529 3482 2674 3554 ζωὴν
2703 3479 3034 3553 πληθύονται
3083 3481 3139 3532 αἱ
3168 3477 3326 3542 ζωαί.
3357 3476 3512 3547 Τάχα
3553 3475 3612 3528 δὲ
3644 3474 3788 3527 οῦτω

2198 3578 2459 3650 ζητητέον
2491 3577 2584 3631 καὶ
2613 3575 2692 3628 τό·
2743 3592 2763 3625 ι
2802 3575 2865 3627 Ei
2891 3569 3120 3643 δοκιμὴν
3171 3570 3383 3640 ζητεῖτε
3425 3567 3518 3620 τοῦ
3565 3568 3624 3618 ὲν
3665 3567 3789 3637 ἐμοὶ

2198 3671 2485 3734 λαλοῦντος
2509 3667 2783 3740 Χριστοῦς
2815 3685 2834 3717 ι
2865 3664 3045 3719 Οἱονεὶ
3076 3663 3184 3735 γὰρ
3216 3661 3340 3716 καθ’
3367 3661 3597 3714 ἕκαστον
3632 3659 3789 3726 ἆγιον

2197 3761 2432 3834 Χριστὸς
2465 3760 2799 3832 εὑρίσκεται,
2847 3759 2942 3812 καὶ
2977 3755 3216 3824 γίνονται
3251 3754 3340 3808 διὰ
3385 3755 3476 3807 τὸν
3505 3751 3605 3805 ἕνα
3648 3753 3788 3822 Χρι-

2198 3853 2322 3908 στὸν
2352 3852 2536 3908 πολλοὶ
2573 3849 2822 3923 Χριστοὶ,
2866 3849 2917 3902 οἰ
2965 3846 3176 3900 ἐκείνου
3231 3844 3487 3916 μιμηταὶ,
3523 3844 3618 3897 καὶ
3665 3844 3789 3895 κατ’

2197 3946 2358 4000 αὑτὸν
2397 3945 2580 3999 εἰκόνα
2611 3943 2742 3996 ὄντα
2776 3939 2911 3994 Θεοῦ
2955 3937 3396 4010 μεμορφωμένοι·
3427 3933 3550 3989 ὅθεν
3575 3935 3604 3986 6
3655 3933 3790 3996 Θεὸς

2196 4037 2284 4092 διὰ
2312 4036 2406 4089 τοῦ
2442 4035 2727 4108 προφήτου
2760 4030 2916 4103 φησι·
2951 4050 2968 4080 ι
3010 4030 3101 4100 Μὴ
3137 4027 3348 4098 ἆψησοε
3385 4025 3494 4079 τῶν
3529 4023 3790 4098 Χριστῶν

2202 4147 2324 4200 μου.
2364 4149 2382 4179 ι
2427 4131 2494 4182 Ὃ
2518 4126 2698 4180 τοίνυν
2726 4123 2988 4194 ἐδόξαμεν
3022 4119 3456 4192 παρεληλυθέναι
3488 4116 3790 4188 διηγούμε-

2196 4238 2275 4274 νοι
2297 4219 2378 4284 τό,
2421 4238 2440 4270 ι
2487 4218 2550 4271 Ἡ
2580 4217 2738 4290 χάρις
2767 4215 2862 4269 καὶ
2899 4215 2933 4286 ἡ
2963 4211 3190 4283 ἀλήθεια
3215 4210 3304 4263 διὰ
3345 4207 3520 4280 Ἰησοῦ
3566 4206 3790 4279 χριστοῦ

2198 4311 2435 4380 ἐγένετο,
2477 4329 2495 4361 ι
2529 4307 2687 4362 τοῦτο
2713 4305 2809 4360 νῦν
2835 4305 2976 4360 κατά
3003 4305 3063 4358 τὸ
3097 4302 3338 4374 ἐμπεσὸν
3370 4298 3790 4370 ἁνεπτύξαμεν·

2199 4404 2317 4476 ἅμα
2353 4403 2410 4458 δὲ
2453 4402 2902 4476 παρεστήσαμεν,
2930 4401 3013 4453 δτι
3054 4397 3150 4451 τοῦ
3182 4395 3490 4450 Βαπτιστοῦ
3536 4395 3792 4448 Ἰωάννου

506 4495 759 4552 Christus
799 4497 1098 4566 invenitur,
1153 4510 1209 4555 et
1255 4501 1390 4556 ﬁunt
1450 4516 1548 4572 per
1587 4518 1754 4556 unum
1809 4502 2086 4557 Christum

2199 4499 2398 4568 ἐστὶνὴ
2433 4497 2602 4567 φωνή·
2631 4493 2791 4548 ἔτιδὲ
2815 4493 2910 4547 καλ⁸
2933 4491 3020 4546 διὰ
3046 4489 3252 4544 τούτων
3284 4486 3692 4561 μαρτυροῦντος
3713 4487 3792 4558 τῷ

509 4589 664 4644 multi
694 4590 925 4661 ChriSti,
964 4593 1110 4648 illius
1140 4595 1468 4660 imitatores,
1509 4607 1565 4652 et
1605 4595 1982 4651 trausformati
2025 4597 2091 4650 ad

2201 4591 2316 4663 Υἱῴ
2348 4590 2442 4645 τοῦ
2473 4586 2632 4642 Θεοῦ.

475 4683 654 4756 tillius
685 4687 1120 4755 similitmlinem,
1165 4693 1256 4759 qui
1301 4704 1386 4748 est
1427 4693 1604 4761 imago
1651 4692 1778 4760 Dei;
1821 4694 1964 4748 unde
2004 4709 2101 4762 per
2141 4691 2462 4760 praphetam
2516 4683 2692 4754 inquit
2748 4683 2888 4736 Deus
2928 4698 2941 4735 :
2987 4699 3006 4731 ι
3049 4680 3128 4735 Ne
3182 4678 3474 4750 tetigeritis
3553 4675 3793 4729 christos

510 4797 658 4836 meos
701 4783 769 4837 ⁸’.
827 4804 846 4835 ι
898 4787 1051 4852 Quod
1105 4789 1265 4858 igitur
1322 4791 1374 4844 in
1428 4792 1740 4846 enm-rando
1785 4793 1886 4846 visi
1935 4806 2122 4846 sumus
2170 4786 2537 4858 przuteriisse;
2601 4797 2827 4849 nempe,
2887 4799 2906 4830 ι
2954 4778 3140 4832 Gratia
3192 4787 3249 4833 et
3299 4776 3504 4831 veritas
3553 4789 3653 4844 per
3695 4770 3794 4826 Je-

509 4890 631 4928 sum
671 4875 948 4932 Christum
977 4879 1115 4934 facta
1149 4893 1231 4936 est
1253 4883 1318 4949 ⁵³,
1353 4904 1371 4934 ι
1409 4884 1590 4940 obiter
1627 4900 1769 4939 mmc
1815 4885 2197 4953 explicuimus,
2243 4881 2466 4949 insuper
2488 4875 2842 4928 ostendentes
2889 4871 3116 4926 Joannis
3169 4868 3426 4940 Baptista:
3476 4869 3616 4923 hanc
3665 4883 3795 4923 esse

509 4983 722 5031 vocem,
760 4972 937 5027 adhuc
983 4974 1144 5027 etiam
1183 4989 1278 5044 per
1327 4977 1443 5032 haec
1482 4979 1642 5033 verba
1688 4979 2053 5056 testimonium
2099 4973 2374 5030 reddentis
2408 4971 2546 5024 Filio
2585 4967 2700 5022 Dei.

576 5065 631 5120 4.
674 5065 791 5120 Jam
829 5080 957 5137 ergo
1013 5069 1296 5123 videamus
1346 5073 1642 5126 secundum
1694 5071 2091 5127 .Ioannistesti-

510 5156 748 5212 monium
775 5157 842 5209 ⁸³.
870 5157 946 5212 Ex
983 5157 1374 5229 Hierosolymis
1413 5160 1609 5224 Judaei,
1638 5179 1736 5216 ceu
1768 5164 1955 5216 allines
1987 5163 2090 5216 Ba-

507 5249 708 5317 ptistae,
743 5250 834 5320 qui
881 5265 949 5305 ex
989 5266 1188 5321 genere
1224 5253 1547 5308 sacerdotali
1581 5264 1720 5318 erat,
1775 5257 2091 5310 sacerdotes

440 5361 445 5368 ·
508 5340 752 5406 mittunt,
787 5352 842 5395 ct
870 5341 1090 5397 Levitas
1118 5343 1576 5414 interrogaturos,
1603 5346 1726 5414 quis
1759 5346 1978 5399 tandem
2003 5361 2090 5397 es-

509 5444 594 5487 set
627 5431 886 5491 Joannes.
930 5435 1000 5489 At
1052 5437 1143 5492 ille
1195 5437 1404 5506 dicens,
1444 5459 1462 5491 ι
1503 5438 1614 5492 Non
1644 5453 1762 5493 sum
1805 5453 1903 5508 ego
1932 5437 2090 5492 Chri-

585 5523 629 5555 δ’
654 5523 811 5579 Joan.
846 5541 884 5591 ι,
920 5526 974 5580 9.
1052 5527 1098 5559 “
1129 5530 1284 5586 Prov.
1317 5547 1431 5590 vin.
1473 5533 1563 5587 9.2.

509 5595 554 5628 ⁸³
582 5595 791 5671 (9910εῇ
821 5611 924 5671 Αριιε
952 5597 1004 5671 ‘3
1027 5668 1040 5671 _
1109 5602 1156 5633 ⁸⁰
1203 5603 1348 5658 l’sal.
1394 5620 1528 5671 LXII,
1562 5604 1617 5660 4.

515 5683 552 5728 ι,
593 5667 673 5720 l7.
749 5665 795 5697 ⁵⁸
821 5666 948 5720 ibid.
985 5668 1071 5720 l9.

1665 5534 1710 5566 "‘
1743 5533 1883 5586 Psal.
1918 5548 2046 5591 xxx.
2079 5531 2169 5590 23.
2249 5533 2295 5563 ⁸⁸
2342 5532 2356 5585 I
2387 5530 2514 5582 Cor.
2565 5543 2605 5592 ι.
2641 5526 2729 5581 50.

1705 5605 1760 5636 ’⁸⁸
1801 5603 1841 5657 ΙΙ
1877 5604 2005 5658 Cor.
2040 5619 2157 5667 xm,
2198 5605 2254 5657 5.

2267 5069 2318 5120 4.
2349 5065 2487 5135 Ἤδη
2514 5059 2605 5118 οῦν
2636 5061 2834 5132 ἴδωμεν
2865 5059 2964 5131 τὴν
2984 5057 3246 5129 δευτέραν
3291 5057 3535 5112 Ἰωάννου
3575 5073 3794 5128 μαρτυ-

2201 5160 2338 5230 ρίαν.
2375 5157 2509 5210 Ἀπὸ
2549 5153 2935 5226 Ἰεροσολύμων
2982 5153 3244 5214 Ἰουδαῖοι,
3279 5151 3355 5214 ὠς
3388 5153 3670 5219 συγγενεῖς
3700 5150 3796 5202 ῦνο

2195 5269 2285 5316 τες
2329 5249 2423 5302 τοῦ
2451 5245 2780 5310 Βαπτιστοῦ,
2818 5245 2926 5298 ἀπὸ
2957 5244 3147 5313 γένους
3179 5240 3453 5313 ἱερατικοῦ
3489 5241 3796 5310 τυγχάνον-

2193 5361 2306 5407 τος,
2339 5344 2501 5412 ἱερεῖς
2532 5339 2810 5410 πέμπουσι
2839 5338 2934 5390 καὶ
2959 5338 3190 5400 Λευῖτας
3221 5335 3614 5408 πευσομένους,
3639 5336 3797 5398 ὅστις

2197 5437 2328 5491 ποτε
2351 5437 2436 5506 εἴη
2460 5437 2488 5487 6
2529 5433 2803 5502 Ἰωάννης.
2849 5431 2908 5485 Ὁ
2936 5431 2993 5484 δὲ
3019 5431 3194 5499 λέγων
3208 5432 3288 5494 τὸ,
3325 5451 3341 5482 ι
3388 5429 3528 5498 Ἐγὼ
3549 5433 3651 5484 οὐκ
3675 5432 3800 5500 εἰμι

2823 5526 2867 5556 ’⁸⁷
2911 5525 3051 5582 Psal.
3093 5543 3146 5586 It,
3173 5528 3227 5580 8.
3308 5525 3352 5558 ⁸⁸
3379 5524 3536 5579 Joau.
3573 5539 3689 5586 XIV,
3736 5526 3795 5578 6.

2349 5605 2396 5636 δ’
2429 5602 2648 5656 lParal.
2702 5612 2813 5661 xvi,
2848 5596 2952 5662 22;
2995 5596 3134 5652 l’sal.
3192 5609 3301 5662 etv,
3356 5598 3445 5654 15.
3558 5595 3799 5650 “Joan.

583 5762 690 5836 (82)
725 5763 793 5819 Τὸ
822 5763 930 5834 γὰρ
958 5764 1485 5834 αὐτο-δικαιοσύνη.
1519 5765 1831 5838 Legendum
1851 5764 2083 5831 videtur,

2199 5764 2300 5835 γὰρ
2326 5761 2792 5831 αὐτοδικαιοσύνη.
2847 5759 2850 5764 ’
