3962 6206
496 296 600 351 213'

1967 287 2295 348 ORIGENIS

497 430 610 467 iam
652 431 679 466 ιι
717 411 1007 468 Pltarisaeis
1036 411 1399 475 mittentibus,
1443 420 1604 481 atque
1644 416 1839 479 printer
1870 407 2045 463 factan

2174 402 2464 474 ἀπόκρισιν
2492 404 2602 465 τοῖς
2635 399 2840 473 ἱερεῦσι
2891 399 2986 454 καὶ
3019 398 3273 462 Αευῖταις
3319 394 3759 470 ἑπαπορούντων.

496 507 901 575 responsionem
950 505 1329 559 sacerdotibus
1364 512 1417 557 et
1466 502 1704 566 Levitis,
1750 500 1912 554 dubia
1948 518 2067 556 mo-

493 597 761 653 vennbus.
798 595 1039 651 Observa
1068 609 1200 664 ergo
1230 594 1502 663 quomodo
1525 604 1749 662 propter
1778 606 2066 661 personam

490 698 761 742 sacratam
810 698 863 742 et
902 684 1226 751 Leviticam,
1265 703 1388 742 cum
1431 685 1852 740 mansuetudine
1903 693 2068 754 atque

489 780 731 833 discendi
784 779 1044 834 aviditate
1088 779 1347 835 dicuntur
1378 794 1441 832 ea
1490 777 1652 832 verba
1697 792 1710 828 :
1753 794 1773 828 ι
1817 774 1895 829 Τιι
1942 775 2066 845 quis

410 922 421 929 .
487 869 588 925 es?
632 890 651 922 ι
677 881 733 925 et
761 871 891 925 illud
926 890 941 926 :
977 890 996 923 ι
1026 872 1165 940 Quid
1189 871 1360 942 ergo?
1384 871 1529 925 Elias
1552 885 1610 925 es
1635 869 1727 923 tu?
1762 888 1780 921 ι
1815 879 1869 922 et
1897 868 2063 922 illud:

489 979 510 1011 ι
554 957 694 1015 Num
740 963 1002 1032 propheta
1051 964 1144 1017 ille
1186 977 1247 1017 es
1278 961 1374 1017 tu?
1415 980 1435 1014 ι
1465 969 1520 1015 ct
1566 960 1632 1013 ad
1674 962 1785 1014 lucc
1818 978 1831 1013 ε
1869 977 1887 1010 ι
1934 959 2065 1026 Quis

486 1067 560 1110 es.
614 1062 673 1106 ut
732 1068 1050 1121 responsum
1102 1054 1295 1127 demus
1346 1052 1462 1117 his,
1500 1051 1590 1123 qui
1628 1050 1899 1105 miserunt
1930 1047 2065 1103 nos?

483 1143 609 1212 quid
644 1144 780 1198 dicis
822 1144 889 1199 de
924 1152 974 1198 te
1007 1145 1125 1214 ipso
1153 1143 1197 1176 θ’
1229 1145 1252 1198 ?
1298 1164 1317 1198 ι
1353 1144 1542 1214 Neque
1579 1145 1724 1200 enim
1768 1141 2062 1212 quidquam

482 1237 828 1303 prasfractum
856 1239 1149 1292 temeraiiu
1179 1254 1280 1291 :n'c
1323 1239 1462 1291 inest
1512 1237 1565 1291 in
1603 1237 1796 1291 borum
1828 1236 2064 1290 interro-

480 1327 716 1397 gatione,
774 1329 868 1383 sed
919 1332 1099 1383 omnia
1161 1330 1321 1402 llo
1353 1328 1731 1384 tenveuieutia
1780 1327 1922 1382 reris
1965 1324 2061 1381 Dei

479 1419 801 1475 cultoribus.
833 1420 966 1476 Cum
1005 1434 1197 1477 contra
1230 1423 1320 1490 qui
1357 1421 1511 1476 missi
1545 1422 1761 1475 fuerant
1798 1434 1827 1474 a
1864 1416 2061 1473 Phari-

477 1512 624 1575 swis,
654 1511 858 1567 Levitis
887 1513 1087 1583 alioqui
1122 1524 1178 1568 et
1211 1513 1503 1569 sacerdotii
1529 1529 1612 1580 ue,
1648 1511 1871 1565 minime
1900 1511 2062 1564 aner

477 1602 910 1670 disquirentibns
944 1619 1007 1658 ea
1044 1620 1163 1675 quze
1193 1605 1334 1658 dicta
1366 1604 1601 1665 fuerant,
1634 1604 1860 1656 vot-ihus
1895 1600 2057 1654 veluti

475 1695 890 1750 contumeliosis
942 1705 999 1750 et
1071 1694 1546 1749 iulmmanioribus
1617 1710 1741 1748 cum
1814 1692 2057 1761 Baptista

2170 494 2488 566 Παρατήρει
2507 492 2709 557 τοίνυν,
2729 491 2847 554 πῶς
2879 489 3019 546 κατὰ
3052 489 3111 544 τὸ
3141 488 3413 562 ἱερατικὸν
3439 489 3535 543 καὶ
3551 492 3761 547 Λευῖτι-

2170 586 2268 641 κὸν
2316 583 2613 657 πρόσωπόν
2660 586 2778 638 ἐστι
2826 581 2944 654 μεθ’
2974 580 3313 653 ἡμερότητος
3352 580 3625 652 λεγόμενα
3669 584 3761 639 καὶ

2169 676 2546 748 φιλομαθείας,
2574 679 2658 744 τὸ,
2694 695 2712 728 ι
2748 676 2820 730 Σὺ
2851 674 2935 738 τίς
2963 669 3045 739 ei;
3094 693 3113 725 ι
3151 674 3347 739 καὶτὸ,
3388 693 3407 727 ι
3446 675 3512 728 Τί
3533 671 3658 742 οὗνς
3696 679 3758 732 σὺ

2180 769 2367 833 Ἠλίας
2399 764 2485 835 si;
2528 788 2547 820 ι
2596 767 2689 822 καὶ
2724 771 2801 830 τὸ,
2838 785 2857 818 ι
2927 767 2986 820 'U
3020 766 3308 839 προφήτης
3358 763 3469 840 ἆρα
3508 762 3561 822 εί
3597 766 3695 834 σῦς
3736 789 3755 820 ι

2167 858 2262 913 καὶ
2295 858 2389 913 ἐπὶ
2421 858 2652 922 τούτοις
2700 877 2719 908 ι
2754 856 2852 920 Τίς
2885 853 2953 922 εἷ,
2996 856 3084 911 ἴνα
3111 857 3408 930 ἀπόκρισιν
3438 856 3620 928 δῶμεν
3652 860 3761 923 soi;

2166 951 2445 1022 πέμψασιν
2472 952 2653 1023 ἡμᾶςς
2681 948 2934 1019 τίλέγεις
2963 949 3092 1022 περὶ
3118 949 3380 1016 σεαυτοῦ;
3416 969 3435 1002 ι
3456 949 3625 1004 Οὐδὲν
3655 949 3761 1023 γὰρ

2165 1043 2397 1107 αὔθαδες
2420 1043 2541 1097 οὐδὲ
2569 1041 2742 1115 θρασὺ
2769 1043 2826 1096 ὲν
2854 1042 2923 1112 τῇ
2957 1040 3162 1095 τούτων
3194 1042 3308 1095 ἐστὶ
3351 1040 3565 1105 πεύσει,
3626 1041 3763 1096 ἀλλὰ

2166 1136 2345 1190 πάντα
2375 1135 2717 1206 ἁρμόττοντα
2747 1133 3003 1207 ἀκριϐέσι
3035 1133 3401 1207 θεραπευταῖς
3429 1133 3585 1187 Θεοῦ.
3613 1136 3679 1188 Oi
3702 1135 3760 1189 δὲ

2163 1229 2273 1283 ἀπὸ
2307 1228 2416 1282 τῶν
2441 1227 2748 1300 Φαρισαίων
2774 1226 3249 1298 ἀποπειλάμενοι,
3280 1227 3431 1281 οὐδὲν
3459 1244 3761 1300 περιεργα-

2166 1320 2417 1393 σαμένων
2451 1319 2590 1391 πρὸς
2629 1319 2698 1374 τὰ
2719 1319 2987 1392 εἰρημένα
3013 1317 3125 1373 τῶν
3145 1319 3386 1374 Λευῖτῶν
3417 1320 3513 1375 καὶ
3544 1320 3759 1391 ἱερέων,

2161 1415 2324 1468 οἱονεὶ
2377 1412 2701 1486 ὑϐριστικὰς
2743 1412 2838 1467 καὶ
2878 1411 3382 1484 ἀπανθρωποτέρας
3420 1411 3762 1484 προσάγωσι

2164 1504 2244 1576 τῷ
2261 1505 2542 1575 Βαπτιστῇ
2567 1503 2752 1574 φωνὰς
2790 1503 2879 1558 διὰ
2907 1502 3022 1558 τοῦ·
3065 1523 3084 1554 ι
3129 1504 3195 1557 Τί
3220 1499 3314 1558 οὖν
3346 1503 3655 1574 βαπτίζεις,
3710 1506 3762 1558 εἰ

2164 1596 2346 1650 σὺοῦκ
2377 1591 2427 1649 εἷ
2446 1596 2475 1649 6
2506 1595 2759 1667 Χριστὸς,
2783 1595 2905 1649 οῦδὲ
2948 1594 3160 1661 Ἠλίας,
3189 1595 3312 1649 οὐδὲ
3335 1598 3366 1649 6
3397 1597 3757 1668 προφήτηςςι

2163 1688 2273 1742 Καὶ
2304 1688 2492 1759 σχεδὸν
2519 1688 2581 1741 οὔ
2620 1686 2813 1758 μαθεῖν
2845 1687 3183 1759 βουλόμενοι,
3224 1688 3302 1753 ὡς
3335 1690 3385 1742 οἱ
3414 1690 3761 1762 προειρημέ-

475 1797 666 1853 agunt,
698 1802 794 1856 per
818 1787 949 1841 illud
987 1790 1032 1821 ⁸³
1060 1802 1076 1842 :
1109 1805 1127 1838 ι
1167 1787 1306 1854 Quid
1341 1803 1470 1857 ergo
1501 1787 1769 1855 baptizas.
1795 1786 1839 1840 si
1866 1795 1920 1838 tu
1950 1801 2045 1837 non

2159 1798 2238 1834 νοι
2270 1781 2436 1852 ίερεῖς
2482 1781 2579 1834 καὶ
2607 1774 2831 1834 Λευῖταὶ
2861 1780 3306 1844 ἀποστέλλουσιν,
3332 1779 3472 1835 ἀλλὰ
3508 1780 3761 1836 κωλῦσαι

472 1892 533 1931 es
570 1877 846 1945 Christus,
890 1895 1067 1949 neque
1111 1880 1286 1945 Elias,
1333 1894 1510 1948 neque
1550 1877 1640 1933 ille
1697 1876 2001 1948 proliheta?
2032 1894 2051 1926 ›

472 1970 538 2023 lit
568 1970 685 2027 fere
709 1986 818 2026 non
854 1973 1162 2042 intelligere
1187 1972 1450 2034 rolentes,
1487 1970 1654 2025 veluti
1683 1969 1926 2040 przedicti
1955 1968 2056 2023 Le-

470 2064 597 2117 vita:
654 2072 709 2118 et
773 2064 1110 2129 sacerdotes,
1147 2065 1201 2118 hi
1237 2065 1482 2129 mittunt,
1508 2064 1603 2117 sed
1633 2060 1926 2131 prohibere
1956 2075 2054 2115 vo-

469 2158 643 2211 lentes
664 2171 693 2210 a
721 2157 1085 2225 baptizando;
1128 2174 1251 2212 rum
1290 2157 1539 2211 fortassis
1570 2155 1954 2210 existinmrcnt
1982 2156 2047 2207 ad

468 2247 675 2303 nullum
709 2249 875 2304 alimn
927 2251 1203 2319 pertinere
1244 2249 1524 2321 baptizare
1574 2263 1739 2319 quam
1787 2249 1851 2302 ad
1892 2245 2050 2301 Cbri-

466 2348 633 2404 stum,
683 2340 766 2394 vel
804 2341 870 2394 ad
918 2341 1110 2405 Eliam,
1146 2340 1230 2396 vel
1265 2340 1331 2394 ad
1396 2341 1738 2410 praphetam.
1793 2336 1912 2393 Jam
1954 2337 2044 2405 qui

465 2442 724 2489 accurate
754 2435 1094 2503 Scripturam
1129 2434 1307 2504 legere
1333 2434 1589 2497 voluerit,
1626 2430 1963 2501 diligentiam
2000 2430 2047 2483 is

2162 1874 2272 1928 ἀπὸ
2301 1872 2397 1927 τοῦ
2431 1872 2734 1944 βαπτίζεινο
2774 1872 2905 1937 ἴσως
2933 1873 3170 1945 οἰόμενοι
3199 1872 3415 1938 οὐδενὸς
3446 1874 3643 1946 ἑτέρου
3670 1875 3760 1948 ἐρ-

2162 1983 2257 2036 γον
2287 1966 2574 2036 τυγχάνειν
2625 1964 2687 2017 τὸ
2718 1965 3000 2035 βαπτίζειν
3033 1965 3067 2038 ἢ
3105 1965 3366 2035 Χριστοῦ,
3411 1968 3506 2021 καὶ
3546 1967 3758 2027 Ἠλίου,

2161 2058 2254 2111 καὶ
2285 2056 2380 2112 τοῦ
2399 2059 2699 2129 προφήτου.
2724 2056 2833 2113 Καὶ
2855 2056 3131 2130 πανταχοῦ
3164 2058 3483 2130 ἐπιμέλειαν
3498 2059 3589 2114 τὸν
3604 2060 3761 2132 ἀκρι-

2160 2149 2272 2214 ϐῶς
2306 2148 2686 2219 ἐντευξόμενον
2726 2151 2792 2220 τῇ
2828 2149 3018 2222 Γραφῇ
3066 2140 3340 2221 ποιητέον,
3374 2151 3561 2221 τηρεῖν
3590 2152 3761 2220 ἀναγδ

2155 2243 2310 2295 καίου
2341 2242 2492 2305 ὄντος
2523 2241 2593 2294 τὰ
2619 2241 2889 2313 λεγόμενα
2937 2240 3042 2299 ὑπὸ
3077 2240 3263 2305 τίνων,
3306 2241 3402 2295 καὶ
3430 2242 3560 2295 πότε
3588 2240 3742 2312 λέγε·

2153 2354 2264 2400 ττι,
2295 2337 2382 2390 ἴνα
2421 2335 2766 2409 εὑρίσκωμεν
2794 2333 2857 2387 τὸ
2882 2338 2995 2398 τοῖς
3026 2333 3344 2407 προσώποις
3397 2335 3758 2407 ἁρμοζόντως

2155 2428 2556 2500 περιτεθεῖσθαι
2586 2427 2779 2497 λόγους
2804 2428 2871 2482 δι’
2901 2427 3037 2483 ὅλων
3063 2429 3173 2483 τῶν
3199 2427 3369 2498 ἁγίων
3395 2427 3643 2500 βιϐλίων.

464 2529 719 2584 adhibeat
746 2541 985 2600 oportet,
1019 2530 1318 2586 observare
1347 2528 1716 2586 necessarium
1753 2543 1876 2582 cum
1906 2525 1977 2581 sit
2002 2539 2122 2594 quae
2151 2524 2429 2591 dicuntur,
2465 2540 2494 2579 a
2527 2526 2725 2595 quibus
2749 2533 2805 2579 et
2831 2523 3050 2594 quando
3074 2523 3360 2589 dicuntur,
3395 2534 3455 2579 ut
3478 2537 3573 2592 per
3602 2529 3759 2579 lotos

464 2635 682 2681 sanctos
708 2625 876 2682 libros
907 2626 1251 2682 inveniamus
1275 2625 1525 2697 personis
1569 2636 1695 2693 apte
1723 2623 1985 2678 tributum
2013 2634 2343 2677 sermonem.

535 2747 589 2802 Β.
626 2745 773 2801 Tum:
796 2747 1048 2801 miserunt
1071 2746 1251 2801 λιιιιωί
1279 2746 1344 2799 ab
1377 2743 1764 2814 Hierosolymis
1797 2747 2044 2797 sacerdo-

465 2849 539 2893 tes
567 2851 614 2892 et
643 2836 870 2902 Leritus,
901 2848 955 2891 ut
986 2838 1367 2907 interrogarent
1408 2853 1527 2890 eum
1555 2852 1573 2890 :
1606 2834 1649 2889 Τ
1653 2852 1682 2888 ιι
1709 2834 1828 2903 quis
1850 2834 1943 2887 es?
1975 2831 2042 2885 Et

463 2929 733 2997 confessus
764 2938 859 2990 est,
885 2940 932 2981 el
971 2944 1075 2981 non
1106 2928 1304 2997 negarit
1335 2942 1354 2982 :
1385 2936 1433 2981 et
1457 2925 1728 2995 confessus
1755 2936 1827 2978 est
1855 2943 1874 2979 :
1922 2922 2042 2976 Non

461 3037 578 3075 sum
611 3037 703 3092 ego
758 3019 848 3074 ille
902 3019 1143 3082 Christus
1173 3018 1240 3072 ⁵³.
1272 3017 1419 3086 Quos
1466 3018 1685 3072 mittere
1724 3016 1934 3087 legatos
1972 3017 2040 3070 ad

459 3114 725 3168 Joannem
753 3111 925 3168 Judari
954 3113 1245 3181 debebant,
1274 3119 1331 3167 et
1354 3110 1520 3177 unde,
1541 3108 1643 3167 nisi
1671 3122 1766 3165 eos
1786 3109 1878 3178 qui
1907 3122 2047 3178 prm-

461 3206 662 3262 re'tcre
710 3205 1185 3272 existimabantur,
1216 3215 1273 3261 et
1301 3205 1369 3261 ab
1395 3203 1898 3275 Hierosolymorum
1926 3201 2046 3255 loco

462 3315 628 3369 super
674 3313 893 3352 omnem
928 3308 1129 3354 terram
1163 3298 1361 3354 bonam
1414 3296 1713 3371 celebrato,
1768 3294 1857 3348 ubi
1904 3302 2045 3348 tem-

463 3391 607 3456 plum
629 3401 762 3461 erat
793 3390 927 3446 Dei?
975 3389 1243 3447 Joannem
1282 3391 1468 3460 itaque
1501 3397 1656 3444 tanto
1683 3402 1806 3442 cum
1837 3388 2046 3441 honore

461 3485 820 3552 interrogant;
854 3482 929 3538 De
973 3481 1194 3539 Christo
1226 3496 1357 3537 vero
1388 3481 1523 3535 nihil
1577 3480 1683 3536 tale
1715 3479 1931 3534 Judaeos
1961 3476 2042 3531 fe-

459 3577 602 3632 cisse
646 3574 910 3646 scriptum
943 3584 1047 3630 est.
1083 3574 1192 3630 Sed
1226 3574 1369 3643 quod
1417 3572 1585 3628 Judaei
1615 3588 1740 3640 erga
1776 3569 2040 3625 Joannem

460 3668 687 3731 t'aciuut,
724 3672 827 3723 hoc
850 3664 1093 3721 Joannes
1134 3679 1263 3735 erga
1289 3663 1562 3720 Christum
1615 3663 1763 3725 fecit,
1795 3677 1890 3730 per
1915 3675 2042 3714 suos

459 3749 757 3826 discipulos
783 3760 1124 3831 interrogans
1150 3759 1236 3813 “:
1273 3774 1292 3809 ι
1330 3755 1412 3811 Tu
1441 3772 1502 3811 es
1540 3755 1631 3826 qui
1667 3763 1931 3809 venturus
1957 3767 2038 3815 es,

459 3867 528 3901 an
556 3848 721 3902 alium
747 3848 1172 3916 exspectamus?
1206 3866 1224 3899 ι
1257 3846 1319 3901 Et
1349 3844 1587 3901 Joannes
1608 3843 1826 3913 quidem
1850 3843 1918 3896 ad
1946 3858 2040 3896 eos

458 3941 553 4009 qui
592 3938 883 3999 venerant,
915 3939 1206 3992 confessus
1248 3953 1370 3990 cum
1407 3937 1603 3990 fuisset
1636 3945 1819 3989 etnon
1850 3948 2042 4002 negas-

457 4038 568 4092 set,
602 4028 834 4082 subinde
885 4028 1013 4081 illud
1064 4027 1131 4094 ⁶⁷,
1168 4044 1187 4077 ι
1233 4027 1344 4095 Ego
1372 4042 1473 4080 vos
1530 4025 1820 4079 clamantis
1852 4025 1905 4077 in
1942 4024 2039 4076 de-

458 4131 628 4188 serto,
660 4139 677 4173 ι
710 4120 958 4175 enuntiat
987 4136 1002 4185 ;
1038 4119 1294 4173 Christus
1324 4132 1475 4184 vero,
1508 4127 1764 4185 tanquam
1802 4117 1893 4185 qui
1924 4131 2038 4168 tua-

453 4213 545 4282 jus
582 4211 951 4266 testimonium
989 4225 1149 4279 quam
1214 4206 1450 4263 Joannes
1511 4209 1760 4273 haberet,
1814 4199 2039 4274 respon-

457 4303 667 4359 sionem
721 4302 854 4357 facit
909 4301 1255 4357 sermonibus
1302 4309 1357 4355 et
1420 4298 1699 4369 Operibus,
1732 4299 1919 4353 dicens
1942 4297 2032 4350 “":

2160 2767 2166 2773 ·
2228 2745 2279 2799 6.
2305 2746 2442 2799 Τότε
2457 2746 2823 2800 ἀπέστειλαν
2840 2747 2895 2799 ol
2919 2743 3185 2800 Ἰουδαῖοι
3203 2745 3273 2810 ἐξ
3310 2744 3751 2815 Ἱεροσολύμων

2155 2835 2330 2905 ἱερεῖς
2355 2838 2453 2891 ναὶ.
2480 2840 2752 2905 Λευΐτας,
2778 2838 2879 2891 ἵνα
2896 2836 3280 2907 ἐρωτήσωσιν
3300 2839 3506 2892 αὐτόν’
3530 2838 3618 2893 Σὺ
3648 2840 3747 2906 τίς

2154 2923 2237 2991 ei;
2271 2929 2377 2981 Kal
2402 2929 2771 2998 ὡμολόγησε,
2813 2930 2911 2983 καὶ
2945 2932 3055 2984 οὐκ
3082 2929 3421 2997 ἠρνήσατο·
3458 2929 3559 2983 καί
3580 2930 3743 3000 ὡμο-

2153 3018 2373 3088 λόγησε
2385 3037 2440 3082 ν,
2479 3019 2569 3073 ὅτι
2595 3019 2743 3089 Ἐγὼ
2774 3023 2886 3074 οὐκ
2914 3020 3030 3090 ειμι
3071 3023 3104 3075 ό
3134 3020 3411 3089 Χριστός.
3435 3021 3546 3075 Καὶ
3576 3020 3745 3084 τίνας

2156 3103 2323 3182 ἐχρῆν
2354 3111 2664 3182 πρεσϐύτας
2693 3112 3012 3184 πεπέμφθαι
3056 3114 3190 3186 πρὸς
3220 3113 3313 3167 τὸν
3339 3112 3596 3183 Ἰωάννην
3626 3113 3746 3166 ἀπὺ

2151 3195 2444 3271 Ἰουδαίων,
2472 3201 2567 3254 καὶ
2590 3201 2772 3262 πόθεν.
2801 3202 2834 3274 ἢ
2865 3203 2990 3266 τοὺς
3009 3202 3288 3274 διαφέρειν
3311 3200 3746 3272 νενομισμένους

2143 3290 2262 3346 κατ’
2296 3291 2527 3364 ἐκλογὴν
2553 3291 2692 3346 Θεοῦ
2720 3292 2828 3346 ἀπὸ
2854 3292 2950 3346 τοῦ
2977 3292 3350 3366 ὲξειλεγμένου
3385 3294 3538 3368 παρὰ
3552 3296 3750 3351 πᾶσαν

2141 3380 2241 3455 τὴν
2271 3381 2573 3454 λεγομένην
2599 3383 2702 3456 γῆν
2722 3383 2934 3456 ἀγαθὴν
2961 3384 3129 3439 τόπου
3162 3386 3569 3458 Ἱεροσολύμων,
3603 3387 3749 3443 ἔνθα

2141 3478 2170 3529 6
2195 3475 2322 3540 ναὸς
2348 3472 2416 3547 ἧν
2443 3475 2537 3530 τοῦ
2564 3474 2735 3541 Θεοῦ;
2780 3477 3026 3530 Ἰωάννου
3047 3478 3148 3548 μὲν
3174 3474 3269 3531 οὖν
3304 3476 3445 3549 μετὰ
3463 3478 3748 3552 τοσαύτης

2143 3570 2501 3625 ⁸πυνθάνονται
2534 3568 2721 3641 τιμῆςο
2773 3569 2903 3639 περὶ
2934 3568 3175 3640 Χριστοῦ
3215 3569 3274 3623 δὲ
3312 3570 3465 3624 οὐδὲν
3492 3569 3747 3625 τοιοῦτον

2140 3662 2558 3734 ἀναγέγραπται
2590 3661 2873 3730 γεγονέναι
2906 3662 3011 3715 ὑπὸ
3054 3660 3343 3715 Ἰουδαίων
3381 3660 3497 3715 ἀλλ’
3541 3663 3748 3734 ὥσπερ

2153 3752 2393 3806 Ἰουδαῖοι
2446 3751 2583 3823 πρὸς
2651 3750 2905 3819 Ἰωάννην
2956 3750 3206 3815 ποιοῦσι,
3258 3748 3419 3804 τοῦτο
3478 3749 3747 3822 Ἰωάννης

2140 3845 2276 3916 πρὸς
2305 3844 2537 3915 Χριστὸν
2565 3842 2653 3896 διὰ
2677 3842 2785 3896 τῶν
2820 3841 2965 3895 ἰδίων
2999 3842 3258 3914 μαθητῶν
3304 3842 3743 3914 πυνθανόμενος

2145 3958 2163 3989 ι
2203 3937 2273 3991 Σὺ
2308 3933 2358 3990 εἴ
2380 3939 2409 3990 ό
2442 3937 2755 4008 ἐρχόμενος,
2792 3936 2826 4007 ἢ
2867 3937 3055 4008 ἓτερον
3083 3935 3507 4008 προσδοκῶμεν;
3542 3954 3561 3986 ι
3618 3936 3745 3989 Καὶ

2151 4032 2403 4102 Ἰωάννης
2434 4032 2533 4102 μὲν
2563 4031 2700 4103 πρὸς
2733 4032 2861 4093 τοὺς
2903 4029 3231 4101 ἐληλυθότας
3266 4027 3606 4100 ὁμολογήσας
3636 4029 3745 4082 καὶ

2141 4122 2217 4195 μὴ
2248 4122 2623 4194 ἀρνησάμενος
2643 4121 2870 4192 ὕστερον
2893 4122 2973 4188 τὸ,
2998 4141 3017 4173 ι
3060 4120 3202 4190 Ἐγὼ
3230 4120 3382 4192 φωνὴ
3415 4118 3651 4191 βοῶντος
3674 4124 3741 4175 ὲν

2135 4216 2205 4286 τῇ
2235 4215 2445 4285 ἐρήμῳ,
2485 4232 2503 4265 ι
2542 4214 2925 4285 ἁποφαίνεται’
2962 4213 3199 4285 Χριστὸς
3228 4212 3405 4284 δὲτὴν
3437 4213 3741 4285 ἀπόκρισιν

2139 4310 2392 4370 ποιεῖται,
2421 4306 2496 4369 ὡς
2544 4305 2768 4377 μείζονα
2811 4304 2910 4377 τὴν
2946 4304 3250 4377 μαρτυρίαν
3294 4304 3543 4358 Ἰωάννου
3586 4304 3741 4375 ἔχων

462 4419 481 4451 ι
521 4398 624 4464 Ite,
657 4405 714 4453 et
745 4394 1055 4451 renuntiate
1081 4392 1273 4449 Joanni
1312 4408 1430 4463 qua:
1452 4392 1653 4446 auditis
1708 4399 1764 4445 et
1796 4389 1989 4444 videtis
2018 4407 2033 4444 :

2151 4399 2317 4468 λόγοις
2350 4399 2444 4453 καὶ
2475 4398 2656 4473 ἔργοις
2684 4398 2929 4466 φάσκωνο
2985 4416 3003 4448 ι
3047 4396 3409 4469 Πορευθέντες
3450 4397 3736 4466 ἀπαγγεί-

454 4490 585 4546 ιυωοί
644 4488 818 4544 visum
873 4486 1177 4556 recipiunt,
1224 4484 1402 4540 claudi
1463 4482 1779 4548 ambulant,
1837 4478 2035 4549 leprosi

458 4583 809 4646 mandantur,
862 4578 1011 4635 surdi
1047 4577 1299 4642 audiunt,
1330 4589 1601 4647 pauperes
1663 4573 1846 4628 laetum
1888 4572 2038 4626 acci-

457 4674 609 4741 piunt
638 4671 913 4742 Evangelii
948 4669 1236 4736 nuntium;
1273 4688 1293 4721 ι
1339 4672 1407 4723 de
1433 4665 1635 4736 quibus
1677 4662 2035 4726 commodius,

458 4766 568 4819 Deo
601 4765 786 4829 dante,
839 4764 893 4817 in
925 4762 1041 4817 suis
1095 4760 1500 4831 disputabimus
1560 4756 1715 4812 locis.
1776 4751 2037 4807 Fortasse

455 4859 636 4906 autem
686 4865 793 4904 non
823 4849 941 4905 sine
993 4864 1159 4904 causa
1198 4850 1321 4919 quis
1361 4848 1612 4914 instaret,
1666 4857 1770 4900 cur
1818 4842 2032 4896 tandem

455 4941 831 4997 sacerdoubus
880 4948 937 4995 et
995 4938 1198 4995 Levitis
1247 4939 1708 5011 interrogantibus
1744 4941 2030 5005 Joannem,

456 5047 560 5088 non
588 5033 634 5088 si
671 5032 784 5102 ipse
817 5041 962 5086 esset
983 5029 1260 5096 Christus,
1288 5032 1408 5097 sed,
1444 5050 1463 5084 ι
1494 5031 1574 5086 Tu
1603 5034 1726 5103 quis
1749 5034 1848 5088 es?
1897 5053 1916 5087 ι
1950 5048 2033 5086 re-

454 5125 682 5193 spondet
731 5123 968 5193 Baptista
1012 5139 1117 5176 non
1167 5122 1218 5176 id
1261 5123 1405 5192 quod
1462 5138 1562 5192 par
1605 5134 1728 5181 erat
1772 5126 1837 5178 ad
1874 5125 2028 5192 illud,

459 5238 480 5271 ι
510 5219 588 5273 Tu
614 5219 733 5288 quis
754 5234 815 5275 es
832 5220 987 5273 ‘h—c
1002 5217 1109 5288 Ego
1124 5231 1237 5284 vox,
1248 5216 1531 5272 clamantis
1551 5216 1603 5270 in
1630 5217 1877 5283 deserto;
1894 5235 1914 5268 ι
1937 5219 2029 5272 sed

454 5314 596 5378 quod
624 5318 749 5379 apte
772 5310 976 5367 dictum
1014 5310 1226 5375 fuisset,
1278 5307 1324 5362 si
1362 5306 1807 5379 interrogassent,
1863 5309 1942 5363 Tu
1970 5325 2031 5364 es

456 5406 742 5461 Clu-istas?
790 5406 1160 5463 Conveniebat
1214 5405 1361 5461 enim
1409 5405 1477 5460 ad
1534 5404 1666 5460 illud
1698 5423 1712 5459 :
1744 5405 1815 5461 Es
1846 5415 1900 5461 tu
1937 5407 2029 5462 ille

456 5497 741 5551 Christus?
789 5497 962 5552 illud:
995 5517 1013 5551 ι
1055 5498 1170 5567 Ego
1224 5514 1329 5552 non
1383 5511 1524 5552 sum.
1562 5496 1856 5564 Christus;
1902 5516 1921 5549 ι
1959 5497 2028 5552 ad

2138 4489 2268 4545 λατε
2302 4490 2524 4563 Ἰωάννῃ
2552 4489 2587 4545 ἃ.
2617 4490 2843 4562 βλέπετε
2886 4488 2980 4542 καὶ
3007 4487 3254 4542 ἀκούετεο
3287 4488 3477 4558 τυφλοὶ
3507 4487 3739 4542 ἀναϐλέ-

2138 4599 2324 4647 πουσι,
2352 4582 2518 4653 χωλοὶ
2551 4580 2932 4655 περιπατοῦσι,
2964 4580 3157 4653 λεπροὶ
3178 4579 3588 4652 καθαρίζονται,
3612 4597 3734 4634 κω·-

2137 4674 2230 4747 φοὶ
2253 4674 2531 4738 ἀκούουσι,
2576 4675 2780 4745 πτωχοὶ
2813 4672 3279 4743 εὐαγγελίζονταιο
3319 4694 3339 4726 ι
3374 4674 3502 4744 περὶ
3528 4666 3604 4728 ὧν
3632 4676 3734 4729 eii-

2136 4768 2472 4840 καιρότερον,
2508 4767 2642 4820 Θεοῦ
2676 4766 2931 4829 διδόντος,
2973 4767 3031 4820 ὲν
3069 4768 3182 4830 τοῖς
3216 4766 3436 4830 οἰκείοις
3467 4765 3731 4838 διαληψό-

2140 4859 2281 4930 μεθα
2321 4860 2525 4922 τόποις.
2560 4858 2721 4922 Ἴσως
2753 4857 2796 4910 δ’
2822 4854 2888 4912 ἂν
2920 4856 3020 4911 οὐκ
3046 4856 3257 4927 ἀλόγως
3299 4875 3382 4923 τις
3415 4861 3725 4931 ἐπιστήσει,

2133 4951 2188 5005 τί
2240 4951 2438 5021 δήποτε
2480 4949 2589 5003 τῶν
2643 4950 2834 5020 ίερέων
2880 4950 2973 5004 καὶ
3014 4951 3254 5004 Λευῖτῶν
3304 4952 3728 5024 πυνθανομένων

2147 5045 2395 5099 Ἰωάννου
2428 5044 2571 5115 οὐχὶ,
2608 5045 2657 5097 εἰ
2698 5040 2861 5105 αὐτὸς
2906 5042 2990 5113 εἴη
3032 5043 3060 5094 6
3092 5043 3346 5112 Χριστὸς,
3391 5042 3606 5097 ἀλλᾶσι
3646 5045 3724 5098 Σὺ

2133 5135 2218 5200 τίς
2255 5130 2339 5201 εἷς
2379 5155 2397 5188 ι
2428 5136 2779 5209 ἀποκρίνεται
2818 5136 2847 5187 6
2890 5133 3199 5206 Βαπτιστὴς
3241 5134 3341 5205 οὐχ
3377 5134 3515 5206 ὅπερ
3553 5136 3725 5208 ἐχρῆν

2136 5226 2273 5299 πρὸς
2286 5229 2367 5290 τὸ,
2386 5246 2404 5277 ι
2428 5228 2499 5280 Σὺ
2515 5229 2599 5291 τίς
2620 5223 2671 5280 εἷ
2689 5243 2703 5292 ;
2718 5246 2808 5278 ι-
2821 5246 2840 5279 ι
2862 5226 3005 5296 Ἐγὼ
3020 5227 3170 5297 φωνὴ
3189 5226 3416 5297 βοῶντος
3433 5227 3493 5279 ὲν
3510 5229 3577 5298 τῇ
3601 5216 3725 5300 ὲρήέ

2139 5336 2245 5389 μῳ,
2280 5338 2299 5369 ι
2337 5318 2465 5389 ἀλλ’.
2488 5320 2621 5391 ὅπερ
2677 5318 2890 5384 οἰκείως
2936 5318 3004 5374 ἂν
3049 5317 3267 5388 ἐλέγετο
3286 5320 3335 5372 εἰ
3362 5314 3503 5390 ἦσαν
3549 5318 3721 5372 πυθό-

2139 5425 2308 5480 μενοι·
2340 5410 2412 5462 Σὺ
2443 5404 2494 5464 εἴ
2515 5412 2545 5464 6
2575 5409 2839 5482 Χριστός;
2878 5410 3126 5481 Ἥρμοσε
3154 5408 3263 5480 γὰρ
3297 5410 3435 5482 πρὸς
3460 5408 3541 5473 τὸ,
3572 5409 3646 5462 Σὺ
3668 5404 3722 5462 εἷ

2135 5501 2164 5553 6
2194 5501 2460 5573 Χριστόςς
2504 5504 2585 5563 τὸ,
2628 5520 2645 5552 ι
2695 5498 2837 5568 Ἐγὼ
2882 5503 2982 5553 οῦκ
3012 5500 3124 5570 εἰμὶ
3152 5502 3183 5552 ὁ
3213 5499 3468 5571 Χριστός
3505 5519 3523 5550 ι
3578 5498 3717 5571 πρὸς

457 5589 501 5657 1
515 5589 556 5657 ι
568 5588 611 5657 1
632 5587 756 5641 illud
785 5603 911 5643 vero
932 5605 949 5643 :
972 5606 993 5642 ι
1013 5589 1092 5643 Tu
1110 5589 1233 5659 quis
1246 5588 1472 5645 esis—1
1485 5587 1596 5659 Ego
1613 5602 1717 5644 vos
1732 5590 2022 5645 clamantis

2151 5590 2181 5643 ὲ
2212 5595 2292 5655 τὸ,
2341 5609 2360 5643 ι
2396 5592 2469 5644 Σὺ
2491 5590 2574 5655 τίς
2605 5587 2688 5658 si;
2723 5612 2740 5645 ι
2764 5595 2845 5656 τὸ,
2884 5608 2903 5642 ι
2928 5590 3071 5660 Ἐγὼ
3101 5590 3254 5661 φωνὴ
3290 5589 3524 5661 βοῶντος
3565 5591 3624 5642 ὲν
3646 5594 3713 5662 τῇ

528 5747 572 5778 ⁵³
603 5744 765 5804 Joau.
799 5762 840 5816 t,
871 5745 962 5817 2i,
989 5743 1080 5801 22.
1158 5744 1367 5804 “ibid.
1397 5745 1490 5802 25.
1568 5745 1612 5777 ⁸⁸
1637 5747 1766 5802 ibid.
1798 5745 1886 5817 i9,
1917 5745 2007 5801 20.

2157 5745 2347 5803 Matth.
2382 5763 2464 5817 si,
2495 5747 2549 5804 '5.
2625 5748 2668 5780 ⁸⁷
2695 5747 2849 5805 Joau.
2878 5762 2956 5816 ιιι,
2983 5708 3080 5803 ετξ
3151 5748 3196 5781 ⁸⁸
3233 5748 3423 5807 Matth.
3454 5763 3532 5814 st,
3562 5747 3617 5809 l.
3654 5746 3706 5803 5.
