4020 6216
275 325 382 380 217

1374 327 1729 383 COMMENT.
1766 325 1830 381 ΙΝ
1866 325 2059 382 1οᾹΝ.
2094 326 2335 384 TOMUS
2375 329 2463 384 Vl.

3427 328 3532 383 2l8

273 445 488 514 ἐρήμῳ.
522 462 540 494 ι
566 442 794 498 Λεκτέον
820 443 874 496 δὲ
902 443 1037 512 πρὸς
1066 443 1242 508 τοῦτο,
1268 444 1370 509 ὅτι,
1395 446 1472 510 ὡς
1501 445 1668 510 εἰκὸς,
1703 444 1848 517 ἐώρα

1962 447 2006 498 in
2033 445 2248 500 deserto
2269 447 2336 502 ".
2359 465 2378 499 ι
2414 445 2705 502 Dicendum
2731 462 2860 502 vero
2885 449 2949 502 ad
2977 446 3078 502 hoc
3100 445 3242 516 quod
3267 461 3333 500 ex
3363 446 3536 499 inter-

272 534 383 588 ἀπὸ
412 535 512 605 τῆς
542 535 783 599 πεύσεως
801 534 861 588 τὸ
887 535 1112 601 εὐλαϐὲς
1133 537 1242 591 τῶν
1265 538 1453 609 ἱερέων
1475 538 1569 592 καὶ⁹
1588 537 1849 601 Λευῖτῶν,

272 626 651 695 ἐμφαινόντων
703 626 1105 698 μὲν.ὑπόνοιαν
1155 630 1497 702 ὑπολήψεως,
1527 632 1723 702 μήποτ’
1766 630 1851 702 εἴη

274 717 554 787 βαπτίζων
602 719 854 790 Χριστὸς,
901 721 1238 794 γυμνότερον
1286 721 1343 774 δὲ
1383 723 1647 794 ὀνομάσαι
1696 723 1856 777 τοῦτο

271 811 414 882 ὑπὲρ
435 810 530 863 τοῦ
579 811 651 882 μὴ
690 811 864 865 δοκείν
902 809 1042 867 εἶναι
1076 816 1370 886 προπετεῖς
1413 815 1855 887 φυλαττομένων.

273 901 439 955 Ὀθεν
467 902 702 971 εὐλόγως
731 904 873 977 ὑπὲρ
893 907 988 958 τοῦ
1015 907 1195 960 πᾶσαν
1224 907 1479 962 ὑπόνοιαν
1503 907 1682 963 αὐτῶν
1705 909 1856 981 πρῶ-

265 1012 363 1048 τον
403 997 818 1069 περιαιρεθῆναι
849 998 1022 1070 ψευδῆ
1059 999 1156 1073 τὴν
1191 1002 1317 1073 περὶ
1348 1001 1566 1067 ἑαυτοῦ,
1613 997 1713 1056 εἷθ’
1756 1003 1852 1057 οὖα

266 1105 380 1152 τως
437 1091 788 1162 παραστῆσαι
827 1092 888 1146 τὸ
927 1093 1141 1165 ἀληθὲς,
1191 1094 1252 1148 τὸ
1293 1095 1392 1148 οὐκ
1438 1091 1578 1148 εἶναι
1617 1097 1854 1168 Χριστὸς

268 1183 379 1252 πρὸ
420 1184 638 1238 πάντων
675 1179 1054 1255 ἀποφαίνεται.
1101 1187 1263 1257 Δηλοϊ
1316 1188 1372 1241 δὲ
1410 1188 1472 1242 τὸ
1515 1189 1758 1243 τοιοῦτόν
1803 1207 1856 1243 τι

266 1275 468 1338 αὐτοὺς
489 1275 906 1348 ὑπονενοηκέναι
945 1279 976 1348 ἡ
1010 1278 1236 1350 δευτέρα
1265 1277 1553 1351 ἐρώτησις,
1587 1281 1684 1334 καὶ
1713 1281 1793 1334 ἔτι
1823 1283 1856 1352 ὴ

265 1367 450 1438 τρίτη.
503 1368 656 1420 Ἐπεὶ
687 1367 796 1439 γάρ
827 1369 922 1422 καὶ
947 1368 1201 1442 δεύτερον
1235 1373 1303 1441 τῇ
1338 1373 1470 1442 τιμῇ
1504 1371 1857 1440 ἐλπιζόμενον

217 1497 236 1512 .
272 1459 375 1526 μὲν
427 1459 518 1512 καὶ
566 1461 703 1529 μετά
749 1461 983 1532 Χριστὸν
1038 1462 1222 1525 αὐτοῖς
1267 1462 1628 1534 τετιμημένον
1672 1463 1857 1516 Ἠλίαν

268 1545 411 1603 εἶναι
445 1551 847 1620 ὑπελάμϐανον,
878 1553 1318 1624 ἀποφαινομένου
1358 1553 1449 1606 τοῦ
1497 1555 1740 1608 Ἰωάννου
1781 1555 1856 1619 ὠς

265 1642 372 1694 οὐκ
407 1642 489 1714 εἴη
520 1645 547 1696 6
581 1644 833 1715 Χριστὸς,
868 1644 1194 1716 ⁴ἢρώνιτηειαν·
1243 1667 1261 1698 ι
1308 1647 1373 1699 Τί
1400 1644 1523 1712 οὗν;
1563 1651 1626 1702 σὺ
1672 1649 1856 1713 Ἠλίας

266 1731 360 1800 εἷς
396 1735 503 1788 Καὶ
532 1730 719 1787 εἶπεν·
756 1736 874 1789 Οὐκ
905 1736 1040 1806 είμὶ.
1081 1756 1099 1786 ι
1133 1738 1206 1790 Τὸ
1238 1738 1415 1808 τρίτον
1447 1741 1494 1792 εί
1523 1740 1685 1803 αὐτὸς
1710 1741 1792 1812 εἴη
1826 1743 1854 1794 6

1958 537 2240 606 rogatione
2269 537 2491 592 videbat
2521 535 2760 591 Joannes
2785 537 2866 605 (ut
2897 536 3181 606 probabile
3213 533 3354 606 erat)
3387 535 3533 588 timi-

1955 629 2182 684 ditatem
2223 629 2535 684 Levitarum
2563 639 2616 684 et
2639 630 2986 684 sacerdotum
3023 645 3134 699 prae
3161 646 3220 684 se
3241 628 3532 684 ferentium

1955 721 2173 790 quidem
2217 713 2581 790 suspicionem
2629 721 2925 790 opinionis.
2964 737 3091 776 num
3145 721 3282 776 forte
3335 721 3384 776 is
3438 722 3532 792 qui

1956 814 2202 883 baptizat
2237 822 2387 869 esset
2421 813 2693 878 Christus,
2727 814 2821 868 sed
2853 812 3095 884 apertius
3121 813 3250 867 illud
3283 813 3531 868 nomina-

1958 921 2039 970 re,
2066 923 2133 962 ne
2159 907 2476 962 viderentur
2503 907 2829 976 petulantes,
2862 905 3192 960 caventium.
3221 903 3373 960 Unde
3389 903 3534 972 jure,

1960 1008 2017 1053 ut
2049 999 2100 1052 in
2142 999 2334 1069 primis
2375 1013 2590 1051 omnem
2625 997 3279 1066 ipsorum~suspicionem
3315 994 3538 1048 tolleret

1957 1107 2123 1160 quam
2155 1093 2220 1146 de
2249 1092 2431 1161 seipso
2460 1091 2651 1144 falsam
2687 1090 2982 1152 habebant,
3015 1088 3211 1142 deinde
3239 1087 3318 1142 sic
3344 1096 3536 1141 osten-

1957 1184 2114 1240 deret
2140 1184 2450 1248 veritatem,
2484 1193 2610 1237 ante
2633 1183 2820 1237 omnia
2852 1183 3106 1236 enuntiat
3140 1180 3274 1235 illud
3309 1196 3323 1233 :
3363 1199 3383 1233 ι
3420 1177 3536 1236 Non

1959 1291 2078 1330 sum
2097 1290 2198 1344 ego
2226 1275 2478 1330 Christus
2497 1275 2568 1330 ⁷⁸.
2602 1292 2620 1326 ι
2656 1273 2910 1329 Declarat
2933 1284 3114 1329 autem
3141 1273 3248 1329 tale
3277 1274 3534 1344 quiddam

1960 1367 2264 1437 auspicatos
2302 1383 2395 1422 eos
2446 1367 2615 1422 fuisse
2674 1367 2911 1421 secunda
2961 1377 3123 1437 atque
3165 1368 3327 1421 etiam
3379 1365 3552 1421 tertia’

1963 1458 2339 1527 interrogatio.
2374 1459 2544 1512 Eliam
2577 1458 2722 1512 enim
2751 1474 2873 1513 cum
2909 1468 3194 1513 venturum
3221 1467 3536 1527 sperarent,

1959 1559 2121 1618 atque
2162 1550 2378 1619 plurimi
2423 1549 2684 1614 facerent,
2726 1566 2849 1603 eum
2899 1564 3022 1605 esse
3068 1551 3410 1618 suspicantes
3441 1551 3540 1605 ho-

1960 1655 2089 1694 nore
2151 1640 2250 1707 ipsi
2317 1639 2536 1692 Christo
2598 1639 2909 1708 proximum
2980 1648 3144 1708 atque
3201 1640 3535 1705 secundum,

1957 1731 2276 1786 enuntiante
2306 1730 2517 1786 Joanne
2556 1746 2615 1784 se
2662 1745 2768 1784 non
2809 1745 2932 1786 esse
2980 1731 3279 1797 Christum,
3309 1734 3540 1788 interro-

266 1829 556 1898 προφήτης
603 1827 881 1896 βούλονται
936 1828 1155 1899 μαθεῖν·
1201 1826 1261 1884 οὗ
1293 1832 1730 1902 ἀποκριναμένου
1768 1835 1850 1896 τὸ,

1962 1834 2124 1894 gant:
2169 1841 2189 1874 ι
2223 1821 2362 1888 Quid
2415 1823 2588 1890 ergo?
2635 1822 2782 1877 Elias
2823 1839 2883 1878 es
2942 1824 3036 1878 tu?
3075 1824 3144 1878 Et
3190 1825 3374 1880 dixit:
3419 1823 3538 1880 Non

271 1937 290 1967 ι
313 1919 412 1982 Οὔ,
440 1939 458 1970 ι
475 1917 660 1972 οὐκέτι
687 1919 898 1989 ἔχοντες
917 1919 1093 1983 ίδικῶς
1109 1920 1278 1990 ὄνομα
1299 1920 1648 1994 ἐλπιζομένου
1668 1925 1852 1996 ἐπιδη-

268 2011 468 2081 μήσειν
500 2011 685 2074 αὐτοῖς
711 2011 903 2072 εἰπεῖν,
938 2012 1100 2080 φασί·
1137 2031 1154 2062 ι
1193 2013 1288 2075 Τίς
1330 2009 1398 2076 εἴ,
1440 2014 1526 2067 ἵνα
1561 2014 1852 2084 ἀπόκρισιν

261 2099 452 2172 δῶμεν
491 2103 605 2165 τοῖς
653 2100 930 2170 πέμψασιν
972 2103 1148 2170 ήμᾶς;
1195 2101 1248 2154 τί
1289 2102 1466 2170 λέγεις
1517 2104 1645 2174 περὶ
1695 2121 1855 2156 σεαυ-

260 2190 403 2258 τοῦ;
459 2211 476 2242 ι
522 2191 680 2245 τοῦτο
721 2191 1043 2261 δηλοῦντες·
1096 2192 1285 2246 Ταῦτα
1326 2193 1424 2264 μὲν
1468 2193 1568 2247 οὐκ
1606 2191 1674 2258 εἷ,
1711 2195 1855 2266 ειπερ

261 2279 604 2350 ἐλπιζόμενα
650 2280 726 2351 τῷ
785 2281 998 2353 Ἰσραὴλ
1056 2281 1392 2354 παρέσεσθαι
1453 2284 1850 2356 προσδοκᾶται·

260 2373 422 2434 ὅστις
453 2372 509 2424 δὲ
532 2371 606 2424 ὢν
633 2371 937 2442 βαπτίζεις,
967 2374 1066 2428 οὐκ
1095 2375 1272 2445 ίσμεν.
1303 2375 1500 2448 Διόπερ
1525 2376 1682 2429 τοῦτο
1705 2379 1854 2447 ἡμᾶς

261 2463 500 2528 δίδαξον,
535 2464 600 2516 ἵν’
625 2464 838 2536 ἔχωμεν
878 2467 1214 2535 ἀπαγγεῖλαι
1249 2470 1362 2531 τοῖς
1399 2470 1548 2539 ἡμᾶς
1579 2469 1666 2522 διά
1695 2469 1854 2524 τοῦτο

263 2555 518 2626 πέμψασι
559 2556 696 2628 πρὸς
748 2556 828 2614 σέ.
881 2559 1004 2612 Ἔτι
1051 2558 1107 2612 δὲ
1148 2559 1429 2613 καὶτοῦτο
1463 2561 1718 2632 ἐχόμενον
1744 2561 1854 2615 τῶν

267 2646 644 2718 προκειμένων
688 2648 1072 2720 προσθήσομεν
1089 2645 1128 2714 ,⁸
1153 2651 1236 2704 ὅτι
1275 2654 1303 2706 6
1340 2653 1530 2724 καιρὸς
1574 2654 1674 2724 τῆς
1720 2655 1856 2725 Χρι-

268 2736 400 2791 στοῦ
426 2737 720 2810 ἐπιδημίας
748 2739 930 2793 έσαινε
963 2742 1055 2795 τὸν
1089 2739 1236 2804 λαὸν,
1267 2741 1367 2813 ἤδη
1399 2761 1513 2807 πως
1545 2743 1856 2816 ἐνεστηκὼς

267 2829 492 2900 περὶτὰ
524 2830 619 2903 ἐτη
661 2831 730 2884 τὰ
775 2832 884 2886 ἀπὸ
915 2832 1017 2904 τῆς
1059 2834 1326 2903 γενέσεως
1364 2834 1459 2888 τοῦ
1506 2835 1701 2908 Ἰησοῦ,
1763 2839 1855 2892 καὶ

265 2922 438 2993 ὀλίγῳ
461 2922 722 2996 ἀνωτέρω
759 2923 921 2998 μέχρι
948 2925 1048 2996 τῆς
1081 2927 1405 2992 ἀναδείξεως
1440 2927 1533 2982 τοῦ
1561 2929 1854 3002 κηρύγμα-

265 3031 382 3079 τος.
413 3015 633 3088 Διόπερ,
661 3015 738 3080 ὡς
766 3017 933 3081 είκὸς,
953 3017 1062 3071 τῶν
1083 3018 1461 3090 Γραμματέων
1491 3021 1585 3074 καὶ
1617 3021 1855 3092 νομικῶν

265 3107 362 3171 τὸν
414 3106 787 3179 ἐλπιζόμενον,
831 3110 940 3164 ἀπὸ
981 3109 1091 3163 τῶν
1137 3110 1297 3164 θείων
1342 3110 1574 3183 Γραφῶν
1619 3130 1858 3182 καταγα-

267 3202 480 3270 γόντων
522 3201 688 3256 αὑτοῦ
722 3202 814 3256 τὸν
863 3203 1074 3275 χρόνον,
1114 3203 1218 3274 ήδη
1259 3204 1703 3277 προσδοκώντων,
1757 3206 1857 3260 ἐπ-

272 3294 516 3366 εφύησαν
551 3294 664 3367 (85)
703 3294 928 3361 Θευδᾶς,
963 3296 1062 3349 οὐκ
1095 3295 1273 3364 ὀλίγον
1302 3296 1524 3368 πλῆθος,
1553 3299 1630 3361 ὡς
1659 3299 1688 3352 6
1719 3299 1762 3351 Χ
1773 3315 1855 3368 ρι-

270 3388 418 3452 στὸς,
452 3383 628 3458 οἶμαι,
670 3387 1013 3457 συναγαγὼν,
1047 3390 1140 3442 καὶ
1179 3408 1197 3440 ι
1242 3391 1358 3460 μετ’
1395 3391 1600 3443 ἐκεῖνον
1655 3390 1856 3455 Ἰούδας

267 3481 298 3533 6
323 3478 605 3544 Γαλιλαῖος
635 3480 693 3533 ὲν
719 3481 840 3542 ταῖς
866 3480 963 3550 τῆς
991 3481 1318 3551 ἀπογραφῆς
1346 3481 1600 3553 ἡμέραις.
1637 3502 1656 3532 ι
1677 3483 1854 3546 Εἰκὸς

269 3577 389 3644 οὖν,
433 3579 764 3652 θερμότερον
802 3579 902 3648 τῆς
945 3579 1182 3650 Χριστοῦ
1225 3579 1516 3651 ἐπιδημίας
1554 3580 1864 3652 προσδοκω-

272 3671 448 3742 μένης
488 3672 581 3724 καὶ
621 3670 979 3742 λαλουμένης,
1037 3671 1277 3724 Ἰουδαῖοι
1317 3669 1426 3722 ἀπὸ
1474 3670 1863 3741 Ἰεροσολύμων

268 3765 400 3828 τοὺς
432 3765 594 3835 ἱερεῖς
616 3763 710 3816 καὶ
731 3763 962 3826 Λευῖτας
984 3763 1262 3832 πέμπουσι
1291 3764 1426 3835 πρὸς
1455 3762 1548 3816 τὸν
1587 3765 1862 3834 Ἰωάννην,

269 3856 362 3909 διὰ
397 3855 524 3909 τοῦ·
569 3875 586 3905 ι
622 3855 693 3907 Σὺ
726 3855 808 3918 τίς
837 3851 920 3918 si;
964 3873 983 3904 ι
1022 3853 1213 3924 μαθεῖν
1257 3854 1570 3926 βουλόμενοι
1616 3857 1663 3908 εἰ
1703 3856 1864 3918 αὐτὸς

271 3949 509 4018 Χριστὸς
531 3943 667 4000 εἶναι
694 3947 1039 4017 ὁμολογήσει.

1959 1916 2385 1982 ειιιιι⁷¹ζιῑθΐίίο
2427 1932 2554 1970 num
2597 1917 2711 1984 ipse
2758 1925 2903 1971 esset
2945 1916 3032 1971 ille
3080 1918 3342 1988 propheta
3395 1919 3540 1973 scire

1960 2008 2144 2061 volunt
2174 2024 2188 2072 ;
2222 2023 2328 2076 quo
2376 2010 2773 2076 respondente,
2813 2027 2831 2060 ι
2856 2007 2992 2076 Νοιι,
3023 2028 3041 2060 ι
3086 2025 3209 2063 cum
3257 2026 3364 2064 non
3420 2026 3539 2063 am-

1960 2100 2106 2170 plius
2152 2111 2375 2170 possent
2416 2101 2599 2156 dicere
2633 2100 2894 2170 privatim
2937 2116 3132 2155 nomen
3185 2101 3416 2170 alicujus
3445 2101 3540 2171 qui

1960 2191 2029 2246 ad
2075 2206 2134 2246 se
2184 2205 2508 2246 accessurus
2558 2200 2895 2260 speraretur,
2929 2189 3198 2258 inquiunt,
3240 2207 3258 2239 ι
3290 2189 3423 2256 Quis
3451 2205 3540 2256 es,

1962 2293 2020 2338 nt
2063 2299 2383 2352 responsum
2433 2284 2620 2338 demus
2672 2283 2757 2338 his
2796 2282 2888 2351 qui
2918 2281 3183 2336 miserunt
3219 2283 3361 2336 nos?
3409 2281 3542 2352 quid

1931 2377 2096 2430 'tlicis
2131 2377 2198 2429 de
2239 2375 2520 2446 teipse"?
2567 2394 2586 2427 ι
2632 2377 2736 2430 hoc
2785 2377 3076 2432 innuentes
3109 2394 3122 2430 :
3153 2373 3278 2434 llaec
3317 2375 3539 2445 quidem

1963 2483 2066 2522 non
2091 2482 2150 2522 es
2178 2482 2298 2537 quae
2336 2467 2524 2523 Israeli
2556 2467 2735 2522 futura
2763 2477 3186 2536 exspectantur:
3222 2469 3398 2536 qualis
3432 2483 3536 2521 au-

1963 2570 2068 2615 tem
2101 2561 2200 2625 sis,
2231 2560 2324 2629 qui
2361 2560 2633 2630 baptizas,
2661 2561 2972 2622 nescimus;
3001 2576 3171 2632 quare
3215 2561 3394 2616 isthuc
3431 2576 3532 2616 nos

1960 2656 2176 2718 doceto,
2210 2663 2278 2714 ut
2329 2654 2599 2725 possimus
2654 2655 2975 2711 renuntiare
3020 2657 3106 2711 his
3160 2657 3252 2726 qui
3303 2659 3443 2712 hanc
3469 2659 3538 2712 ob

1961 2761 2187 2802 causam
2239 2761 2340 2801 nos
2390 2748 2456 2801 ad
2499 2756 2553 2802 te
2591 2747 2882 2804 miserunt.
2921 2747 3135 2803 Rursus
3188 2763 3320 2803 vero
3372 2748 3540 2802 etiam

1962 2840 2066 2893 hoc
2105 2839 2190 2894 his
2235 2854 2356 2907 quae
2405 2838 2682 2908 proposita
2715 2848 2866 2903 sunt,
2905 2839 3220 2910 proximum
3255 2841 3540 2904 addemus,

1962 2929 2217 2984 videlicet
2245 2931 2393 3000 quod
2431 2940 2645 3002 tempus
2681 2932 2947 2987 adventus
2978 2931 3186 2988 Christi
3224 2947 3543 2987 commove-

1964 3029 2048 3075 rat
2078 3021 2362 3090 populum,
2397 3023 2542 3092 quod
2568 3023 2790 3090 quidem
2830 3033 3044 3092 tempus
3070 3023 3180 3093 iam
3213 3025 3396 3094 aliquo
3423 3039 3537 3080 m0-

1962 3115 2031 3168 do
2062 3114 2302 3168 instabat
2337 3115 2482 3170 circa
2509 3132 2687 3172 annos
2723 3118 2816 3186 qui
2851 3126 3010 3172 erant
3041 3118 3108 3172 ab
3135 3127 3260 3172 ortu
3293 3115 3446 3182 Jesu,
3487 3123 3544 3171 et

1965 3205 2126 3275 paulo
2161 3205 2411 3274 superius
2460 3221 2632 3276 usque
2660 3208 2726 3261 ad
2780 3208 3310 3264 demonstrationem
3343 3209 3542 3278 praedi-

1963 3295 2222 3352 cationis.
2278 3296 2568 3364 Quocirca,
2616 3299 2826 3354 Scribis
2852 3308 2908 3354 et
2938 3300 3288 3370 legisperitis,
3325 3309 3383 3354 ut
3415 3316 3543 3371 pro-

1965 3386 2140 3441 babile
2167 3395 2308 3453 erat,
2337 3387 2451 3456 jam
2493 3391 2946 3458 exspectantibus
2977 3408 3124 3454 eum,
3159 3393 3250 3460 qui
3280 3394 3544 3462 speraba-

1965 3490 2068 3543 tur,
2098 3480 2224 3549 quia
2253 3489 2468 3550 tempus
2502 3481 2650 3537 illius
2682 3498 2713 3538 e
2741 3484 2940 3538 divinis
2969 3483 3275 3554 Scripturis
3301 3486 3539 3556 college-

1968 3584 2110 3639 rant,
2137 3574 2505 3629 tumultuatus
2539 3585 2623 3630 est
2649 3576 2904 3630 Theudas
2945 3592 3052 3630 non
3089 3592 3255 3644 parva
3291 3581 3544 3632 multitu-

1968 3667 2093 3720 dine
2138 3678 2489 3736 congregata,
2531 3677 2811 3734 tanquam,
2844 3668 3061 3736 Opinor,
3090 3668 3348 3723 Christus
3371 3681 3543 3732 esset,

1974 3777 1992 3808 ι
2022 3769 2075 3812 et
2107 3768 2228 3826 post
2255 3759 2402 3812 illum
2440 3759 2606 3812 Judas
2632 3759 2887 3813 Gulilteus
2925 3761 2976 3813 iu
3015 3759 3210 3815 diebus
3242 3760 3544 3829 professio-

1971 3849 2141 3903 nis".
2179 3868 2196 3901 ι
2242 3849 2683 3904 Consentaneum
2730 3865 2860 3920 ergo
2901 3857 3006 3914 est,
3046 3866 3170 3904 cum
3213 3851 3416 3907 Christi
3450 3853 3546 3906 ad.

1975 3949 2167 3994 ventus
2234 3940 2537 3994 ferventius
2575 3950 2990 4010 exspectaretur
3035 3941 3540 4014 divulgareturque.

269 4039 491 4092 Judzeos
535 4038 605 4092 ab
641 4029 1040 4109 Hierosolymis
1071 4039 1388 4094 sacerdotes
1417 4048 1472 4093 et
1499 4036 1716 4091 Levitas
1747 4036 1963 4089 misisse
1990 4035 2056 4088 ad
2086 4033 2374 4097 Joannem,
2421 4048 2518 4104 per
2555 4032 2706 4097 illud,
2748 4052 2766 4084 ι
2803 4033 2881 4088 Tu
2919 4035 3042 4104 quis
3075 4051 3134 4091 es
3164 4036 3250 4091 ⁷⁸2
3280 4056 3299 4090 ι
3331 4039 3545 4094 discere

273 4131 520 4184 volentes
547 4146 672 4183 num
704 4129 966 4205 fateretur
995 4133 1232 4199 seipsutn
1265 4145 1385 4184 esse.
1409 4130 1706 4184 Christum.

347 4221 398 4274 7.
431 4223 542 4275 Καὶ
581 4221 902 4290 ἠρώτησαν
945 4223 1167 4276 αὐτόν·
1220 4223 1281 4276 Τί
1327 4217 1479 4285 οὖν;
1519 4221 1602 4275 σὺ
1662 4222 1857 4285 Ἠλίας

2040 4217 2090 4268 7.
2133 4213 2197 4268 Et
2245 4218 2693 4285 interrogaverunt
2736 4233 2854 4270 eum
2885 4231 2903 4269 :
2935 4217 3076 4284 Quid
3100 4224 3264 4290 ergo?
3304 4219 3456 4278 Elius
3485 4241 3539 4278 es

268 4308 361 4376 εἶ;
395 4313 504 4366 Kal
543 4311 734 4382 λέγει·
775 4316 895 4366 Οὐκ
923 4313 1063 4382 ειμι.
1110 4313 1207 4376 Τίς
1237 4313 1336 4365 οὐκ
1375 4312 1442 4365 ἂν
1483 4311 1714 4383 ζητήσαι
1753 4311 1859 4364 τῶν

271 4405 580 4459 ἀκουόντων
645 4403 818 4473 Ἰησοῦ
875 4403 1122 4472 λέγοντος
1194 4403 1324 4474 περὶ
1376 4403 1654 4467 Ἰωάννου,
1712 4423 1729 4452 ι
1794 4403 1859 4456 Εἰ

271 4495 485 4548 ἐθέλετε
532 4494 806 4561 δέξασθαι,
845 4495 1005 4558 αὑτός
1040 4498 1187 4548 ἐστιν
1234 4493 1419 4557 Ἠλίας
1451 4494 1481 4546 6
1517 4493 1725 4565 μέλλων
1765 4493 1858 4564 έρ-

272 4586 486 4658 χεσθαι,
527 4605 546 4637 ι
583 4585 699 4649 πῶς
727 4585 862 4657 πρὸς
883 4587 1006 4650 τοὺς
1035 4584 1352 4656 ἐρωτῶντας
1378 4586 1437 4638 τὸ
1456 4623 1472 4650 ,
1507 4603 1525 4637 ι
1563 4586 1636 4639 Σὺ
1672 4585 1859 4647 Ἠλίας

273 4675 362 4742 εἷς
408 4700 426 4731 ι
456 4679 602 4746 λέγει
641 4678 670 4730 6
717 4679 1008 4749 Ἰωάννης·
1053 4697 1068 4729 ι
1108 4680 1222 4732 Οὔκ
1264 4679 1412 4748 eiut;
1454 4697 1471 4727 ι
1512 4677 1629 4742 πῶς
1672 4677 1731 4730 δὲ
1765 4679 1860 4731 καὶ

274 4770 467 4840 νοῆσαι
489 4770 570 4823 δεῖ
605 4769 696 4823 τὸν
741 4769 991 4838 Ἰωάννην
1026 4767 1190 4822 αὑτὸν
1219 4763 1359 4820 εἶναι
1404 4767 1590 4821 Ἠλίαν
1615 4768 1706 4820 τὸν
1738 4769 1861 4838 μέλ-

273 4855 438 4914 λοντα
460 4861 712 4932 ἔρχεσθαι
736 4862 877 4916 κατά
904 4862 965 4914 τὸ
996 4860 1282 4930 εἰρημένον
1316 4859 1421 4912 ὑπὸ
1453 4859 1547 4912 τοῦ
1573 4860 1856 4930 Μαλαχίου

274 4954 448 5016 οὕτως
477 4953 616 5023 ἕχον·
651 4974 669 5004 ι
705 4955 815 5008 Καὶ
853 4953 962 5006 ίδοὺ
1002 4952 1113 5022 ἐγὼ
1157 4953 1471 5005 ἀποστέλλω
1509 4954 1637 5023 ὑμῖν
1672 4951 1857 5004 Ἠλίαν

273 5047 367 5099 τὸν
392 5047 678 5116 Θεσϐίτην,
709 5047 840 5117 πρὶν
863 5045 1036 5098 ἐλθεῖν
1063 5045 1276 5118 ἡμέραν
1314 5045 1522 5116 Κυρίου
1555 5045 1654 5115 τὴν
1685 5046 1858 5115 μεγά-

275 5138 376 5208 λην
403 5137 496 5190 καὶ
521 5137 779 5207 ἐπιφανῆ,
812 5135 870 5198 ὃς
911 5137 1353 5206 ἀποκαταστήσει
1387 5135 1616 5206 καρδίαν
1653 5135 1861 5206 πατρὸς

275 5230 414 5300 πρὸς
447 5229 582 5293 υἱὸν,
610 5228 704 5280 καὶ
737 5226 963 5298 καρδίαν
1010 5225 1299 5297 ἀνθρώπου
1345 5227 1482 5298 πρὸς
1507 5227 1600 5280 τὸν
1629 5225 1855 5298 πλησίον

275 5317 465 5380 αὑτοῦ,
493 5317 569 5388 μὴ
591 5315 728 5368 ἔλθω
751 5316 844 5368 καὶ
876 5314 1100 5380 πατάξω
1125 5314 1222 5385 τὴν
1254 5315 1358 5384 γῆν
1383 5316 1582 5387 ἀρδην;
1624 5335 1641 5366 ι
1681 5316 1792 5369 Καὶ
1827 5318 1856 5369 6

274 5405 370 5459 τοῦ
411 5403 665 5474 ὀφθέντος
693 5403 750 5455 δὲ
783 5402 860 5473 τῷ
892 5403 1139 5474 Ζαχαρία
1181 5403 1409 5471 ἀγγέλου
1445 5405 1652 5476 Κυρίου
1698 5404 1858 5457 ἑστῶ-

351 5547 395 5577 ⁶⁹
422 5544 578 5598 Joan.
626 5543 784 5610 ι,’19.
827 5544 914 5597 23.

275 5615 324 5648 ⁷⁸
363 5618 490 5669 ibid.
524 5617 614 5673 21.

1020 5543 1066 5574 ⁷ο
1099 5542 1253 5605 ibid.,
1291 5543 1384 5595 ‘20.
1483 5543 1525 5574 ⁷¹
1563 5543 1714 5604 ibid.,
1753 5547 1842 5599 “ll.

691 5615 736 5646 ⁷⁸
768 5614 958 5669 Matth.
989 5629 1064 5676 x1,
1105 5613 1194 5668 14.
1270 5613 1313 5643 ⁷⁷
1354 5611 1584 5666 Malaclt.
1618 5631 1688 5680 tv,
1715 5615 1769 5679 5,
1795 5617 1847 5670 6.

357 5770 469 5841 (83)
512 5769 915 5839 Ἐπερύ-ησαν.
953 5767 1261 5839 chendum
1296 5770 1524 5837 videtur,
1573 5769 1914 5843 ἐπεφρύαξεν

1964 4311 2060 4363 tu?
2125 4307 2189 4358 Et
2231 4307 2552 4362 diriu'Non
2594 4310 2798 4362 sum".
2844 4309 3039 4364 Verum
3091 4313 3372 4367 enimvero
3417 4316 3541 4383 quis

1963 4401 2189 4455 audiens
2215 4399 2398 4455 Jesum
2428 4403 2696 4455 dicentem
2725 4401 2792 4455 de
2819 4401 3050 4465 Joanne,
3087 4422 3105 4455 ι
3139 4403 3196 4458 Si
3243 4405 3408 4459 vultis
3451 4421 3538 4460 ae-

1963 4493 2168 4562 cipere,
2223 4493 2336 4562 ipse
2381 4501 2469 4548 est
2529 4493 2674 4548 Elias
2721 4495 2814 4563 qui
2873 4506 3137 4550 venturus
3170 4497 3339 4562 est",
3373 4516 3392 4550 ι
3430 4515 3540 4552 ιιοιι

1963 4585 2293 4650 quzesiturus
2351 4585 2453 4649 sit,
2508 4601 2744 4654 quonam
2789 4595 2946 4655 pacto
2995 4589 3062 4641 ad
3113 4589 3536 4659 interrogantes,

1969 4691 1988 4725 ι
2016 4673 2162 4730 Elias
2194 4691 2254 4730 es
2286 4677 2376 4729 tu?
2400 4695 2418 4728 ι
2453 4677 2599 4732 dicat
2627 4677 2906 4733 JOannes:
2939 4695 2957 4729 ι
2985 4678 3100 4733 Νοιι
3141 4681 3298 4735 sum?
3322 4700 3342 4735 ι
3377 4693 3540 4754 atque

1965 4765 2135 4818 etiam
2167 4767 2438 4833 quomodo
2475 4783 2611 4836 opus
2661 4769 2733 4821 sit
2783 4770 3086 4840 intelligere
3118 4770 3387 4828 Joannem
3416 4790 3536 4830 esse

1966 4853 2138 4909 Eliam
2182 4869 2486 4922 venturum,
2525 4858 2680 4925 juxta
2739 4861 2789 4913 id
2841 4863 2984 4931 quod
3019 4879 3049 4918 a
3077 4863 3339 4918 Malachia
3378 4865 3537 4937 112

1968 4957 2052 5000 est
2083 4947 2306 5010 dictum,
2355 4952 2434 5002 sic
2468 4950 2674 5004 habens
2707 4970 2719 5006 :
2753 4970 2772 5003 ι
2803 4953 2869 5008 Ει
2901 4969 3030 5010 ecce
3064 4971 3164 5028 ego
3202 4960 3356 5013 mitto
3384 4962 3538 5015 vobis

1967 5038 2138 5092 Eliatn
2167 5039 2486 5106 Thesbiten,
2520 5055 2809 5115 antequam
2836 5050 3018 5103 veniat
3045 5051 3160 5103 dies
3184 5051 3397 5106 Domini
3433 5071 3537 5108 nta-

1969 5146 2073 5200 gna
2127 5142 2181 5186 et
2235 5135 2546 5201 manifesta,
2581 5138 2670 5208 qui
2727 5140 2976 5196 restituet
3030 5158 3127 5198 cor
3183 5144 3356 5213 patris
3409 5161 3534 5216 erga

1966 5223 2162 5290 lilium,
2209 5237 2264 5279 et
2311 5241 2402 5281 cor
2445 5228 2680 5286 hominis
2716 5247 2847 5302 erga
2897 5236 3206 5301 proximum
3251 5252 3432 5305 suum,
3469 5255 3538 5296 ne

1967 5318 2204 5382 veniam,
2257 5329 2312 5372 et
2359 5323 2658 5387 percutiam
2711 5332 2913 5378 terram
2965 5326 3359 5386 l'unditus"h
3391 5331 3531 5402 Quin

1967 5409 2142 5479 angeli
2170 5412 2347 5466 oratio
2381 5414 2446 5467 ad
2479 5412 2798 5469 Zachariam
2833 5420 3027 5474 stantis
3056 5437 3086 5474 ιι
3117 5422 3323 5480 dextris
3345 5425 3535 5480 altaris

1954 5548 1999 5579 "
2034 5549 2188 5616 ibid.,
2237 5549 2329 5603 22.
2441 5551 2488 5584 ⁷³
2515 5553 2634 5608 Act.
2667 5569 2719 5624 ι’,
2748 5556 2837 5625 56,
2870 5557 2960 5616 57.
3067 5563 3114 5596 ’δ
3155 5563 3315 5627 Joan.
3358 5583 3398 5637 l,
3446 5567 3530 5628 19.
