4020 6216
363 279 464 335 εει

1462 286 1818 343 COMMENT.
1863 288 1929 342 IN
1968 287 2163 344 JOAN.
2209 292 2446 350 TOMUS
2487 294 2573 351 Vl.

3531 296 3636 349 €22

363 399 556 468 τέκνα,
601 401 692 456 διὰ
743 401 892 457 τοῦτο
938 402 998 456 τὸ
1043 402 1262 474 πνεῦμα
1313 423 1331 454 ι
1397 405 1584 460 Ἠλίαν
1631 427 1650 461 ι
1702 407 1947 476 λέγεσθαι

2059 419 2145 464 tur
2175 421 2410 481 propter
2467 413 2611 466 hunc
2658 378 2911 478 spiritum
2989 408 3180 462 «Elias
3230 408 3320 478 qui
3374 419 3634 463 venimus

371 512 390 544 ι
420 492 517 548 τὸν
540 493 803 566 μέλλοντα
836 494 1111 566 ἔρχεσθαι.
1159 515 1179 548 ι
1219 498 1314 562 Et;
1351 499 1706 570 παραμυθίαν
1741 499 1796 552 δὲ
1835 500 1953 554 τού-

364 601 478 639 των
524 587 618 640 καὶ
664 586 838 656 τούτῳ
883 589 1146 659 χρήσεται
1196 589 1275 660 τῷ
1315 589 1489 661 λόγῳο
1524 592 1586 644 Ei
1613 590 1643 642 6
1673 591 1782 645 τῶν
1814 592 1952 646 ὅλων

363 676 502 741 Θεὸς
546 678 850 742 οἱκειωθεὶς
889 682 1001 742 τοῖς
1051 681 1228 749 ἁγίοις
1277 682 1460 736 αὐτῶν
1504 683 1737 751 γίνεται,
1777 685 1952 748 οὕτως

363 767 766 839 ὀνομαζόμενος
804 769 935 834 Θεὸς
980 770 1250 842 Ἀϐραάμ,
1303 773 1398 826 καὶ
1439 772 1572 836 Θεὸς
1617 773 1817 838 Ἰσαάκ,
1856 774 1952 827 καὶ

362 857 499 922 Θεὸς
545 856 757 922 Ἰακὼϐ,
781 859 936 930 πόσῳ
973 859 1136 915 πλέον
1175 863 1236 916 τὸ
1284 863 1436 932 ἅγιον
1474 863 1697 934 Πνεῦμα
1730 867 1950 919 οἱκειω-

363 951 458 1006 θὲν
477 954 590 1014 τοῖς
633 953 942 1024 προφήταις
981 954 1198 1025 πνεῦμα
1229 954 1407 1008 αὐτῶν
1439 956 1798 1028 χρηματίζειν
1839 951 1951 1010 οἷόν

361 1057 426 1093 τε
448 1040 620 1108 ἔσται,
673 1043 741 1096 ἵν’
858 1043 1032 1107 οὕτως
1075 1043 1289 1116 πνεῦμα
1342 1045 1546 1110 Ἠλίου,
1591 1049 1684 1101 καὶ
1734 1047 1953 1120 πνεῦμα

377 1129 620 1197 Ἠσαίου,
662 1133 957 1205 λεγόμενον
997 1134 1058 1187 τὸ
1095 1135 1344 1206 πνεῦμα;
1408 1137 1466 1190 '0
1502 1139 1668 1203 αύτός
1701 1155 1762 1191 τε
1797 1134 1952 1204 οὗτος

359 1224 818 1296 ἑκκλησιαστικὸς
849 1227 965 1297 ἐρεῖ
998 1225 1256 1282 δύνασθαι
1290 1230 1389 1300 μὲν
1420 1231 1547 1295 τοὺς
1583 1231 1954 1302 ὑπειληφότας

359 1315 474 1369 τῶν
533 1319 826 1388 προφητῶν
883 1315 1022 1373 εἶναι
1093 1320 1185 1374 τὸν
1251 1321 1463 1394 Ἰησοῦν
1521 1324 1832 1379 ἀναστάντα
1887 1327 1954 1378 ἐκ

361 1411 578 1483 νεκρῶν
608 1413 943 1484 ἡπατῆσθαι,
978 1419 1123 1472 κατά
1145 1435 1205 1472 τε
1228 1419 1291 1472 τὸ
1325 1419 1722 1493 προειρημένον
1753 1421 1948 1492 δόγμα,

361 1505 462 1557 καὶ
487 1503 628 1557 κατά
651 1505 712 1558 τὸ
740 1505 1149 1578 ὑπολαμϐάνειν
1182 1509 1345 1565 αὐτὸν
1371 1511 1470 1566 ἕνα
1506 1511 1614 1565 τῶν
1657 1513 1951 1584 προφητῶν

359 1597 677 1666 τυγχάνειν,
712 1596 974 1652 δύνασθαι
1014 1598 1096 1663 δὲ,
1148 1599 1289 1674 πρὸς
1323 1603 1386 1656 τὸ
1431 1603 1572 1658 κατά
1607 1604 1670 1658 τδ
1705 1603 1950 1675 νομίζειν

360 1687 530 1741 αὐτὸν
554 1688 664 1740 τῶν
710 1687 1008 1760 προφητῶν
1040 1687 1182 1746 εἷναι
1226 1690 1340 1756 ἕνα,
1372 1695 1601 1755 πταίειν,
1645 1693 1740 1747 καὶ
1767 1693 1949 1763 ψευδο-

359 1780 557 1846 δοξεῖν,
589 1781 686 1834 καὶ
715 1779 856 1834 κατά
889 1781 950 1834 τὸ
983 1782 1194 1850 ἀγνοεῖν
1216 1783 1378 1836 αύτοῦ
1399 1783 1490 1838 τὸν
1519 1783 1810 1857 λεγόμενον
1852 1804 1952 1842 πα-

363 1872 522 1943 τέρα,
563 1874 660 1926 καὶ
688 1871 790 1942 τὴν
835 1867 1002 1926 οὖσαν
1041 1873 1272 1946 μητέρα,
1314 1872 1520 1928 οἴεσθαί
1553 1893 1610 1928 τε
1645 1877 1806 1931 αὑτὸν
1841 1878 1950 1932 ἀπὸ

362 1962 473 2015 τῶν
506 1965 791 2034 μνημείων
809 1965 1123 2036 ἐγηγέρθαι.
1155 1967 1264 2020 Καὶ
1298 1966 1435 2038 πρὸς
1460 1967 1521 2020 τὸ
1551 1969 1609 2021 ὲν
1647 1969 1868 2024 Γενέσει
1888 1987 1950 2024 τε

363 2056 496 2126 περὶ
525 2056 625 2126 τῆς
653 2054 1060 2121 ὲξαναστάσεως
1085 2058 1462 2130 ἀπαντήσεται
1499 2059 1528 2112 6
1562 2059 1949 2132 ἐκκλησιαστι-

359 2145 463 2209 arb;
512 2146 792 2218 χρώμενος
830 2147 938 2219 τῷ,
990 2165 1010 2200 ι
1072 2148 1426 2221 Ἑξανέστησε
1465 2151 1574 2224 γάρ
1623 2170 1713 2222 μοι
1745 2154 1775 2206 6
1817 2153 1951 2218 θεὸς

363 2241 594 2312 σπέρμα
639 2240 824 2312 ἕτερον
871 2241 994 2295 ἀντὶ
1052 2240 1238 2305 Ἀϐελ,
1283 2241 1343 2296 ὃν
1387 2243 1674 2296 ἀπέκτεινε
1721 2245 1882 2306 Κάῖν,
1925 2265 1944 2296 ι

359 2330 466 2400 τῆς
486 2331 894 2396 ὲξαναστὰσεως
917 2332 1013 2385 καὶ
1045 2331 1138 2385 ἐπὶ
1169 2333 1437 2401 γενέσεως
1466 2333 1745 2405 κειμένης.
1780 2329 1951 2398 Οὗτος

361 2423 420 2476 δὲ
442 2423 578 2494 πρὸς
616 2424 676 2478 τὸ
708 2425 922 2496 πρῶτον
963 2425 1240 2496 ἀπορηθὲν
1279 2425 1481 2496 ἑτέρως
1521 2426 1674 2497 παρὰ
1700 2427 1790 2480 τὸν
1826 2428 1950 2480 ύπο-

363 2513 712 2584 λαμϐάνοντα
743 2517 1232 2588 μετενσωμάτωσιν
1264 2517 1698 2588 ἀπολογούμενος
1725 2519 1840 2590 ὲρεί
1862 2519 1948 2574 διά

369 2604 469 2675 μὲν
498 2604 566 2658 τά
595 2606 800 2676 ἀρτίως
827 2608 1342 2662 κατασκευασθέντα
1377 2609 1521 2679 λόγῳ
1560 2609 1666 2662 τινὶ
1690 2606 1828 2664 εἶναι
1855 2611 1949 2664 τὸν

380 2697 632 2769 Ἰωάννην
703 2699 888 2753 Ἠλίαν
943 2701 1033 2754 τὸν
1080 2701 1344 2772 μέλλοντα
1390 2701 1680 2772 ἔρχεσθαι,
1744 2704 1946 2756 ἀποκε-

365 2791 585 2858 κρῖσθαι
617 2791 672 2844 δὲ
701 2793 838 2864 πρὸς
881 2795 1008 2856 τοὺς
1041 2797 1207 2867 ἱερεῖς
1239 2795 1331 2848 καὶ
1362 2795 1595 2859 Λευίτας
1635 2797 1714 2855 τὸ.
1767 2815 1785 2848 ι
1833 2797 1949 2850 Οὐκ

363 2885 501 2952 είμὶ,
545 2904 562 2935 ι
598 2888 1000 2958 στοχασάμενον
1026 2888 1118 2941 τοῦ
1150 2887 1486 2960 βουλήματος
1509 2889 1610 2960 τῆς
1629 2889 1947 2961 ἐρωτήσεως

365 2975 567 3030 αὐτῶν.
623 2978 695 3030 Ού
740 2979 852 3050 γὰρ
897 2978 1056 3033 τοῦτο
1105 2980 1296 3051 ἤθελεν
1345 2983 1376 3051 ή
1437 2981 1807 3052 προλεγομένη
1855 2981 1946 3046 ἐξ·

2054 503 2228 562 est‘";
2259 521 2278 552 ι
2308 504 2374 554 ad
2413 517 2648 572 quorum
2706 501 3183 555 confirmationem
3218 501 3380 553 etiam
3412 501 3514 554 hac
3547 519 3633 554 ra-

2057 595 2199 648 tione
2239 603 2421 648 utetur
2456 611 2470 646 :
2507 593 2562 649 Si
2600 594 2982 647 universorum
3038 594 3178 646 Deus
3220 593 3503 648 familiaris
3551 596 3632 646 fa-

2053 694 2176 739 ctus
2211 686 2437 748 sanctis,
2467 686 2606 738 Dens
2635 687 2876 754 ipsorum
2921 688 2999 751 tit,
3039 686 3120 740 sic
3153 687 3462 742 nominatus
3490 685 3633 742 Deus

2052 780 2349 847 Abraham,
2377 791 2430 834 et
2467 780 2608 833 Deus
2651 781 2823 846 Isaac,
2849 791 2902 835 et
2952 782 3094 835 Deus
3139 781 3309 835 Jacob
3329 781 3395 844 ⁸⁸,
3431 795 3632 850 quanto

2037 870 2228 940 magis
2269 869 2506 940 Spiritus
2535 882 2767 927 sanctus
2801 872 3091 926 familiaris
3122 873 3296 927 factus
3328 874 3630 943 prophetis,

2052 965 2277 1031 spiritus
2308 964 2549 1033 ipsorum
2583 965 2770 1017 haberi
2809 965 3031 1032 poterit,
3063 975 3121 1019 ut
3161 965 3307 1020 hunc
3329 967 3382 1019 in
3413 967 3629 1019 modum

2053 1056 2283 1125 spiritus
2334 1057 2571 1120 dicatur,
2611 1057 2838 1125 spiritus
2887 1057 3040 1120 Elite,
3067 1067 3124 1111 et
3162 1058 3387 1127 spiritus
3437 1057 3633 1111 Isaiae?

2058 1147 2320 1216 Dicetque
2371 1149 2460 1202 hic
2513 1149 2628 1215 ipse
2670 1148 3103 1211 ecclesiasticus,
3135 1151 3373 1217 potuisse
3413 1148 3631 1217 quidem

2055 1254 2148 1294 eos
2177 1240 2267 1308 qui
2298 1241 2555 1310 suspicati
2591 1241 2822 1294 fuissent
2847 1239 3037 1311 [unum
3069 1240 3382 1312 solumque]
3409 1243 3636 1311 prophe-

2058 1336 2236 1382 tarmn
2273 1343 2394 1383 esse
2428 1327 2616 1384 Jesum
2663 1346 2693 1384 e
2745 1330 2982 1384 mortuis
3032 1333 3412 1385 resuscitatum
3437 1332 3506 1395 ⁸⁸,
3539 1333 3636 1386 de-

2053 1421 2182 1486 cipi.
2215 1429 2325 1480 tum
2358 1437 2423 1474 ex
2459 1419 2721 1490 praedicto
2756 1422 3026 1490 dogmate,
3057 1431 3168 1475 tum
3215 1438 3282 1476 ex
3323 1423 3634 1492 suspicione

2053 1513 2196 1580 quod
2248 1515 2362 1580 ipse
2410 1528 2550 1565 llllllS
2597 1527 2662 1565 ex
2715 1511 2997 1580 pr0pbetis
3048 1523 3229 1576 esset;
3266 1517 3362 1567 sed
3409 1525 3635 1582 prater-

2053 1619 2220 1672 quam
2267 1605 2408 1670 quod
2439 1603 2821 1656 existimarent
2857 1619 2980 1656 eum
3015 1619 3182 1657 unum
3228 1620 3293 1658 ex
3349 1607 3632 1674 prophetis

2054 1709 2197 1753 esse.
2251 1703 2416 1762 atque
2465 1707 2530 1747 ex
2577 1692 2952 1748 monumentis
3000 1694 3387 1776 resuscitatum
3438 1693 3628 1758 fuisse,

2054 1785 2157 1840 labi
2183 1800 2280 1840 eos
2301 1785 2490 1842 etiam,
2529 1793 2584 1836 et
2619 1781 2752 1835 falsa
2782 1782 2994 1851 Opinari
3034 1777 3299 1850 potuisse,
3332 1785 3633 1854 ignorando

2049 1877 2300 1946 quisnam
2358 1885 2515 1943 pater
2569 1874 2740 1941 ipsius
2795 1874 3074 1928 diceretur
3119 1884 3175 1930 et
3220 1891 3467 1944 quamam
3513 1878 3632 1947 ejus

2049 1978 2194 2024 esset
2225 1979 2416 2024 mater.
2453 1967 2530 2020 Ad
2564 1965 2692 2018 illud
2740 1967 2902 2021 etiam
2937 1968 3078 2034 quod
3112 1977 3195 2020 est
3230 1967 3282 2020 in
3323 1967 3523 2022 Genesi
3557 1972 3626 2023 de

2051 2075 2182 2114 voce
2207 2059 2644 2119 resurrectionis,
2671 2068 2927 2112 occurret
2951 2058 3356 2114 ecclesiasticus
3378 2070 3536 2113 utens
3564 2075 3630 2114 eo

2053 2153 2361 2208 testimonio
2383 2151 2462 2203 ’σε
2493 2169 2513 2201 ι
2553 2149 2916 2205 Resuscitavit
2949 2151 3079 2204 mihi
3105 2166 3289 2205 semen
3317 2151 3463 2206 aliud
3491 2153 3633 2208 Deus

2051 2257 2148 2311 pro
2173 2239 2324 2305 Abel,
2353 2254 2526 2308 quem
2549 2241 2823 2294 interfecit
2857 2239 3015 2306 Cain,
3044 2260 3062 2292 ι
3097 2257 3228 2296 voce
3273 2245 3632 2298 resurrectio-

2053 2333 2136 2387 nis
2166 2334 2366 2401 posita,
2399 2333 2566 2386 etiam
2602 2331 2670 2386 de
2701 2332 3006 2386 nativitate.
3033 2333 3270 2387 Proinde
3307 2335 3394 2388 hic
3420 2335 3485 2388 ad
3515 2336 3629 2404 pri-
3721 2399 3730 2408 θ

2052 2441 2192 2480 mam
2231 2424 2624 2479 dubitationem
2654 2425 2760 2477 alio
2796 2425 2977 2488 modo,
3011 2440 3174 2494 quam
3215 2426 3260 2479 is
3299 2428 3390 2493 qui
3443 2429 3628 2497 suspi-

2051 2527 2206 2572 catur
2254 2517 2872 2586 transcorporationcm,
2930 2517 3262 2586 respondens
3309 2518 3476 2584 dicet,
3534 2535 3632 2588 per

2050 2625 2112 2664 ea
2141 2611 2378 2679 quidem,
2412 2625 2534 2680 qua:
2576 2623 2748 2678 nuper
2793 2609 3014 2676 probata
3061 2621 3208 2676 sunt,
3234 2607 3498 2665 Joannem
3540 2627 3633 2667 ra-

2055 2704 2200 2756 tione
2239 2703 2472 2770 quadam
2525 2702 2696 2756 Eliatn
2745 2717 2865 2757 esse
2913 2713 3233 2766 venturum,
3283 2704 3630 2773 resp0ndi$se

2050 2807 2181 2847 vero
2212 2793 2596 2847 sacerdotibus
2624 2807 2687 2846 ac
2736 2791 2960 2855 Levitis,
2999 2810 3018 2842 ι
3059 2790 3176 2845 Non
3209 2807 3328 2845 sum
3349 2792 3418 2857 “,
3447 2811 3467 2845 ι
3501 2808 3634 2846 con-

2045 2887 2344 2956 jectantem
2377 2883 2824 2954 interrogationis
2856 2883 3099 2950 ipsorum
3131 2885 3487 2939 voluntatem.
3518 2883 3632 2940 Nec

2050 2978 2194 3034 enim
2224 2978 2539 3032 intendebat
2588 2978 2702 3031 haec
2747 2976 3025 3046 inquisitio
3056 2978 3230 3046 prima
3254 2975 3448 3031 Jaauni
3488 2977 3628 3033 facta

365 3063 554 3131 έτασίς
580 3066 658 3138 τῷ
696 3069 917 3142 Ἰωάννῃ
947 3071 1056 3124 ἀπὸ
1087 3070 1196 3124 τῶν
1241 3070 1430 3141 ἱερέων
1459 3071 1555 3125 καὶ
1579 3071 1838 3136 Λευῖτῶν,
1886 3071 1947 3126 τδ

2055 3086 2080 3122 a
2111 3071 2490 3125 sacerdotibus
2512 3079 2568 3124 et
2601 3069 2825 3132 Levitis,
2861 3078 2911 3122 ut
2936 3070 3209 3122 discerent
3235 3084 3300 3122 an
3337 3069 3482 3124 idem
3512 3070 3628 3136 spi-

367 3157 561 3227 μαθεῖν
587 3161 634 3212 εί
661 3159 721 3213 τὸ
753 3160 884 3214 αὐτὸ
912 3160 1128 3232 πνεῦμα
1165 3164 1220 3216 έν
1254 3163 1586 3234 ἀμφοτέροις
1627 3163 1942 3234 ἐτύγχανεν,

361 3247 482 3301 ἀλλ’
513 3252 561 3304 εί
587 3253 614 3304 6
655 3251 908 3324 Ἰωάννης
951 3254 1112 3317 αὐτος
1157 3253 1343 3318 Ἠλίας
1385 3255 1414 3308 6
1457 3255 1805 3327 ἀναληφθεὶς,
1847 3254 1946 3311 νῦν

363 3341 782 3410 ἐπιφαινόμενος
841 3344 982 3398 κατά
1037 3344 1096 3398 τὸ
1165 3346 1439 3410 Ἰουδαίοις
1497 3346 1945 3419 προσδοκώμενον

364 3433 534 3503 χωρὶς
567 3433 856 3502 γενέσεως,
886 3435 952 3506 ἣν
979 3437 1122 3506 τάχα
1155 3438 1248 3490 καὶ
1280 3439 1510 3506 ἠγνόουν
1544 3441 1593 3492 οἱ
1624 3441 1730 3494 ἀπὸ
1781 3443 1943 3511 Ἰερο-

365 3523 616 3593 σολύμων
676 3526 1105 3592 ἀποσταλέντες·
1162 3530 1298 3602 πρὸς
1353 3530 1422 3602 ἢν
1471 3530 1663 3586 πεῦσιν
1713 3533 1944 3597 εἰκότως

367 3616 719 3686 ἀποκρίνεται
769 3623 856 3678 τὸ,
919 3637 939 3670 ι
989 3621 1104 3675 Οὐκ
1154 3623 1306 3691 εἰμὶ,
1363 3642 1382 3673 ι
1433 3622 1493 3674 οὑ
1533 3621 1643 3694 γὰρ
1699 3623 1884 3688 Ἠλίας
1915 3625 1944 3676 6

361 3705 694 3776 ἀναληφθεὶς
721 3707 960 3780 ἀμείψας
990 3711 1148 3781 σῶμα
1187 3712 1433 3783 ἐληλύθει
1463 3715 1492 3766 6
1541 3713 1794 3784 Ἰωάννης
1827 3715 1945 3768 ὀνο-

367 3798 691 3869 μαζόμενος.
752 3802 809 3855 Ὀ
847 3803 904 3855 δὲ
951 3803 1183 3874 πρῶτος,
1228 3800 1287 3859 οῦ
1329 3805 1422 3856 τὸν
1467 3803 1592 3858 νοῦν
1631 3806 1946 3876 παρεθήκα-

365 3907 486 3960 μεν,
519 3892 768 3962 οἰομένου
803 3894 1290 3964 μετενσωμάτωσιν
1325 3893 1570 3947 ἐντεῦθεν
1603 3895 1944 3949 κατασκευά-

363 3980 576 4045 ζεσθαι,
611 3983 1041 4055 προσδιατρίόων
1070 3987 1135 4055 τῇ
1171 3986 1390 4056 βασάνῳ
1425 3986 1526 4054 τῆς
1565 3985 1782 4050 λέξεως,
1831 3987 1948 4057 ἐρεῖ

365 4074 504 4146 πρὸς
535 4076 626 4129 τὸν
666 4076 936 4148 δεύτερον.
975 4079 1056 4131 ὄτι
1097 4079 1198 4130 ούκ
1241 4079 1530 4133 ἀκόλουθον
1563 4081 1656 4133 τὸν
1697 4079 1946 4150 τηλικού-

360 4181 458 4218 του
512 4167 699 4237 ἱερέως
753 4169 1022 4240 Ζαχαρίου
1071 4170 1185 4222 υίὸν
1229 4170 1324 4223 ἐπὶ
1380 4173 1526 4244 γήρᾳ
1581 4171 1945 4242 γεγενημένον

360 4256 694 4328 ἀμφοτέροις
716 4259 932 4325 γονεῦσι
955 4258 1104 4330 παρά
1135 4262 1316 4313 πᾶσαν
1347 4259 1694 4332 ἀνθρωπίνην
1725 4261 1945 4332 προσδο-

363 4347 491 4402 κίαν
519 4349 831 4417 ἀγνοεῖσθαι
879 4351 982 4404 ὑπὸ
1010 4351 1117 4404 τῶν
1155 4351 1425 4404 τοσούτων
1457 4354 1516 4404 ἐν
1553 4352 1944 4424 Ἰεροσολύμοις

2053 3163 2192 3217 ritus
2239 3162 2291 3216 in
2341 3171 2573 3230 utroque
2605 3171 2786 3225 esset;
2823 3162 2916 3215 sed
2965 3177 3031 3213 an
3079 3159 3320 3216 Joannes
3364 3171 3509 3216 esset
3539 3161 3631 3215 ille

2051 3253 2164 3322 ipse
2205 3253 2352 3308 Elias
2397 3253 2490 3322 qui
2539 3263 2850 3322 assumptus
2895 3250 3097 3314 fuerat,
3146 3269 3293 3308 nunc
3334 3269 3626 3323 apparens,

2039 3341 2192 3410 juxta
2223 3341 2533 3398 Judworum
2556 3344 3268 3414 exspectationem,absque
3293 3356 3438 3410 ortu,
3467 3362 3628 3415 quem

2047 3436 2277 3490 fortasse
2323 3436 2490 3490 etiam
2551 3435 2901 3501 ignorabant.
2947 3436 3038 3503 qui
3091 3437 3244 3490 missi
3289 3437 3514 3490 fuerunt
3559 3439 3630 3490 ab

2045 3527 2476 3600 Hierosolymis;
2534 3527 2600 3580 ad
2669 3542 2833 3596 quam
2906 3527 3384 3595 interrogationem
3434 3529 3630 3581 merito

2048 3622 2376 3689 respondet:
2411 3639 2430 3672 ι
2477 3619 2591 3672 Non
2653 3633 2814 3682 sum;
2853 3636 2872 3668 ι
2916 3632 3095 3684 neque
3146 3619 3292 3672 enim
3341 3619 3489 3671 Elias
3539 3620 3630 3672 ille

2046 3730 2263 3768 sursum
2296 3721 2548 3780 receptus
2597 3711 2966 3762 alternaverat
3005 3721 3224 3776 corpus,
3255 3708 3434 3762 dictus
3457 3709 3627 3764 Joan-

2049 3821 2164 3860 nes.
2198 3807 2269 3857 At
2321 3813 2511 3856 contra
2575 3800 2785 3869 priums
2834 3799 2942 3864 ille,
2993 3799 3150 3869 cujus
3202 3813 3424 3854 sensum
3468 3801 3631 3874 114

2047 3895 2432 3966 proposuimus
2469 3892 2839 3948 existimantis
2876 3891 3470 3961 trauscorporatiouem
3500 3894 3627 3945 hinc

2047 3987 2242 4050 astrui,
2285 3986 2586 4041 immoraris
2624 3983 2679 4038 in
2722 3985 3129 4039 examinatione
3174 3985 3450 4052 dictionis,
3481 3986 3627 4039 dicet

2047 4083 2112 4136 ad
2150 4082 2377 4135 alterum
2410 4079 2633 4132 minime
2677 4093 3016 4148 consequens
3038 4093 3159 4133 esse
3183 4077 3464 4132 Zachariae
3489 4079 3624 4132 tanti

2046 4173 2349 4228 sacerdotis
2384 4170 2550 4224 lilium
2575 4171 2629 4223 in
2658 4180 2943 4224 senectute
2975 4170 3225 4238 utrisque
3249 4169 3494 4238 genitum
3523 4183 3626 4238 pa-

2049 4266 2316 4328 rentibus,
2342 4275 2540 4334 praeter
2561 4278 2778 4318 onmem
2815 4263 3108 4315 humanam
3136 4259 3623 4328 exspectationem,

2050 4356 2288 4426 ignorari
2323 4373 2352 4408 ιι
2386 4365 2461 4408 tot
2482 4353 2682 4408 Judaeis
2713 4353 2808 4420 qui
2841 4361 3000 4406 erant
3030 4351 3442 4420 Hierosolyma,
3467 4360 3525 4404 et
3557 4351 3628 4403 ab

375 4437 664 4500 Ἰουδαίων,
701 4441 794 4494 καὶ¹
827 4441 935 4493 τῶν
967 4441 1323 4512 πεμφθέντων
1371 4443 1460 4494 ὑπ’
1496 4443 1673 4496 αὐτῶν
1705 4443 1944 4496 Λευῖτῶν

2053 4449 2119 4503 iis
2148 4449 2240 4517 qui
2281 4447 2431 4501 missi
2472 4446 2694 4499 fuerunt
2731 4443 2795 4496 ab
2829 4443 2962 4513 ipsis
3003 4441 3213 4496 Levitis
3242 4453 3298 4495 et
3325 4441 3627 4494 sacerdoti-

361 4528 460 4580 καὶ
511 4529 720 4599 ἱερέων,
765 4530 824 4583 ού
869 4532 1246 4599 γινωσκόντων
1287 4533 1350 4586 τὸ
1396 4534 1721 4605 γεγενῆσθαι
1761 4535 1944 4599 αὑτὸν,

363 4618 460 4670 καὶ
488 4618 722 4687 μάλιστα
752 4621 936 4673 Λουκᾶ
966 4621 1386 4694 μαρτυροῦντος,
1420 4624 1501 4676 ὃτι
1541 4641 1560 4674 ι
1605 4623 1823 4692 ἐγένετο
1855 4625 1947 4677 ἐπὶ

363 4710 572 4772 πάντας
602 4711 764 4778 φόϐος
796 4713 921 4774 τοὺς
949 4712 1358 4782 περιοικοῦντας
1389 4712 1584 4777 αύτούς
1616 4733 1634 4765 ι
1662 4713 1837 4785 (δῆλον
1867 4713 1946 4774 δὲ,

361 4801 444 4852 ὅτι
470 4801 562 4853 τὸν
585 4801 860 4872 Ζαχαρίαν
886 4803 982 4856 καὶ
1017 4803 1114 4873 τὴν
1152 4803 1474 4872 Ἐλισάῧετ),
1509 4823 1527 4854 ι
1553 4806 1646 4859 καὶ
1675 4807 1733 4857 ἐν
1758 4805 1852 4876 ὅλῃ
1877 4808 1946 4876 τῇ

361 4894 544 4964 ὀρεινῇ
595 4895 691 4964 τῆς
758 4895 1014 4959 Ἰουδαίας
1066 4895 1357 4950 διελαλεῖτο
1395 4897 1572 4949 πάντα
1611 4895 1680 4950 τὰ
1723 4900 1944 4967 ῥήματα

361 4986 555 5040 ταῦτα.
602 5007 619 5038 ι
655 4989 716 5040 Ei
753 4987 811 5041 δὲ
839 4989 938 5043 ούκ
975 4990 1220 5058 ἠγνοεῖτο
1257 4991 1288 5060 ἡ
1325 4991 1389 5042 ἐκ
1427 4991 1697 5059 Ζαχαρίου
1732 4991 1943 5056 γένεσις

376 5078 644 5141 Ἰωάννου,
680 5079 926 5150 ἔπεμπον
961 5081 1016 5133 δὲ
1047 5083 1096 5132 οἱ
1124 5081 1232 5134 ἀπὸ
1271 5080 1657 5151 Ἰεροσολύμων
1703 5083 1944 5135 Ἰουδαῖοι

359 5171 450 5222 διὰ
491 5170 600 5222 τῶν
630 5172 866 5224 Λευϊτῶν
921 5174 1016 5226 καὶ
1070 5172 1258 5244 ἱερέων
1305 5173 1628 5241 πευσόμενοι
1670 5175 1760 5238 τὸ,
1805 5191 1822 5224 ι
1870 5174 1943 5226 Σὺ

374 5261 560 5326 Ἠλίας
587 5260 670 5328 si;
710 5284 728 5314 ι
762 5263 940 5333 δῆλον,
971 5265 1052 5316 ὅτι
1081 5265 1238 5318 τοῦτο
1271 5264 1452 5332 ἔλεγον
1490 5265 1550 5316 τὸ
1591 5264 1720 5334 περὶ
1754 5281 1942 5334 μετεν-

364 5354 743 5423 σωματώσεως
776 5356 951 5426 δόγμα
989 5356 1225 5426 οἰόμενοι
1269 5353 1405 5409 εἶναι
1457 5356 1676 5425 ἀληθὲς,
1723 5356 1800 5418 ὠς
1832 5356 1937 5410 πά-

359 5459 512 5516 τριον
533 5449 818 5516 τυγχάνον,
865 5450 959 5502 καὶ
1002 5450 1102 5501 οὐκ
1145 5449 1425 5517 ἀλλότριον
1457 5448 1554 5517 τῆς
1599 5449 1657 5500 ὲν
1705 5450 1944 5520 ἀπορρή-

362 5554 475 5599 τοις
510 5537 855 5600 διδασκαλίας
899 5539 1098 5594 αὐτῶν.
1135 5539 1230 5591 Διά
1268 5539 1425 5592 τοῦτο
1455 5535 1546 5592 οὖν
1577 5540 1742 5608 λέγει,
1780 5561 1796 5590 ι
1829 5543 1942 5594 Οὐκ

433 5661 475 5690 ⁸⁷
515 5659 700 5712 Matth.
739 5676 814 5722 XI,
849 5660 930 5712 Η.
1037 5661 1080 5690 ⁸⁸
1115 5661 1281 5715 Exod.
1325 5677 1405 5724 ιιι,
1433 5662 1486 5720 6.
1523 5662 1610 5722 15.
1643 5663 1742 5722 l6;
1785 5679 1856 5728 tv,

365 5728 408 5759 "
443 5744 561 5797 cap.
589 5746 626 5793 ι,
657 5745 793 5783 vers.
825 5732 912 5784 65.
988 5731 1032 5762 ³³
1063 5733 1184 5784 ibid.
1272 5732 1314 5763 ἠ
1342 5732 1495 5786 Joan.
1524 5749 1565 5797 ι,
1594 5737 1674 5799 ιν,
1708 5735 1795 5787 ει.

2047 4540 2145 4592 bus
2187 4535 2557 4591 nescientibus
2599 4534 2777 4601 ipsum
2819 4541 3005 4584 natum
3065 4528 3257 4591 fuisse,
3283 4537 3336 4579 ct
3387 4524 3624 4580 maxime

2047 4627 2370 4682 testiﬁcante
2399 4622 2545 4676 Luca
2588 4623 2634 4654 θ’
2666 4624 2913 4676 timorem
2952 4618 3221 4686 ingruisse
3255 4639 3271 4668 ι
3311 4630 3474 4681 super
3503 4631 3624 4668 om—

2047 4733 2142 4772 nes
2182 4716 2388 4768 vicinos
2437 4727 2646 4774 eorum,
2673 4709 2928 4776 o(nempe
2968 4706 3250 4760 Zachariae
3280 4714 3335 4759 et
3373 4703 3614 4758 Elisabe-

2049 4807 2196 4878 than),
2245 4825 2263 4857 ι
2309 4813 2364 4859 et
2403 4804 2548 4872 quod
2585 4803 2639 4855 in
2680 4809 2789 4852 tota
2834 4811 3090 4852 montana
3135 4797 3338 4852 Jutlwm
3385 4795 3626 4864 divulga-

2051 4903 2250 4953 bautur
2275 4897 2456 4949 omnia
2495 4894 2658 4946 verba
2697 4891 2890 4946 JKBC”.
2910 4909 2930 4942 ι
2967 4889 3120 4955 Quod
3147 4890 3190 4943 si
3219 4899 3373 4943 ortus
3393 4886 3622 4943 Joannis

2047 5005 2111 5043 ex
2164 4986 2426 5040 Zacharia
2473 5001 2580 5038 non
2619 4983 2994 5054 ignorabatur,
3038 4979 3409 5049 miserantque
3452 4976 3624 5030 Judaei

2048 5086 2116 5138 ab
2153 5077 2546 5148 Hierosolymis
2569 5092 2664 5146 Per
2698 5075 2923 5130 Levites
2971 5084 3028 5128 et
3052 5071 3368 5126 sacerdotes
3401 5071 3628 5122 interro-

2049 5174 2298 5244 gaturiﬁ
2342 5171 2490 5224 Elias
2532 5184 2592 5222 cs
2641 5168 2791 5220 tu"?
2821 5185 2840 5219 ι
2873 5165 3220 5236 perspicuum
3260 5171 3345 5216 est
3388 5161 3494 5216 hoc
3532 5174 3628 5214 eos

2048 5269 2270 5328 dixisse,
2298 5279 2483 5318 verum
2521 5271 2776 5330 putantes
2821 5274 2943 5314 esse
2969 5259 3162 5326 dogma
3183 5256 3250 5310 de
3275 5267 3626 5322 transcorpo-

2052 5359 2279 5422 ratione,
2309 5351 2500 5428 [quod]
2526 5367 2624 5406 ceu
2663 5351 2901 5418 patrium
2940 5357 3084 5402 esset
3133 5347 3398 5416 ipsormn,
3429 5354 3484 5399 et
3517 5358 3622 5398 non

2051 5450 2289 5502 alienum
2327 5447 2395 5498 ab
2427 5460 2627 5497 arcana
2677 5442 2921 5494 doctrina
2953 5455 3071 5508 qua:
3105 5441 3245 5509 apud
3277 5439 3419 5506 ipsos
3452 5435 3626 5490 tradi-

2054 5553 2172 5604 tur;
2202 5538 2471 5605 addetqne
2501 5536 2666 5589 ctiam
2709 5537 2851 5589 hanc
2896 5534 2964 5587 ob
3005 5548 3228 5588 causam
3257 5530 3520 5586 Joannem
3551 5528 3651 5582 di-.

3164 5653 3206 5686 "
3247 5649 3405 5708 Joan.
3451 5665 3490 5717 ι,
3531 5646 3624 5705 21.

2047 5664 2092 5694 ⁸³
2127 5661 2258 5717 Luc.
2297 5673 2370 5719 ιιι,
2414 5656 2502 5712 19.
2616 5655 2661 5685 ’°
2687 5653 2821 5716 Gen.
2870 5669 2945 5722 tv,
2969 5653 3060 5709 25.
