4020 6216
354 312 516 384 ,ενδ

1864 308 2189 367 ORIGENlS

3570 302 3689 358 29%

408 441 559 490 cere,
590 425 704 480 Non
737 442 855 479 sum
891 426 1058 489 Elias.
1084 427 1227 495 quod
1261 429 1538 497 ignoraret
1568 429 1840 499 quodnam
1868 429 1990 481 vine

2103 425 2204 495 εἰμὶ
2236 423 2443 486 Ἠλίας,
2484 441 2502 475 ι
2532 425 2561 476 6
2588 422 2863 491 Ἰωάννης,
2895 420 3019 475 ἐπεὶ
3057 420 3247 488 ἀγνοεῖ
3272 418 3363 473 τὸν
3395 418 3524 472 ἴδιον
3548 424 3695 490 πρὸ·

412 532 586 587 genus
611 526 737 570 ante
766 518 1143 584 transegisset.
1176 518 1272 572 llis
1298 518 1465 593 igitur
1499 538 1604 574 non
1634 531 1992 576 contemnen—

412 609 540 664 dam
581 608 1021 679 probabilitatem
1074 609 1421 673 habentibus,
1458 627 1673 667 rursum
1726 611 1993 667 ecclesia-

410 699 584 754 sticus
611 699 884 755 dubitabit
912 710 1102 754 contra
1128 701 1279 754 illum
1304 702 1566 771 priorem,
1599 719 1668 756 an
1700 703 1846 756 illius
1865 718 1994 773 pro-

412 792 590 857 phetae
619 791 692 845 sit
718 792 812 862 qui
852 808 881 845 a
925 793 1136 861 Spiritu
1175 793 1539 861 illuminatue,
1570 796 1661 865 qui
1694 795 1763 850 ab
1794 796 1993 851 Isaia"

410 884 791 953 prophetatnr,
823 885 913 954 qui
944 901 973 939 a
1010 886 1104 941 tali
1135 896 1396 956 tantoque
1425 889 1643 957 angelo,
1676 883 2016 959 priusquam'

376 968 383 975 ’
413 989 751 1038 nasceretur.
791 976 1112 1044 praedic-itur
1160 972 1459 1046 pariend'us
1478 981 1546 1046 “,
1574 981 1665 1051 qui
1701 996 1768 1036 ex
1812 982 1994 1051 pleni-

415 1066 603 1121 tudine
650 1065 852 1122 Christi
908 1069 1138 1135 accepit,
1176 1069 1264 1137 qui
1309 1072 1538 1136 gratiam
1574 1073 1736 1127 talem
1784 1088 1847 1128 ac
1877 1084 1997 1127 tan-

414 1169 521 1209 tam
553 1157 915 1224 participavit,
949 1157 1039 1228 qui
1064 1158 1331 1216 intellexit
1358 1164 1642 1218 veritatem
1676 1180 1776 1232 per
1807 1165 1993 1221 Jesmn

411 1248 692 1305 Christum
724 1248 928 1303 factam
977 1251 1165 1315 fuisse,
1203 1253 1296 1321 qui
1327 1253 1454 1308 talia
1495 1271 1559 1310 ac
1590 1267 1737 1311 tanta
1766 1258 1835 1312 de
1862 1257 1993 1323 Deo,

411 1356 476 1396 ac
503 1343 571 1397 de
600 1341 716 1410 ejus
744 1340 1036 1412 Unigeuito
1065 1343 1179 1408 illo,
1225 1345 1316 1413 qui
1352 1345 1418 1399 ad
1456 1347 1634 1402 sinum
1684 1347 1861 1404 Patris
1888 1360 1995 1417 est,

410 1432 783 1495 enarravit".
830 1435 1075 1499 mentiri,
1129 1444 1296 1506 atque
1354 1437 1519 1492 etiam
1583 1440 1854 1507 laesit-are,
1888 1457 1993 1497 non

413 1537 802 1594 agnoscentem
848 1525 993 1593 quod
1044 1534 1184 1581 erat.
1230 1527 1534 1594 Oportebat
1560 1530 1706 1583 enim
1736 1532 1801 1585 de
1835 1531 1997 1588 rebus

411 1614 824 1669 obscurioribus
859 1616 1231 1671 assensionem
1269 1617 1542 1682 inhibere,
1586 1636 1761 1690 neque
1790 1637 1989 1678 conce-

414 1707 616 1770 dendo,
678 1721 854 1774 neque
912 1707 1148 1761 tollendo
1206 1710 1653 1779 propositionem.
1713 1714 1995 1780 Quomodo

413 1809 597 1851 autem
633 1798 825 1851 rationi
858 1810 1287 1854 consentaneum
1314 1817 1417 1856 non
1444 1813 1588 1867 erat,
1615 1805 1658 1858 si
1703 1806 1996 1861 multorum
2031 1788 2071 1840 Β

416 1900 531 1944 tum
567 1892 830 1960 temporis
862 1892 1055 1961 dogma
1078 1891 1180 1947 hoc
1206 1894 1419 1959 fuisset,
1453 1905 1511 1949 ut
1542 1898 1817 1953 dubitaret
1843 1898 2003 1953 Joan-

414 1995 513 2034 nes
542 1981 607 2035 de
641 1982 843 2050 seipso,
877 1999 1002 2035 num
1032 1986 1253 2052 quando
1281 1986 1463 2040 anima
1489 2004 1586 2043 sua
1632 1991 1686 2044 in
1733 1991 1847 2045 Elia
1888 1992 1998 2046 fue-

413 2071 525 2134 rit?
573 2073 715 2141 Quin
760 2075 827 2127 ad
878 2074 1165 2129 historiam
1223 2081 1544 2147 provocabit
1589 2084 2001 2141 ecclesiasticus

412 2164 564 2219 illum
599 2165 846 2234 priorem
876 2167 1188 2224 auditurum
1221 2170 1290 2224 ab
1337 2170 1444 2235 his,
1479 2174 1569 2243 qui
1602 2190 1661 2230 se
1698 2177 1842 2232 scire
1874 2194 2002 2248 pro-

417 2256 639 2309 litentur
681 2272 803 2323 qum
846 2258 988 2324 apud
1026 2257 1287 2315 Hebratos
1319 2276 1520 2316 arcana
1573 2276 1717 2323 sunt.
1741 2266 1819 2339 [et
1845 2270 1998 2323 evul-

414 2360 545 2416 gare
583 2347 654 2401 sit
687 2344 887 2419 nefas]
923 2364 1049 2402 num
1086 2350 1279 2421 dogma
1325 2352 1543 2422 aliquod
1592 2356 1897 2424 bujusmodi
1927 2362 2001 2417 sit

411 2436 552 2507 apud
583 2437 759 2506 ipsos;
794 2455 915 2492 nam
944 2438 988 2493 si
1010 2439 1160 2495 nullo
1181 2440 1301 2496 loco
1330 2437 1610 2512 appareat;
1639 2448 1742 2505 hoc
1774 2451 1916 2508 hunc
1946 2458 1997 2508 in

361 2556 377 2570 ο
413 2530 632 2583 modum
674 2545 733 2584 se
776 2531 1000 2598 habere,
1057 2535 1409 2604 perspicuum
1455 2546 1542 2592 est
1600 2538 1745 2595 illius
1795 2544 1998 2612 prioris

412 2621 682 2676 rationem
745 2623 1064 2693 dissipatam
1111 2640 1251 2687 esse.
1305 2631 1670 2697 Quamobrem
1724 2637 2000 2695 nihilomi-

415 2724 518 2768 nus
580 2713 989 2772 ecclesiasticus
1070 2719 1345 2777 solutione
1402 2734 1587 2778 utctnr
1653 2742 1818 2795 quam
1874 2741 2001 2787 ante

411 2805 831 2877 explicavimus,
882 2811 1059 2867 adhuc
1131 2814 1471 2886 etiam‘ipse
1531 2818 1865 2877 voluntatem
1918 2823 1999 2878 iu-

416 2900 812 2967 terrogantium
873 2904 1100 2973 produci
1135 2907 1187 2961 in
1241 2909 1476 2965 medium
1528 2913 1831 2981 postulans.
1861 2914 1996 2971 Nam

412 2987 459 3041 si
498 2986 574 3041 illi
631 2989 722 3058 qui
789 2990 1055 3047 ntiserunt
1087 2992 1298 3059 sciunt,
1353 3006 1411 3051 ut
1447 3002 1696 3068 probavi,
1754 3004 1996 3073 genitum

413 3095 480 3134 ex
540 3079 806 3137 Zacharia
856 3093 911 3138 et
956 3084 1233 3142 Elis:ibctb
1286 3086 1552 3147 Joannem
1602 3091 1789 3161 fuisse,
1837 3105 2000 3165 atque
2028 3125 2071 3183 α

414 3170 576 3225 etiam
640 3173 810 3228 multo
859 3175 1034 3244 magis
1083 3177 1118 3231 ii
1163 3179 1252 3247 qui
1320 3181 1470 3235 missi
1532 3183 1862 3245 fuerant.ex
1904 3203 2000 3257 ge-

415 3278 550 3319 nere
601 3280 723 3319 cum
783 3277 964 3322 essent
1028 3272 1403 3337 sacerdotali,
1466 3275 1666 3343 quibus
1724 3277 1865 3332 clam
1922 3279 2005 3333 fn-

417 3362 536 3409 tura
582 3356 739 3427 115
775 3373 880 3412 non
911 3372 1029 3414 erat
1058 3361 1205 3416 clara
1230 3374 1394 3433 atque
1424 3365 1741 3421 ad.niranda
1786 3369 2004 3427 soboles

415 3442 692 3501 Zachariae
722 3452 939 3517 cognati
985 3461 1093 3504 tam
1129 3450 1376 3517 illustris.
1408 3455 1538 3522 quid
1568 3455 1885 3527 cogitarunt
1922 3459 2007 3513 in-

419 3546 790 3607 terrogantes,
825 3557 845 3591 t
885 3539 956 3594 Es
996 3550 1050 3593 tu
1097 3540 1246 3596 Elias
1271 3543 1369 3597 "?
1403 3562 1422 3597 ι
1463 3546 1565 3600 viri
1620 3549 1711 3616 qui
1761 3547 2007 3620 legerant

419 3626 587 3681 Eliam
632 3627 686 3683 in
720 3629 893 3686 ccelos
932 3646 1210 3702 receptura
1244 3632 1435 3701 fuisse,
1483 3648 1539 3692 et
1577 3640 1669 3709 qui
1721 3651 2008 3710 exspecta-

416 3716 550 3773 bant
574 3721 867 3776 adventum
891 3721 1011 3793 ejus
1036 3724 1061 3778 Ἰ
1096 3723 1372 3783 Fortassis
1400 3727 1565 3799 igitur
1592 3733 1850 3800 quoniam
1874 3749 2009 3789 con-

418 3813 800 3869 summationis
830 3825 1074 3885 tempore
1118 3817 1291 3872 Eliaut
1339 3832 1467 3876 ante
1496 3823 1774 3879 Christum
1810 3840 2007 3895 exspe-

416 3913 591 3968 ctant,
625 3913 682 3958 et
730 3918 852 3973 post
896 3907 1068 3962 Eliam
1120 3908 1420 3978 Christum,
1473 3913 1638 3970 veluti
1673 3918 1881 3989 tropice
1921 3918 2005 3972 iu-

421 4005 705 4064 terrogare
734 3996 986 4053 videntur
1031 4017 1045 4054 :
1083 3999 1221 4055 Num
1270 4012 1327 4056 tu
1374 4018 1433 4059 es
1488 4005 1578 4061 ille
1635 4012 2008 4078 praenuntians

417 4093 706 4140 venturam
732 4094 860 4142 ante
884 4086 1186 4155 Christum,
1208 4098 1702 4154 consummationis
1739 4110 2005 4172 tempore,

419 4176 857 4247 praedicationem
901 4179 1026 4234 ?Et
1073 4182 1319 4240 scienter
1371 4186 1440 4241 ad
1498 4187 1602 4244 hoc
1647 4194 1943 4263 respondet
1989 4212 2005 4249 :

422 4284 443 4324 ι
474 4267 589 4325 Non
621 4286 742 4325 sum
757 4273 857 4326 θ’.»
886 4271 1151 4329 Prazterea
1185 4289 1314 4332 vero
1339 4277 1763 4349 ecclesiasticus,
1797 4285 2008 4341 instans

417 4364 488 4419 ad
522 4380 584 4419 ea
620 4380 742 4435 quan
791 4366 1019 4436 inquirit
1047 4367 1208 4435 alter,
1238 4370 1331 4438 qui
1376 4374 1667 4431 ostendere
1697 4387 1872 4432 tentat
1899 4396 2003 4435 non

2094 532 2251 585 τερον
2281 515 2414 585 βίον.
2449 515 2666 568 Τούτων
2705 512 2770 585 δὴ
2811 512 2913 567 οὐκ
2950 510 3429 583 εὐκαταφρόνητον
3465 511 3697 567 πιθανό-

2093 625 2234 680 τητα
2286 607 2521 679 ἐχόντων
2541 646 2557 670 ,
2613 605 2774 660 πάλιν
2810 608 2839 659 6
2901 603 3355 675 ἐκκλησιαστικὸς
3413 604 3693 677 ἀπορήσει

2094 696 2233 772 πρὸς
2260 699 2356 753 τὸν
2384 698 2670 770 πρότερον,
2701 699 2752 750 εί
2783 696 2926 750 κατὰ
2944 695 3035 749 τὸν
3063 696 3351 767 προφήτην
3386 695 3537 749 ἐστὶν
3581 695 3694 750 inab

2091 793 2188 850 τοῦ
2227 791 2546 864 Πνεύματος
2576 789 2962 861 φωτιζόμενον,
3001 789 3096 843 καὶ
3131 788 3238 842 ὑπὸ
3284 788 3509 842 Ἡσαῖου
3548 804 3693 860 προσ

2094 882 2485 956 φητευόμενον,
2526 880 2633 935 ὑπό
2663 897 2724 934 τε
2761 878 3080 951 τηλικούτου
3116 877 3210 933 τοῦ
3255 879 3513 948 ἀγγέλου,
3554 878 3690 950 πρὶν

2097 975 2443 1047 γεννηθῆναι,
2468 971 2831 1045 τεχθήσεσθαι
2868 970 3288 1044 προειρημένον,
3325 972 3392 1024 ἐκ
3418 971 3515 1025 τοῦ
3548 970 3694 1043 πλη-

2099 1068 2356 1143 ρώματος
2377 1062 2614 1139 Χριστοῦ
2638 1062 2918 1134 εἰληφότα,
2940 1061 3162 1133 χάριτος
3190 1061 3525 1133 τηλικαύτης
3556 1079 3693 1134 μετ-

2096 1158 2370 1229 εσχηκότα
2395 1195 2412 1221 ,
2460 1154 2560 1227 τὴν
2600 1153 2859 1226 ἀλήθειαν
2893 1151 2984 1206 διὰ
3032 1152 3208 1225 Ἰησοῦ
3251 1153 3489 1224 Χριστοῦ
3528 1166 3695 1224 γεγε-

2095 1247 2292 1318 νῆσθαι
2320 1243 2634 1315 νενοηκότα,
2666 1242 2797 1314 περὶ
2817 1239 2955 1294 Θεοῦ
2981 1239 3078 1318 καὶ
3109 1238 3205 1293 τοῦ
3225 1236 3567 1307 Μονογενοῦς
3591 1236 3691 1290 τοῦ

2096 1317 2178 1404 είς
2204 1339 2295 1394 τὸν
2313 1336 2514 1392 κόλπον
2531 1333 2626 1389 τοῦ
2657 1332 2872 1405 Πατρός
2899 1317 3300 1404 διηγησάμενον
3326 1329 3399 1384 τὰ
3424 1328 3691 1394 τοσαῦτα,

2094 1432 2158 1487 τὸ
2169 1430 2497 1502 ψεύσασθαι,
2516 1428 2611 1482 καὶ
2625 1428 2762 1499 ὅπερ
2787 1421 2856 1497 ἦν
2869 1425 2970 1479 οὐκ
2993 1423 3273 1493 ἐγνωκότα
3291 1421 3394 1477 κᾶν
3416 1422 3691 1492 ἐπισχεῖν.

2111 1522 2310 1596 Ἐχρῆν
2329 1520 2438 1593 γὰρ
2473 1519 2603 1592 περὶ
2622 1516 2732 1572 τῶν
2778 1515 3118 1588 ἀδηλοτέρων
3141 1514 3363 1584 ἐπέχειν
3385 1511 3697 1582 ὁμολογεῖν,

2099 1618 2195 1671 καὶ
2241 1624 2377 1688 μήτε
2421 1611 2647 1676 τιθέναι,
2699 1611 2834 1683 μήτε
2876 1607 3053 1679 αἴρειν
3094 1605 3193 1678 τὴν
3233 1606 3520 1679 πρότασιν.
3562 1605 3692 1668 Πῶς

2097 1708 2156 1760 δὲ
2180 1707 2282 1760 οὐκ
2300 1701 2368 1776 ἦν
2389 1702 2633 1771 εὔλογον,
2659 1702 2708 1754 εί
2739 1698 2950 1754 πολλῶν
2978 1696 3138 1751 τοῦτο
3167 1696 3346 1768 δόγμα
3371 1694 3694 1765 ἐτύγχανεν,

2101 1799 2345 1867 ἐπισχεῖν
2378 1794 2470 1848 τὸν
2520 1792 2776 1863 Ἰωάννην
2824 1790 2953 1863 περὶ
2991 1787 3181 1855 αὐτοῦ,
3232 1790 3443 1860 μήποτε
3480 1790 3513 1858 η
3544 1787 3698 1858 ψυχὴ

2103 1885 2268 1942 αὐτοῦ
2301 1900 2432 1938 ποτε
2456 1885 2513 1936 ἐν
2551 1880 2707 1951 Ἠλίᾳ
2734 1874 2839 1950 ἦν;
2887 1876 2998 1933 Καὶ
3033 1877 3129 1930 ἐπὶ
3160 1875 3256 1948 τὴν
3291 1874 3533 1946 ἱστορίαν
3568 1875 3628 1926 δὲ
3659 1874 3693 1925 ὁ

2103 1973 2558 2049 ἐκκλησιαστικὸς
2612 1971 3015 2044 προκαλέσεται
3056 1970 3147 2024 τὸν
3181 1967 3449 2040 πρότερον
3496 1965 3697 2023 πευσό-

2106 2088 2265 2142 μενον
2326 2067 2482 2142 παρά
2541 2066 2649 2122 τῶν
2716 2064 2787 2120 τά
2845 2056 3135 2135 ἀπόρρητα
3199 2058 3501 2131 ἐγνωκέναι
3558 2059 3693 2131 παρ’

2117 2161 2391 2235 Ἑϐραίοις
2455 2157 2979 2230 ἐπαγγελλομένων,
3029 2157 3079 2209 εί
3130 2152 3372 2208 τοιοῦτόν
3420 2170 3473 2206 τι
3517 2152 3695 2221 δόγμα

2105 2259 2225 2314 ἐστὶ
2254 2256 2385 2329 παρ’
2422 2255 2639 2318 αὐτοῖς·
2673 2251 2769 2305 ἐὰν
2795 2249 2904 2322 γὰρ
2947 2246 3213 2321 μηδαμῶς
3253 2245 3514 2316 φαίνηται
3545 2242 3693 2297 τοῦθ’

2102 2351 2275 2415 οὕτως
2302 2349 2444 2420 ἕχον,
2470 2347 2649 2420 δῆλον,
2682 2345 2765 2399 ὅτι
2792 2342 3114 2396 ἐσκέδασται
3137 2343 3167 2395 6
3193 2339 3287 2393 τοῦ
3312 2338 3585 2412 προτέρου
3609 2336 3698 2389 ὶόο

2101 2458 2198 2512 γος
2212 2440 2345 2512 (88).
2360 2438 2525 2493 Ούδέν
2539 2438 2717 2491 τοίνυν
2730 2429 2894 2506 ἦττον
2915 2435 2944 2488 6
2963 2429 3415 2504 ἐκκλησιαστικδς
3431 2431 3699 2501 χρήσεται

2100 2538 2167 2608 τῇ
2203 2531 2675 2608 προαποδεδομένῃ
2711 2528 2884 2593 λύσει,
2928 2526 3009 2581 ἐτι
3034 2526 3127 2581 καὶ
3164 2525 3324 2586 αὐτὸς
3357 2523 3420 2578 τὸ
3446 2522 3700 2594 βούλημα

2101 2628 2210 2682 τῶν
2255 2624 2576 2697 πυθομένων
2626 2620 2984 2693 παραστῆσαι
3040 2617 3456 2689 ἀπαιτούμενος.
3495 2617 3557 2670 Et
3586 2615 3699 2688 γὰρ

2101 2721 2176 2785 ὡς
2198 2717 2605 2775 κατεσκεύασαν
2620 2717 2730 2788 (89)
2743 2718 2793 2769 οί
2817 2713 3135 2786 πέμψαντες
3152 2712 3302 2767 ἴσασι
3317 2709 3696 2783 γεγενημένον

2101 2816 2169 2869 ἐκ
2198 2812 2468 2886 Ζαχαρίου
2490 2811 2586 2866 καὶ
2620 2809 2906 2865 Ἐλισάὸετ
2944 2809 3038 2863 τὸν
3076 2806 3351 2878 Ἰωάννην,
3382 2806 3478 2860 καὶ
3510 2798 3697 2873 πολλῷ

2100 2905 2264 2961 πλέον
2284 2906 2335 2960 οί
2367 2903 2713 2975 πεμφθέντες
2739 2902 2931 2972 γένους
2957 2900 3111 2964 ὄντες
3144 2896 3449 2969 ἱερατικοῦ,
3474 2894 3572 2960 οὓς
3591 2894 3698 2949 οὐκ

2099 2995 2167 3053 ἂν
2193 2995 2383 3051 ἔλαθεν
2413 2996 2449 3068 ἡ
2478 2994 2572 3049 τοῦ
2593 2992 2767 3059 οὕτως
2791 2991 3093 3063 ἐπιφανοῦς
3114 2989 3408 3060 συγγενοῦς
3424 2987 3693 3059 Ζαχαρίου

2100 3090 2409 3162 παράδοξος
2439 3088 2713 3152 εὐπαιδία,
2761 3087 2814 3141 τί
2859 3087 3154 3158 νοήσαντες
3197 3082 3561 3137 πυνθάνονται
3600 3084 3685 3145 τὸ,

2111 3202 2131 3236 ι
2161 3182 2237 3237 Σὺ
2276 3180 2461 3246 Ἠλίας
2494 3178 2575 3246 είς
2624 3199 2644 3233 ι
2697 3179 2889 3247 ἄνδρες
2937 3174 3311 3248 ἀνεγνωκότες
3373 3171 3699 3243 ἀνειλῆφθαι

2106 3274 2269 3330 αὐτὸν
2299 3274 2377 3339 ὡς
2410 3276 2490 3338 είς
2533 3273 2625 3328 τὸν
2657 3272 2908 3344 οὐρανὸν,
2944 3271 3039 3326 καὶ
3071 3265 3479 3340 προσδοκῶντες
3507 3262 3695 3334 ἐπιδη-

2109 3368 2240 3441 μίαν
2297 3364 2502 3431 auaui};
2567 3365 2722 3435 Τάχα
2769 3358 2864 3418 οῦν
2918 3362 3044 3418 ἐπεὶ
3104 3360 3242 3433 πρὸς
3297 3361 3362 3430 τῇ
3416 3354 3701 3425 συντελείι

2107 3455 2481 3531 προσδοκῶσιν
2535 3456 2722 3509 Ἠλίαν
2774 3455 2883 3527 πρὸ
2922 3451 3194 3527 Χριστοῦ,
3242 3450 3338 3505 καὶ
3386 3448 3478 3502 ἐπὶ
3522 3446 3700 3516 τούτῳ

2106 3548 2361 3622 Χριστὸν,
2393 3547 2559 3603 οἱονεί¹
2587 3545 2995 3619 τροπικὼτερον
3040 3542 3319 3614 φαίνονται
3356 3538 3693 3611 ἐρωτῶντεςο

2106 3640 2170 3694 Εί
2195 3640 2261 3693 σὺ
2282 3635 2334 3692 εί
2361 3641 2390 3693 6
2410 3636 2905 3711 προκαταγγέλλων
2933 3635 3023 3692 τὸν
3054 3633 3161 3707 πρὸ
3176 3629 3414 3706 Χριστοῦ
3442 3630 3537 3683 ἐπὶ
3568 3646 3699 3683 συν-

2104 3730 2289 3805 τελείᾳ
2343 3731 2697 3804 ἐλευσόμενον
2736 3729 2930 3798 λόγον;
2976 3728 3073 3782 καὶ
3123 3725 3503 3797 ἐπιστημόνως
3555 3720 3697 3796 πρὸς

2106 3823 2646 3896 τοῦτοιάποκρίνεται
2666 3825 2749 3889 τὸ,
2781 3842 2799 3874 ι
2823 3822 2940 3878 Οὔκ
2966 3819 3099 3890 εἰμί.
3129 3839 3148 3872 ι
3184 3819 3307 3873 Ἔτι
3342 3817 3401 3871 δέ
3432 3819 3460 3871 6
3492 3815 3701 3886 ἐκκλη-

2113 3915 2409 3980 σιαστικὺς,
2454 3914 2744 3986 ἱστάμενος
2791 3913 2928 3984 πρὸς
2963 3912 3032 3966 τὰ
3077 3908 3425 3983 ἐξητασμένα
3462 3906 3570 3960 ὑπὸ
3600 3903 3698 3958 τοῦ

2108 4007 2295 4079 ἐτέρου
2345 4006 2729 4061 ἀποδεικνύναι
2774 4003 3144 4077 πειρωμένου,
3182 4001 3256 4073 μὴ
3293 4001 3360 4055 ἂν
3405 3998 3685 4070 λεληθέναι

2108 4101 2231 4163 τοὺς
2264 4101 2429 4170 ίερείς
2460 4098 2632 4163 οὕτως
2661 4098 2898 4169 ἐπιφανῆ
2918 4094 3294 4166 γεγενημένην
3311 4091 3409 4163 τὴν
3444 4089 3697 4145 Ἰωάννου

2107 4190 2323 4259 γένεσιν
2355 4190 2444 4244 διὰ
2488 4191 2552 4244 τὸ
2599 4192 2657 4243 ἐν
2689 4193 2755 4261 τῇ
2802 4190 2987 4263 ὀρεινῇ
3019 4188 3120 4259 τῆς
3160 4187 3421 4251 Ἰουδαίας
3447 4185 3702 4240 διαλελα-

2108 4280 2306 4352 λῆσθαι
2330 4282 2508 4336 πάντα
2531 4282 2601 4336 τά
2632 4283 2850 4354 ῥήματα
2873 4280 3069 4345 ταῦτα,
3099 4282 3263 4353 φήσει
3283 4278 3381 4351 τὴν
3403 4276 3703 4349 παραπλη-

2111 4373 2233 4429 σίαν
2264 4374 2481 4444 ἀπάτην
2516 4374 2731 4438 πολλοῖς
2762 4373 3045 4445 γεγονέναι
3084 4373 3179 4428 καὶ
3212 4372 3346 4444 περὶ
3374 4370 3468 4424 τοῦ
3503 4368 3697 4438 Σωτῆ-

418 4458 642 4515 latuisse
668 4463 979 4517 sacerdotes
1002 4473 1180 4516 ortum
1222 4462 1448 4523 Joannis
1475 4470 1611 4525 adeo
1653 4471 2001 4529 manifestum

2113 4485 2203 4541 ρος
2221 4485 2235 4500 ο
2264 4468 2386 4522 ἐπεὶ
2424 4488 2443 4521 ι
2471 4471 2521 4523 οἱ
2557 4469 2655 4541 μὲν
2688 4468 2874 4537 ἔλεγον
2902 4468 3065 4522 αὐτὸν
3093 4465 3345 4536 Ἰωάννην
3364 4462 3699 4534 Βαπτιστὴν,

419 4552 638 4614 factum.
666 4569 734 4609 eo
761 4557 908 4625 quod
940 4557 1212 4628 divulgata
1244 4559 1449 4615 fuerint
1478 4562 1662 4617 omnia
1695 4566 1859 4620 verba
1887 4567 2000 4622 haec

419 4660 518 4716 per
556 4657 811 4701 montana
850 4646 1049 4704 Iudaea:
1077 4652 1117 4715 ³,
1157 4651 1302 4706 dicet
1345 4652 1544 4708 multos
1598 4653 1761 4709 simili
1809 4672 1999 4713 errore

419 4740 673 4806 deceptos
703 4739 869 4794 fuisse
890 4742 940 4794 in
970 4742 1283 4811 Servatore,
1316 4745 1573 4814 quoniam
1608 4763 1627 4797 t
1658 4747 1746 4801 alii
1778 4750 1997 4818 quidem

420 4825 680 4883 Joannem
744 4830 1040 4900 Baptistam
1075 4834 1271 4902 ipsum,
1308 4834 1398 4888 alii
1450 4846 1635 4891 autem
1680 4837 1873 4904 Eliam,
1904 4839 1996 4894 alii

422 4935 550 4976 vero
611 4920 937 4993 Jeremiam,
991 4939 1085 4982 aut
1139 4944 1303 4981 unum
1362 4931 1749 4999 prophetarum
1789 4952 1814 5003 ἢ»
1850 4934 2000 4990 dice-

421 5027 541 5070 rent
563 5019 586 5049 ¹
618 5034 632 5070 :
658 5021 1114 5087 quemadmodum
1148 5031 1200 5076 et
1227 5021 1476 5090 discipuli
1506 5022 1856 5094 interroganti
1890 5028 1999 5081 Do-

421 5108 569 5164 mino
595 5109 637 5176 ⁸,
686 5124 809 5165 eum
843 5113 1081 5168 venisset
1122 5112 1176 5169 in
1206 5122 1392 5182 partes
1424 5113 1689 5170 Caesareae
1744 5114 1997 5187 Philippi.

420 5196 691 5254 dixerunt.
720 5201 859 5268 Quin
904 5200 1147 5260 Herodes
1170 5205 1394 5261 dicens:
1427 5220 1446 5253 ι
1491 5200 1662 5269 Quem
1691 5219 1793 5276 ego
1820 5207 2004 5262 decol-

423 5287 523 5342 lavi
562 5287 866 5361 Joannem,
911 5295 1028 5366 ipse
1069 5297 1309 5352 surrexit
1339 5313 1368 5353 a
1405 5297 1637 5354 mortuis
1657 5297 1702 5366 ⁵,
1735 5316 1754 5349 ι
1788 5298 2000 5355 videtur

2109 4559 2260 4615 ἄλλοι
2290 4560 2350 4615 δέ
2393 4560 2599 4624 Ἠλίαν,
2632 4560 2781 4615 ἄλλοι
2810 4560 2866 4614 δὲ
2912 4559 3203 4632 Ἰερεμίαν,
3231 4557 3265 4629 ἢ
3291 4556 3387 4611 ἕνα
3418 4556 3528 4610 τῶν
3565 4571 3703 4628 προ-

2110 4652 2314 4725 φητῶνε
2345 4671 2363 4705 t
2402 4653 2478 4718 ὡς
2512 4653 2605 4707 καὶ
2635 4654 2685 4707 oi
2723 4652 2962 4725 μαθηταὶ
2993 4650 3384 4722 πυνθανομένῳ
3407 4648 3486 4721 τῷ
3506 4648 3697 4720 Κυρίῳ

2108 4746 2386 4819 γενομένῳ
2431 4748 2490 4800 ἐν
2531 4748 2644 4810 τοῖς
2682 4745 2871 4817 μέρεσι
2906 4743 3247 4816 Καισαρείας
3285 4741 3389 4812 τῆς
3427 4740 3696 4794 Φιλίππου

2108 4839 2381 4910 εἰρήκασι.
2418 4839 2527 4891 Καὶ
2557 4840 2587 4891 6
2630 4836 2875 4910 Ἡρώδης
2908 4836 2968 4890 δὲ
2994 4835 3206 4905 λέγων’
3241 4853 3262 4885 ι
3299 4835 3399 4888 Ὃν
3438 4831 3550 4903 ἐγὼ
3589 4833 3701 4885 ἀπ-

2106 4931 2407 5000 εκεφάλισα
2430 4930 2704 5003 Ἰωάννην,
2732 4930 2896 4995 αὐτὸς
2925 4931 3136 5003 ἠγέρθη
3163 4929 3272 4983 ἀπὸ
3296 4928 3408 4982 τῶν
3428 4924 3691 4997 νεκρῶν,ι

2108 5022 2356 5095 περὶτοῦ
2396 5021 2634 5094 Χριστοῦ
2669 5023 2812 5076 ἔοικε
2847 5021 2922 5095 μὴ
2964 5022 3162 5077 εἰδέναι
3188 5020 3257 5076 τὰ
3283 5020 3555 5091 λεγόμενα
3584 5018 3695 5072 ὑπὸ

2107 5113 2216 5170 τῶν
2259 5115 2610 5185 φασκόντων
2653 5132 2672 5164 ι
2693 5114 2807 5185 Οὐχ
2853 5107 3011 5178 οὗτός
3062 5114 3211 5167 ἐστιν
3240 5115 3270 5166 6
3309 5109 3405 5166 τοῦ
3442 5110 3697 5171 τέκτονος

2108 5208 2256 5273 υίός;
2295 5207 2411 5278 Οὐχ
2442 5208 2476 5277 ἡ
2521 5206 2705 5277 μήτηρ
2749 5204 2914 5259 αὑτοῦ
2956 5205 3172 5274 λέγεται
3222 5201 3478 5273 Μαριὰμ,
3512 5199 3607 5254 καὶ
3641 5198 3694 5251 oi

2105 5299 2326 5370 ἀδελφοὶ
2368 5297 2535 5353 αὐτοῦ
2590 5296 2866 5363 Ἰάκωϐος,
2916 5298 3010 5352 καί⁵
3065 5294 3301 5367 Ἰωσὴφ,
3340 5295 3438 5350 καὶ
3486 5293 3693 5365 Σίμων,

490 5422 538 5455 ’⁸
565 5422 688 5500 issi.
716 5426 892 5500 κινῇ,
957 5429 1004 5462 ’⁸
1030 5430 1158 5486 Luc.
1195 5447 1235 5491 ι.
1277 5431 1362 5498 l3,
1396 5431 1464 5488 15
1556 5432 1610 5467 ο⁹⁷
1638 5429 1798 5487 Joan.
1832 5447 1872 5498 ι,
1912 5434 1999 5488 lti-

2167 5437 2214 5470 ’⁸
2235 5435 2392 5492 Joan.
2429 5452 2468 5500 ι,
2500 5433 2594 5489 21.
2683 5435 2729 5469 ⁹⁹
2757 5434 2889 5492 ibid.
2978 5435 2996 5466 ί
3034 5430 3168 5489 Luc.
3203 5447 3246 5498 ι,
3280 5430 3371 5488 65.
3444 5432 3467 5465 ³
3495 5429 3691 5488 Matth.

422 5494 658 5567 mh“.
734 5495 757 5527 ³
783 5498 917 5557 ibid.
943 5501 1030 5555 ﬂ.
1104 5501 1128 5533 ‘
1152 5502 1321 5560 Marc.
1346 5494 1421 5569 i’t,
1455 5502 1540 5557 16.

373 5588 382 5625 ἔ
492 5614 1034 5690 (88)-Ἑοᾴκέὸαστιει
1084 5621 1118 5674 ό
1156 5620 1264 5674 τοῦ
1317 5620 1608 5690 προτέρου
1641 5621 1851 5690 λόγος-ε
1908 5617 2000 5674 Sic

422 5687 591 5758 codex
613 5687 939 5744 Bodleiauns
959 5706 975 5755 ;
994 5687 1196 5758 Regius
1218 5701 1274 5745 et
1301 5687 1653 5753 Barberiuus,
1674 5687 1999 5744 ἐσκέδασται

419 5760 449 5808 6
468 5756 561 5811 τοῦ
591 5759 859 5833 προτέρου
883 5758 1063 5828 λόγου.
1082 5756 1375 5816 Ῥοιὶοιιίυε
1398 5760 1631 5831 legebat,
1658 5759 1995 5831 ἐσχεδίασται

2106 5622 2168 5677 τὸ
2202 5621 2296 5700 τοῦ
2323 5619 2592 5700 προτέρου
2605 5617 2801 5700 λόγου.
2839 5686 2861 5700 π
3041 5687 3054 5700 .
3422 5684 3435 5700 ο

2179 5695 2289 5765 (89)
2314 5686 2805 5748 Κὰτεάκεὺασαν.
2839 5686 3149 5760 Legendum
3177 5686 3567 5742 κατεσκεύασα.
