4020 6216
280 305 376 361 225

1363 301 1722 362 COMMENT.
1759 301 1820 355 ιχ
1859 299 2051 356 reas.
2088 284 2329 355 TdML'S
2357 297 2442 351 γι.

3417 296 3526 351 9.ἱὸ

276 421 364 474 ul.
404 420 640 486 Ἰούδας;
673 423 764 474 καὶ
793 422 844 474 αἱ
882 419 1110 490 ἀδελφαὶ
1147 418 1311 474 αὐτοῦ
1343 420 1465 490 οὐχὶ
1507 422 1677 474 πᾶσαι
1713 417 1848 490 πρὸς

1957 417 2192 472 nescisse
2219 418 2284 470 de
2325 415 2565 478 Christo,
2600 427 2719 480 qua!
2765 411 3178 481 divulgabantur
3209 411 3277 462 ab
3314 409 3397 463 his
3433 427 3524 478 qm

263 512 415 581 ,ἡμᾶς
449 511 617 576 είσιν;
650 531 667 562 ι
701 511 861 564 Οὐδὲν
898 506 989 564 οὖν
1023 510 1353 580 Θαυμαστὸν,
1388 511 1578 580 ὥσπερ
1611 512 1704 563 ἐπὶ
1748 509 1840 564 τοῦ

265 603 539 674 Σωτῆρος,
574 601 778 654 πολλῶν
811 601 1129 669 ἐγνωκότων
1153 601 1254 672 τὴν
1289 601 1352 652 ἐκ
1383 602 1602 672 Μαρίας
1633 601 1844 669 γένεσιν

263 680 453 753 αυτοῦ,
488 691 681 754 ἄλλους
727 688 1058 760 ὴπατῆσθαι,
1101 688 1242 743 οὕτω
1273 689 1367 742 καὶ
1401 689 1494 742 ἐπὶ
1521 689 1613 758 τοῦ
1667 689 1846 742 Ἰωάν-

263 800 382 848 νου,
409 783 502 846 οὓς
547 783 644 853 μὲν
679 782 752 853 μὴ
785 781 1067 852 λεληθέναι
1109 781 1204 853 τὴν
1237 785 1300 834 ἐκ
1335 783 1604 852 Ζαχαρίου
1634 781 1846 850 γένεσιν

263 875 453 937 αὑτοῦ,
490 875 704 946 ἐτέρους
729 874 786 927 δὲ
805 873 1097 939 διστάζειν,
1117 876 1325 946 μήποτε
1349 877 1378 928 ὁ
1402 873 1844 946 προσδοκώμενος

275 967 464 1031 Ἠλίας
515 968 757 1038 ἐπεφάιη
797 967 939 1021 κατὰ
979 968 1067 1021 τὸν
1110 968 1377 1038 Ἰωάννην.
1409 967 1518 1019 Καὶ
1549 967 1610 1018 οὐ
1658 965 1844 1038 χώραν

260 1073 330 1128 γε
379 1057 577 1127 μᾶλλον
623 1055 738 1126 ἔχει
786 1059 820 1127 ἡ
870 1057 1000 1127 περὶ
1044 1056 1138 1110 τοῦ
1183 1057 1425 1109 Ἰωάννου
1476 1057 1841 1127 ἐπαπόρησις,

266 1148 478 1216 μήποτε
513 1146 598 1216 εἴη
659 1145 864 1208 Ἠλίας.
909 1145 1047 1217 ἥπερ
1085 1147 1116 1215 ἡ
1168 1147 1294 1216 περὶ
1335 1145 1430 1198 τοῦ
1465 1145 1738 1215 Σωτῆρος,
1771 1145 1845 1216 μὴ

263 1237 376 1309 ἄρα
420 1237 584 1299 αὐτὸς
629 1236 872 1310 τυγχάνῃ
926 1237 1195 1305 Ἰωάννης.
1234 1230 1334 1289 τΩν
1380 1235 1474 1288 τοῦ
1521 1235 1704 1288 Ἠλίου
1748 1236 1846 1306 μὲν

263 1329 357 1381 τὸν
389 1328 711 1399 χαρακτῆρα
741 1328 847 1380 ἀπὸ
878 1328 1044 1400 μόνης
1075 1328 1176 1397 τῆς
1207 1327 1427 1394 λέξεως,
1461 1327 1553 1380 καὶ
1579 1326 1701 1396 οὐχὶ
1741 1325 1848 1378 ἀπὸ

262 1419 367 1490 τῆς
410 1419 721 1490 αἰσθήσεως
763 1418 1182 1484 ἀποϐάλλεσθαι,
1217 1419 1306 1472 διὰ
1349 1417 1408 1471 τό
1443 1417 1580 1488 (9Ο)⁹
1631 1439 1647 1468 ι
1685 1417 1848 1489 Ἀνὴρ

261 1515 452 1576 δασὺς,
509 1514 602 1567 καὶ
650 1508 826 1584 ζώνην
859 1513 1187 1586 δερματίνην
1235 1510 1678 1584 περιεζωσμένος
1721 1512 1847 1580 περὶ

260 1606 364 1678 τὴν
407 1607 573 1674 ὀσφὺν
613 1605 812 1658 αὑτοῦ·
860 1624 877 1656 ι
914 1605 1008 1658 τοῦ
1051 1604 1109 1657 δὲ
1160 1604 1408 1656 Ἰωάννου
1444 1603 1504 1656 τὸ
1544 1597 1680 1666 εἶδος
1718 1620 1849 1674 προ-

262 1699 607 1770 εγνωσμένον
652 1699 812 1767 τάχα,
865 1697 988 1750 οὺδέ
1038 1696 1418 1766 παραπλήσιον
1453 1696 1718 1765 τυγχάνον
1768 1695 1845 1765 τῷ

1946 512 2202 564 dicebant
2235 527 2247 562 :
2284 526 2303 560 t
2344 508 2532 561 Nonne
2567 508 2656 560 hic
2703 516 2784 559 est
2827 507 2915 558 ille
2949 506 3082 558 fabri
3117 502 3308 556 (ilius?
3342 503 3528 556 Nonne

1949 607 2125 656 mater
2154 600 2270 668 ejus
2309 609 2536 655 vocatur
2572 597 2759 660 Maria,
2797 607 2848 650 et
2895 597 3088 650 fratres
3127 597 3244 665 ejus
3270 593 3523 654 Jacobus.

1945 703 1999 747 et
2033 691 2268 760 Joseph,
2301 701 2354 745 et
2408 691 2632 753 Simon,
2663 699 2716 742 et
2761 688 2928 742 Judas
2966 687 2989 740 ?
3020 699 3071 740 et
3122 702 3340 741 sorores
3387 687 3528 739 illitis

1947 797 2126 838 nonne
2157 798 2349 837 omnes
2375 784 2518 850 apud
2562 795 2659 834 nos
2695 789 2819 832 sunt
2847 779 2912 832 ⁸⁸2
2945 799 2962 830 ι
2990 777 3134 831 thil
3166 794 3293 846 ergo
3333 780 3527 829 mirum

1945 877 2090 930 dicet
2133 874 2542 930 ecclesiasticus
2573 887 2696 927 esse
2735 874 2812 926 sic
2841 872 2977 925 alios
3011 872 3062 923 iu
3106 871 3398 924 Servatore
3439 871 3532 922 dc-

1947 978 2133 1037 ceptus
2174 966 2362 1029 fuissr,
2387 959 2508 1019 cum
2550 965 2702 1018 ntulti
2738 963 2941 1032 alioqui
2971 962 3325 1031 cognoverint
3365 961 3532 1029 ipsius

1943 1073 2120 1116 ortum
2166 1075 2230 1115 ex
2285 1060 2484 1124 Maria,
2513 1061 2971 1128 quemadmodum
3014 1060 3176 1110 etiam
3218 1057 3285 1108 de
3320 1055 3532 1109 Joanne

1947 1154 2144 1205 mirum
2179 1169 2284 1205 non
2337 1162 2440 1218 est,
2475 1151 2612 1206 alios
2662 1151 2880 1221 quidem
2921 1149 3090 1217 ipsius
3128 1158 3306 1200 mlum
3339 1162 3403 1200 ex
3433 1145 3536 1199 Za-

1947 1247 2132 1298 charia
2163 1243 2413 1310 scivisse,
2437 1244 2571 1298 alios
2598 1259 2726 1296 vero
2751 1243 3028 1307 ambigere
3056 1251 3231 1291 utrum
3265 1238 3408 1291 Elias
3439 1251 3535 1304 ep-

1949 1334 2192 1401 paruerit
2225 1335 2274 1385 in
2305 1332 2533 1386 Joanne.
2566 1333 2672 1404 Nec
2722 1332 2966 1404 profecto
3007 1331 3183 1384 locum
3234 1329 3407 1397 magis
3437 1327 3532 1381 ha-

1952 1427 2040 1478 bet
2101 1427 2445 1478 addubitatiu
2501 1426 2564 1478 de
2618 1402 2853 1484 Joanne,
2888 1402 3082 1475 ‘utrttm
3122 1423 3234 1488 ipse
3273 1422 3342 1472 sit
3389 1420 3534 1472 Elias

1947 1532 2112 1582 quam
2153 1517 2219 1568 de
2249 1515 2561 1577 Serratorc,
2596 1532 2662 1568 ne
2698 1515 2836 1566 forte
2864 1515 2975 1582 ipse
3005 1516 3071 1566 sit
3096 1513 3351 1566 Joannes.
3386 1515 3534 1578 Quo-
3591 1497 3596 1503 ’

1952 1619 2066 1656 rum
2103 1605 2230 1657 Elia-
2262 1607 2477 1672 quidem
2514 1605 2742 1658 formam
2787 1621 2850 1658 ex
2896 1604 3007 1658 sola
3042 1605 3296 1668 dietione,
3334 1615 3386 1656 et
3427 1622 3531 1657 nun

1951 1710 1979 1747 a
2011 1709 2175 1748 sensu
2214 1697 2460 1750 refellere
2501 1696 2687 1768 [facile
2721 1685 2864 1768 erat]
2915 1708 3138 1766 propter
3167 1698 3296 1751 illud
3326 1715 3338 1749 :
3373 1716 3392 1748 ι
3444 1697 3526 1750 Vir

260 1792 570 1863 χαρακτῆρι
619 1789 712 1842 τοῦ
783 1787 981 1859 Ἰησοῦ,
1035 1788 1185 1840 οὐδὲν
1229 1783 1388 1858 ἦττον
1441 1787 1695 1840 ὑπόνοιάν
1734 1805 1844 1840 τισι

1952 1787 2170 1856 pilosus,
2205 1795 2257 1841 et
2287 1802 2420 1840 zona
2457 1788 2680 1856 pellicea
2718 1789 2862 1843 circa
2893 1791 3102 1842 lumbos
3136 1803 3262 1840 suos
3295 1788 3532 1841 circurn-

263 1879 698 1954 παρεσχηκέναι,
733 1879 943 1949 μήποτε
974 1878 1001 1929 ὁ
1029 1879 1277 1946 Ἰωάννης
1312 1877 1507 1948 ἀνέστη
1546 1879 1608 1929 ἐκ
1637 1875 1848 1949 νεκρῶν

275 1973 486 2042 Ἰησοῦς
553 1969 1074 2044 μετονομαζόμενος.
1133 1969 1243 2021 Καὶ
1307 1967 1433 2040 περὶ
1500 1967 1849 2039 μετωνυμίας

262 2065 397 2135 γὰρ,
437 2063 512 2127 ὼς
548 2066 604 2116 ἐν
647 2063 993 2134 ἀπορρήτοις,
1033 2061 1131 2112 οὐκ
1171 2055 1290 2112 οἶδα
1333 2059 1497 2113 πόθεν
1541 2058 1852 2130 κινούμενοι

258 2157 316 2207 οί
359 2154 599 2224 Ἑϐραῖοι
631 2153 978 2225 παραδιδόασι
1003 2151 1315 2215 Φινεὲς,τὸν
1350 2151 1678 2222 Ἐλεαζάρου
1713 2150 1850 2212 υἱὸν,

258 2245 714 2316 ὁμολογουμένως
751 2245 1152 2315 παρατείναντα
1187 2243 1288 2315 τὴν
1323 2242 1467 2313 ζωὴν
1494 2244 1598 2307 ἕως
1642 2241 1852 2295 πολλῶν

259 2338 492 2409 κριτῶν,
544 2337 618 2402 ὡς
663 2340 720 2391 ἐν
768 2341 879 2401 τοῖς
938 2339 1168 2408 Κριταῖς
1196 2337 1530 2406 ἀνέγνωμεν,
1573 2337 1736 2409 αὑτὸν
1771 2333 1849 2389 εἴ·

260 2408 356 2480 ναι
427 2427 648 2488 Ἠλίαν,
705 2428 798 2481 καὶ
861 2427 924 2480 τὸ
977 2427 1242 2482 ἀθάνατον
1302 2429 1358 2480 ὲν
1410 2429 1523 2489 τοῖς
1576 2408 1852 2497 ’Ᾰριθμοῖς

263 2517 416 2587 αὐτῷ
460 2518 546 2572 διὰ
592 2519 690 2589 τῆς
749 2518 1156 2588 ὀνομαζομένης
1207 2519 1430 2589 εἰρήνης
1482 2517 1848 2587 ἐπηγγέλθαι·

265 2608 384 2664 ἀνθ’
422 2601 494 2662 ὧν
523 2609 772 2680 ζηλώσας
813 2610 944 2682 Θείῳ
972 2609 1118 2682 ζήλῳ
1145 2611 1501 2681 κεκινημένος
1533 2609 1851 2682 ἐξεκέντησε

263 2699 369 2771 ⁶τὴν
401 2698 722 2753 Μαδιανίτιν
759 2701 854 2753 καὶ
879 2699 969 2752 τδν
1009 2699 1370 2770 Ἰσραηλίτην,
1408 2700 1500 2752 καὶ
1539 2698 1851 2752 κατέπαυσε

263 2787 360 2842 τὸν
400 2788 689 2860 λεγόμενον
723 2789 892 2861 θυμὸν
934 2788 1027 2842 τοῦ
1058 2789 1216 2851 Θεοῦ,
1249 2788 1392 2842 κατὰ
1425 2789 1486 2842 τὺ
1528 2788 1854 2860 γεγραμμέο

267 2895 377 2932 νον·
417 2879 641 2942 «Φινεὲς
679 2881 796 2944 υἱὸς
837 2880 1101 2952 Ἐλεάζαρ
1142 2879 1256 2932 uio-3
1303 2879 1511 2950 ’Λαρὼν
1545 2879 1852 2932 κατέπαυσε

265 2970 358 3025 τὸν
390 2969 560 3042 θυμόν
589 2988 690 3042 μου
713 2971 831 3025 ἀνθ’
856 2965 930 3026 ὧν
955 2971 1196 3043 ἐζήλωσε
1221 2971 1312 3024 τὸν
1334 2970 1493 3042 ζῆλόν
1527 2987 1651 3042 μου.
1683 2989 1700 3018 ι
1721 2970 1856 3024 Θαυ-

271 3063 481 3133 μαστὸν
517 3059 610 3117 οὖν
648 3064 819 3127 οὐδὲν,
851 3066 900 3117 εί
937 3066 985 3118 οί
1031 3065 1122 3119 τὸν
1179 3065 1338 3118 αὐτὸν
1379 3065 1854 3136 ὑπολαμϐάνοντες

266 3156 456 3219 Φινεὲς
487 3157 582 3210 καὶ
627 3155 832 3220 Ἠλίαν,
877 3157 996 3226 ἦτοι
1041 3158 1211 3226 ὑγιῶς
1252 3157 1522 3226 λέγοντες,
1570 3157 1602 3227 ἢ
1651 3161 1720 3228 μὴ
1768 3157 1850 3227 (οὐ

266 3245 381 3318 γὰρ
412 3246 539 3318 περὶ
561 3243 750 3299 τούτου
774 3245 868 3298 νῦν
894 3246 1178 3317 πρόκειται
1204 3247 1524 3318 ἐξετάζειν),
1552 3247 1643 3300 τὸν
1681 3247 1849 3300 αὑτὸν

267 3336 518 3406 ἐνόμιζον
552 3330 691 3388 εἶναι
735 3336 987 3407 Ἰωάννην
1023 3337 1116 3390 καὶ
1179 3336 1404 3408 Ἰησοῦν.
1453 3338 1523 3390 Ἢ
1572 3335 1850 3400 ἐδίσταζόν

267 3442 334 3495 γε
362 3426 491 3498 περὶ
517 3426 729 3492 τούτου,
761 3426 952 3497 μαθεῖν
978 3427 1022 3480 τ’
1062 3427 1362 3492 ἐϐούλοντο,
1393 3429 1441 3481 εί
1469 3430 1497 3482 ὁ
1520 3429 1678 3492 αὑτός
1707 3431 1852 3483 ἐστιν

267 3515 298 3570 ὁ
345 3518 598 3588 Ἰωάννης
631 3518 726 3572 καὶ
777 3519 982 3583 Ἠλίας.
1027 3521 1462 3592 Προηγουμένως
1498 3521 1553 3574 δὲ
1585 3523 1643 3574 ἐν
1671 3521 1852 3586 ἄλλοις

268 3609 693 3681 ἐπιμελέστερον
727 3610 1058 3677 ἐξεταστέον,
1099 3612 1193 3664 καὶ
1226 3614 1319 3665 ἐπὶ
1359 3612 1542 3666 πλεῖον
1573 3611 1663 3666 τὸν
1695 3612 1852 3681 λόγον

269 3700 592 3770 ἐρευνητέον
625 3702 716 3757 τὸν
758 3703 884 3774 περὶ
915 3703 1015 3773 τῆς
1042 3703 1232 3767 οὐσίας
1259 3703 1359 3774 τῆς
1391 3703 1592 3774 ψυχῆς,
1633 3705 1728 3757 καὶ
1754 3705 1852 3776 τῆς

269 3792 452 3863 ἀρχῆς
473 3793 572 3864 τῆς
614 3795 928 3859 συστάσεως
957 3796 1145 3867 αὐτῆς,
1191 3798 1282 3849 καὶ
1321 3797 1422 3867 τῆς
1467 3798 1546 3860 είς
1575 3797 1634 3850 τὸ
1667 3799 1852 3869 γήϊνον

272 3883 435 3955 σῶμα
468 3886 786 3957 είσκρίσεως
831 3887 1032 3956 αὐτῆς,
1075 3886 1183 3940 τῶν
1228 3905 1286 3940 τε
1333 3888 1713 3958 ἐπιμερισμῶν
1758 3887 1852 3941 τοῦ

271 3974 512 4046 ἑκάστης
551 3974 689 4045 βίου.
726 3976 819 4028 καὶ
859 3975 960 4045 τῆς
991 3975 1239 4028 ἐντεῦθεν
1289 3976 1629 4045 ἀπαλλαγῆς·
1670 3977 1764 4028 καλ⁸
1806 3978 1854 4029 εί

273 4065 548 4136 ἐνδέχεται
594 4067 764 4138 αὐτὴν
802 4067 1143 4139 είσκριθῆναι
1181 4067 1432 4144 δεύτερον
1463 4070 1518 4122 ἐν
1551 4067 1784 4138 σώματι,
1820 4069 1852 4141 ἢ

277 4159 376 4229 μὴ’
399 4159 496 4213 καὶ
521 4163 586 4232 τῇ
616 4162 753 4234 αὐτῇ
799 4163 1051 4234 περιόδῳ,
1079 4162 1173 4216 καὶ
1214 4165 1280 4234 τῇ
1311 4161 1446 4234 αὐτῇ
1476 4162 1852 4234 διακοσμήσει,

273 4250 309 4321 ἢ
343 4249 436 4304 οὗ·
487 4254 582 4306 καὶ
620 4251 700 4326 τῷ
734 4254 880 4326 αὑτῷ
928 4253 1162 4325 σώματι,
1207 4254 1240 4324 ῆ
1287 4250 1487 4326 ἑτέρῳ·
1539 4253 1636 4307 καὶ
1687 4255 1736 4306 εί
1778 4253 1856 4326 τῷ

275 4340 446 4413 αὐτῷ,
490 4343 716 4417 πότερον
762 4346 885 4401 καθ’
915 4346 1271 4418 ὑποκείμενον
1318 4345 1533 4416 μένοντι
1577 4344 1654 4416 τῷ
1685 4345 1854 4416 αὐτῷ,

275 4434 421 4488 κατὰ
448 4434 505 4488 δὲ
549 4437 808 4510 ποιότητα
843 4437 1386 4509 μεταϐαλλομένῳσῆ
1423 4440 1516 4491 καὶ
1565 4439 1687 4491 καθ’
1725 4440 1857 4492 ὑπο-

277 4525 552 4596 κείμενον,
577 4529 670 4582 καὶ
702 4529 959 4601 ποιότητα
991 4530 1233 4601 ἐσομένῳ
1254 4529 1330 4600 τῷ
1363 4530 1530 4600 αὐτῷ,
1569 4531 1658 4584 καὶ
1695 4533 1744 4584 εί
1770 4532 1856 4586 ἀεὶ

279 4617 360 4688 τῷ
380 4617 530 4688 αὐτῷ
556 4617 767 4690 σώματι
790 4619 1073 4689 χρήσεται,
1097 4621 1129 4690 ἢ
1154 4619 1373 4689 ἀμείψει
1403 4619 1552 4672 αὑτό·
1578 4624 1635 4672 ἐν
1656 4616 1736 4683 οἷς
1767 4622 1862 4674 καὶ

280 4709 334 4763 τί
354 4712 473 4762 ἐστι
495 4711 697 4782 κυρίως
722 4711 1208 4782 μετενσωμάτωσις
1228 4711 1478 4777 ἐξετάσαι
1499 4713 1700 4784 δεήσει’
1727 4713 1780 4764 τί
1802 4728 1859 4764 τε

282 4801 424 4872 αὕτη
453 4801 698 4874 διαφέρει
727 4801 1198 4872 ἐνσωματώσεως,
1231 4805 1324 4857 καὶ
1357 4807 1405 4856 εί
1438 4804 1718 4858 ἀκολουθεῖ
1751 4805 1858 4873 (91)

349 4936 371 4968 ⁸
397 4933 588 4991 Μ.ιιιίι.
613 4933 840 5001 xm,55,
865 4933 954 4990 56.
1032 4935 1053 4966 ⁶
1072 4931 1142 4988 1V
1164 4932 1300 5005 Reg.
1329 4952 1368 4997 t,
1392 4934 1446 4990 8.

356 5049 471 5117 (90)
504 5047 988 5114 Ἀποϐάλλεσοαι,
1043 5047 1143 5102 διὰ
1172 5050 1274 5113 τό,
1307 5059 1414 5104 etc.
1475 5046 1699 5100 Videtur
1764 5049 1851 5101 hic

279 5120 482 5187 ahquid
518 5121 840 5181 desiderari,
881 5120 1022 5187 quod
1080 5119 1404 5188 respondeat
1475 5120 1560 5170 his
1616 5119 1850 5172 Ferrarii

285 5189 490 5251 verbis,
519 5188 675 5257 facile
709 5200 841 5244 erat.

352 5259 467 5328 (9|)
496 5256 603 5313 Kal
623 5261 676 5312 εὶ
701 5259 1025 5314 ἀκολουθεῖ
1042 5259 1122 5325 τῷ
1147 5259 1405 5328 λέγοντι,
1435 5266 1541 5312 etc.
1590 5256 1852 5325 Origenes

279 5327 381 5383 lib.
411 5327 456 5383 tt
482 5330 535 5382 in
571 5327 776 5382 Cautio.
812 5331 1029 5395 σαρκία,
1066 5346 1118 5399 p.
1150 5327 1263 5384 58’:
1308 5348 1326 5380 ι
1361 5327 1466 5383 Sed
1517 5337 1573 5382 et
1610 5329 1736 5379 illud
1771 5343 1850 5379 re-

280 5399 554 5468 quiritur,
609 5408 787 5452 utrutn
832 5401 998 5454 semel
1054 5408 1260 5452 tantum
1307 5413 1537 5466 corpore
1596 5399 1852 5450 induatur

282 5469 536 5538 (anima),
561 5479 613 5521 et
640 5470 690 5521 id
716 5473 1056 5538 postmodum
1081 5469 1384 5537 depositum
1406 5469 1540 5520 ultra
1573 5483 1677 5520 non
1709 5485 1854 5535 «μιλι-

282 5550 408 5600 rat;
442 5555 509 5592 an
543 5554 664 5591 cum
723 5540 888 5592 semel
923 5551 1230 5606 susceptura
1283 5539 1614 5605 deposuerit,
1655 5540 1848 5590 iterum

282 5619 558 5673 assumat;
599 5618 652 5662 et
692 5609 736 5662 si
777 5610 1011 5663 secundo
1061 5618 1334 5677 sumptum
1371 5623 1584 5675 semper
1633 5607 1848 5670 haheat,

283 5696 353 5731 an
381 5679 672 5746 aliquando
703 5679 898 5732 iterum
929 5677 1169 5745 abjiciat.
1221 5677 1284 5731 Et
1322 5677 1367 5730 si
1397 5679 1614 5745 quidem
1657 5691 1847 5730 secun-

282 5753 413 5804 dum
440 5748 814 5805 auctoritatem
852 5750 1263 5812 Scripturarunt
1311 5749 1702 5802 consummatio
1742 5747 1842 5799 im-

1525 4935 1544 4966 "
1577 4934 1704 4990 Jud.
1727 4949 1818 4996 xx,
1843 4950 1983 4992 vers.
2009 4938 2101 4992 28.

1949 1879 2226 1934 tinctus“:
2255 1897 2270 1926 ι
2299 1877 2521 1933 Joannis
2543 1895 2669 1932 vero
2703 1879 2872 1934 forma
2914 1879 3246 1948 prmerignita
3279 1877 3530 1938 l'ortaSse,

1950 1986 2124 2040 neque
2177 1971 2376 2024 similis
2426 1971 2700 2025 exsistens
2742 1970 2933 2024 formze
2991 1971 3142 2031 Jesu,
3179 1971 3535 2024 nihilmniuus

1950 2064 2314 2132 suSpicionem
2346 2063 2558 2126 habuit,
2589 2079 2653 2117 ne
2686 2065 2823 2118 [οι-ιο
2863 2063 3098 2118 J0annes
3128 2080 3155 2114 a
3189 2064 3415 2115 mortuis
3449 2077 3534 2114 re-

1951 2155 2276 2220 surrexerit,
2323 2163 2530 2208 mutato
2560 2155 2798 2214 nomine,
2831 2155 3006 2207 dictus
3041 2152 3221 2207 Jesus.
3247 2152 3362 2206 Jam
3390 2152 3532 2221 qttod

1954 2245 2021 2300 ad
2053 2247 2292 2299 nominis
2324 2247 2675 2300 mutationem
2717 2247 2938 2310 attinet,
2969 2248 3153 2304 nescio
3183 2249 3344 2311 umle,
3372 2247 3533 2300 veluti

1954 2337 2006 2391 in
2034 2337 2393 2408 apocryphis,
2425 2337 2554 2390 moti
2599 2337 2808 2392 llehrzei
2851 2339 3065 2407 tradant
3101 2338 3534 2400 Phineesillum.

1950 2431 2042 2501 qui
2073 2439 2158 2484 est
2183 2429 2433 2484 Eleazari
2487 2430 2632 2484 ﬁlius
2675 2431 2788 2499 (qui
2841 2429 3046 2498 absque
3082 2431 3244 2486 dubio
3287 2431 3538 2498 produxit

1952 2523 2120 2577 vitam
2165 2536 2337 2590 usque
2377 2521 2442 2572 ad
2487 2519 2686 2574 tnnltos
2729 2521 2964 2588 judices.
2993 2522 3153 2574 Sicuti
3209 2520 3436 2591 legimus
3483 2523 3535 2576 in

1953 2617 2091 2672 libro
2114 2617 2360 2670 Judicum
2386 2615 2428 2681 ⁷)
2464 2615 2624 2684 116
2651 2614 2824 2682 ipsum
2851 2630 2970 2667 esse
3000 2613 3190 2680 Eliam,
3221 2623 3275 2667 et
3315 2614 3540 2666 immor-

1956 2709 2220 2764 talitatem
2253 2708 2352 2777 ipsi
2383 2708 2708 2776 promissam
2737 2707 2790 2760 in
2820 2705 3184 2759 Numerorum
3215 2707 3352 2760 libro
3379 2706 3421 2767 ⁸.
3443 2720 3539 2773 per

1955 2815 2144 2868 pacem
2175 2799 2512 2854 nominatam
2539 2795 2790 2868 [fmtlns,]
2815 2813 2878 2849 eo
2906 2798 3049 2866 quod
3095 2797 3271 2850 zelum
3307 2799 3492 2852 habuit
3521 2813 3531 2846 :

1953 2893 2098 2947 unde
2137 2898 2443 2945 commotus
2487 2891 2602 2943 zelo
2637 2888 2821 2942 divino
2851 2889 3187 2957 percusserit
3229 2887 3536 2943 Madianiti-

1953 2981 2075 3036 dem
2116 2991 2169 3037 et
2205 2981 2501 3036 Israclitam
2533 2981 2576 3044 ’,
2606 2991 2660 3035 et
2692 2996 2910 3034 cessare
2947 2980 3133 3034 let-erit
3163 2981 3423 3042 furorem,
3460 2982 3535 3034 uti

1956 3080 2171 3134 vocant,
2198 3072 2312 3135 Dei,
2337 3071 2487 3138 juxta
2513 3071 2562 3123 id
2589 3070 2727 3138 quod
2762 3070 3021 3136 scriptum
3053 3081 3134 3124 est
3154 3071 3232 3124 ηε
3264 3089 3282 3122 ι
3307 3071 3538 3129 Ριιίιιοεε

1878 3144 1921 3201 C
1955 3164 2094 3218 ﬁlius
2151 3163 2382 3218 Eleazar
2434 3163 2527 3216 lilii
2586 3163 2806 3225 Aaron,
2858 3176 3078 3218 cessare
3131 3162 3260 3218 fecit
3301 3164 3536 3218 furorem

1953 3257 2432 3323 mcunt,quoniatn
2468 3255 2648 3308 zelum
2688 3256 2876 3308 habuit
2924 3270 3023 3323 pro
3064 3271 3168 3311 me.
3209 3274 3228 3306 ι
3264 3255 3537 3322 Quamob-

1955 3360 2068 3398 rem
2112 3344 2244 3398 nihil
2280 3353 2364 3398 est
2409 3345 2605 3397 mirum
2633 3345 2794 3414 siqui
2830 3344 3255 3412 suspicabantur
3285 3346 3532 3400 eurmlem

1952 3449 2071 3488 esse
2103 3431 2354 3497 Phinees,
2385 3441 2438 3487 et
2465 3433 2673 3496 Eliam;
2711 3433 2792 3487 vel
2838 3427 2984 3489 recte
3017 3435 3278 3498 dicentes,
3322 3433 3403 3488 vel
3432 3449 3534 3487 non

1953 3525 2076 3594 (nec
2109 3525 2252 3579 enim
2283 3526 2383 3578 hac
2407 3525 2471 3577 de
2503 3539 2560 3578 re
2589 3525 2863 3592 proposita
2896 3525 3051 3577 nobis
3077 3535 3154 3577 est
3188 3540 3330 3578 nunc
3356 3524 3538 3594 inqui-

1953 3617 2138 3688 sitio),
2165 3618 2415 3673 eumdem
2460 3632 2580 3672 esse
2632 3618 2892 3684 putabant
2925 3617 3212 3678 Joannem,
3245 3625 3298 3667 et
3331 3611 3534 3668 Jesum.

1959 3710 2050 3764 Vel
2075 3710 2324 3780 profecto
2345 3708 2447 3761 bac
2471 3712 2538 3762 de
2565 3723 2622 3761 re
2643 3708 2992 3776 ambigebant
3015 3707 3264 3773 scireque
3290 3705 3539 3759 volebant

1955 3817 2082 3855 num
2124 3803 2238 3868 ipse
2266 3809 2408 3854 esset
2431 3798 2672 3853 Joannes
2693 3807 2750 3852 et
2783 3798 2944 3852 Elias.
2976 3797 3256 3864 Praecipue
3296 3813 3426 3852 vero
3454 3808 3539 3851 at-

1955 3907 2060 3961 que
2087 3891 2193 3946 alio
2225 3901 2464 3960 tempore
2490 3891 2814 3960 inquirenda
2839 3899 2920 3944 est
2956 3890 3270 3960 diligentius
3303 3891 3536 3945 diutius-

1956 3999 2062 4053 que
2112 3983 2414 4053 indaganda
2464 3984 2604 4037 ratio
2650 3983 2716 4038 de
2758 3983 3065 4038 substantia
3115 3982 3330 4047 anim'e,
3361 3983 3537 4052 deque

1958 4074 2222 4146 principio
2275 4074 2618 4128 formationis
2670 4073 2784 4142 ejus
2836 4087 2999 4144 atque
3061 4073 3307 4144 ingressu
3367 4075 3538 4144 ipsius

1960 4167 2012 4218 in
2063 4181 2263 4234 corpus
2298 4174 2401 4220 hoc
2457 4176 2716 4220 terreum.
2771 4165 3142 4237 indagandum
3187 4168 3353 4242 etiam
3407 4169 3536 4238 quid

1959 4257 2257 4326 iujuuctunt
2285 4259 2357 4313 sit
2411 4259 2532 4312 vitae
2580 4257 3013 4328 uniuscujusque
3060 4259 3255 4314 anima‘
3277 4269 3439 4329 atque
3472 4261 3539 4313 de

1957 4347 2072 4416 ejus
2119 4364 2330 4404 recessu
2370 4363 2436 4403 ex
2486 4350 2586 4404 hac
2617 4350 2750 4414 vita,
2774 4359 2829 4404 et
2857 4366 2928 4403 an
2957 4351 3242 4420 contingat
3267 4349 3411 4404 illam
3442 4351 3540 4404 de-

1959 4456 2070 4495 nuo
2122 4441 2330 4512 ingredi
2370 4442 2422 4495 in
2458 4457 2688 4511 corpus,
2717 4458 2783 4495 an
2817 4459 2946 4506 non,
2979 4452 3033 4496 et
3065 4442 3252 4494 eadem
3295 4441 3538 4508 periodo,

1963 4542 2018 4587 et
2039 4535 2226 4588 eadem
2253 4533 2626 4604 dispositione,
2648 4547 2852 4597 necne;
2888 4542 2941 4586 et
2977 4549 3102 4586 num
3133 4533 3183 4585 in
3208 4531 3394 4584 eodem
3419 4544 3538 4582 cor-

1963 4639 2114 4692 pore,
2148 4639 2217 4678 an
2250 4624 2302 4677 in
2339 4625 2479 4689 alio;
2508 4624 2649 4692 quod
2678 4625 2722 4676 si
2755 4624 2806 4675 in
2838 4624 3248 4686 eodem,utrum
3287 4628 3538 4673 manente

1961 4717 2151 4767 eodem
2197 4714 2491 4768 secundum
2525 4711 2848 4779 subjer-tmu,
2872 4712 2965 4764 sed
3002 4718 3206 4763 mutato
3241 4709 3536 4764 secmnlum

1961 4803 2314 4872 qualitatem;
2355 4818 2423 4856 an
2453 4802 2617 4856 etiam
2669 4803 2811 4855 idem
2854 4801 3034 4854 futuro
3069 4801 3363 4854 secundum
3410 4799 3537 4854 sub-

2725 4936 2746 4967 °
2775 4935 2906 4990 ibid.
2940 4934 3140 5002 {4,125.
3219 4937 3265 4969 ¹⁰
3292 4937 3419 4990 ibid.
3448 4937 3534 4991 11.

1961 5053 2164 5104 mineat
2189 5050 2395 5108 mundi,
2427 5059 2480 5104 et
2519 5051 2890 5118 corruptibilis
2922 5061 3094 5105 statu;
3125 5051 3213 5104 hic
3259 5051 3309 5103 lin
3365 5051 3537 5105 incor-

1963 5123 2272 5191 ruptibiletn
2322 5123 2637 5180 mutabitur,
2671 5124 2979 5190 ambiguum
3014 5138 3118 5174 non
3178 5124 3346 5173 videri
3394 5125 3535 5188 quod

1959 5193 2010 5244 in
2047 5191 2327 5259 praesentis
2362 5193 2483 5244 vitae
2511 5202 2709 5244 satum
2739 5196 2978 5244 secundo
3005 5202 3096 5242 aut
3138 5194 3300 5244 tertio
3337 5193 3386 5243 in
3416 5208 3536 5244 cor-

1960 5279 2060 5329 pus
2089 5265 2272 5315 venire
2313 5277 2418 5314 non
2451 5264 2638 5329 possit.
2677 5261 2807 5314 Nam
2849 5263 2894 5314 si
2943 5261 3200 5328 recipitur
3258 5262 3380 5322 hoc,
3436 5278 3532 5314 ne-

1957 5337 2200 5386 cessario
2221 5334 2468 5399 sequitur
2495 5343 2552 5384 ut
2587 5330 2890 5397 bujusmodi
2927 5332 3364 5384 surceSsionilms
3399 5347 3534 5385 con-

1958 5404 2310 5468 sequentibus
2365 5404 2522 5472 linem
2562 5401 2766 5455 neSciat
2796 5405 3046 5454 mundus.
3080 5419 3097 5472 ι
3128 5400 3344 5472 Consuli
3398 5418 3532 5472 quo-

1961 5487 2065 5536 que
2104 5472 2260 5524 velint
2295 5487 2413 5536 qua:
2441 5471 2507 5522 ab
2532 5473 2722 5523 eodem
2764 5479 2893 5523 tum.
2921 5485 3022 5523 χιιι
3075 5471 3128 5522 in
3169 5471 3359 5524 Matth.
3397 5471 3531 5538 tim,

1963 5543 2047 5603 10,
2073 5542 2273 5607 scripta
2318 5549 2467 5603 sunt,
2509 5541 2746 5593 maxime
2785 5555 2921 5610 vero
2976 5549 3156 5592 nostra
3188 5540 3530 5610 Origeuimm,

1960 5615 2012 5732 :rlr
2040 5613 2232 5676 quibus
2263 5609 2313 5662 id
2355 5621 2730 5677 argumentum
2783 5609 3081 5664 luculenter
3129 5609 3530 5682 persequimur.

2008 5696 2218 5732 unus.

2008 5696 2218 5734 ιἰιτιυε.

2175 4937 2198 4969 ⁸
2224 4935 2384 4991 Num.
2411 4951 2537 4996 xxv,
2566 4934 2650 4992 l2.
