4020 6216
461 282 572 337 227
1566 282 1571 283 7
1920 288 2014 347 ΟΒ

2118 292 2245 347 iNlS
3628 297 3743 351 ἳξὸ

456 403 685 472 jectum,
720 412 777 460 et
803 401 1151 474 qualitatem,
1185 413 1243 460 et
1285 418 1416 460 num
1456 420 1673 479 semper
1713 411 1901 466 eodem
1932 426 2019 467 eo:

2118 411 2232 485 ,τῷ
2275 411 2486 483 λέγοντι
2536 413 3026 485 μετενσωμάτωσιν
3076 414 3355 488 ἄφθαρτον
3407 417 3602 488 τηρεῖν
3646 416 3745 470 τὸν

463 511 599 565 pore
621 510 784 550 usura
810 495 880 550 sit
908 510 976 548 an
1002 494 1353 550 immutatura
1382 496 1532 552 illud.
1565 497 1620 552 In
1645 499 1844 570 quibus
1873 502 2017 555 etiam

2153 505 2377 577 κόσμον.
2407 507 2496 560 Ἐν
2524 502 2604 570 οἷς
2633 507 2930 577 ἀναγκαῖον
2967 507 3117 561 ἔσται
3143 508 3470 580 παραθεῖναι
3496 509 3593 562 καὶ
3612 511 3744 573 τοὺς

462 587 613 651 illud,
645 587 774 657 quid
798 586 1021 656 proprie
1049 586 1123 641 sit
1153 590 1637 657 transcorporatio,
1671 592 1908 662 quidque
1931 592 2019 648 ham

2150 595 2347 662 λόγους
2371 598 2478 652 τῶν
2507 597 2768 653 θελόντων
2796 599 2935 653 κατὰ
2966 599 3066 664 τὰς
3089 599 3318 672 Γραφὰς
3346 600 3743 672 συσπείρεσθαι

459 679 676 734 differat
699 677 769 733 ab
793 677 1257 748 incorporatione,
1296 680 1558 751 indagare
1589 698 1812 739 necesse
1837 682 1964 746 erit,
1988 694 2045 740 et

459 787 587 825 num
606 781 884 842 sequatur,
901 779 956 827 ut
979 771 1073 841 qui
1102 773 1299 825 astruit
1327 775 1584 830 mutanda
1604 787 2048 844 corpora;servet

457 863 716 918 mundum
754 862 1248 933 ineorruptibilem.
1278 863 1335 918 In
1380 866 1574 933 quibus
1607 867 1917 922 necessario
1945 883 2039 936 po-

456 956 649 1012 neudu:
703 966 867 1013 erunt
911 958 1153 1012 rationes
1176 970 1365 1011 eorum
1400 959 1491 1027 qui
1539 958 1748 1023 volunt,
1787 973 1854 1014 ex
1890 957 2040 1014 Scri-

454 1058 739 1118 pturarum
773 1053 1127 1117 auctoritate,
1161 1062 1221 1106 ut
1255 1053 1437 1107 anima
1467 1050 1628 1106 simul
1655 1067 1779 1106 cum
1810 1066 2042 1120 corpore

2147 689 2247 761 τὴν
2273 690 2450 761 ψυχὴν
2479 690 2557 762 τῷ
2586 689 2820 761 σώματι,
2849 692 2944 746 καὶ
2985 691 3055 746 τὰ
3098 691 3495 746 ἀκολουθοῦντα
3528 694 3739 759 αὐτοῖς,

2147 782 2242 837 καὶ
2271 782 2608 849 ἁπαξαπλῶς
2631 783 2660 834 ὁ
2684 783 2813 853 περὶ
2831 782 3009 855 ψυχῆς
3034 782 3191 853 λόγος
3222 783 3390 847 πολὺς
3414 783 3511 838 καὶ
3540 784 3743 856 δυσερ-

2152 876 2417 945 μήνευτος
2469 874 2578 940 ὢν,
2630 875 3132 947 ἁναλεχθησόμενος
3182 876 3292 930 ἀπὸ
3341 877 3451 931 τῶν
3502 880 3562 931 ἐν
3616 880 3742 941 ταῖς

2148 967 2391 1038 Γραφαίς
2432 966 2708 1039 σποράδην
2747 966 3035 1038 κειμένων,
3075 966 3212 1032 ίδίας
3256 968 3427 1022 δεῖται
3472 985 3743 1040 πραγμα-

2146 1057 2314 1120 τείας.
2361 1057 2561 1130 Διόπερ
2597 1057 2713 1123 νῦν,
2755 1059 2897 1112 κατὰ
2940 1059 3003 1113 *ιδ
3059 1060 3309 1131 παρῆκον
3358 1061 3422 1113 ἐκ
3448 1060 3560 1113 τῶν
3604 1060 3741 1132 περὶ

452 1142 773 1206 εοηιίιιειιιτ,
796 1151 851 1198 et
871 1157 993 1213 qua:
1033 1153 1340 1215 sequuntur
1363 1144 1509 1214 ipsas
1537 1161 1550 1195 :
1584 1152 1659 1209 et,
1690 1153 1745 1197 ut
1772 1143 1936 1197 semel
1960 1143 2019 1195 di

2158 1147 2337 1202 Ἠλίου
2381 1149 2477 1204 καὶ
2521 1148 2767 1204 Ἰωάννου
2807 1150 3158 1222 ἐζητημένων
3195 1152 3289 1205 ἐπὶ
3329 1151 3506 1224 βραχὺ
3544 1152 3741 1219 sistri-

452 1248 603 1295 cam,
633 1235 810 1289 oratio
838 1236 904 1289 de
935 1237 1114 1291 anima
1136 1277 1153 1303 ,
1183 1237 1403 1305 copiosa
1444 1234 1667 1305 alioqui,
1696 1246 1750 1289 et
1776 1236 1842 1288 ad
1874 1236 2014 1290 inter

2148 1255 2339 1304 σαντες
2362 1238 2424 1293 τὸ
2446 1239 2652 1312 πρόόλη
2661 1258 2758 1312 μα,
2787 1240 3062 1312 μετίωμεν
3083 1242 3175 1295 ἐπὶ⁵
3205 1241 3275 1295 τὰ
3303 1242 3451 1309 ἐξῆς.

448 1329 771 1396 pretandum
818 1329 1078 1397 dililcilis,
1116 1332 1160 1386 si
1194 1332 1561 1403 undequaque
1586 1333 1765 1396 colligi
1796 1333 1991 1387 debeat
2030 1347 2096 1386 ex
2137 1334 2221 1388 bis
2247 1350 2370 1403 quae
2398 1336 2627 1405 Sparsim
2654 1336 2827 1403 posita
2853 1346 2979 1389 sunt
3009 1336 3060 1387 in
3088 1333 3408 1404 Scripturis,
3446 1335 3735 1405 proprium

455 1422 685 1489 requirit
709 1438 865 1492 opus.
893 1423 1257 1491 Quamobrem
1288 1440 1433 1480 nunc
1463 1427 1722 1480 decenter
1760 1441 1827 1480 ex
1856 1425 1939 1480 his
1971 1441 2090 1496 qua:
2122 1427 2189 1482 de
2217 1425 2428 1484 Joanne
2462 1427 2638 1500 deque
2667 1427 2780 1482 Elia
2807 1426 3111 1498 conquisita
3148 1434 3294 1491 sunt,
3323 1440 3443 1480 cum
3487 1427 3738 1481 breviter

448 1519 772 1586 perscrutati
801 1519 976 1574 simus
1001 1521 1383 1588 qumstionem,
1409 1521 1477 1575 ad
1503 1530 1698 1576 caetera
1725 1531 2083 1576 transeanms.
3020 1518 3023 1521 ’

521 1611 577 1665 8.
611 1610 684 1664 Es
731 1620 786 1663 tu
816 1611 1066 1678 prapheta
1095 1610 1185 1664 ille
1207 1611 1233 1664 ?
1268 1611 1334 1664 Et
1370 1612 1637 1680 respondit
1667 1627 1686 1665 :
1729 1609 1851 1666 Non
1889 1614 1952 1666 ¹¹.
1981 1612 2019 1667 S

2211 1612 2266 1669 8.
2297 1614 2360 1668 ὐ
2388 1612 2701 1684 προφήτης
2723 1611 2913 1679 sive;
2936 1613 3047 1669 Kal
3072 1614 3385 1684 ἀπεκρίθη·
3417 1614 3520 1669 Οὔ.
3556 1615 3622 1668 Ei
3649 1633 3670 1665 ι
3699 1615 3733 1667 ὁ

455 1722 474 1755 ι
513 1703 594 1757 lex
633 1712 686 1755 et
708 1702 1173 1772 prephetteusque
1206 1705 1274 1757 ad
1299 1701 1562 1758 Joannem
1595 1704 1659 1768 ι’,
1696 1723 1716 1756 ι
1744 1703 1872 1773 quid
1896 1705 2019 1757 alim

2142 1705 2327 1776 Νόμος
2358 1707 2450 1759 καὶ
2477 1708 2527 1759 οἱ
2558 1706 2831 1778 προφῆται
2868 1707 2974 1770 ἓως
3015 1706 3289 1770 Ἰωάννου,
3330 1726 3348 1757 ι
3388 1707 3481 1760 καὶ
3506 1707 3559 1759 τί
3596 1704 3733 1759 ἄλλο

446 1793 757 1847 diceremus
798 1790 1063 1847 Joannem
1100 1808 1242 1859 esse,
1273 1810 1434 1861 quant
1481 1794 1849 1863 prophetam?
1879 1794 2019 1864 11']

2140 1795 2207 1850 ἂν
2251 1796 2503 1868 λέγοιμεν
2546 1794 2685 1850 εἶναι
2720 1796 2974 1869 Ἰωάννην
3012 1797 3045 1868 ἥ
3082 1800 3400 1870 προφήτηνς
3438 1796 3517 1861 ὡς
3550 1797 3647 1850 καὶ
3696 1799 3731 1851 ό

445 1884 902 1953 quemadmodum
932 1890 1091 1951 pater
1119 1883 1237 1951 eius
1264 1883 1584 1948 Zacharias,
1609 1882 1800 1952 plenus
1829 1882 1941 1953 Spit
1960 1886 2016 1938 iu

2138 1888 2322 1958 πατὴρ
2356 1885 2520 1941 αὑτοῦ
2561 1887 2857 1958 Ζαχαρίας,
2891 1885 3150 1959 πλησθεὶς
3187 1886 3506 1958 Πνεύματος
3539 1887 3725 1956 ἁγίου,

443 1985 653 2039 sancto,
685 1974 1015 2043 prophetaus
1046 1975 1220 2044 inquit
1241 1976 1319 2028 i':
1350 1994 1368 2026 ι
1405 1975 1471 2030 Ει
1495 1985 1747 2045 tu,pner,
1774 1976 2019 2045 propheta

2138 1980 2497 2050 προφητεύων
2543 1980 2708 2052 φησί·
2774 1980 2931 2034 «Καὶ
2982 1982 3070 2047 σὺ,
3136 1981 3381 2045 παιδίον,
3430 1982 3727 2053 προφήτης

444 2066 719 2121 Altissimi
779 2065 1065 2121 vocaberis
1107 2065 1375 2136 :prmibis
1420 2076 1547 2121 ante
1569 2067 1758 2121 faciem
1802 2066 2019 2121 Domini

2148 2068 2404 2139 Ὑψίστου
2435 2071 2702 2147 κληθήσῃ.
2735 2073 3085 2147 προπορεύσῃ
3120 2075 3230 2145 γὰρ
3252 2074 3483 2130 ἐνώπιον
3512 2076 3724 2150 Κυρίου

386 2182 391 2187 -
448 2159 515 2213 ad
540 2159 957 2227 praeparandum
989 2159 1104 2212 vias
1139 2158 1294 2225 ejus;
1327 2177 1346 2210 ι
1381 2158 1484 2212 nisi
1522 2157 1662 2212 forte
1706 2158 1831 2228 quis
1857 2174 2007 2212 suum

2134 2160 2421 2232 ἑτοιμάσαι
2449 2163 2602 2226 ὁδοὺς
2639 2163 2835 2218 αὐτοῦ·
2860 2184 2878 2214 ι
2930 2166 2979 2217 εί
3021 2166 3096 2237 μὴ
3138 2168 3245 2238 ἄρα
3282 2183 3367 2230 τις
3396 2167 3722 2237 ἐπιλήψεται

444 2267 631 2307 vocem
666 2268 685 2302 ι
733 2250 1015 2306 vocaberis
1056 2268 1076 2302 ι
1127 2267 1232 2304 ιιοιι
1266 2264 1388 2304 esse
1425 2252 1627 2304 dictam
1653 2266 1752 2320 pro
1790 2265 1856 2304 eo
1888 2265 2019 2319 QIIOtJ

2131 2253 2227 2308 τοῦ
2265 2273 2282 2305 ι
2308 2255 2572 2330 κληθήσῃ,
2599 2276 2617 2307 ι
2647 2257 2721 2328 μὴ
2748 2259 3035 2330 εἰρημένου
3059 2258 3152 2311 τοῦ
3183 2259 3320 2326 ἔσῃ,
3364 2261 3459 2313 καὶ
3483 2260 3722 2331 μάλιστα

440 2358 563 2415 est,
596 2347 721 2413 eris,
764 2346 930 2416 idque
966 2346 1337 2415 potissimum,
1366 2349 1510 2414 quod
1547 2347 1808 2399 Servatur
1838 2347 2019 2400 dixerit

2132 2345 2221 2399 διὰ
2257 2345 2317 2400 τὸ
2358 2347 2495 2419 πρὸς
2537 2349 2661 2411 τοὺς
2713 2350 2991 2419 οἰομένους
3034 2350 3197 2404 αὑτὸν
3243 2352 3530 2423 προφήτην
3580 2346 3723 2404 εἶναι

441 2442 523 2493 eis
567 2439 658 2508 qui
713 2437 1101 2492 existimabant
1132 2451 1255 2490 eum
1296 2451 1418 2491 esse
1449 2437 1772 2505 prophetam
1812 2456 1823 2490 :
1865 2453 1883 2486 ι
1925 2434 2019 2490 Sed

2131 2434 2411 2508 εἰρηκέναι
2457 2436 2548 2489 τὸν
2591 2437 2848 2509 Σωτῆραο
2898 2456 2916 2488 ι
2955 2437 3114 2491 Ἀλλὰ
3154 2437 3209 2490 τί
3252 2436 3506 2508 ἐξήλθετε
3550 2437 3722 2500 ὶδεῖνς

438 2532 565 2599 quid
598 2530 810 2583 exiistis
844 2529 910 2581 ad
945 2528 1277 2583 videndum?
1310 2525 1676 2597 PrOphetam?
1703 2527 1874 2581 Etiam
1909 2528 2019 2582 dico

2130 2524 2457 2598 Ιιροφήτην;
2498 2528 2607 2582 Ναὶ
2651 2526 2795 2597 λέγω
2831 2528 2981 2599 ὑμῖν,
3025 2529 3119 2582 καὶ
3156 2527 3540 2598 περισσότερον
3580 2544 3725 2599 προ-

445 2622 625 2685 vobis,
653 2632 707 2676 et
757 2621 1041 2692 plusquam
1095 2621 1412 2689 prophetam
1446 2620 1509 2674 ¹⁸.
1554 2640 1573 2672 ι
1614 2618 2019 2675 Observandum

2132 2622 2323 2692 φήτου.
2352 2640 2370 2671 ι
2394 2621 2820 2693 Παρατηρητέον
2849 2621 2927 2684 δὲ,
2959 2622 3041 2675 ὅτι
3059 2624 3140 2685 τὸ,
3173 2640 3191 2672 ι
3216 2621 3323 2674 Ναὶ
3343 2619 3489 2689 λέγω
3511 2621 3660 2691 ὑμῖν,
3694 2639 3716 2672 ι

437 2726 617 2768 autem
643 2717 783 2784 quod
822 2728 884 2768 ea
911 2714 1095 2777 verba,
1124 2729 1143 2762 ι
1182 2711 1357 2766 Etiam
1395 2712 1518 2767 dico
1550 2714 1725 2776 vobis,
1764 2733 1783 2765 ι
1825 2723 2019 2784 ponant

2127 2711 2308 2784 τίθησι
2335 2711 2395 2766 τὸ
2426 2713 2708 2786 προφήτην
2734 2709 2873 2766 εἶναι
2898 2713 2990 2766 τὸν
3027 2713 3302 2785 Ἰωάννην,
3324 2715 3419 2767 καὶ
3438 2714 3539 2766 οὐκ
3561 2714 3723 2766 ἀναι-

436 2805 699 2861 Joannem
750 2821 872 2861 esse
920 2808 1265 2876 prophetam,
1311 2820 1415 2860 nec
1458 2805 1709 2860 auferant
1736 2822 1860 2861 eum
1893 2823 2019 2878 μοι

2129 2805 2304 2875 ρεῑται
2348 2802 2411 2856 τὸ
2449 2804 2734 2875 προφήτην
2779 2803 2943 2858 αὐτὸν
2987 2799 3146 2858 εἶναι.
3195 2803 3321 2857 Ἐὰν
3360 2804 3418 2857 δὲ
3460 2804 3599 2875 πρὸς
3634 2804 3721 2876 τῷ

438 2900 658 2970 phetam
707 2914 846 2953 esse.
884 2898 1037 2963 Quod
1075 2898 1143 2964 si,
1193 2907 1554 2967 praeterquam
1591 2899 1734 2968 quod
1758 2909 1845 2954 est
1898 2914 2019 2969 pro-

2129 2895 2418 2967 προφήτης
2483 2895 2772 2965 τυγχᾶίειν
2829 2894 2925 2948 καὶ
2985 2895 3371 2968 περισσότερον
3429 2897 3718 2967 προφήτου

436 2990 616 3060 pheta,
646 2990 807 3044 etiam
852 2988 1022 3057 major
1045 3003 1207 3059 quam
1227 2988 1485 3059 propheta
1507 3004 1537 3042 a
1569 2987 1859 3045 Servatore
1887 2990 2019 3046 dici-

2126 2986 2232 3040 ὑπὸ
2271 2986 2365 3040 τοῦ
2410 2985 2664 3059 Σωτῆρος
2710 2986 2958 3058 λέγηται,
3008 2987 3122 3050 πῶς
3155 2970 3269 3053 οὖν,
3328 2990 3378 3042 εί
3424 2990 3719 3060 προφήτης

440 3096 566 3150 tur,
607 3083 878 3153 quomodo
932 3098 1081 3154 ergo,
1113 3084 1156 3137 si
1197 3083 1457 3153 propheta
1487 3093 1604 3147 est,
1645 3085 2019 3138 sacerdotibus

2123 3081 2262 3145 ἐστὶ,
2298 3080 2435 3152 πρὸς
2462 3081 2587 3144 τοὺς
2618 3081 2784 3152 ἱερεῖς
2828 3081 2923 3134 καὶ
2955 3081 3186 3145 Λευῖτας
3219 3079 3560 3154 ἐρωτῶντας,
3598 3101 3617 3134 ι
3649 3082 3717 3134 '0

434 3191 500 3230 ac
529 3175 736 3231 Levitis
764 3174 1248 3243 interrogautilms,
1298 3191 1317 3224 ι
1366 3172 1631 3242 Pmpheta
1673 3188 1733 3227 es
1775 3184 1829 3227 tu
1871 3173 1916 3206 “
1943 3173 1967 3227 τ
1995 3192 2014 3225 ι

2123 3175 2410 3247 προφήτης
2429 3170 2479 3227 εἷ
2505 3173 2570 3228 σύ
2591 3191 2606 3238 ;
2629 3192 2649 3226 ι
2676 3173 2972 3246 ἀπεκρίθη,
3003 3195 3020 3225 ι
3047 3173 3121 3226 Οὔ
3144 3190 3158 3239 ;
3186 3194 3203 3225 ι
3231 3174 3463 3229 Λεκτέον
3483 3174 3539 3229 δέ
3574 3176 3718 3248 πρὸς

438 3267 734 3334 respuitdit,
784 3282 804 3316 ι
846 3263 1010 3317 Νοιιῖ
1051 3283 1069 3315 ι
1104 3264 1400 3320 Dicendum
1442 3271 1621 3317 autem
1665 3262 1733 3316 ad
1771 3262 1875 3317 hoc
1909 3278 2014 3316 non

2120 3266 2301 3333 τοῦτο,
2339 3269 2422 3322 ὅτι
2454 3268 2517 3323 οὐ
2551 3267 2749 3321 ταυτόν
2792 3270 2960 3333 ἐστιν,
3014 3286 3033 3318 ‹
3070 3267 3126 3319 ὐ
3153 3269 3439 3340 προφήτης
3466 3265 3518 3321 εἴ
3552 3268 3646 3335 σός
3686 3289 3709 3321 ι

437 3360 580 3415 idem
616 3372 758 3421 esse,
808 3374 827 3407 ι
862 3354 1130 3424 Propheta
1164 3371 1223 3410 es
1250 3366 1305 3409 ttt
1333 3356 1464 3411 ille?
1501 3361 1525 3408 ἰ
1550 3354 1698 3429 [cum
1735 3352 2016 3427 articulo],

2121 3364 2232 3427 καὶ,
2269 3380 2289 3414 ι
2320 3362 2612 3433 Προφήτης
2632 3357 2687 3414 εἴ
2706 3360 2802 3419 σῦς
2836 3378 2855 3412 ι
2888 3358 2999 3430 (92)
3024 3358 3105 3411 Τὰ
3131 3357 3188 3411 δὲ
3213 3358 3375 3427 ὅμοια
3396 3366 3708 3429 τετηρήκα-

434 3461 515 3515 et,
562 3468 582 3502 ι
620 3448 694 3505 Es
728 3459 782 3504 tu
815 3448 1075 3519 propheta
1104 3446 1130 3501 ?
1162 3466 1182 3500 ι
1206 3446 1346 3521 [sine
1380 3446 1654 3521 articulo.]
1684 3447 1895 3504 Similia
1924 3448 2019 3502 ob-

2126 3469 2222 3523 μεν
2248 3451 2622 3517 ἐξετάζοντες,
2652 3451 2705 3506 τί
2744 3450 2990 3523 διαφέρει
3032 3447 3091 3501 τὸ
3132 3449 3195 3503 Ὀ
3224 3449 3370 3514 Θεός
3402 3447 3497 3501 τοῦ
3532 3449 3705 3515 Θεός,

433 3544 772 3597 servavimus
808 3553 956 3608 ante,
988 3543 1116 3612 quid
1158 3538 1396 3606 dil'l'erat,
1423 3540 1516 3594 ille
1556 3539 1719 3605 Deus,
1753 3537 1900 3611 [cum
1930 3555 2021 3593 ar-

436 3634 646 3708 ticulo,]
685 3645 740 3691 et
785 3635 929 3690 Deus
981 3633 1125 3709 [sine
1169 3629 1448 3704 articulo,]
1484 3641 1538 3687 et
1578 3631 1670 3686 ille
1719 3630 1927 3696 Sermo,
1962 3638 2020 3686 et

439 3726 652 3784 Sermo.
688 3728 956 3793 Quoniam
1011 3742 1143 3796 ergo
1173 3727 1227 3781 in
1280 3726 1699 3782 Deuteronomio
1750 3725 2014 3793 scriptum

434 3828 521 3873 est
548 3818 593 3850 “
627 3835 643 3873 :
675 3836 695 3870 ι
732 3817 1055 3889 Prophetam
1096 3818 1251 3871 vobis
1280 3816 1567 3873 suscitabit
1592 3815 1850 3871 Dominus
1875 3816 2017 3870 Deus

431 3919 613 3964 vester
638 3909 704 3963 de
728 3909 984 3963 fratribus
1007 3909 1201 3964 vestris
1228 3910 1330 3964 mei
1354 3909 1613 3972 similem,
1630 3909 1803 3978 ipsum
1827 3908 2013 3963 audie-

431 3997 523 4052 tis.
559 3999 826 4053 Futurum
858 4010 945 4055 est
969 4007 1175 4061 autem,
1217 4012 1276 4053 ut
1300 4003 1482 4055 omnis
1513 4001 1718 4065 anima,
1754 4015 1875 4070 qua:
1908 4015 2012 4055 non

430 4091 668 4145 audierit
726 4092 1047 4161 prophetam
1090 4083 1275 4155 illum‘,
1310 4093 1711 4147 exterminetur
1751 4108 1782 4148 e
1816 4094 2013 4163 populo

432 4195 605 4247 suop
639 4184 1057 4253 exspectabatur
1084 4185 1350 4252 quispiam
1379 4185 1579 4239 eximie
1605 4186 1865 4255 propheta
1895 4184 2008 4255 qui,

432 4275 608 4330 simile
638 4277 769 4346 quid
812 4275 943 4331 Mosi
991 4276 1223 4341 habens,
1253 4279 1604 4331 mediatorem
1652 4286 1837 4347 ageret
1873 4279 2010 4333 inter
2042 4309 2085 4365 ο

433 4368 601 4421 llenm
631 4377 687 4423 et
731 4368 1003 4434 homines,
1055 4378 1110 4423 et
1144 4377 1425 4436 acceptum
1478 4383 1507 4421 a
1545 4368 1653 4422 Deo
1687 4367 2007 4423 Testamen-

435 4470 547 4509 tum
601 4470 801 4511 novum
848 4456 1130 4527 discipulis
1162 4459 1440 4523 traderet;
1481 4468 1643 4527 atque
1686 4459 1737 4512 in
1781 4459 2012 4528 singulis

433 4548 714 4616 prophetis
745 4559 1042 4620 agnoverat
1063 4550 1295 4621 populus
1316 4550 1479 4605 Israel
1511 4551 1780 4605 neminem
1820 4567 2008 4606 eorum

433 4639 578 4693 hunc
619 4640 901 4696 exstitisse
929 4642 1019 4713 qui
1055 4656 1086 4696 a
1131 4641 1280 4696 Mose
1322 4643 1677 4713 prophetatus
1712 4640 1909 4697 fuerat.
1942 4641 2012 4698 Ut

431 4745 563 4801 ergo
605 4730 672 4786 de
713 4730 923 4790 Joanne
957 4733 1311 4806 ambigebant
1364 4752 1492 4791 nutu
1527 4735 1668 4791 forte
1711 4734 1827 4805 ipse
1858 4747 2008 4792 esset

431 4820 702 4889 Christus,
741 4825 822 4881 sic
869 4827 1034 4883 etiam
1078 4844 1207 4883 nutu
1256 4839 1404 4884 esset
1434 4827 1521 4884 ille
1563 4829 1847 4899 propheta.
1896 4826 2006 4882 Nec

435 4912 632 4967 mirum
659 4913 703 4967 si
736 4913 1074 4985 ambigentes
1114 4916 1184 4972 de
1209 4915 1436 4987 Joanne,
1462 4936 1529 4973 au
1556 4917 1696 4974 forte
1724 4918 1839 4988 ipse
1862 4931 2006 4974 esset

431 5003 704 5073 Christus,
732 5003 1017 5075 diligenter
1058 5021 1169 5061 non
1207 5008 1601 5080 investigarunt
1626 5025 1694 5064 an
1724 5010 1838 5080 ipse
1860 5020 2007 5065 esset

432 5096 682 5151 Christus
709 5107 764 5151 et
787 5096 876 5151 ille
910 5097 1196 5166 propheta.
1228 5098 1486 5168 Sequitur
1507 5103 1651 5155 enim
1687 5111 1747 5155 ut
1777 5101 1872 5170 qui
1904 5101 2007 5155 hac

435 5191 503 5244 de
535 5204 592 5245 re
621 5189 702 5245 sic
736 5191 1094 5260 interrogant,
1120 5192 1370 5262 ignorent
1403 5195 1564 5250 etiam
1602 5198 1744 5263 quod
1775 5195 1890 5265 ipse
1914 5195 2004 5265 qui

435 5282 505 5334 sit
526 5280 793 5347 Christus,
827 5282 898 5337 sit
936 5283 1097 5338 etiam
1152 5283 1243 5339 ille
1281 5287 1567 5357 propheta.
1608 5285 1791 5341 Latuit
1823 5298 2004 5342 autem

436 5376 632 5430 nmltos
673 5392 738 5432 ea
774 5376 1077 5434 diﬂ‘erentia
1122 5394 1242 5451 quae
1290 5391 1375 5436 est
1418 5383 1559 5436 inter
1587 5385 1838 5451 prquam
1889 5384 2002 5450 ille,

2122 3544 2214 3596 καὶ
2242 3543 2295 3596 '0
2314 3544 2500 3615 Λόγος
2528 3543 2620 3598 τοῦ
2647 3544 2855 3615 Λόγος.
2881 3542 3038 3596 Ἐπεὶ
3057 3541 3236 3608 τοίνυν
3261 3542 3320 3593 ἐν
3341 3538 3421 3612 τῷ
3445 3542 3709 3612 Δευτερο-

2120 3633 2293 3706 νομίῳ
2312 3634 2644 3706 γέγραπται’
2674 3653 2692 3685 ι
2722 3634 3012 3706 Προφήτην
3030 3633 3159 3703 ὑμῖν
3184 3633 3479 3703 ἀναστήσει
3497 3633 3704 3704 Κύριος

2114 3729 2144 3780 ό
2168 3726 2302 3789 Θεὸς
2336 3726 2491 3798 ὑμῶν
2535 3727 2601 3780 ἐκ
2631 3724 2741 3779 τῶν
2789 3725 3034 3796 ἀδελφῶν
3079 3726 3235 3799 ὑμῶν
3267 3726 3344 3791 ὡς
3383 3727 3505 3800 ἐμὲ,
3533 3727 3707 3782 αὐτοῦ

2115 3818 2413 3871 ἀκούσεσθε
2430 3834 2445 3848 ο
2470 3817 2562 3871 καὶ
2589 3816 2742 3871 ἔσται
2770 3817 2918 3871 πᾶσα
2942 3817 3111 3890 ψυχή,
3139 3819 3262 3890 ἥτις
3292 3818 3358 3873 ἂν
3384 3820 3459 3891 μὴ
3490 3819 3707 3895 ἀκούσῃ

2113 3910 2207 3964 τοῦ
2238 3911 2515 3985 προφήτου
2549 3910 2778 3977 ἐκείνου,
2811 3910 3325 3983 ἐξολοθρευθήσεται
3358 3913 3424 3966 ἐκ
3454 3910 3547 3964 τοῦ
3566 3911 3704 3966 λαοῦ

2113 4002 2280 4057 αὑτοῦ
2296 4020 2311 4035 ·
2340 4024 2359 4056 ι
2392 4003 2758 4076 προσεδοκᾶτο
2779 4003 3074 4077 ἐξαιρέτως
3094 4021 3177 4069 τις
3205 4005 3490 4077 προφήτης
3512 4005 3704 4076 ὅμοιον

2113 4098 2303 4150 Μωσεί
2322 4113 2374 4150 τι
2401 4096 2560 4168 ἔχων,
2597 4095 2659 4150 τὸ
2704 4095 3020 4167 μεσιτεῦσαι
3070 4093 3206 4150 Θεοῦ
3245 4098 3340 4153 καὶ
3367 4095 3701 4168 ἀνθρώπων,

2112 4189 2206 4242 καὶ
2233 4187 2295 4242 τὸ
2325 4186 2504 4243 λαϐὼν
2535 4187 2811 4259 Διαθήκην
2840 4187 2948 4241 ἀπὸ
2972 4186 3108 4241 Θεοῦ
3144 4187 3328 4243 δοῦναι
3363 4191 3476 4252 τοῖς
3518 4188 3702 4261 μαθη-

2111 4278 2421 4350 τευομένοις
2466 4280 2568 4351 τὴν
2609 4280 2832 4352 καινήν·
2867 4280 2960 4334 καὶ
2995 4279 3118 4334 καθ’
3150 4279 3377 4334 ἕκαστον
3410 4280 3520 4334 τῶν
3558 4298 3702 4351 προς

2113 4371 2296 4442 φητῶν
2336 4371 2631 4440 ἐγίνωσκον
2678 4373 2707 4424 ό
2750 4369 2879 4434 λαὸς
2942 4370 3159 4445 Ἰσραὴλ
3211 4373 3416 4444 μηδένα
3469 4373 3701 4426 ἐκείνων

2109 4462 2249 4519 εἶναι
2283 4464 2377 4519 τὸν
2412 4464 2518 4518 ὑπὸ
2544 4463 2640 4518 τοῦ
2681 4463 2928 4527 Μωσέως
2971 4466 3435 4536 προφητευθέντα.
3483 4468 3701 4541 Ὠσπερ

2107 4553 2201 4612 οὖν
2232 4555 2509 4620 ἐδίπαζον
2556 4557 2684 4629 περὶ
2737 4556 3008 4619 Ἰωάννου,
3058 4558 3266 4629 μήποτε
3314 4558 3424 4630 ἄρα
3458 4560 3699 4633 Χριστὸς

2107 4648 2268 4712 αὐτὸς
2294 4644 2383 4719 ἦν,
2427 4643 2600 4711 οὕτως
2642 4646 2736 4700 καὶ
2774 4648 2985 4720 μήποτε
3032 4649 3061 4701 ό
3105 4651 3410 4723 προφήτης.
3445 4652 3524 4705 Οὐ
3560 4652 3699 4707 θαυ-

2112 4740 2315 4813 μαστὸν
2358 4738 2417 4792 δέ
2452 4739 2501 4791 εί
2535 4738 2610 4810 μὴ
2652 4737 2936 4811 ἠκρίϐουν,
2976 4740 3059 4794 ὃτι
3088 4741 3251 4806 αὐτός
3294 4744 3411 4797 ἐστι
3454 4746 3697 4818 Χριστὸς

2109 4833 2204 4887 καὶ
2224 4832 2529 4905 προφήτης,
2564 4831 2611 4883 οἱ
2640 4828 2979 4896 διστάζοντες
3022 4834 3150 4905 περὶ
3192 4835 3441 4891 Ἰωάννου
3474 4841 3693 4910 μήποτε

2109 4927 2271 4990 αὐτὸς
2309 4925 2544 4998 Χριστὸς
2584 4919 2684 4997 ἦν’
2718 4924 3009 4980 ἀκόλουθον
3050 4927 3161 5001 γὰρ
3202 4927 3281 5000 τῷ
3327 4933 3455 5003 περὶ
3498 4932 3693 4986 τούτου

2110 5016 2394 5089 δισταγμῴ
2426 5017 2489 5071 τὸ
2535 5018 2753 5086 ἀγνοεῖν
2787 5016 2880 5069 τὸν
2916 5017 3077 5072 αὐτὸν
3122 5014 3262 5075 εἶναι
3314 5022 3551 5093 Χριστὸν
3595 5024 3690 5078 καὶ

2110 5112 2202 5165 τὸν
2247 5111 2553 5184 προφήτην.
2603 5106 2804 5162 Ἔλαθε
2855 5108 2913 5162 δὲ
2953 5111 3079 5173 τοὺς
3119 5111 3408 5186 πολλοὺςή
3452 5113 3692 5187 διαφορὰ

2112 5202 2205 5257 τοῦ
2249 5208 2298 5258 ,ό
2333 5206 2640 5275 προφήτης
2684 5201 2780 5255 καὶ
2805 5203 3136 5272 προφήτης,
3165 5204 3242 5268 ὡς
3270 5206 3364 5260 καὶ
3389 5206 3480 5260 τὸν
3518 5207 3689 5279 Ἦρα-

2112 5295 2340 5361 κλέωνα,
2368 5296 2516 5358 ὅστις
2543 5296 2734 5360 αὐταῖς
2762 5295 2940 5362 λέξεσι
2976 5312 3160 5368 φησιν’
3193 5316 3211 5348 ι
3245 5299 3332 5364 Ὠς
3359 5299 3468 5371 ἄρα
3501 5301 3687 5355 Ἰωάνο

2110 5402 2208 5458 νης
2229 5386 2337 5458 (95)
2373 5385 2687 5456 ὡμολόγησε
2728 5385 2803 5456 μή
2843 5381 2982 5439 εἶναι
3017 5388 3046 5438 ό
3090 5387 3345 5460 Χριστὸς,
3378 5387 3514 5443 ἀλλὰ
3552 5388 3688 5461 μηδδ

437 5488 906 5619 Αϐ¹ι¹.13ῗ.ιιὲὲ.ῗέ.
965 5494 1292 5566 “Luc.xvt,
1326 5500 1414 5556 lli.
1494 5499 1690 5556 "Luc.
1710 5517 1751 5566 t,
1774 5502 1865 5556 76.
1928 5504 2296 5569 “Manium,
2326 5505 2380 5560 9.
2462 5504 2851 5569 “Joan.t,2l.
2932 5504 3137 5561 “Deut
3182 5524 3334 5576 xvtti,
3360 5509 3444 5573 l5.
3471 5510 3683 5576 18.19;

431 5578 556 5619 θοι.
590 5578 669 5631 ιιι,
700 5578 792 5629 zz,
818 5578 906 5619 ab.

508 5659 620 5728 (92)
652 5659 783 5715 Vide
812 5677 974 5729 supra
1013 5672 1142 5731 tum.
1176 5679 1233 5730 ιι,
1266 5677 1415 5715 num.
1446 5662 1501 5726 '5,
1539 5678 1629 5731 pp.
1657 5659 1748 5725 50,
1787 5661 1879 5722 5i,
1910 5661 1998 5716 ΒΩ.

504 5733 615 5800 ιυὸ)
656 5733 752 5799 Ὠς
779 5732 892 5801 ἄρα
929 5729 1111 5787 Ἰωάνι
1126 5747 1218 5799 ης,
1249 5745 1356 5787 etc.
1416 5732 1491 5785 ιι..
1541 5729 1713 5787 codex
1760 5731 2013 5789 Bodleian

2135 5742 2314 5803 recte;
2347 5733 2470 5792 libri
2506 5736 2659 5806 editi,
2697 5736 2785 5802 Ὠς
2810 5737 2897 5811 ἄρ’
2930 5739 2980 5792 εί
3022 5737 3297 5811 Ἰωάννης.
