4020 6216
301 283 406 337 (ΞΞο

1393 285 1746 341 COMMENT.
1786 285 1850 338 IN
1890 283 2081 340 JOAN.
2119 286 2358 342 TOMUS
2396 287 2479 342 Vl.

302 405 614 475 προφήτης,
633 409 759 479 μηδὲ
790 406 986 469 Ἠλίας,
1012 428 1029 460 ι
1062 407 1168 459 Καὶ
1215 408 1331 460 δέον
1378 409 1541 460 αὑτὸν
1575 409 1749 471 οὕτως
1775 411 1872 460 ιὲκ-

1982 409 2129 481 [cum
2162 409 2436 480 articulo,]
2474 419 2529 462 ct
2581 410 2831 478 propheta
2868 407 3092 482 [absque
3138 408 3412 481 articulo],
3455 413 3553 467 τοι.

297 492 536 550 λαϐόντα
582 497 826 561 ἐξετάσαι
873 498 941 550 τά
993 499 1133 551 κατὰ
1186 501 1312 561 τοὺς
1369 500 1590 562 τόπους.
1650 500 1872 569 πότερον

1987 501 2062 553 uti
2107 502 2270 555 etiam
2329 500 2752 562 llcracleoneni,
2801 502 2893 570 qui
2921 502 3069 556 hisce
3113 502 3439 554 dictionibus
3486 502 3566 553 itt—

296 585 560 656 ἀληθεύει
581 590 752 666 λέγων
773 591 880 662 (94)
907 592 981 662 μὴ
1006 587 1143 644 εἶναι
1169 593 1478 663 προφήτης,
1510 592 1641 662 μηδὲ
1681 591 1872 654 Ἠλίας

1989 593 2150 660 quit:
2190 609 2208 642 ι
2233 593 2321 646 Sic
2345 592 2504 662 igitur
2544 589 2781 646 Joannes
2831 590 3007 646 fassus
3047 603 3131 646 est
3182 607 3239 644 se
3281 591 3560 644 Christum

296 673 330 746 ἢ
366 676 448 731 οὗ.
498 678 556 733 '0
592 680 648 734 δὲ
683 683 754 753 μὴ
799 683 1099 754 ἐπιστήσας
1127 685 1238 744 τοῖς
1283 683 1492 747 τόποις,
1525 685 1581 735 ἐν
1611 677 1694 743 οἷς
1720 700 1872 736 κατα·

1989 695 2094 735 non
2133 696 2254 740 esse
2279 719 2294 745 ,
2334 696 2510 749 neque
2557 682 2876 750 pmphetam
2917 697 3092 750 neque
3123 681 3315 736 Ellam.
3363 701 3382 734 ι
3418 682 3566 751 Opus

296 767 548 824 λέλοιπεν
584 773 992 844 ὑπομνήμασιν,
1028 774 1398 840 ἀνεξετάστως
1443 772 1781 844 παρελήλυθε
1815 771 1872 824 τὰ

1985 790 2109 827 cum
2146 773 2344 844 alioqui
2387 775 2578 828 fuisset
2624 775 2768 828 hunc
2803 774 2976 828 locum
3006 777 3086 830 sic
3120 775 3561 844 interpretantem

3455 295 3560 347 ‘3'."

293 863 619 933 τηλικαῦτα,
663 865 866 937 σφόδρα
910 867 1086 936 όλίγα,
1116 868 1210 919 καὶ
1247 866 1319 938 μή
1356 865 1793 936 βεϐασανισμένα
1819 865 1872 918 ἐν

1983 863 2336 933 perscrutari,
2373 879 2499 918 vera
2553 878 2722 917 necne
2756 862 2995 919 Joannes
3051 876 3235 918 narret
3281 866 3469 921 dicens
3508 885 3566 922 se

292 957 409 1015 τοῖς
431 955 558 1025 ἐξῆς
583 956 773 1018 εἰπὼν,
803 957 932 1029 περὶ
957 951 1032 1011 ὧν
1061 959 1262 1022 εὐθέως
1303 956 1554 1028 ἐροῦμεν.

1981 971 2158 1024 neque
2200 957 2542 1026 pmphetain,
2578 971 2756 1024 neque
2797 957 2966 1009 Eliam
3011 971 3153 1012 esse.
3191 959 3390 1012 Verum
3441 976 3563 1014 cum

295 1045 415 1101 loca
448 1048 560 1102 haec
598 1065 706 1103 non
739 1050 1139 1105 considerasset
1175 1053 1262 1105 ille
1291 1053 1342 1104 iu
1375 1051 1780 1104 commentariis
1809 1049 2192 1143 ﬂllmJCIJQIlll,
2235 1049 2360 1102 talia
2389 1050 2510 1104 sine
2539 1047 2643 1102 ulla
2674 1049 3079 1104 examinatione
3113 1051 3390 1118 prmteriit,
3417 1067 3565 1119 qua:-

294 1141 420 1196 dani
454 1145 744 1200 admodum
781 1147 1034 1216 paucula,
1061 1162 1233 1216 eaque
1265 1147 1618 1215 indiligenter
1643 1141 2032 1198 cxarninata’in
2059 1142 2409 1212 sequentibus
2432 1143 2640 1206 dicens,
2669 1144 2734 1195 de
2759 1144 2954 1212 quibus
2987 1158 3110 1198 mox
3135 1143 3330 1199 dicturi
3356 1161 3564 1202 sumus.

370 1235 422 1290 9.
439 1237 630 1292 Εἶπον
647 1235 954 1306 miratam")-
977 1243 1070 1308 Τίς
1085 1237 1158 1304 εἷ,
1191 1243 1289 1294 ἵνα
1318 1242 1647 1310 ἀπόκρισιν
1676 1239 1872 1310 δῶμεν

2046 1239 2208 1308 118
2244 1239 2298 1293 9.
2332 1237 2589 1292 Dixerunt
2617 1255 2740 1307 ergo
2762 1241 2848 1295 ei:
2893 1239 3024 1304 Quis
3057 1257 3133 1302 es,
3159 1251 3214 1294 ut
3259 1258 3563 1310 responsum

289 1329 420 1396 τοῖς
459 1331 775 1401 πέμψασιν
818 1333 1002 1403 ἡμᾶς;
1053 1336 1110 1388 τί
1159 1334 1357 1404 λέγεις
1398 1335 1532 1404 περὶ
1579 1333 1872 1396 σεαυτοῦ;

1981 1332 2154 1386 demus
2183 1333 2264 1384 Itis
2297 1332 2386 1401 qui
2430 1331 2683 1384 miserunt
2730 1334 2860 1386 nos?
2885 1333 3010 1401 quid
3035 1334 3168 1386 dicis
3191 1335 3255 1387 a'e
3279 1343 3327 1386 te
3348 1335 3458 1402 ipso
3483 1335 3565 1390 "?

288 1420 534 1492 Δυνάμει
585 1423 744 1477 τοῦτο
795 1426 1041 1494 λέγουσιν
1099 1429 1148 1480 οἱ
1209 1424 1641 1488 ἀποσταλέντες·
1700 1425 1872 1492 Ὅπερ

1981 1422 2110 1476 Illud
2141 1425 2283 1492 quod
2317 1425 2503 1477 dicunt
2537 1423 2588 1476 hi
2630 1424 2721 1490 qui
2774 1425 2921 1478 missi
2958 1427 3206 1491 fuerant,
3241 1427 3342 1480 hoc
3375 1428 3557 1482 valet:

288 1512 644 1577 ὑπονοοῦντες
669 1512 808 1570 εἷναί
840 1534 898 1569 σε
931 1517 1269 1588 ἐληλύθαμεν
1298 1516 1688 1589 μαθησόμενοι,
1720 1515 1880 1580 ἐγνωο

291 1621 398 1673 μεν
435 1605 535 1659 οὐκ
563 1607 690 1661 ὄντα
711 1625 724 1638 ·
752 1607 996 1662 λείπεται
1018 1610 1075 1662 δὲ
1111 1609 1250 1680 μετά
1271 1609 1439 1662 ταῦτα
1466 1610 1572 1662 ἀπὸ
1599 1607 1691 1662 σοῦ
1714 1607 1879 1662 ἀκοῦ⁹

286 1712 385 1748 σαι
408 1697 488 1763 τὸ,
520 1700 668 1765 ὅστις
694 1697 765 1765 εἶ,
793 1703 880 1756 ἵνα
909 1705 1024 1766 τοῖς
1059 1702 1309 1773 πέμψασι
1337 1703 1437 1774 τήν
1466 1701 1562 1772 σὴν
1585 1702 1875 1776 ἀπόκρισιν

285 1805 360 1840 πε
369 1789 422 1860 pl.
450 1789 544 1844 σοῦ
577 1785 898 1862 ἀπαγγείλω
905 1810 1025 1864 μεν.

366 1882 451 1935 10.
483 1883 625 1952 Ἐγὼ
647 1884 818 1953 φωνὴ
837 1885 1108 1950 ,ϐοῶντος
1131 1885 1202 1938 ἐν
1229 1884 1302 1952 τῇ
1319 1884 1514 1954 ἐρήμῳ
1531 1902 1542 1913 ·
1568 1885 1875 1939 Εὐθύνατε

282 1971 406 2041 τὴν
447 1975 595 2029 ὁδὸν
642 1977 886 2045 Κιιρίου,
933 1981 1124 2043 καθὼς
1158 1973 1327 2031 εἶπεν
1365 1979 1614 2042 Ἡσαΐας
1664 1980 1696 2030 ό
1729 1991 1873 2045 προ-

281 2066 503 2134 φήτης.
541 2069 749 2140 Ὥσπερ
779 2072 807 2122 6
844 2069 1047 2138 κυρίως
1084 2069 1207 2133 Υἱὸς
1236 2069 1329 2122 τοῦ
1374 2068 1532 2132 Θεοῦ,
1559 2069 1658 2138 οὑχ
1690 2068 1875 2139 ἕτερος

281 2156 460 2223 Λόγος
477 2156 588 2226 (95)
607 2157 908 2228 τυγχάνων,
927 2159 1122 2229 χρῆται
1138 2158 1299 2230 λόγῳο
1317 2159 1477 2222 αὑτὸς
1493 2159 1602 2231 γὰρ
1619 2159 1646 2210 6
1663 2160 1720 2211 ὲν
1735 2160 1874 2228 ἀρχῇ

277 2247 462 2315 Λόγος
485 2244 555 2319 ἦν
588 2251 616 2302 6
645 2251 777 2321 πρὸς
795 2251 886 2303 τὸν
897 2252 1030 2305 Θεὸν
1046 2254 1074 2304 6
1101 2252 1271 2318 Λόγος
1285 2251 1436 2313 Θεόςο
1457 2250 1630 2312 οὓτως
1644 2251 1672 2303 6
1698 2250 1878 2302 Ἰωάν-

279 2356 352 2408 νη
363 2356 408 2401 ς,
428 2339 457 2390 6
480 2339 754 2410 ὑπηρέτης
776 2342 986 2394 ἐκείνου
1013 2341 1108 2396 τοῦ
1131 2342 1306 2411 Λόγου
1335 2342 1403 2412 (εί
1431 2341 1634 2410 κυρίως
1654 2341 1872 2394 ἀκούοι-

286 2445 392 2500 μεν
412 2430 511 2499 τῆς
534 2431 796 2502 Γραφῆς),
825 2434 924 2504 οὑχ
946 2434 1131 2505 ἕτερος
1154 2433 1230 2487 ὢν
1252 2433 1457 2504 φωνῆς,
1488 2434 1688 2505 χρῆται
1721 2436 1872 2505 φωνῇ

281 2521 607 2597 δεικνυούσῃ
622 2525 710 2578 τὸν
725 2526 914 2595 Λόγον.
935 2522 1101 2590 Οὗτος
1114 2526 1199 2598 δή,
1218 2528 1418 2590 συνιεὶς
1430 2526 1529 2597 τήν
1543 2543 1606 2579 πε
1614 2526 1668 2598 pl.
1681 2525 1874 2578 ἐαυτοῦ

283 2615 626 2687 προφητείαν
661 2619 812 2689 παρά
833 2618 912 2689 τῷ
945 2619 1144 2690 Ἡσαΐᾳ
1182 2619 1496 2690 εἰρημένην,
1545 2619 1708 2688 φησὶν
1737 2614 1872 2670 εῖναι

283 2708 461 2779 φωνὴ,
491 2709 613 2780 οὑχὶ⁸
660 2708 839 2780 βοῶσα
887 2713 946 2766 ἐν
977 2713 1042 2782 τῇ
1088 2712 1301 2782 ἐρήμῳ,
1337 2709 1472 2764 ἀλλά
1510 2729 1528 2760 ι
1560 2709 1791 2780 βοῶντος
1817 2709 1875 2761 ἐν

283 2802 353 2872 τῇ
400 2802 621 2873 ἐρήμῳο
657 2803 750 2856 τοῦ
783 2803 1097 2866 ἐνεστῶτος,
1134 2804 1228 2858 καὶ
1262 2804 1594 2878 κεκραγότος
1615 2820 1628 2834 ο
1667 2805 1766 2856 Ἀν
1793 2821 1876 2867 τις

283 2891 437 2964 διψᾷ,
466 2894 710 2965 ἐρχέσθω
743 2896 879 2966 πρὸς
917 2896 1006 2966 μὲ,
1035 2896 1132 2950 καὶ
1176 2895 1377 2950 πινέτω
1396 2913 1410 2927 ·
1437 2916 1456 2948 ι
1493 2895 1740 2964 λέγοντος
1781 2895 1876 2949 καὶ

1977 1515 2385 1569 Adveneramns
2422 1515 2666 1570 discendi
2693 1516 2866 1583 gratia
2899 1519 3040 1586 quod
3066 1520 3319 1572 rebamur
3345 1529 3396 1574 te
3417 1534 3562 1586 esse,

1977 1614 2026 1659 et
2077 1607 2399 1675 agnovimus
2439 1616 2489 1659 te
2520 1622 2626 1660 non
2668 1623 2793 1663 esse
2841 1609 3042 1672 talem;
3079 1620 3248 1664 restat
3283 1621 3404 1679 post
3448 1615 3563 1668 haec

1977 1703 2037 1748 ut
2061 1696 2158 1750 abs
2183 1706 2237 1751 te
2266 1696 2556 1750 audiamus
2579 1698 2703 1766 quis
2727 1699 2825 1765 sis,
2859 1711 2918 1753 ut
2948 1702 3322 1757 renuntiemus
3355 1703 3439 1758 his
3464 1705 3559 1774 qui

1976 1789 2241 1844 miserunt
2266 1805 2364 1845 nos
2400 1805 2718 1858 responsum
2753 1804 2903 1847 tuum
2930 1795 2996 1849 de
3029 1803 3102 1852 te.

2048 1884 2136 1936 10.
2181 1881 2291 1952 Ego
2321 1899 2418 1936 vox
2458 1885 2738 1938 clamantis
2770 1888 2824 1940 in
2871 1887 3076 1940 deserto
3111 1905 3129 1942 :
3164 1889 3387 1960 Dirigite
3419 1894 3562 1946 ciam

1977 1973 2214 2038 Domini,
2245 1975 2381 2028 sicut
2433 1975 2570 2029 αἱαὶ(
2601 1976 2777 2031 Isaias
2811 1981 3062 2046 prop/leta
3103 1982 3168 2033 η.
3212 1980 3280 2036 Ut
3335 1983 3423 2037 ille
3469 1985 3561 2052 qui

1977 2067 2200 2135 proprie
2229 2067 2402 2120 Filius
2438 2078 2522 2123 est
2567 2069 2686 2134 Dei,
2741 2086 2846 2124 non
2882 2073 3022 2125 alius
3051 2088 3080 2124 a
3129 2071 3392 2129 Sermone
3434 2092 3557 2131 cum

1978 2158 2073 2222 sit,
2102 2173 2352 2214 sermone
2380 2161 2586 2225 utitur;
2612 2161 2750 2229 (ipse
2781 2161 2924 2215 enim
2969 2162 3020 2214 in
3055 2164 3325 2231 principio
3367 2167 3562 2221 Sermo

1978 2251 2068 2305 ille
2090 2261 2228 2315 erat,
2259 2261 2310 2306 et
2351 2252 2442 2306 ille
2474 2252 2648 2320 Λόγος
2681 2252 2822 2308 Deus
2866 2255 3004 2322 apud
3042 2253 3210 2309 Deum
3244 2275 3258 2310 :
3286 2258 3366 2312 sic
3396 2256 3562 2313 Joan-

1979 2355 2092 2402 nes,
2129 2341 2380 2395 minister
2431 2342 2575 2395 illius
2606 2341 2892 2396 Sermonis
2945 2343 3011 2411 (si
3050 2346 3269 2413 proprie
3310 2347 3562 2416 Scriptu-

1978 2445 2093 2483 ram
2133 2429 2542 2501 intelligamus),
2584 2445 2690 2485 non
2717 2431 2855 2486 alius
2897 2448 3020 2484 ctnn
3069 2434 3139 2488 sit
3175 2450 3203 2487 a
3244 2450 3395 2500 voce,
3431 2453 3562 2491 voce

1975 2520 2150 2574 utitur
2174 2523 2494 2574 ostendente
2531 2522 2870 2577 Sermonem.
2907 2522 3008 2590 Qui
3035 2525 3200 2578 etiam
3243 2542 3366 2580 cum
3400 2529 3563 2582 intel-

1977 2611 2196 2666 lexisset
2217 2613 2557 2682 prophetiam
2588 2615 2655 2668 de
2681 2630 2742 2669 se
2761 2615 2901 2684 apud
2934 2615 3126 2669 Isaiam
3152 2619 3349 2671 dictam
3375 2619 3558 2686 fuisse,

1977 2717 2164 2757 vocem
2195 2719 2255 2759 se
2282 2719 2400 2759 esse
2427 2705 2602 2774 inquit
2633 2723 2644 2757 :
2677 2721 2778 2759 nec
2809 2721 2996 2760 vocem
3021 2706 3347 2763 clamantem
3382 2713 3434 2763 in
3467 2712 3555 2767 de-

1975 2807 2148 2861 serto,
2181 2798 2274 2851 sed
2304 2812 2493 2852 vocem
2528 2815 2547 2847 ι
2592 2797 2881 2853 clamantis
2923 2800 2976 2854 in
3023 2801 3273 2868 deserto;
3318 2822 3337 2854 ι
3367 2819 3562 2874 nempe

1975 2885 2122 2939 illius
2177 2889 2269 2956 qui
2309 2905 2327 2937 ι
2363 2888 2562 2954 stabat,
2595 2899 2649 2941 et
2691 2888 2961 2944 clamabat
2993 2905 3006 2944 :
3050 2891 3106 2945 Si
3140 2894 3262 2960 quis
3308 2895 3443 2958 sitit,
3471 2911 3564 2949 vo-

282 2977 380 3032 τό·
413 2997 431 3030 ι
459 2980 732 3034 Εὐθύνατε
760 2984 860 3053 τὴν
892 2983 1007 3036 ὁδὸν
1045 2983 1271 3055 Κυρίου,
1295 2983 1508 3047 εὐθείας
1543 2986 1746 3037 ποιεῖτε
1777 2983 1872 3048 τὰς

1981 2980 2186 3032 niatad
2212 2995 2318 3043 mc,
2345 2988 2398 3032 et
2425 2979 2576 3033 bibat
2604 2980 2682 3042 ης
2722 3000 2740 3033 ι
2787 2981 3012 3036 dicendo
3051 2992 3104 3037 et
3149 2985 3321 3039 illud:
3360 3005 3378 3037 ι
3419 2987 3559 3042 Diri-

283 3072 506 3142 τρίϐους
553 3075 948 3130 αὑτοῦ.›11ἄσα
1007 3075 1222 3146 φάραγξ
1271 3076 1724 3148 πληρωθήσεται,
1777 3076 1873 3131 καὶ

285 3167 398 3218 πᾶν
446 3166 572 3238 ὅρος
628 3169 722 3222 καὶ
773 3167 961 3239 βουνὸς
1019 3168 1516 3240 ταπεινωθήσεται,
1572 3170 1666 3222 καὶ
1717 3169 1871 3224 ἔσται

285 3256 468 3310 πάντα
511 3258 579 3312 τὰ
627 3258 814 3312 σκολιά
851 3279 870 3309 ι
925 3262 1005 3322 εἰς
1043 3259 1277 3313 εὑθεῖαν.
1333 3279 1352 3310 ι
1393 3261 1604 3332 ’Ὠσπερ
1658 3260 1767 3330 γὰρ
1813 3263 1872 3313 ἐν

283 3352 354 3421 τῇ
401 3349 597 3421 Ἐξόδῳ
647 3352 957 3422 γέγραπται
1019 3353 1155 3424 πρὸς
1208 3351 1412 3406 Μωσέα
1463 3351 1717 3421 λέγεσθαι
1767 3353 1872 3406 ὑπὸ

283 3441 447 3506 Θεοῦ,
496 3461 515 3493 ι
557 3443 687 3496 Ἰδοὺ
719 3443 927 3497 δέδωκά
966 3461 1024 3497 σε
1054 3443 1186 3496 Θεὸν
1215 3442 1432 3514 Φαραὼ,
1467 3445 1562 3496 καὶ
1601 3443 1809 3516 Ἀαρὼν
1842 3445 1872 3496 6

283 3532 516 3603 ἀδελφός
556 3552 649 3588 σου
697 3535 848 3588 ἔσται
899 3552 993 3588 σου
1044 3538 1350 3608 προφήτης,
1401 3555 1419 3587 ι
1467 3535 1610 3590 οὕτω
1651 3538 1871 3608 νοητέον

285 3625 550 3694 ἀνάλογόν
608 3645 660 3680 τι
694 3628 924 3692 τούτοις,
959 3630 1008 3681 εἰ
1040 3629 1133 3681 κα¹ι
1162 3629 1236 3699 μὴ
1270 3628 1445 3698 πάντη
1475 3629 1684 3699 ὅμοιον,
1732 3627 1869 3684 εἶναι

283 3719 378 3772 τὸν
415 3721 479 3772 ἐν
523 3721 667 3790 ἀρχῇ
700 3720 872 3789 Λόγον
911 3719 1044 3772 Θεὸν
1085 3720 1180 3772 καὶ
1228 3720 1510 3791 Ἰωάννηνο
1564 3721 1717 3792 φωνὴ
1761 3721 1871 3790 γὰρ

285 3810 532 3884 δεικτικὴ
565 3810 674 3881 (96)
722 3811 817 3865 καὶ⁸
860 3811 1243 3882 παραστατικῆ
1287 3813 1492 3865 ἐκείνου
1532 3810 1627 3864 τοῦ
1659 3811 1816 3879 λόγου
1843 3813 1872 3864 6

297 3903 554 3974 Ἰωάννης
597 3899 686 3973 ἦν.
737 3903 936 3975 Διόπερ
988 3903 1128 3956 πάνυ
1182 3902 1532 3974 ἁρμοζόντως
1587 3902 1686 3954 οὑκ
1735 3901 1872 3974 ἄλλῃ

288 3995 506 4051 κολάσει
556 3996 936 4068 περιϐάλλεται
999 3995 1278 4068 Ζαχαρίας
1338 3993 1529 4066 (εἰπὼν
1588 3992 1724 4065 πρὸς
1781 3993 1873 4047 τὸν

287 4087 520 4157 ἄγγελον
539 4107 551 4118 ·
599 4107 617 4139 ι
641 4087 797 4142 Κατὰ
834 4089 886 4142 τί
933 4087 1214 4159 γνώσομαι
1246 4085 1438 4150 τοῦτο;
1483 4083 1596 4154 ἐγὼ
1623 4084 1732 4155 γάρ
1757 4086 1872 4154 εἰμι

293 4178 624 4252 πρεσϐύτης,
669 4181 764 4234 καὶ
809 4182 843 4251 ή
889 4181 1026 4251 γυνή
1075 4197 1177 4250 μου
1232 4176 1606 4250 προϐεϐηκυῖα
1657 4176 1715 4228 ὲν
1753 4177 1873 4239 ταῖς

288 4271 526 4343 ἡμέραις
549 4272 746 4344 αὐτῆς·
776 4272 823 4343 ι)
858 4272 890 4344 ἦ
931 4274 996 4344 τῇ
1029 4273 1282 4344 στερήσει
1310 4270 1408 4342 τῆς
1440 4267 1624 4339 φωνῆς
1650 4266 1738 4321 διὰ
1775 4267 1871 4338 τὴν

289 4359 548 4415 ἀπιστίαν
585 4360 686 4431 τῆς
731 4361 998 4430 γενέσεως
1045 4361 1144 4432 τῆς
1194 4359 1399 4430 φωνῆς,
1449 4356 1592 4411 κατὰ
1629 4357 1690 4409 τὸ
1719 4357 1872 4428 εἰρη-

293 4452 455 4524 μένον
480 4451 586 4506 ὑπὸ
619 4451 712 4506 τοῦ
754 4451 991 4523 Γαϐριὴλ
1013 4452 1148 4524 πρὸς
1174 4450 1365 4504 αὐτόν’
1409 4468 1427 4501 ι
1452 4450 1581 4503 Ἰδοὺ
1616 4449 1712 4520 ἔσῃ
1745 4466 1872 4502 σιω-

297 4543 436 4610 πῶν,
479 4545 574 4600 καὶ
618 4543 694 4616 μὴ
737 4545 1033 4614 δυνάμενος
1074 4542 1323 4611 λαλῆσαι,
1366 4541 1494 4613 ἄχρι
1541 4538 1610 4613 ἧς
1657 4543 1871 4615 ἡμέρας

292 4635 517 4706 γένηται
551 4635 746 4698 ταῦτα,
794 4635 908 4689 ἀνθ’
951 4627 1025 4690 ὧν
1053 4634 1155 4687 οὑκ
1177 4633 1501 4697 ἐπίστευσας
1547 4636 1659 4697 τοίς
1691 4634 1870 4702 λόγοις

298 4743 421 4796 μου,
463 4727 658 4791 οἵτινες
691 4726 1094 4798 πλησθήσονται
1123 4727 1203 4788 εἰς
1240 4725 1330 4779 τὸν
1371 4725 1559 4798 καιρὸν
1601 4726 1801 4781 αὑτῶν.
1844 4745 1864 4779 ι

297 4809 467 4880 Οὗτος
487 4817 552 4888 δὴ
576 4818 605 4870 6
633 4817 927 4888 Ζαχαρίας,
957 4817 1044 4869 ὅτε
1075 4817 1305 4888 αἰτήσας
1337 4817 1637 4870 πινακίδιον
1663 4816 1870 4888 ἔγραψε

297 4907 490 4976 λέγων,
532 4928 550 4958 ι
594 4909 845 4980 Ἰωάννης
882 4909 1027 4961 ἐστὶν
1061 4908 1231 4979 ὄνομα
1271 4907 1458 4972 αὑτοῦ,
1505 4908 1601 4961 καὶ
1631 4907 1874 4980 ἐθαύμα-

298 5015 399 5052 σαν
446 5001 662 5065 πάντες,
688 5021 705 5051 ι
758 5001 1025 5072 ἀπείληφε
1081 4999 1179 5071 τὴν
1235 5001 1444 5072 φωνήν·
1505 5020 1521 5050 ι
1555 4999 1818 5072 Ἀνεῴχθη
1849 5019 1869 5053 ι

296 5091 408 5162 γὰρ
452 5111 469 5144 ι
497 5093 558 5145 τὸ
605 5093 778 5163 στόμα
824 5091 988 5146 αὑτοῦ
1037 5092 1412 5164 παραχρῆμα,
1459 5091 1608 5162 καὶὴ
1654 5092 1874 5160 γλῶσσα

298 5183 486 5248 αὑτοῦ,
519 5185 614 5238 καὶ⁵
639 5184 816 5237 ἐλάλει
841 5184 1078 5252 εὐλογῶν
1103 5184 1194 5238 τὸν
1221 5184 1374 5238 Θεόν.
1404 5202 1421 5234 ι
1444 5184 1654 5254 Ὥσπερ
1689 5181 1744 5233 δὲ
1783 5181 1877 5234 καὶ

378 5331 418 5362 ι’
449 5327 607 5385 Joan.
641 5347 678 5395 ι,
707 5330 797 5384 22.

301 5398 349 5432 ’³
377 5402 507 5456 ibid.
532 5401 622 5454 20.
717 5402 764 5432 ’⁸
798 5401 929 5455 ibid.
973 5400 1063 5454 65.

906 5330 948 5361 ¹⁸
975 5329 1102 5385 ibid.
1133 5329 1226 5382 2'5.
1325 5328 1367 5359 "
1399 5325 1555 5381 Joan.
1586 5342 1678 5389 vn,
1723 5325 1815 5380 '55.

915 5439 929 5451 .
973 5400 1063 5451 65.
1158 5399 1337 5451 "ibid.
1367 5397 1454 5451 (54.

1212 5416 1337 5451 lllltl.
1367 5416 1454 5451 υᾶ.

373 5541 484 5612 (91)
522 5542 814 5608 Ἀληθεύει
867 5540 1078 5612 λέγων.
1105 5611 1111 5612 7
1139 5539 1230 5612 Sic
1281 5537 1451 5612 codex
1498 5535 1870 5612 _Bmlleianus;

302 5615 443 5667 male
468 5607 594 5665 libri
630 5607 780 5674 editi,
809 5607 1060 5680 ἀληθεύει
1087 5611 1119 5680 ἢ
1155 5607 1694 5680 λέγωνηνειιιίυᾳροει
1728 5616 1872 5680 recte

303 5686 466 5735 etiam
491 5684 655 5735 codex
692 5674 1014 5735 Bodleianns
1054 5674 1289 5746 ha'bct’ﬁ
1330 5675 1412 5728 οὑ.
1457 5675 1514 5728 ’0
1544 5675 1601 5726 δὲ
1648 5674 1870 5742 ἐπιστή-

305 5769 426 5816 σας,
464 5753 550 5806 ubi
589 5752 710 5808 libri
739 5753 866 5806 editi
895 5751 1128 5817 ferunli‘,
1170 5749 1307 5801 οὐδὲ.
1363 5746 1710 5812 Ἐπιστήσας.

1921 5324 1966 5355 ²⁰
2002 5322 2132 5378 Luc.
2176 5335 2258 5384 ιιι,
2296 5318 2352 5384 4,
2389 5317 2443 5372 5.

1974 3071 2087 3140 gite
2119 3071 2263 3124 viam
2293 3070 2526 3136 Domini,
2554 3081 2730 3127 rectas
2765 3072 2924 3128 facile
2945 3077 3168 3130 semitas
3203 3077 3337 3144 ejus.
3371 3078 3560 3136 Omnis

1974 3162 2129 3217 vallis
2180 3162 2508 3231 implebitur,
2533 3171 2587 3216 et
2629 3163 2810 3217 omnis
2844 3179 3000 3220 mons
3043 3175 3097 3220 et
3121 3169 3274 3224 collis
3299 3171 3561 3226 reddetur

1976 3255 2218 3320 humilis,
2245 3266 2294 3308 et
2323 3263 2483 3308 erunt
2514 3254 2695 3309 omnia
2721 3256 2940 3325 obliqua
2977 3258 3027 3310 in
3056 3257 3196 3312 viam
3233 3268 3434 3314 rectam
3453 3262 3552 3314 ¹⁰.»

1977 3345 2046 3401 Ut
2069 3347 2212 3400 enim
2248 3346 2508 3415 scriptum
2537 3355 2621 3401 est
2662 3347 2713 3400 in
2753 3347 2942 3402 Exodo
2973 3347 3106 3404 Mosi
3136 3365 3164 3403 a
3203 3349 3311 3405 Deo
3335 3350 3438 3407 dici
3485 3353 3558 3420 ⁸³,

1981 3455 1998 3488 ι
2032 3437 2170 3490 Ecce
2212 3437 2333 3492 dedi
2393 3448 2445 3491 te
2495 3436 2663 3490 Deum
2720 3434 3032 3501 Pharaoni,
3066 3447 3121 3492 et
3153 3440 3337 3494 Aaron
3386 3441 3560 3495 frater

1977 3537 2099 3584 tuus
2129 3532 2235 3583 erit
2280 3540 2402 3583 tuus
2431 3529 2722 3598 pr0pheta,
2756 3547 2776 3581 ι
2822 3529 2902 3583 sic
2946 3530 3358 3598 intelligendum
3395 3533 3558 3586 estin

1975 3623 2061 3678 his
2090 3624 2354 3678 rationem
2397 3621 2686 3692 quamdam
2732 3631 2788 3675 et
2832 3623 3136 3693 analogiam
3171 3638 3292 3679 esse
3331 3623 3559 3680 Joannis

1974 3717 2040 3768 ad
2079 3715 2398 3770 Sermonem
2440 3714 2632 3776 Deum,
2677 3713 2769 3782 qui
2803 3723 2888 3766 est
2923 3715 2975 3767 in
3021 3713 3308 3784 principio,
3343 3717 3556 3770 etiamsi

1975 3808 2331 3874 nudequaque
2369 3805 2669 3860 similitudo
2710 3819 2814 3859 non
2850 3806 3100 3874 quadret.
3137 3804 3252 3861 Vox
3284 3809 3427 3863 enim
3459 3810 3558 3864 de-

1977 3908 2287 3951 monstrans
2335 3905 2390 3950 et
2424 3897 2494 3951 ob
2533 3896 2722 3952 oculos
2760 3911 2976 3967 ponens
3016 3897 3336 3956 Sermonem
3381 3901 3553 3968 illum,

1973 3985 2216 4042 Joannes
2264 3996 2405 4043 erat.
2449 3988 2812 4055 Quamobrem
2847 3990 2998 4046 valde
3021 4000 3144 4060 apte
3175 4008 3281 4048 non
3312 3994 3415 4048 alia
3453 4009 3558 4064 pn—

1977 4079 2183 4134 nitioue
2206 4079 2465 4150 plectitur
2493 4079 2788 4136 Zacharias
2821 4084 2968 4153 (cum
2993 4085 3220 4140 dixisset
3250 4087 3444 4155 angelo
3467 4091 3513 4122 “
3539 4109 3556 4144 :

1980 4191 1998 4224 ι
2046 4173 2147 4240 Qui
2180 4188 2504 4244 cognoscam
2544 4175 2778 4232 isthuc?
2814 4193 2914 4248 ego
2961 4179 3107 4234 enim
3135 4195 3254 4234 sum
3281 4195 3469 4243 senex,
3497 4193 3554 4236 et

1975 4279 2114 4319 uxor
2144 4280 2258 4320 mea
2294 4275 2564 4334 provecta:
2589 4267 2702 4339 jam
2735 4269 2911 4325 :etatis
2946 4272 3013 4338 ι),
3052 4285 3214 4339 quam
3247 4272 3555 4340 privatione

1977 4359 2160 4424 vocis,
2195 4373 2262 4412 eo
2290 4361 2431 4428 quod
2465 4376 2570 4414 non
2604 4361 2928 4416 credidisset
2956 4362 3098 4415 ortui
3126 4363 3272 4417 vocis
3293 4364 3447 4433 juxta
3472 4365 3555 4417 di-

1977 4456 2120 4501 ctum
2143 4445 2411 4504 Gabrielis
2443 4451 2510 4502 ad
2541 4449 2716 4519 ipsum
2737 4447 2814 4501 "z
2843 4465 2862 4499 ι
2906 4448 3043 4502 Ecce
3074 4449 3188 4502 eris
3220 4450 3556 4510 tacitus,nvc

1977 4539 2184 4610 poteris
2215 4538 2361 4608 loqui
2394 4539 2459 4592 ad
2495 4554 2621 4594 eum
2661 4555 2833 4607 usque
2863 4541 3006 4594 diem
3036 4555 3140 4609 qua
3167 4539 3282 4593 haec
3317 4539 3556 4603 (lauit,eo

1978 4632 2122 4703 quod
2157 4647 2264 4685 non
2300 4632 2582 4686 credidisti
2624 4631 2807 4686 verbis
2844 4632 3004 4694 meis,
3033 4645 3152 4697 qua:
3194 4630 3556 4700 implebuntur

1975 4734 2220 4792 tempore
2253 4738 2372 4778 suo.
2413 4742 2432 4775 ι
2464 4722 2563 4778 llic
2596 4724 2782 4792 itaque
2807 4721 3100 4775 Zacharias
3135 4737 3258 4775 cum
3289 4723 3559 4792 postulata

1981 4812 2235 4868 tabellula
2276 4811 2583 4880 scripsisset
2621 4812 2831 4875 dicens,
2891 4825 2911 4858 ι
2958 4807 3197 4863 Joannes
3243 4817 3326 4863 est
3357 4826 3554 4864 nonn-n

1983 4904 2120 4973 eius,
2151 4913 2206 4957 et
2251 4901 2430 4956 mirati
2465 4901 2695 4955 fuissent
2732 4915 2924 4955 omnes
2945 4901 3012 4966 ’⁵,
3049 4919 3068 4952 ι
3100 4903 3302 4970 recepit
3324 4917 3506 4955 vocem
3538 4918 3554 4954 :

1989 5015 2008 5048 ι
2039 4977 2308 5067 Apertum
2341 5003 2425 5048 est
2459 4993 2602 5048 enim
2635 4993 2781 5048 illico
2805 5007 2868 5048 os
2893 4993 3028 5061 ejus,
3054 5004 3107 5047 et
3128 4994 3306 5064 lingua
3335 4995 3469 5060 ejus,
3503 5005 3554 5046 ιιι

1981 5087 2301 5158 loquebatur
2329 5085 2656 5140 benedicens
2682 5086 2847 5139 Deum
2881 5087 2949 5138 ³⁵.
2994 5105 3012 5138 ι
3057 5085 3124 5141 Ut
3158 5097 3338 5139 autem
3373 5087 3558 5152 diSptl-

1983 5190 2165 5236 tantes
2207 5192 2440 5248 quonam
2477 5186 2635 5248 pacto
2682 5178 3090 5249 intelligendum
3136 5186 3299 5239 esset,
3332 5175 3555 5230 Sermo~

2547 5317 2589 5347 ¹¹
2619 5315 2788 5374 Exod.
2821 5330 2914 5377 vit,
2947 5317 2996 5368 1.
3107 5313 3151 5345 ¹²
3193 5312 3327 5368 Luc.
3381 5327 3420 5377 ι,
3465 5312 3554 5366 18.

2054 5530 2167 5600 (95)
2195 5530 2420 5600 Λόγος.-
2440 5525 2722 5600 Ferrarius
2757 5522 2963 5600 legebat
2989 5521 3180 5600 λόγουἐ
3201 5520 3554 5600 quemadmo-

1979 5590 2108 5656 dniu
2145 5590 2298 5651 recte.
2320 5590 2515 5663 legitur
2550 5597 2600 5648 in
2639 5590 2881 5660 margine
2905 5596 3108 5646 codicis
3143 5590 3444 5663 Bodleiaui.

2051 5659 2476 5732 (θωΔεικτώιή.
2531 5665 2618 5719 Sic
2675 5665 2837 5718 codex
2892 5664 3250 5727 Bodleianus;
3302 5659 3555 5716 Balberi-
3641 5680 3662 5690 ε

1977 5758 2080 5794 nus
2103 5739 2402 5803 διδακτική.
