3962 6206
518 283 615 336 9.5!

1981 277 2305 334 ()lllGENlS

3663 281 3780 337 ετξ

508 410 628 449 nem
667 409 789 447 esse
824 393 918 448 Dei
967 392 1185 454 Filium,
1219 391 1617 446 declaravimns
1665 409 1785 463 qua:
1840 389 1890 447 in
1940 411 2059 447 men

2191 394 2648 464 διαλαμϐάνοντες
2687 395 2813 464 περὶ
2855 391 2947 445 τοῦ
2977 393 3096 446 τίνα
3124 394 3324 466 τρόπον
3352 392 3574 462 νοητέον
3602 394 3782 460 Λόγον

507 494 617 538 tem
698 497 1006 550 venerunt,
1059 489 1137 540 sic
1197 486 1353 555 juxta
1416 488 1831 541 convenientem
1902 503 2084 540 conse-

508 577 788 646 quentiam
824 580 1079 646 quoniam
1116 596 1136 629 ι
1188 578 1426 634 Joannes
1479 579 1627 631 venit
1671 579 1738 631 ad
1795 580 2086 634 testifican-

507 673 633 722 dmn
693 671 856 722 homo
908 672 1106 725 missus
1159 686 1188 723 a
1246 673 1388 737 Deo,
1453 682 1512 723 ut
1577 671 1960 726 testificaretur
2017 673 2084 726 de

503 762 809 832 lure119,
843 775 900 815 ut
927 779 1116 818 onmes
1143 764 1427 819 crederent
1451 780 1544 832 per
1572 764 1745 832 ipsum
1763 765 1831 828 ",
1866 785 1885 818 ι
1916 765 2077 820 intel-

505 855 672 923 ligere
716 857 974 908 debemus
1012 854 1276 910 Joannem
1337 872 1523 913 vocem
1575 874 1732 921 esse,
1795 874 1918 926 qua:
1967 861 2080 914 Sola

502 961 697 1014 capere
726 950 906 1000 valeat
931 947 1248 1002 Sermonem
1273 951 1650 1004 annuntiatum
1678 951 2082 1022 :potissimnm-

499 1053 607 1108 que
641 1040 740 1093 hoc
770 1039 1154 1109 intelligemus,
1213 1043 1259 1095 si
1302 1045 1564 1098 memoria
1605 1052 1914 1113 repetemus
1962 1061 2082 1114 qua:

499 1137 630 1183 ante
671 1132 1054 1200 pr0posnimns
1093 1143 1416 1188 euarrautes
1448 1151 1510 1188 ea
1541 1136 1728 1199 verba,
1784 1153 1803 1179 ε
1863 1134 1934 1191 Ut
1966 1152 2083 1188 om-

500 1236 601 1276 nes
630 1223 916 1277 crederent
955 1240 1050 1292 per
1081 1225 1258 1294 ipsum
1288 1227 1358 1283 ⁸⁷.
1393 1245 1410 1277 ι
1441 1226 1494 1280 in
1521 1243 1586 1282 eo
1619 1229 1738 1280 loco
1771 1245 1785 1281 :
1816 1247 1834 1278 ε
1869 1227 1966 1281 llic
2000 1238 2081 1282 est

499 1315 567 1368 de
616 1332 726 1384 quo
785 1316 1048 1385 scriptum
1104 1327 1187 1372 est
1221 1334 1234 1369 :
1269 1317 1407 1371 Ecce
1457 1333 1558 1388 ego
1609 1321 1767 1373 mitto
1826 1320 2078 1390 angelum

499 1422 676 1460 meum
713 1417 838 1460 ante
863 1407 1058 1460 facient
1098 1419 1268 1472 tuam,
1295 1410 1386 1475 qui
1416 1411 1740 1479 prmparabit
1766 1412 1903 1464 viam
1933 1421 2078 1464 tuam

497 1508 625 1553 ante
648 1509 700 1551 te
727 1499 794 1553 ".
825 1518 842 1550 ι
881 1499 1013 1552 ΙΙΙιιιΙ
1046 1500 1209 1554 etiam
1243 1502 1462 1570 egregie
1484 1541 1499 1565 ,
1545 1505 1688 1571 quod
1727 1519 1832 1557 non
1884 1505 1984 1567 ait,
2019 1519 2079 1556 se

497 1604 680 1643 vocem
715 1590 946 1645 dicentis
979 1592 1029 1644 in
1066 1592 1286 1646 deserto
1309 1632 1324 1655 ,
1371 1593 1465 1646 sed
1505 1610 1524 1643 ι
1554 1595 1844 1649 clamantis
1888 1596 1938 1648 in
1984 1597 2079 1649 de-

495 1693 713 1746 sertop
747 1681 949 1736 etenim
1002 1683 1093 1750 qui
1147 1683 1376 1747 clamat,
1419 1704 1438 1737 ι
1485 1687 1710 1755 Dirigite
1764 1687 1906 1738 viam
1963 1687 2070 1740 Do-

497 1773 648 1835 mini,
679 1792 698 1824 ι
744 1775 910 1828 etiam
938 1774 1068 1829 dicit
1095 1792 1110 1840 ;
1147 1775 1240 1828 sed
1271 1777 1538 1845 contingit
1585 1786 1643 1829 ut
1673 1776 1940 1846 quispiam
1968 1794 2071 1829 non

495 1864 760 1930 clamans,
812 1867 915 1919 bor.
969 1867 1142 1936 ipsum
1194 1869 1357 1922 etiam
1407 1870 1574 1923 dicat.
1614 1868 1823 1923 Clamat
1858 1884 1988 1922 vero
2021 1879 2075 1921 et

495 1956 848 2020 vociferatur,
883 1968 939 2011 ut
975 1969 1027 2012 et
1055 1961 1146 2028 qui
1187 1970 1313 2012 sunt
1335 1959 1520 2028 procul
1543 1977 1572 2012 a
1596 1961 1807 2014 dicente
1830 1961 2070 2027 audiant,

493 2056 548 2102 et
580 2049 671 2116 qui
707 2050 774 2102 ad
803 2049 1131 2103 audiendum
1164 2061 1291 2104 sunt
1326 2052 1488 2115 tardi,
1525 2067 1704 2104 rerum
1737 2067 1856 2118 qua:
1886 2051 2076 2105 dicun-

494 2147 582 2192 tur
644 2142 1073 2208 magnitudinem
1138 2141 1440 2209 intelligaut
1477 2161 1492 2196 :
1529 2157 1658 2196 voce
1729 2143 2073 2212 pronuntiata

492 2250 614 2286 eum
656 2235 1025 2298 magnitudine
1061 2248 1217 2301 opem
1269 2232 1452 2287 ferens
1511 2243 1621 2287 tum
1655 2233 1740 2288 bis
1768 2234 1918 2302 quia
1966 2233 2074 2288 Deo

495 2325 847 2389 recesserint,
890 2335 1000 2378 tum
1039 2325 1126 2379 liis
1160 2325 1254 2394 qui
1305 2326 1524 2379 auditus
1561 2326 1854 2379 acuitatem
1895 2327 2076 2395 perdi-

491 2417 692 2472 derint.
746 2417 897 2471 Hanc
959 2419 1029 2471 ob
1088 2433 1306 2470 cmnsam
1355 2419 1498 2470 enim
1563 2417 1838 2471 «stabat:
1907 2417 2071 2471 etiam

495 2531 514 2562 ε
546 2509 722 2573 Jesus,
772 2520 825 2564 et
866 2509 1139 2562 clamabat
1170 2509 1358 2563 dit-ens
1389 2527 1402 2562 :
1434 2509 1490 2564 Si
1523 2511 1645 2579 quis
1701 2511 1836 2574 sitit,
1889 2511 2073 2564 veniat

491 2604 558 2656 ad
595 2618 698 2661 me.
738 2612 796 2656 et
833 2603 984 2656 bibat
1021 2602 1088 2653 ”.
1115 2621 1134 2653 ι
1169 2601 1317 2656 Hauc
1343 2603 1413 2656 ob
1441 2618 1663 2656 causam
1719 2620 1739 2654 ι
1769 2602 2010 2658 Joannes
2047 2623 2065 2656 ι

491 2695 656 2749 etiam
718 2713 739 2745 ι
773 2693 1100 2748 testificatur
1147 2696 1212 2746 de
1245 2709 1330 2758 eo,
1379 2703 1434 2749 et
1487 2695 1687 2748 clamat
1726 2696 1912 2750 dicens
1963 2693 2010 2748 °.
2047 2713 2064 2746 ι

493 2786 642 2841 Hanc
679 2788 748 2840 ob
781 2802 1001 2840 causam
1023 2784 1177 2852 jubet
1207 2785 1398 2840 Isaiam
1432 2787 1567 2840 Deus
1592 2786 1830 2840 clamare
1860 2788 1912 2841 in
1943 2803 2072 2842 voce

495 2896 514 2928 ε
536 2877 768 2930 dicentis
797 2894 811 2930 :
838 2875 1060 2941 Clama;
1098 2895 1116 2928 ι
1171 2876 1256 2930 cui
1317 2878 1608 2946 respondet
1645 2875 1847 2932 Isaias:
1882 2895 1901 2928 ι
1931 2878 2070 2944 Quid

489 2968 740 3022 clamabo
767 2967 852 3018 “?
881 2986 897 3015 ι
936 2967 1006 3020 At
1047 2983 1144 3021 vox
1174 2969 1554 3038 precantium,
1595 2983 1716 3038 qua:
1762 2970 2069 3041 intelligen-

2109 1742 2149 1799 Β

2188 483 2326 540 εἶναι
2359 488 2449 540 τὸν
2489 487 2615 538 Υἱδν
2643 485 2735 538 τοῦ
2781 485 2938 550 Θεοῦ,
2963 485 3032 538 τὰ
3068 485 3451 556 παριστάμενα
3497 483 3772 555 ἐδηλώσαο

2189 598 2310 650 μεν,
2345 579 2516 644 οὕτως
2555 579 2695 633 κατᾶ
2741 577 2838 649 τὴν
2879 577 3221 648 ἁρμόζουσαν
3264 577 3607 638 ἀκολουθίαν,
3653 579 3781 628 ὲττὶ

2192 692 2209 722 ι
2248 675 2276 724 6
2328 674 2576 743 Ἰωάννης
2625 667 2787 742 ἦλθεν
2836 672 2916 734 εἰς
2974 669 3278 741 μαρτυρίαν
3331 668 3620 740 ἄνθρωπος
3672 668 3782 721 ἀτ-

2185 767 2513 836 εσταλμένος
2565 765 2716 836 παρὰ
2763 764 2896 817 Θεοῦ
2961 764 3048 816 ἵνα
3108 765 3432 834 μαρτυρήσῃ
3491 762 3622 831 περὶ
3679 761 3777 814 τοῦ

2185 858 2382 927 φωτὸς,
2417 858 2504 911 ἵνα
2540 858 2741 920 πάντες
2784 855 3113 909 πιστεύσωσι
3145 856 3210 908 δι’
3243 854 3431 918 αὐτοῦ,
3475 874 3494 906 ι
3548 854 3775 924 νοητέον

2185 948 2368 1020 φωνὴν
2415 945 2554 1000 εἶναι
2604 947 2774 1018 μόνην
2811 948 3056 1018 χωρῆσαι
3090 949 3207 999 κατ’
3246 946 3403 1010 ἀξίαν
3449 947 3543 999 τὸν
3589 947 3776 1015 ἀπαγε-

2183 1042 2506 1111 γελλόμενον
2537 1040 2706 1108 Λόγον
2733 1041 3040 1110 δυναμένην
3070 1039 3160 1092 τὸν
3210 1040 3464 1109 Ἰωάννην
3483 1056 3497 1069 ο
3538 1040 3635 1091 καὶ
3667 1041 3776 1109 μά-

2183 1135 2340 1188 λιστα
2371 1133 2528 1187 τοῦτο
2557 1135 2883 1204 συνήσομεν,
2925 1133 3018 1186 ἐὰν
3050 1132 3488 1204 ὐπομνησθῶμεν
3521 1125 3599 1186 ὧν
3632 1149 3776 1203 προ-

2185 1227 2556 1300 παρεθέμεθα,
2593 1227 2937 1298 διηγούμενοι
2963 1227 3042 1286 τὸ,
3102 1245 3120 1276 ι
3157 1227 3276 1278 Ἵνα
3311 1227 3512 1289 πάντες
3545 1227 3777 1279 πιστεύ-

2185 1337 2319 1372 σωσι
2359 1319 2424 1371 δι’
2463 1319 2652 1382 αὐτοῦ,
2707 1338 2724 1370 ›
2771 1318 2900 1388 περὶ
2934 1316 3049 1370 τοῦ·
3106 1335 3124 1367 ι
3176 1309 3344 1380 Οὗτός
3383 1318 3680 1388 ἰστι“περὶ
3713 1314 3779 1370 οὗ

2182 1413 2522 1483 γέγραπται·
2585 1411 2714 1464 Ἰδοὺ
2750 1409 2859 1479 ἐγὼ
2905 1409 3220 1462 ἀποστέλλω
3258 1409 3348 1461 τὸν
3388 1409 3618 1478 ἄγγελόν
3670 1428 3776 1480 μου

2183 1506 2289 1577 πρὸ
2333 1505 2625 1576 προσώπου
2676 1521 2791 1567 σου,
2825 1503 2883 1567 ὃς
2918 1503 3321 1557 κατασκευάσει
3364 1502 3458 1562 τὴν
3505 1503 3624 1555 ὁδόν
3678 1520 3775 1554 σου

2181 1593 2489 1665 ἔμπροσθέν
2517 1610 2628 1646 σου.
2665 1613 2682 1643 ›
2723 1593 2913 1657 Καλῶς
2949 1593 3059 1661 (97)
3091 1594 3146 1646 δὲ
3181 1593 3274 1646 καὶ
3308 1594 3366 1646 τὸ
3402 1595 3475 1664 μὴ
3507 1591 3643 1645 εἶναι
3678 1595 3778 1646 αὐ-

2179 1686 2270 1739 τὸν
2304 1687 2402 1754 τὴν
2434 1685 2613 1756 φωνὴν
2641 1685 2890 1754 λέγοντος
2924 1689 2981 1738 ἐν
3011 1689 3074 1756 τῇ
3105 1687 3330 1756 ἐρήμῳ,
3359 1686 3494 1738 ἀλλὰ
3543 1706 3560 1735 ι
3604 1687 3778 1756 βοῶν-

2177 1795 2268 1842 τος
2297 1779 2354 1829 ὲν
2385 1781 2450 1848 τῇ
2483 1780 2704 1849 ίερήμῳ·
2752 1799 2769 1828 ι
2804 1782 2830 1832 6
2864 1779 2962 1848 μὲν
2991 1779 3098 1850 γὰρ
3129 1779 3264 1848 βοῶν
3301 1781 3358 1832 τδ
3380 1820 3395 1844 ,
3434 1799 3450 1826 ε
3491 1779 3772 1832 Εὐθύνατε

2174 1870 2274 1942 τὴν
2315 1869 2432 1922 ὁδὸν
2469 1870 2696 1940 Κυρίου,
2752 1892 2768 1921 ι
2815 1872 2909 1923 καὶ
2941 1870 3116 1937 λέγει·
3154 1870 3428 1939 ἐνδέχεται
3455 1869 3510 1922 δὲ
3543 1870 3605 1921 τὸ
3633 1869 3773 1922 αὐτῦ

2175 1960 2334 2014 τοῦτο
2362 1962 2423 2014 τὸ
2452 1961 2630 2029 λέγειν
2673 1960 2783 2030 (98)
2819 1961 2892 2032 μὴ
2943 1961 3168 2030 βοῶντα.
3204 1961 3311 2032 Bos}
3340 1961 3397 2014 δὲ
3425 1962 3518 2013 καὶ
3548 1961 3759 2031 κέκρα-

2176 2072 2294 2123 γεν,
2328 2057 2414 2108 ἵνα
2449 2057 2542 2108 καὶ
2590 2057 2638 2109 οἱ
2683 2055 2898 2126 μακρὰν
2933 2055 3025 2107 τοῦ
3058 2053 3307 2122 λέγοντος
3338 2053 3635 2117 ἀκούσωσι,
3674 2055 3773 2106 καὶ

2175 2149 2222 2200 οἱ
2268 2149 2562 2218 βαρυήκοοι
2605 2146 2806 2199 συνῶσι
2844 2146 2938 2199 τοῦ
2975 2145 3238 2216 μεγέθους
3272 2146 3380 2198 τῶν
3418 2145 3768 2215 λεγομένων,

2180 2239 2316 2310 μετὰ
2354 2239 2618 2311 μεγέθους
2646 2238 3130 2310 άπατγελλομένου
3166 2239 3371 2310 φωνῆς,
3410 2237 3620 2310 βοηθῶν
3651 2244 3769 2302 τοῖς

2174 2347 2233 2382 τε
2267 2329 2545 2399 ἀφεστῶσι
2575 2328 2732 2391 Θεοῦ,
2778 2330 2873 2382 καί
2901 2328 3059 2382 τοῦτο
3092 2327 3184 2393 όξύ
3219 2328 3318 2400 τῆς
3352 2329 3521 2396 ἀκοῆς
3552 2329 3771 2381 ἀπολω-

2175 2419 2378 2473 λεκόσι.
2413 2420 2510 2472 Διὰ
2537 2417 2692 2471 τοῦτο
2723 2419 2830 2489 γάρ
2871 2418 2965 2470 καὶ
3000 2437 3018 2467 ‹
3058 2418 3296 2487 εἱστήκει
3325 2417 3354 2468 6
3398 2416 3624 2487 Ἰησοῦς,
3670 2421 3769 2468 καὶ

2174 2511 2439 2582 ἐκέκραξε
2472 2511 2672 2578 λέγων·
2725 2511 2849 2562 Ἐάν
2889 2527 2970 2573 τις
3011 2509 3159 2580 διψᾷ,
3211 2507 3452 2580 ἐρχέσθω
3484 2506 3622 2577 πρὸς
3672 2507 3766 2576 μὲ.

2175 2603 2268 2655 καὶ
2299 2601 2522 2654 πινέτω.
2571 2621 2590 2652 ι
2618 2601 2715 2654 Διὰ
2760 2601 2920 2655 τοῦτο
2956 2601 3050 2654 καὶ
3085 2620 3101 2650 ι
3137 2601 3165 2652 6
3211 2599 3462 2668 Ἰωάννης
3492 2604 3768 2669 μαρτυρεί

2175 2693 2305 2764 περὶ
2331 2693 2516 2756 αὐτοῦ,
2550 2694 2644 2746 καὶ
2673 2693 2913 2764 κέκραγε
2939 2693 3130 2761 λέγων.
3170 2711 3186 2742 ι
3223 2690 3322 2743 Διά
3358 2689 3516 2744 τοῦτο
3537 2690 3634 2742 καὶ
3668 2707 3765 2742 κε-

2173 2785 2320 2838 λεύει
2345 2787 2374 2838 6
2407 2785 2541 2850 Θεὸς
2569 2785 2648 2856 τῷ
2679 2786 2878 2857 Ἡσαΐᾳ
2912 2786 3040 2858 βοᾷν
3064 2787 3121 2837 ὲν
3149 2787 3216 2855 τῇ
3249 2787 3398 2855 φωνῇ
3433 2802 3451 2834 ι
3487 2783 3765 2852 λέγοντος

2173 2881 2410 2953 Βόησονο
2455 2901 2473 2933 ι
2523 2880 2678 2950 κάγὼ
2711 2876 2897 2934 εἷπονο
2937 2899 2955 2932 ι
3009 2880 3074 2932 Τί
3117 2879 3329 2950 βοήσω;
3367 2897 3384 2928 ι
3430 2876 3556 2930 Ἐὰν
3587 2877 3644 2928 δὲ
3686 2879 3766 2947 μὴ

2175 2973 2454 3037 παντελῶς
2554 2976 2586 3045 ἡ
2626 2971 2790 3044 νοητὴ
2837 2972 2944 3025 τῶν
2993 2972 3301 3042 εὐχομένων
3334 2970 3484 3040 φωνὴ
3520 2968 3763 3040 μεγάλη,

492 3061 562 3114 tia
598 3062 915 3132 percipitur,
949 3062 1199 3128 quamvis
1243 3076 1459 3129 magna,
1500 3075 1676 3129 neque
1709 3061 1924 3130 prolixa
1955 3079 2071 3116 om-

2180 3067 2269 3123 καὶ
2293 3068 2354 3120 οὐ
2385 3067 2632 3139 βραχεῖα,
2667 3067 2786 3120 οὐδὲ
2815 3066 2880 3120 ἂν
2913 3064 3190 3137 αὐξήσωσι
3227 3064 3335 3135 (99)
3371 3064 3468 3134 τὴν
3505 3061 3632 3132 βοὴν
3664 3063 3767 3115 καὶ

491 3157 622 3208 nino
667 3154 852 3216 fuerit,
904 3167 1081 3222 neque
1135 3153 1459 3204 adauxeriut
1519 3152 1596 3204 illi
1656 3153 1950 3208 clamorem
2010 3170 2074 3209 ac

491 3260 963 3322 vociferationem,
1012 3259 1162 3311 audit
1193 3267 1372 3311 tamen
1408 3259 1548 3312 hunc
1585 3261 1636 3311 iu
1683 3261 1898 3314 modum
1950 3277 2074 3330 pre-

487 3365 680 3408 cantes
705 3352 870 3415 Deus,
890 3352 1019 3406 Mosi
1050 3353 1237 3405 dicens
1261 3351 1340 3404 "z
1371 3369 1390 3401 ι
1416 3351 1554 3416 Quid
1579 3353 1644 3406 ad
1677 3367 1763 3406 me
1786 3353 2027 3407 clamas?
2047 3373 2067 3406 ι

489 3446 582 3517 qui
644 3445 976 3500 seusibiliter
1029 3459 1134 3497 nou
1200 3444 1576 3511 claniaverat;
1673 3462 1846 3514 neque
1922 3450 2068 3502 enim

493 3540 754 3610 svriptum
778 3549 861 3594 est
893 3539 944 3591 in
969 3539 1170 3599 Exodo,
1198 3537 1398 3591 Μοειιιιι
1431 3538 1764 3592 sensibiliter
1785 3539 2070 3610 clamasse,

486 3648 608 3688 eum
659 3651 758 3704 per
800 3635 1170 3702 precationem
1234 3649 1299 3686 ea
1366 3649 1498 3686 voce
1556 3633 1710 3687 valde
1761 3634 2070 3699 clamasset,

486 3741 646 3792 quam
708 3725 853 3778 solus
912 3725 1051 3778 Deus
1097 3723 1268 3778 audit.
1324 3723 1473 3778 Hanc
1527 3728 1598 3777 ob
1641 3740 1860 3779 causam
1907 3726 2071 3780 David

485 3819 650 3870 etiam
688 3817 864 3885 inquit
899 3816 944 3846 ³³
981 3835 993 3868 :
1037 3835 1054 3866 ι
1091 3815 1235 3870 Voce
1261 3833 1377 3870 mea
1409 3816 1474 3868 ad
1509 3817 1791 3870 Domiumn
1816 3820 2070 3884 clamavi,

485 3917 541 3961 et
567 3911 843 3961 exaudivit
875 3924 1014 3962 nte.»
1056 3909 1206 3976 Opus
1227 3918 1308 3962 est
1334 3918 1514 3963 autem
1542 3924 1672 3962 voce
1703 3911 1990 3965 clamantis
2018 3914 2069 3966 in

485 3999 721 4060 deserto,
760 3999 848 4050 ubi
881 4001 1064 4050 anima
1081 4001 1261 4052 ‘etiam
1292 4000 1399 4053 Deo
1423 4011 1588 4068 atque
1634 4003 1867 4056 veritate
1900 4005 2072 4056 desti-

487 4100 602 4142 tuta
639 4091 948 4159 (quodnam
982 4091 1128 4143 enim
1159 4091 1303 4144 aliud
1324 4093 1596 4145 desertum
1629 4096 1874 4161 asperius
1905 4111 2070 4162 «spiam

487 4181 669 4234 anima
708 4196 827 4249 quae
858 4179 970 4234 Deo
1007 4188 1171 4248 atque
1191 4182 1343 4235 omni
1371 4183 1576 4236 virtute
1607 4183 1678 4236 sit
1708 4186 2007 4237 destituta?
2029 4191 2070 4251 ),

484 4287 553 4326 eo
603 4273 752 4341 quod
795 4272 970 4325 adhuc
1025 4271 1244 4340 oblique
1299 4271 1542 4326 ambulet
1595 4288 1760 4342 egens
1801 4277 2067 4342 doctrina,

487 4368 745 4423 invitetur
795 4367 860 4420 ad
907 4366 1244 4433 dirigendam
1279 4364 1495 4420 Domini
1538 4366 1720 4432 viam;
1754 4383 1914 4437 quam
1949 4373 2071 4439 qui-

2174 3159 2274 3231 τὴν
2308 3159 2576 3231 κραυγὴν,
2617 3159 2803 3212 ἀκούει
2833 3158 2942 3210 τῶν
2985 3157 3157 3220 οὕτως
3197 3155 3504 3226 εὐχομένων
3533 3157 3563 3207 6
3601 3153 3763 3217 Θεὸς,

2173 3258 2203 3310 6
2235 3253 2407 3322 λέγων
2455 3253 2590 3324 πρὸς
2627 3251 2858 3316 Μωσέα,
2899 3269 2916 3302 ‹
2967 3249 3032 3302 Τί
3077 3249 3204 3320 βοᾷς
3256 3249 3391 3318 προς
3451 3247 3551 3317 μέ;
3601 3264 3619 3296 ι
3657 3247 3766 3299 οὐκ

2175 3347 2448 3418 αἰσθητῶς
2494 3344 2824 3416 βεδοηκότα·
2885 3343 2946 3396 οὐ
2986 3343 3093 3414 γὰρ
3135 3341 3544 3412 ἀναγέγραπται
3599 3339 3766 3391 τοῦτο

2174 3444 2232 3496 ὲν
2281 3444 2347 3512 τῇ
2391 3439 2618 3508 Ἐξόδῳ,
2681 3437 2931 3510 μεγάλως
2972 3437 3028 3490 δὲ
3076 3437 3173 3506 τὴν
3219 3434 3558 3503 ἀκουομένην
3609 3434 3763 3503 μόνῳ

2173 3531 2294 3602 Θεῷ
2328 3531 2507 3602 φωνὴν
2537 3529 2834 3600 βεϐοηκότα
2868 3529 2955 3582 διὰ
2984 3529 3083 3598 τῆς
3117 3529 3303 3598 εὐχῆς.
3340 3525 3438 3578 Διὰ
3470 3525 3626 3577 τοῦτο
3660 3525 3764 3578 καὶ

2173 3624 2337 3678 Δαυῖδ
2363 3640 2522 3695 φησι·
2560 3641 2578 3674 ι
2619 3624 2773 3694 Φωνῇ
2809 3639 2908 3693 μου
2947 3621 3082 3694 πρὸς
3109 3621 3310 3692 Κύριον
3341 3620 3634 3691 ἐκέκραξα,
3666 3622 3764 3674 καὶ

2173 3717 2447 3790 ἐπήκουσέ
2482 3734 2605 3788 μου.
2651 3734 2669 3768 ι
2715 3716 2890 3786 Χρεία
2925 3715 2981 3767 δὲ
3022 3716 3122 3785 τῆς
3156 3715 3338 3786 φωνῆς
3375 3713 3469 3767 τοῦ
3525 3714 3761 3784 βοῶντος

2173 3813 2230 3865 ὲν
2255 3815 2320 3884 τῇ
2359 3814 2570 3883 ἐρήμῳ,
2601 3811 2687 3864 ἵνα
2723 3810 2816 3864 καὶ
2848 3811 2882 3881 ἡ
2919 3810 3255 3880 ἐστερημένη
3293 3809 3428 3862 Θεοῦ
3465 3809 3630 3879 duxi},
3663 3811 3763 3862 καὶ

2173 3907 2378 3979 ἔρημος
2413 3905 2670 3977 ἀληθείας
2713 3904 2830 3972 (τίς
2862 3902 2970 3972 γὰρ
2999 3901 3132 3971 ἄλλη
3165 3901 3522 3972 χαλεπωτέρα
3549 3902 3763 3972 ἐρημία

2171 4001 2348 4071 ψυχῆς
2387 3999 2524 4052 Θεοῦ
2584 4000 2678 4054 καὶ
2718 3999 2898 4068 πάσης
2936 3997 3138 4068 ἀρετῆς
3187 3997 3560 4068 ἠρημωμένης
3596 3996 3759 4065 (1);),

2172 4095 2258 4146 διὰ
2297 4097 2357 4146 τὸ
2390 4093 2468 4146 ἔτι
2499 4091 2728 4154 σκολιῶς
2762 4089 3090 4162 πορεύεσθαι
3124 4089 3348 4160 δεομένη
3384 4088 3757 4150 διδασκαλίας.

2174 4187 2265 4238 ἐπὶ
2291 4185 2350 4237 τὸ
2377 4183 2620 4236 εὐθύνειν
2661 4184 2756 4254 τὴν
2797 4184 2914 4237 ὁδὸν
2959 4183 3164 4254 Κυρίου
3200 4181 3619 4253 παρακαλῆται·
3653 4183 3758 4252 ἥν-

2172 4292 2293 4329 τινα
2322 4273 2438 4328 ὁδὸν
2463 4274 2675 4328 εὐθύνει
2707 4277 2804 4344 μὲν
2829 4277 2856 4328 6
2883 4275 3147 4346 μηδαμῶς
3167 4275 3265 4346 τὴν
3295 4275 3614 4345 σκολιότητα
3653 4279 3758 4346 τῆς

2173 4365 2266 4419 τοῦ
2301 4366 2474 4434 ὂψεως
2512 4366 2738 4437 πορείας
2773 4365 3127 4436 μιμούμενος,
3155 4368 3184 4419 6
3211 4366 3268 4418 δὲ
3302 4365 3476 4436 τούτῳ
3513 4367 3757 4428 ἐναντίος

487 4462 608 4512 dem
641 4458 783 4512 viam
810 4457 901 4511 ille
925 4457 1109 4525 dirigit
1137 4456 1396 4525 quidem,
1443 4458 1536 4526 qui
1571 4473 1912 4527 nequaquam
1946 4477 2066 4514 ser-

2180 4457 2521 4524 Βιαστρέφει’
2569 4457 2756 4527 διόπερ
2800 4457 2894 4509 καὶ
2941 4456 3332 4527 ὲπιπλήσσεται
3364 4457 3440 4526 (2)
3482 4457 3599 4526 ἅμα
3639 4460 3757 4518 τοῖς

485 4552 662 4622 pentis
693 4551 796 4604 iter
833 4560 1142 4603 tortuosum
1179 4550 1444 4614 imitatur,
1499 4552 1762 4618 pervertit
1810 4565 1942 4605 vero
1973 4552 2062 4620 qui

488 4646 614 4707 huic
674 4655 760 4698 est
811 4641 1142 4697 contrarius.
1205 4641 1572 4706 Quamobrem
1620 4657 1741 4694 cum
1797 4642 2066 4698 similibus

488 4736 802 4806 hujusmodi
835 4737 920 4790 vir
965 4735 1288 4804 objurgatur
1323 4749 1418 4802 per
1456 4733 1679 4790 illud“:
1704 4753 1720 4784 ι
1747 4734 2063 4807 Quareper-

485 4829 697 4882 vertitis
730 4833 846 4882 vias
883 4829 1094 4882 Domini
1135 4828 1356 4883 rectas?
1382 4847 1401 4880 ι

557 4922 645 4976 ll.
677 4921 946 4975 Caeterum
981 4920 1233 4974 bifariam
1269 4921 1353 4973 via
1393 4919 1604 4974 Domini
1639 4920 1906 4989 dirigitur,
1954 4920 2064 4988 pri-

488 5031 631 5070 mum
663 5025 881 5084 prOpler
926 5014 1477 5080 contemplationem,
1517 5029 1637 5080 qua:
1687 5013 2063 5067 manifestatur

484 5113 538 5164 in
595 5111 850 5167 veritate.
909 5109 1115 5172 absque
1176 5104 1280 5154 ulla
1343 5105 1696 5171 permistione
1755 5106 2060 5170 incudm-ii;

485 5204 679 5258 deinde
712 5211 934 5273 propter
963 5200 1232 5250 actionem
1260 5235 1275 5257 ,
1313 5197 1357 5248 si
1391 5197 1510 5263 quis
1537 5233 1552 5259 ,
1589 5211 1708 5246 cum
1743 5197 1910 5264 probe
1942 5213 2051 5262 per-

554 5299 600 5326 "
625 5297 776 5348 Joatl.
805 5312 842 5360 I,
874 5296 927 5357 6,
961 5293 1014 5348 7.
1091 5291 1133 5320 ’⁷
1167 5289 1324 5343 σιοςιιι.
1359 5304 1394 5350 I,
1426 5291 1479 5343 7.
1581 5291 1626 5320 ²⁸
1653 5289 1839 5341 Matth.
1881 5306 1952 5352 VI,
1988 5291 2070 5341 10.

483 5366 526 5398 ³⁸
562 5367 726 5417 Exod.
762 5381 872 5426 xiv,
898 5363 980 5418 15.
1061 5362 1104 5393 ³³
1131 5361 1272 5415 Psal.
1301 5376 1483 5423 Lam,
1522 5363 1567 5412 l.
1640 5360 1685 5390 ³⁸
1711 5364 1830 5414 Aet.
1862 5375 1975 5422 λιιι,
2015 5362 2098 5412 lt).

557 5457 668 5523 (οῖ)
697 5456 925 5521 Καλῶς.
971 5455 1062 5510 Sic
1099 5466 1243 5511 recte
1289 5457 1488 5509 habent
1516 5455 1672 5508 codd.
1734 5453 2061 5507 Btnllcianns‘

483 5528 931 5636 9"”:I'l‘lml'llllln;
986 5528 1123 5582 tuale
1165 5543 1290 5580 vero
1331 5530 1502 5584 editio
1552 5526 1728 5580 lluetii
1779 5531 1832 5578 in
1889 5535 2058 5591 textu,

484 5617 771 5736 xa‘."t:))s.Tb
803 5664 1022 5740 Ϊλέγειν.
1065 5667 1138 5740 Τδ
1171 5668 1384 5719 videtur
1415 5667 1722 5740 παρέλκειν.

559 5736 1045 5812 (ἕνθμιὺξιζσωσι.
1105 5738 1192 5791 Sic
1250 5745 1416 5792 codex
1471 5736 1832 5804 Do;;leiaint.~:;
1892 5737 2057 5792 editio

2173 4548 2378 4618 ὁμοίοις
2404 4549 2433 4600 ὁ
2455 4547 2691 4611 τοιοῦτος
2713 4547 2800 4600 διὰ
2830 4549 2952 4600 τοῦ·
2986 4570 3003 4598 ι
3045 4549 3158 4602 Ἵνα
3191 4548 3244 4600 τί
3271 4545 3624 4619 διαστρέφετε
3655 4548 3757 4609 τὰς

2172 4641 2322 4706 ὁδοὺς
2356 4641 2560 4712 Κυρίου
2594 4641 2692 4704 τὰς
2726 4642 2970 4707 εὐθείας;
3013 4662 3030 4693 ι

2242 4917 2329 4971 Η.
2371 4916 2543 4988 Διχῶς
2565 4916 2620 4970 δὲ
2648 4919 2680 4988 ἡ
2712 4918 2829 4982 ὁδὸς
2859 4919 3064 4991 Κυρίου
3097 4918 3400 4980 εὐθύνεται,
3427 4918 3572 4972 κατά
3603 4935 3665 4971 τε
3696 4922 3759 4973 τὸ

2171 5009 2522 5082 θεωρητικὸν,
2565 5011 2929 5083 τρανούμενον
2977 5014 3033 5065 ὲν
3073 5011 3300 5084 ἀληθείᾳ
3351 5012 3758 5084 ὰπαραμίκτως

2168 5102 2261 5155 τοῦ
2289 5103 2535 5172 ψεύδους,
2564 5105 2658 5157 καὶ
2689 5105 2830 5158 κατὰ
2855 5105 2914 5158 τὸ
2957 5105 3278 5177 πρακτικὸν,
3309 5105 3445 5174 μετὰ
3475 5104 3576 5174 τὴν
3623 5103 3754 5170 ὐγιῖι

2171 5194 2406 5266 θεωρίαν
2435 5197 2527 5250 τοῦ
2569 5197 2865 5268 πρακτέου,
2907 5198 3164 5268 ἁρμοδίου
3208 5199 3458 5270 πράξεως
3500 5195 3753 5249 ἁποδιδο·

2180 5293 2226 5323 "
2255 5290 2416 5346 Joan.
2458 5307 2553 5355 vu,
2593 5293 2675 5346 l7.
2779 5293 2822 5324 '°
2851 5292 3007 5348 Joan.
3037 5308 3074 5357 ι,
3107 5292 3194 5346 l5.
3283 5294 3346 5350 ,³¹
3392 5292 3520 5347 lsai.
3557 5305 3649 5356 λι..
3698 5291 3748 5344 ti.

2171 5451 2348 5505 lluetii
2384 5449 2638 5520 αὐξῆσαι.

2243 5524 2319 5592 (l)
2367 5519 2794 5589 Ἡρημωμένης.
2829 5521 2900 5574 |!a
2935 5521 3108 5575 codex
3155 5519 3511 5584 Barberinus,
3562 5530 3752 5585 recte;

2172 5594 2310 5647 male
2348 5593 2566 5658 Regius,
2597 5593 2954 5662 ἑρημωμένη.

2241 5664 2317 5735 (2)
2357 5659 2846 5728 Ἐπιτελήάάὲτάι.
2879 5659 2970 5719 Sic
3028 5663 3196 5720 codex
3226 5659 3596 5730 Barberinus;
3629 5660 3754 5716 edi-

2170 5734 2255 5789 tio
2280 5734 2479 5800 llnetii,
2507 5735 2896 5804 ἑπεπλήσσετο.
