4020 6216
283 312 398 370 εει

286 436 456 504 μένης
487 436 566 506 τῷ
609 437 867 508 περὶτῶν
915 434 1202 508 πρακτέων
1247 433 1390 504 ὑγιεῖ
1414 434 1575 504 λόγῳ.
1619 433 1728 487 Καὶ
1764 432 1851 487 ἵνα

1959 431 2150 486 viderit
2211 429 2339 499 quid
2397 431 2704 500 agendum,

285 525 673 596 ἀκριϐέστερον
713 527 801 580 τό·
857 546 876 579 ι
933 525 1207 580 Εὐθύνατε
1258 525 1357 596 τὴν
1387 525 1506 578 ὁδδν
1553 523 1779 594 Κυρίου,
1826 541 1847 575 ι

285 617 599 686 νοήσωμεν,
645 617 895 689 εὔκαιρον
943 617 1099 671 ἔσται
1151 615 1492 689 παραθέσθαι
1529 615 1590 668 τὸ
1630 616 1690 667 ἐν
1733 615 1852 676 ταῖς

283 706 612 777 [Ιαροιμίαις
643 709 926 779 εἰρημένον
947 725 962 739 ο
993 727 1012 760 ι
1059 708 1152 780 Μὴ
1185 706 1439 778 ἐκκλίνῃς
1481 706 1619 776 μήτε
1652 705 1733 767 είς
1766 703 1853 757 δε-

281 796 402 862 ειά.
441 799 578 868 μήτε
622 799 702 863 εἰς
740 798 1010 871 ἀριστερά
1051 798 1265 870 (5).»’0
1301 797 1412 868 γὰρ
1464 795 1728 850 ἐκκλίνων
1773 794 1854 858 εἰς

281 887 542 961 ὁποτέραν
571 890 633 942 τὸ
665 889 906 944 εὐθύνειν
929 889 1290 952 ἀπολώλεκεν,
1320 885 1418 944 οὒκ
1441 887 1520 941 ἔτι
1548 885 1854 956 ἐπισκοπῆς

257 963 428 1056 Lien:
471 982 782 1049 γινόμενος,
830 983 959 1037 ὅταν
989 983 1325 1056 παρεκϐαἰνῃ
1368 979 1464 1051 τὴν
1492 979 1593 1050 τῆς
1627 977 1854 1050 πορείας

808 1090 826 1125 ι
865 1073 976 1145 γὰρ
1021 1093 1038 1124 ι
1070 1037 1358 1136 ,δίκαιοςηὸ
1636 1037 1738 1169 acati.
1773 1037 1854 1169 δι.ζ

264 1157 570 1228 ἱείιοσύνας
594 1163 870 1234 ἠγάπησε,
904 1165 998 1218 καὶ
1030 1163 1326 1234 εύθύτητας
1355 1160 1431 1232 (4)
1470 1157 1578 1214 εἶδε
1603 1159 1663 1212 τὸ
1688 1157 1858 1229 πρόσ·

277 1269 424 1303 ωπον
479 1251 669 1316 αὑτοῦ,
699 1271 716 1304 ι
743 1253 879 1323 ὅπερ
900 1252 1003 1324 ὁρᾷ
1021 1250 1244 1321 φωτίζει
1267 1251 1366 1322 (5).
1385 1248 1486 1302 Διὰ
1502 1247 1662 1301 τοῦτο
1683 1248 1713 1299 ὁ
1734 1247 1858 1298 ἐπι-

277 1340 647 1412 σκοπούμενος
665 1385 678 1406 ,
711 1341 1234 1414 ἀντιλαμϐανόμενος
1259 1343 1360 1413 τῆς
1382 1339 1490 1394 ἀπὸ
1517 1339 1618 1409 τῆς
1641 1338 1863 1390 ἐπισκο-

277 1428 389 1498 πῆς
406 1428 695 1498 ὠφελείας,
718 1430 879 1499 φησίν
898 1447 912 1461 ο
943 1449 961 1482 ι
1009 1429 1354 1502 Ἑσημειώθη
1376 1429 1462 1498 ἐφ’
1661 1425 1724 1480 τὸ
1743 1424 1860 1496 φῶς

275 1520 375 1574 τοῦ
413 1521 700 1592 προσώπου
748 1538 863 1586 σου,
899 1522 1094 1594 Κύριε.
1149 1541 1167 1574 ι
1205 1522 1432 1592 Στῶμεν
1474 1518 1675 1581 τοίνυν,
1715 1515 1860 1570 κατά

279 1612 347 1666 τὰ
372 1611 476 1666 ὑπὸ
513 1612 772 1684 Ἰερεμίου
802 1613 1092 1684 εἰρημένα,
1125 1613 1218 1666 ἐπὶ
1257 1614 1378 1676 ταῖς
1411 1611 1572 1674 ὁδοῖς,
1598 1609 1692 1663 καὶ
1723 1607 1860 1661 ἰδόν-

275 1719 366 1767 τες
393 1705 755 1775 ἐρωτήσωμεν
773 1703 992 1775 τρίϐους
1017 1703 1224 1775 Κυρίου
1246 1702 1512 1765 αἰωνίους,
1538 1702 1634 1754 καὶ
1659 1699 1856 1770 ῐδωμεν

1367 315 1720 376 COMMENT.
1758 313 1824 370 ΙΝ
1851 312 2044 372 JOAN.
2077 311 2318 370 TOMUS
2353 310 2440 366 Vl.

3421 315 3529 370 23$

2795 430 3060 485 actionem
3117 432 3527 488 convenientem

1960 522 2158 576 rationi
2199 531 2362 577 recta:
2390 525 2703 591 suggerenti
2739 524 2967 592 agemla.
2996 523 3049 577 in
3073 540 3208 592 opus
3248 525 3530 592 produxe-

1957 612 2074 665 rit.-
2103 610 2174 666 Ut
2217 611 2532 666 accuratius
2579 625 2708 663 vero
2742 611 3107 681 intelligamus
3146 613 3274 666 illud
3315 631 3328 666 :
3372 613 3534 683 120

1961 718 1980 752 ι
2008 701 2234 771 Dirigite
2266 703 2412 756 viam
2440 701 2653 755 llotniui
2672 700 2754 764 ‘5;
2783 720 2802 753 ι
2835 714 3200 772 opportunum
3230 703 3335 757 erit
3361 705 3534 759 citare

1955 793 2099 862 quod
2155 792 2208 847 in
2266 791 2685 848 Proverbiorum
2749 791 2888 847 libro
2953 802 3035 848 est
3091 794 3343 846 dictant:
3390 811 3410 845 ι
3455 793 3533 849 Ne

1954 881 2317 938 declinaveris
2373 897 2547 953 neque
2593 884 2662 938 ad
2717 883 3021 949 dexteram,
3066 899 3240 951 neque
3289 884 3356 938 ad
3398 884 3533 939 siui-

1955 981 2126 1027 stram
2163 974 2283 1028 ³⁶.·ι
2321 974 2422 1040 Qui
2452 975 2597 1029 enim
2621 975 2672 1030 iu
2699 975 3008 1030 utramlibet
3037 973 3282 1041 inclinat,
3317 974 3363 1030 is
3396 975 3537 1030 arui-

1955 1063 2028 1119 sit
2063 1063 2192 1118 illud
2221 1065 2476 1135 dirigere,
2505 1063 2680 1120 factus
2706 1079 2814 1120 non
2849 1063 3084 1134 amplius
3113 1079 3241 1118 cura
3272 1073 3328 1118 et
3353 1066 3537 1120 cousi-

1959 1155 2242 1210 deratione
2324 1157 2562 1226 dignus,
2643 1155 2865 1224 quando
2926 1165 3298 1224 transgressus
3371 1153 3539 1209 fuerit

1960 1245 2170 1302 itineris
2215 1249 2625 1303 rectitudinem.
2685 1265 2705 1299 ι
2745 1246 3015 1313 Quoniam
3057 1263 3075 1297 ι
3107 1246 3252 1299 enim
3303 1263 3322 1296 ι
3356 1243 3576 1318 justus_

1963 1337 2256 1401 Dominus,
2295 1347 2351 1391 et
2375 1337 2621 1406 justitias
2656 1337 2870 1403 dilexit,
2921 1345 2977 1390 et
3011 1335 3364 1390 rectitudines
3402 1337 3540 1392 vidit

1957 1428 2140 1483 vultus
2163 1428 2283 1498 ejus
2316 1403 2389 1493 ιτ,
2419 1448 2438 1481 ι
2469 1429 2600 1484 illud
2620 1429 2765 1499 quod
2803 1429 2948 1484 videt
2983 1428 3268 1484 illuminat.
3287 1427 3434 1484 lianc
3465 1403 3592 1501 οιιὶ

1958 1533 2178 1575 causam
2199 1561 2215 1586 ,
2248 1521 2340 1590 qui
2374 1531 2457 1576 est
2492 1521 2545 1576 in
2580 1523 3020 1578 consideratione
3050 1530 3102 1575 et
3139 1521 3305 1575 tutela
3330 1559 3348 1584 ,
3393 1522 3540 1575 utili-

1961 1616 2127 1662 tatem
2157 1623 2225 1662 ex
2255 1610 2358 1663 hac
2386 1623 2516 1663 cura
2558 1619 2613 1664 et
2635 1612 2974 1679 protectione
3000 1613 3223 1681 capiens
3248 1653 3264 1678 ,
3303 1612 3480 1682 inquit
3519 1631 3538 1670 :

1962 1716 1983 1752 ι
2009 1697 2294 1770 Signatum
2338 1711 2424 1755 est
2479 1716 2646 1770 super
2683 1717 2781 1756 nos
2825 1702 3007 1758 lumen
3062 1703 3246 1757 vultus
3293 1703 3390 1768 tui,
3431 1699 3542 1759 Do-

275 1793 408 1848 ποία
434 1795 582 1847 ἐστὶν
606 1795 638 1865 ἡ
661 1795 778 1858 ὁδὸς
803 1796 836 1861 ἡ
868 1792 1072 1864 ἀγαθὴ,
1103 1793 1196 1846 καὶ
1228 1790 1578 1864 πορευθῶμεν
1602 1791 1661 1843 ἐν
1688 1790 1848 1860 αὐτῇ*

1959 1791 2103 1846 mine
2139 1791 2209 1843 ³⁸.
2243 1809 2262 1843 ι
2320 1791 2508 1862 Itaque
2562 1805 2770 1850 stenms
2831 1795 2883 1849 in
2926 1795 3049 1862 viis,
3099 1797 3254 1866 juxta
3290 1792 3541 1856 Jeremia:

273 1886 353 1949 ὡς
382 1886 732 1958 παρέστησαν
761 1886 812 1938 οἰ
839 1885 1144 1948 ἀπόστολοι,
1173 1885 1264 1938 καὶ
1302 1881 1592 1954 ἠρώτησαν
1629 1881 1730 1947 τὰς
1754 1881 1849 1936 τοῦ

276 1977 483 2047 Κυρίου
537 1976 788 2038 αἰωνίους
841 1974 1089 2046 τρίϐους,
1144 1974 1271 2039 τοὺς
1331 1973 1698 2044 πατριάρχας,
1756 1969 1852 2025 καὶ

271 2069 400 2132 τοὺς
435 2069 738 2139 προφήτας·
767 2059 841 2120 ὧν
881 2066 950 2120 τὰ
979 2065 1280 2136 γράμματα
1306 2065 1679 2135 ἐρωτήσαντες
1708 2061 1855 2115 ὓστε-

273 2174 370 2229 ρον
405 2156 485 2226 τῷ
521 2155 829 2226 νενοηκέναι
863 2153 1003 2208 αὐτὰ
1041 2149 1181 2207 εἶδον
1216 2152 1314 2224 τὴν
1343 2151 1555 2222 ἀγαθὴν
1587 2150 1707 2204 ὁδὸν
1748 2150 1854 2219 Ἰη-

271 2249 406 2303 σοῦν
436 2249 669 2320 Χριστὸν
693 2245 782 2300 τὸν
807 2246 1054 2300 εἰπόντα·
1089 2263 1107 2296 ι
1149 2243 1292 2313 Ἐγὼ
1323 2243 1438 2314 εἰμι
1474 2242 1506 2314 ἡ
1534 2239 1672 2306 ὁδὸς,
1709 2260 1726 2292 ι
1761 2240 1856 2294 καὶ

267 2337 648 2408 ἐπορεύθησαν
681 2336 738 2388 ἐν
776 2335 933 2406 αὐτῇ.
983 2331 1187 2406 Ἀγαθὴ
1219 2332 1328 2405 γὰρ
1353 2333 1472 2396 ὁδὸς
1501 2334 1534 2403 ἠ
1564 2332 1855 2402 ἀπάγουσα

276 2429 412 2500 πρὸς
440 2427 532 2481 τὸν
575 2426 777 2496 ἀγαθὸν
807 2426 1030 2498 Πατέρα
1062 2426 1154 2480 τὸν
1188 2424 1390 2493 ἀγαθὸν
1437 2423 1742 2496 ἄνθρωπον,
1789 2424 1856 2477 ἐκ

275 2517 372 2571 τοῦ
399 2517 604 2586 ἀγαθοῦ
642 2516 916 2588 θησαυροῦ
945 2516 1286 2588 προφέροντα
1323 2515 1390 2568 τὰ
1418 2514 1618 2583 ἀγαθὰ,
1645 2513 1739 2568 κα)⁵
1763 2512 1856 2567 τὸν

277 2609 476 2678 ἀγαθὸν
514 2609 698 2662 δοῦλον
731 2609 824 2662 καὶ
862 2608 1072 2662 πιστόν.
1103 2605 1251 2678 Αὕτη
1277 2606 1333 2659 δέ
1361 2606 1478 2670 ὁδὸς
1527 2605 1686 2677 στενὴ
1733 2603 1852 2677 μὲν,

273 2701 381 2754 τῶν
420 2700 629 2754 πολλῶν
655 2701 716 2752 οὑ
756 2698 1080 2770 χωρούντων
1111 2698 1315 2753 ὁδεύειν
1345 2699 1536 2770 αὐτὴν,
1577 2699 1672 2752 καὶ
1703 2697 1855 2768 φιλο-

277 2791 495 2861 σάρκων
533 2791 630 2863 (6),
659 2791 795 2844 ἀλλὰ
824 2791 918 2843 καὶ
960 2789 1296 2861 τεθλιμμένη
1329 2788 1435 2844 ύπὸ
1464 2790 1572 2844 τῶν
1600 2789 1857 2862 βιαζομέ-

273 2903 381 2942 νων
407 2884 734 2957 πορεύεσθαι
753 2884 821 2938 δι’
845 2883 1012 2954 αὐτῆς
1037 2884 1186 2936 ἐστιν
1211 2880 1350 2946 ὁδόςο
1375 2882 1499 2936 ἐπεὶ
1519 2883 1620 2937 οὐκ
1643 2883 1858 2955 εἴρηται

276 2977 552 3041 θλίϐουσα,
601 2975 738 3030 ἀλλὰ
782 2973 1137 3046 τεθλιμμένη.
1179 2973 1362 3028 Θλίϐει
1399 2973 1508 3044 γὰρ
1537 2972 1718 3038 ζῶσαν
1761 2972 1859 3044 τὴν

1953 1883 2098 1938 dicta
2130 1882 2197 1947 ",
2233 1893 2290 1938 et
2335 1883 2585 1940 videntes
2621 1885 3030 1957 interrogemus
3058 1889 3279 1944 semitas
3316 1887 3535 1946 Domini

1955 1972 2352 2041 sempiternas:
2390 1982 2444 2028 et
2474 1973 2757 2028 videamus
2787 1991 3032 2045 quantam
3069 1978 3138 2032 sit
3170 1977 3253 2032 via
3294 1981 3434 2034 bona
3479 1993 3538 2038 et

1956 2061 2296 2118 ambulemus
2345 2064 2399 2116 in
2449 2079 2514 2118 ea
2565 2078 2582 2118 :
2624 2066 2848 2134 perinde
2907 2081 3071 2136 atque
3117 2068 3394 2136 apostoli,
3443 2073 3536 2140 qui

1958 2161 2229 2208 steterunt
2257 2193 2273 2219 ,
2303 2165 2357 2208 et
2387 2155 2796 2226 interrogarunt
2823 2159 3053 2215 semitas
3092 2160 3304 2214 Domini
3333 2164 3542 2232 sempi-

1959 2255 2185 2313 ternas;
2227 2261 2420 2316 nempe
2451 2249 2800 2315 patriarchas
2839 2261 2894 2305 et
2929 2256 3227 2322 prophetas
3249 2294 3264 2320 ,
3309 2269 3566 2330 quorum~

1957 2334 2174 2393 litteras
2223 2351 2346 2392 cum
2396 2337 2858 2408 interrogassent,
2915 2351 3099 2412 postea
3150 2343 3300 2414 ipsos
3343 2343 3545 2402 intelli-

1957 2429 2153 2498 gelido,
2195 2428 2447 2484 viderunt
2478 2431 2621 2486 viam
2644 2431 2868 2496 bonam,
2900 2448 3093 2502 nempe
3121 2431 3303 2490 Jesum
3351 2437 3536 2492 dicen-

1958 2525 2112 2573 tem:
2151 2534 2174 2572 ι
2203 2517 2315 2590 Ego
2347 2534 2468 2576 sum
2502 2523 2590 2577 via
2633 2522 2702 2592 “,
2733 2541 2752 2576 ι
2786 2534 2843 2580 et
2883 2524 3304 2583 ambulaverunt
3353 2528 3405 2583 in
3453 2545 3540 2584 ea.

1958 2605 2114 2668 Bona
2142 2613 2289 2668 enim
2329 2614 2416 2670 via
2445 2626 2534 2671 est
2555 2631 2676 2686 qua:
2709 2618 2777 2671 ad
2801 2615 3019 2672 Patrem
3042 2619 3187 2674 duc-it
3214 2620 3414 2677 bonum
3440 2619 3544 2678 bo-

1958 2708 2162 2760 minem
2203 2706 2268 2760 de
2328 2707 2588 2763 thesauro
2635 2722 2736 2764 suo
2776 2707 3142 2779 proferentem
3203 2710 3344 2766 bona
3387 2711 3458 2778 ",
3487 2724 3547 2769 et

1959 2794 2162 2850 bonum
2192 2811 2410 2852 servum
2442 2807 2498 2853 et
2528 2799 2742 2854 tldelem
2778 2801 2843 2855 ".
2875 2802 3147 2857 Caeterum
3173 2803 3289 2858 haec
3320 2803 3542 2873 quidem

1961 2887 2048 2942 via
2083 2900 2311 2960 angusta
2342 2899 2425 2946 est
2455 2891 2774 2961 vulgaribus
2803 2902 2858 2949 et
2889 2893 3091 2964 alioqui
3139 2894 3321 2950 carnis
3351 2911 3546 2952 amau-

1965 2980 2126 3043 tibus.
2176 2982 2267 3052 qui
2321 2983 2423 3038 iter
2456 3000 2554 3054 per
2589 3000 2713 3040 eam
2757 2984 2944 3041 lacere
2990 3004 3094 3042 non
3127 2997 3391 3057 possunt;
3447 2991 3544 3046 sed

273 3068 391 3126 ὁδὸν
416 3069 511 3122 καὶ
536 3067 862 3139 αἰσθομένην
887 3065 996 3120 τῶν
1046 3065 1352 3136 ἰδιωμάτων
1385 3064 1480 3118 τοῦ
1511 3063 1791 3130 ὁδεύοντος
1827 3063 1853 3118 ό

1960 3073 2154 3129 eadem
2209 3074 2372 3128 etiam
2427 3092 2614 3146 pressa
2652 3088 2708 3133 et
2753 3078 2880 3133 trita
2917 3085 2999 3134 est
3058 3079 3128 3134 ab
3179 3081 3263 3135 his
3306 3081 3398 3151 qui
3435 3081 3546 3139 vim

277 3160 353 3232 μὴ
387 3157 793 3229 ὑπολυσάμενος
831 3158 906 3228 (7)
944 3155 1016 3210 τὰ
1047 3156 1368 3229 ὑποδήματα
1400 3155 1466 3210 ἐκ
1503 3156 1614 3211 τῶν
1646 3157 1853 3241 ποδῶν,

1963 3163 2168 3220 taciuut
2202 3177 2262 3220 ut
2291 3181 2388 3235 per
2414 3184 2532 3224 eam
2563 3181 2690 3225 eant
2735 3170 2800 3236 “,
2845 3172 3100 3241 quoniam
3132 3188 3237 3226 non
3278 3139 3365 3229 est
3398 3173 3545 3228 dicta

277 3251 414 3322 μηδὲ
441 3250 678 3322 γνησίως
708 3246 1164 3320 παραδεχόμενος,
1189 3248 1272 3301 ὃτι
1300 3247 1330 3300 ὁ
1356 3247 1522 3312 τόπος
1555 3237 1680 3316 svi};
1702 3249 1860 3320 ’ἑστη-

277 3337 428 3407 κενῆ
458 3337 551 3390 καὶ
584 3335 644 3388 ὃν
678 3333 903 3406 βαδίζει,
934 3336 1005 3406 γῆ
1041 3335 1172 3404 ἁγία
1203 3335 1373 3390 ἐστίν.
1417 3335 1642 3404 Ἀπάξει
1674 3337 1732 3392 δὲ
1763 3337 1858 3393 ἐπὶ

279 3428 374 3496 τὴν
402 3426 545 3498 ζωὴν
575 3427 705 3480 ὁντα
735 3425 826 3480 τὸν
868 3424 1090 3480 εἰπόντα
1117 3443 1132 3457 ο
1175 3445 1193 3479 ι
1242 3423 1383 3496 Ἑγώ
1424 3429 1542 3498 εἰμι
1589 3427 1621 3496 ἠ
1654 3424 1788 3500 ζωή.
1830 3445 1851 3481 ι

282 3521 345 3575 '0
382 3521 491 3592 γὰρ
529 3519 741 3592 Σωτὴρ,
780 3521 860 3583 εἰς
897 3517 956 3572 ὃν
990 3520 1140 3574 πᾶσά
1170 3519 1320 3573 ἐστιν
1355 3518 1546 3592 ἀρετὴ,
1576 3520 1700 3584 ταῖς
1733 3522 1856 3575 ἐπι-

275 3610 446 3674 νοίαις
491 3609 680 3673 πολύς.
721 3609 820 3662 Διὰ
847 3608 994 3662 τοῦτ’
1024 3609 1170 3664 ἐστιν
1207 3609 1286 3682 τῷ
1321 3610 1418 3683 μὲν
1457 3610 1686 3684 μηδέπω
1719 3611 1854 3682 φθά-

271 3717 427 3755 σαντι
458 3701 551 3753 ἐπὶ
580 3700 642 3753 τὸ
675 3700 850 3764 τέλος,
896 3700 1013 3754 ἀλλ’
1055 3700 1155 3754 ἔτι
1175 3701 1562 3773 προκόπτοντι,
1595 3701 1745 3767 ὁδός’
1781 3697 1858 3775 τῷ

269 3797 314 3851 δ’
361 3797 460 3867 ἤδη
514 3797 694 3850 πᾶσαν
735 3794 1037 3866 νεκρότητα
1086 3796 1409 3868 ἀποθεμένῳ
1456 3797 1592 3867 ζωή.
1640 3796 1858 3868 Ταύτην

267 3890 370 3960 τὴν
401 3889 520 3942 ὁδὸν
555 3888 752 3943 ὁδεύων
784 3885 1101 3943 διδάσκεται
1147 3889 1316 3960 μηδὲν
1359 3887 1538 3960 αἴρειν
1583 3890 1663 3951 είς
1687 3890 1862 3960 αὐτὴν

268 3979 499 4050 ἔχουσαν
529 3979 724 4050 ἄρτους
750 3975 847 4032 καὶ
878 3976 948 4029 τὰ
983 3974 1118 4048 πρὸς
1153 3977 1320 4048 ζωὴν,
1355 3977 1444 4030 διὰ
1468 3977 1529 4030 τὸ
1560 3979 1722 4049 μηδὲν
1760 3979 1852 4030 δύ-

267 4073 463 4129 νασθαι
489 4073 614 4136 τοὺς
641 4071 932 4143 πολεμίους
967 4071 1025 4124 ἐν
1058 4071 1194 4143 αὐτῇ
1223 4071 1345 4125 οὐδὲ
1381 4070 1578 4144 ῥάϐδου
1607 4071 1851 4144 χρῄζωνσ

267 4165 366 4220 καί
399 4166 522 4217 ἐπεὶ
549 4163 678 4232 ἁγία
710 4163 875 4228 ἐστὶν,
905 4162 1013 4216 οὐδ’
1047 4163 1428 4234 ὑποδημάτων.

1965 3269 2251 3324 premens,
2286 3259 2383 3314 sed
2415 3274 2630 3330 pressa.
2663 3260 2796 3317 Nam
2827 3262 2919 3332 qui
2944 3277 3048 3317 non
3079 3263 3303 3318 solverit
3331 3262 3548 3320 calcea-

1965 3355 2147 3400 menla
2207 3348 2406 3417 pedum
2459 3365 2706 3417 suorum,
2772 3367 2950 3422 neque
3001 3352 3217 3408 sincere
3262 3353 3550 3410 admiserit

1959 3427 2105 3506 quod
2134 3438 2285 3495 locus
2307 3441 2359 3494 in
2385 3457 2495 3510 quo
2514 3452 2644 3511 stat,
2678 3442 2761 3499 vel
2783 3444 2950 3499 etiam
2981 3460 3078 3514 per
3093 3459 3256 3515 quem
3280 3445 3548 3511 ambulat.

1961 3537 2106 3584 terra
2161 3542 2347 3586 sancta
2396 3542 2481 3588 est
2522 3532 2590 3598 “,
2639 3533 2686 3588 is
2722 3534 2921 3602 premit
2972 3534 3243 3590 viventem
3289 3537 3434 3590 viam
3489 3544 3550 3592 et

1964 3622 2293 3678 sentientem
2333 3625 2700 3694 proprietates
2737 3625 2991 3681 facientis
3021 3627 3147 3681 iter.
3193 3626 3366 3682 Ducet
3398 3641 3548 3696 prm-

1963 3723 2108 3764 terea
2140 3713 2254 3766 haec
2282 3714 2364 3764 via
2397 3715 2460 3766 al
2485 3731 2608 3766 eum
2636 3715 2752 3781 qui,
2778 3716 2887 3768 vita
2923 3731 3046 3770 cum
3071 3717 3163 3779 sit,
3190 3715 3368 3770 dixit:
3401 3717 3548 3788 «Ego

1963 3815 2080 3854 sum
2116 3804 2222 3854 vita
2253 3803 2321 3855 ⁸⁸.
2355 3821 2374 3853 ι
2425 3805 2685 3858 Servatur
2733 3819 2989 3874 namque,
3043 3807 3095 3860 irt
3138 3820 3247 3876 quo
3291 3807 3546 3866 universa

1963 3899 2041 3942 est
2071 3890 2266 3956 virtus,
2303 3891 2466 3945 variis
2497 3893 2666 3947 modis
2686 3904 2864 3964 potest
2889 3895 3110 3966 intelligi
3133 3905 3184 3950 et
3216 3896 3540 3967 signiﬁcari.

1966 3979 2100 4033 llinc
2133 3981 2204 4032 illi
2239 3981 2327 4049 qui
2349 3985 2414 4034 ad
2437 3984 2595 4037 tinem
2623 3987 2859 4038 nomium
2884 3989 3211 4056 pervenerit,
3240 3989 3336 4044 sed
3363 3988 3547 4047 adhuc

1964 4069 2308 4139 progreditur
2338 4085 2402 4124 ac
2430 4071 2662 4141 proﬁcit,
2686 4082 2769 4128 est
2803 4073 2886 4129 via
2912 4091 2928 4141 ;
2955 4075 3032 4129 illi
3059 4091 3185 4132 vero
3215 4077 3547 4146 quiomnetn

1969 4160 2358 4216 mortalitatem
2399 4163 2734 4233 deposuerit,
2765 4165 2898 4220 vita.
2945 4159 3051 4222 Per
3088 4167 3233 4225 hanc
3279 4169 3421 4228 viam
3449 4173 3547 4244 qui

265 4261 532 4320 ambulat.
564 4260 788 4314 docetur
817 4261 864 4292 “
895 4259 1024 4314 nihil
1055 4260 1106 4314 in
1138 4261 1284 4314 illam
1325 4261 1532 4326 tollere,
1573 4261 1700 4330 quia
1750 4260 1860 4329 ipsa
1915 4273 2084 4328 panes
2123 4259 2307 4322 habet,
2347 4269 2402 4313 et
2434 4275 2555 4329 qua:
2591 4262 2658 4315 ad
2711 4261 2877 4316 vitam
2923 4262 3238 4332 pertinent;
3279 4280 3352 4324 ne
3391 4267 3548 4340 virga

264 4357 486 4424 quidem
532 4369 719 4423 egens,
755 4356 896 4424 quod
931 4356 1064 4409 nihil
1113 4358 1164 4408 in
1196 4357 1283 4410 illa
1334 4358 1545 4422 possint
1574 4359 1802 4422 ImStes;
1853 4354 1948 4409 sed
1986 4368 2162 4421 neque
2197 4354 2420 4418 calceis,
2449 4355 2576 4424 quia
2609 4365 2800 4412 sancta
2835 4356 2928 4411 sit.

340 4445 430 4500 12.
471 4443 703 4498 Δύναται
747 4443 996 4513 μέντοιγε
1035 4442 1097 4494 τό
1119 4458 1132 4471 ο
1185 4461 1203 4492 ι
1250 4439 1392 4511 Ἐγὼ
1435 4441 1588 4513 φωνὴ
1620 4441 1851 4512 βοῶντος

2032 4441 2118 4496 12.
2173 4441 2325 4497 Valet
2379 4452 2561 4498 autem
2620 4445 2952 4498 tantumdem
3003 4444 3183 4501 illud:
3225 4445 3388 4516 «Ego
3437 4461 3553 4503 vox

264 4537 328 4591 ἐν
355 4538 421 4607 τῇ
459 4535 682 4608 ἐρήμῳ,
728 4555 748 4586 r
791 4535 886 4588 καὶ
923 4533 984 4586 τὸ
1023 4533 1172 4603 ἑξῆς,
1207 4533 1319 4586 ἴσον
1361 4528 1502 4586 εἶναι
1547 4533 1655 4604 τῷ’
1711 4532 1851 4602 Ἐγὼ

263 4629 385 4697 εἰμι
435 4627 565 4698 περὶ
598 4619 659 4678 οὗ
703 4625 1044 4696 γέγραπται⁶
1102 4642 1121 4675 ι
1183 4622 1339 4693 Φωνὴ
1388 4621 1638 4692 βοῶντος,
1695 4640 1714 4674 ι
1772 4622 1849 4686 ὼς

268 4718 476 4787 βοῶντα
498 4715 633 4772 εἶναι
665 4717 757 4770 τὸν
797 4717 1072 4787 Ἰωάννην,
1113 4717 1208 4769 καὶ
1238 4714 1428 4768 τούτου
1450 4713 1549 4785 τὴν
1572 4713 1755 4786 φωνὴν
1789 4716 1847 4767 ἐν

265 4813 332 4882 τῇ
383 4812 576 4881 ἐρήμῳ
621 4809 778 4880 βοᾷνο
839 4827 859 4860 ι
916 4807 1193 4862 Εύιύνατε
1237 4807 1337 4878 τὴν
1369 4807 1487 4859 ὁδὸν
1541 4806 1766 4876 Κυρίου.
1822 4825 1840 4856 ι

263 4899 684 4970 Δυσερημότερον
707 4899 764 4952 δὲ
786 4901 816 4953 ὁ
849 4897 1160 4970 Ἡρακλέων
1184 4913 1250 4950 πε
1260 4897 1312 4968 pi.
1348 4895 1592 4950 Ἰωάννου
1617 4897 1711 4949 καὶ
1739 4897 1847 4949 τῶν

255 4989 561 5068 ξιτροφητῶν
610 4990 1012 5062 διαλαμϐάνων,
1055 4990 1254 5060 φησὶν,
1294 4989 1375 5041 ὅτι
1413 4989 1442 5040 ὁ
1477 4987 1647 5055 Λόγος
1675 4988 1774 5056 μὲν
1818 4989 1847 5040 δ

336 5101 382 5131 ³⁸
429 5097 586 5153 Joau.
636 5114 675 5160 ι,
711 5099 802 5152 εδ.
917 5097 960 5129 ⁸⁸
992 5097 1152 5152 Prov.
1191 5111 1265 5159 tv,
1293 5095 1384 5148 27.

1495 5092 1538 5124 ³⁷
1569 5090 1711 5146 Psal.
1747 5111 1798 5158 κ,
1827 5094 1882 5150 8.

1961 4530 2250 4587 clamantis
2296 4533 2347 4586 in
2389 4533 2605 4587 deserto
2631 4529 2757 4599 ",i.
2784 4542 2838 4587 et
2880 4535 3025 4602 quod
3075 4533 3346 4602 sequitur,
3393 4549 3460 4590 ac
3502 4539 3550 4592 si

1957 4625 2171 4681 diceres
2205 4645 2219 4680 :
2254 4627 2367 4697 Ego
2390 4643 2508 4680 smn
2543 4627 2634 4683 ille
2660 4629 2726 4682 de
2758 4643 2868 4699 quo
2909 4629 3174 4698 scriptum
3212 4638 3334 4684 est:
3369 4645 3390 4682 ι
3423 4628 3550 4686 Vox

1953 4715 2269 4780 clamantis,
2296 4735 2314 4766 ι
2367 4726 2425 4770 ut
2454 4717 2727 4772 clamante
2758 4716 2970 4773 Joanne
2991 4756 3007 4782 ,
3041 4733 3143 4773 vox
3176 4717 3338 4786 hujus
3370 4720 3538 4776 etiam
3568 4779 3579 4799 κ

1953 4805 2153 4860 clamet
2191 4823 2204 4860 :
2246 4824 2264 4856 ι
2305 4805 2532 4876 Dirigite
2587 4808 2731 4861 viam
2774 4807 3008 4862 Domini.
3044 4826 3064 4861 ι
3122 4808 3540 4870 Maledicentius

1958 4905 2138 4948 autem
2215 4895 2513 4950 lleracleon
2559 4897 2625 4952 de
2667 4896 2880 4954 Jonnne
2941 4899 3098 4970 12],
3155 4913 3209 4955 et
3259 4902 3540 4973 prophetis

1956 4986 2230 5042 disserens
2247 4988 2424 5060 inquit
2449 4987 2769 5046 Sermonem
2791 5006 2914 5048 esse
2941 4993 3316 5059 Servatorem;
3342 5007 3536 5050 vocem

1990 5097 2034 5130 ³⁸
2063 5099 2203 5153 Psal.
2240 5116 2312 5166 ιν,
2340 5100 2392 5159 7.
2501 5101 2546 5134 ⁸⁸
2589 5101 2702 5158 Jer.
2746 5079 2820 5168 vi,
2859 5105 2948 5160 16.
3057 5105 3104 5137 ⁸⁸
3133 5102 3297 5160 Joan.
3334 5119 3446 5170 xrv,
3479 5105 3536 5164 6.

261 5171 308 5204 ⁸⁸
341 5169 660 5242 ὺίυιιιιηιιι,
688 5168 782 5224 55.
861 5166 1130 5242 Ιξί-Μιιιιιι.
1167 5180 1293 5230 xxv,
1320 5164 1412 5218 2t.
1492 5161 1536 5192 ”
1563 5161 1754 5216 Matth.
1792 5181 1853 5219 vn

1959 5169 2002 5233 5,
2041 5169 2129 5225 14.
2207 5169 2254 5202 ⁸⁵
2287 5161 2454 5227 Exod.
2492 5188 2574 5237 ιιι,
2599 5175 2652 5231 5.
2729 5175 2775 5207 ⁸⁵
2804 5161 2962 5230 ζῐοιιιι.
2987 5190 3097 5242 ιιν,
3129 5176 3186 5230 6.
3262 5173 3309 5206 ⁸⁸
3336 5161 3532 5231 Matth.

263 5256 321 5305 x,
355 5239 444 5293 10.
521 5239 564 5271 ³⁵⁷
595 5238 754 5294 Joan.
787 5254 826 5304 l,
865 5237 955 5292 25.

335 5334 414 5406 (3)
436 5333 854 5412 ῥυῇ-ἐκκλίνῃς
883 5331 1034 5412 μήτε
1056 5329 1358 5412 εὶς-δεξιὰ,
1378 5321 1380 5324 ’
1395 5328 1549 5412 μήτε
1601 5327 1847 5412 sig-ripe:

261 5403 472 5472 crepa.
493 5407 618 5483 _Sie_
639 5409 780 5458 hunc
823 5405 1118 5483 Scriptura:
1149 5403 1344 5483 loetan
1369 5404 1576 5483 eptiute
1610 5403 1848 5481 restituit

264 5469 442 5558 ςυιίξτιι
493 5475 847 5558 liodleiauus;
883 5469 1138 5558 mendose
1194 5471 1247 5524 in
1307 5469 1478 5540 Regio
1529 5470 1726 5538 legitur
1770 5469 1845 5537 μὴ

263 5545 520 5615 ἐκκλίνης
555 5547 689 5614 μήτε
718 5543 1000 5614 ἀριστερά.
1747 5607 1758 5619 ⁸

339 5617 417 5684 (4)
461 5603 836 5679 Ἐῠθύτητας.
889 5615 980 5667 Sic
1024 5611 1192 5666 codex
1261 5609 1618 5674 Boilleianus;
1675 5605 1842 5663 editio

269 5682 475 5736 lluetii.
511 5682 801 5736 εὐθύτητα.

321 5699 475 5751 uettt,
511 5699 801 5752 ευυυτητα.

517 5779 790 5840 Ριτιιοι..
856 5773 974 5833 (in.
1032 5772 1197 5835 XIV.

2027 5326 2104 5406 (5)
2135 5328 2328 5406 "Quae
2358 5331 2468 5398 ὁρᾷ
2519 5333 2768 5406 φωτίζει.
2821 5334 2913 5406 Ita,
2961 5335 3128 5391 codex
3171 5335 3522 5406 Bodleianus;

1953 5397 2119 5475 edit-tt)
2147 5399 2354 5475 lluetii,
2379 5397 2607 5475 ὅπερδέ
2632 5406 2735 5475 ὁρᾷ
2758 5404 3002 5472 φωτίζει-ο
3046 5473 3056 5475 _
3471 5397 3520 5435 ’λ

2023 5469 2535 5543 (6)-Φιλοσᾴρδιωύ.
2576 5469 2678 5528 δῆθ’
2702 5469 2876 5529 codex
2927 5473 3291 5543 Bodleiauus;
3355 5476 3524 5536 editio

1952 5533 2642 5611 Ηυιίιίίιμεγαλοσάρκων.
2739 5610 2744 5611 ν
3277 5533 3291 5543 ’
3362 5533 3452 5591 Π.

2025 5607 2103 5677 (7)
2138 5607 2322 5663 codex
2355 5607 2694 5678 llodieianus,
2724 5610 3156 5684 ἀπολυσάμενος.
