4020 6216
402 288 513 347 235

1874 278 2217 341 ‘ORIGENIS

402 418 503 476 per
525 399 790 459 Joannem
810 397 1081 472 intciligi;
1129 412 1324 456 sonum
1344 411 1482 455 vero
1515 411 1638 455 esse
1666 396 1984 456 universum

2088 397 2283 471 Σωτήρ
2309 399 2480 469 ἐστιν,
2510 399 2662 473 φωνὴ
2685 399 2744 457 δὲ
2767 402 2801 467 ἡ
2835 402 2894 456 ἐν
2917 405 2983 474 τῇ
3007 402 3203 475 ἐρήμῳ
3230 403 3265 474 ή
3290 398 3381 457 διά
3420 402 3675 459 Ἰωάννου

404 493 795 566 prophetarum
856 490 1129 548 ordinem.
1190 490 1396 546 Contra
1444 502 1609 559 quem
1672 488 1983 555 dicendum,

401 579 863 654 quemadmodum
911 580 958 637 si
1003 581 1269 637 incertam
1329 595 1518 635 vocem
1574 579 1700 635 tuba
1753 579 1984 647 dederit,

403 674 588 730 nullus
612 675 920 728 adornatur
950 674 1016 727 ad
1042 674 1245 729 bellum
1278 673 1349 739 ⁸⁸,
1380 683 1437 728 et
1463 674 1556 745 qui
1585 673 1705 729 sine
1723 673 1988 730 charitate

316 812 323 819 .
406 765 794 838 mysteriorum
838 763 1210 834 cognitionem
1259 780 1356 821 seu
1416 765 1762 834 prophetiam
1802 764 1987 831 habet,

424 863 584 909 actus
623 862 703 908 est
738 867 814 908 aes
839 867 1128 920 resonans,
1160 864 1258 910 aut
1292 855 1603 926 cymbalum
1635 854 1873 910 tinniens
1900 854 1985 921 ⁸⁸;

428 961 478 1001 ta
513 946 559 999 si
595 944 730 1000 nihil
763 943 911 999 aliud
966 959 1072 999 vox
1112 947 1429 1016 prophetica
1465 946 1536 1001 sit
1583 960 1751 1017 quam
1797 959 1984 1010 sonus,

412 1035 679 1117 quomodo
700 1034 999 1091 remittens
1026 1035 1093 1090 ad
1141 1051 1260 1091 eun
1312 1052 1414 1091 nos
1447 1036 1708 1091 Servator
1731 1035 1865 1091 dicit
1893 1036 1941 1069 “
1970 1053 1985 1090 :

404 1147 433 1178 τ
465 1126 801 1182 Scrutamiui
834 1126 1170 1196 Scriptores,
1202 1127 1331 1195 quia
1358 1141 1456 1181 vos
1488 1124 1745 1181 videmini
1781 1126 1833 1179 iu
1858 1124 1989 1195 ipsis

406 1220 575 1285 vitam
620 1229 883 1274 aeternam
922 1218 1137 1275 habere
1173 1232 1190 1272 :
1222 1228 1277 1273 et
1326 1218 1432 1273 illae
1472 1227 1603 1273 sunt
1644 1231 1767 1288 quae
1798 1217 1991 1271 testin-

405 1319 608 1368 cantur
658 1312 726 1366 de
771 1325 858 1366 me
885 1328 901 1377 ;
930 1329 949 1363 ι
1011 1320 1066 1365 et
1100 1310 1145 1343 ⁸4
1175 1327 1189 1364 :
1226 1327 1246 1362 ι
1283 1309 1340 1363 Si
1375 1309 1754 1365 credidissetis
1788 1307 1986 1378 Moysi,

408 1403 790 1459 credidissetis
858 1403 1048 1470 utique
1100 1411 1156 1457 et
1221 1401 1353 1455 mihi
1399 1402 1518 1455 :de
1568 1415 1657 1456 me
1703 1399 1849 1455 enim
1901 1399 1990 1453 ille

408 1496 668 1565 scripsit;
700 1513 721 1547 ο
779 1503 834 1548 et
891 1493 985 1547 “:
1048 1511 1067 1544 ι
1098 1492 1245 1547 Bene
1314 1492 1665 1563 prophetarit
1710 1492 1781 1547 de
1835 1490 1990 1546 vobis

409 1587 597 1651 Isaias,
643 1586 867 1639 dicens:
904 1583 1138 1654 Populus
1186 1584 1274 1638 hic
1329 1583 1489 1637 labiis
1537 1597 1623 1637 me
1678 1582 1932 1637 honorat.
1960 1599 1984 1635 ι

410 1677 565 1734 llauil
600 1676 748 1732 enim
789 1675 906 1731 scio
956 1690 1025 1729 an
1066 1673 1470 1730 rationabiliter
1496 1672 1751 1728 admittet
1789 1670 1988 1741 aliquis

2087 489 2462 562 διανοουμένη,
2485 486 2619 563 ἦχος
2641 491 2699 546 δέ
2724 495 2875 547 πᾶσα
2891 493 3207 565 προφητικὴ
3224 491 3381 558 τάξις
3400 533 3416 547 .
3437 493 3677 547 Λεκτέον

2086 579 2144 633 δὲ
2174 577 2311 653 πρὶς
2338 581 2522 650 αὐτὸν,
2549 582 2654 648 ὅτι,
2678 581 2870 656 ὥσπερ
2921 584 3019 638 ἐάν
3054 582 3251 654 ἄδηλον
3286 582 3520 651 σάλπιγξ
3553 600 3676 654 w-

2088 671 2187 740 νὴν
2219 669 2318 743 δῷ,
2342 671 2520 737 οὐδεὶς
2565 673 3047 744 παρασκευάζεται
3090 674 3172 737 εἰς
3199 672 3459 744 πόλεμον,
3501 667 3605 727 καὶ
3648 672 3682 726 ὁ

2088 765 2258 837 χωρὶς
2300 764 2525 837 ἀγάπης
2575 766 2715 837 ἔχων
2770 767 2971 837 γνῶσιν
3021 767 3337 838 μυστηρίων
3378 765 3412 837 ἢ
3458 783 3674 839 προφη-

2086 855 2239 909 τείαν
2268 855 2457 926 γὶγονε
2482 856 2682 927 χαλκὸς
2700 858 2869 928 ἠχῶν,
2895 858 2928 929 ἢ
2957 857 3023 911 κύ
3032 856 3234 929 μϐαλον
3257 854 3523 920 ἀλαλάζον
3541 872 3559 886 ·
3588 853 3677 908 οὓ-

2084 961 2215 1009 τως,
2240 946 2291 999 εί
2319 946 2486 1018 μηδέν
2509 948 2658 1001 ἐστιν
2678 946 2866 1022 ἕτερον
2895 948 2928 1019 ἢ
2950 943 3083 1019 ἦχος
3105 950 3140 1019 ή
3163 946 3475 1020 προφητικὴ
3495 943 3681 1018 φωνὴν

2089 1036 2205 1100 πῶς
2233 1037 2575 1110 ἀναπέμπων
2600 1040 2751 1109 ἡμᾶς
2778 1040 2867 1091 ἐπ’
2896 1039 3069 1109 αὐτὴν
3094 1039 3124 1092 ὁ
3164 1037 3375 1110 Σωτὴρ,
3418 1056 3438 1089 t
3486 1038 3687 1109 Ἐρανι-

2088 1126 2236 1188 νᾶτε,
2279 1145 2299 1178 ι
2345 1127 2500 1198 φησὶ,
2536 1147 2560 1180 ι
2610 1129 2712 1192 τὰς
2756 1129 3002 1200 Γραφάς,
3046 1129 3130 1182 ὅτι
3176 1128 3334 1199 ὑμεῖς
3364 1126 3569 1181 δοκεῖτε
3612 1128 3686 1179 ἐν

2087 1218 2280 1282 αὑταῖς
2301 1215 2449 1291 ζωὴν
2470 1219 2690 1275 αἰώνιον
2710 1221 2857 1292 ἔχειν
2874 1238 2890 1252 '
2919 1222 3014 1275 atati.
3036 1219 3244 1273 ἐκεῖναί
3266 1219 3403 1272 είσιν
3435 1219 3492 1273 αἱ
3522 1235 3685 1290 μαρ-

2086 1308 2348 1379 τυροῦσαι
2369 1327 2384 1341 ·
2412 1331 2431 1362 ο
2460 1310 2552 1365 καί
2571 1326 2585 1343 ο
2612 1330 2633 1362 ι
2663 1313 2727 1366 Εἰ
2753 1311 3068 1365 ἐπιστεύετε
3087 1310 3311 1365 Μωῦσεί
3326 1349 3343 1374 ,
3360 1308 3685 1362 ἐπιστεύετε

2086 1398 2154 1452 ἂν
2174 1399 2318 1471 ἐμοί·
2344 1403 2473 1474 περὶ
2499 1403 2609 1475 γὰρ
2634 1399 2769 1474 ἐμοῦ
2800 1405 3006 1467 ἐκεῖνος
3030 1400 3260 1472 ἔγραψε
3292 1419 3314 1451 ι
3346 1400 3468 1454 καί·
3503 1419 3523 1451 ι
3549 1400 3685 1452 Κα-

2086 1488 2196 1554 λῶς
2220 1494 2600 1563 προεφήτευσε
2628 1494 2758 1566 περὶ
2786 1492 2942 1564 ὑμῶν
2967 1489 3219 1555 Ἡσαΐας,
3244 1490 3435 1560 λέγων’
3462 1490 3518 1544 '0
3543 1489 3687 1553 λαὸς

2086 1575 2242 1644 οὗτος
2268 1584 2382 1646 τοῖς
2412 1581 2618 1653 χείλεσι
2657 1600 2727 1654 με
2764 1584 2919 1655 τιμᾷο
2972 1601 2993 1634 ι
3032 1583 3148 1637 Οὐκ
3180 1577 3299 1635 οἴδα
3343 1580 3451 1653 γάρ
3493 1582 3545 1635 εί
3580 1580 3689 1635 τὸν

2087 1670 2304 1743 ἄσημον
2333 1668 2468 1744 ἦχον
2496 1674 2859 1746 παραδέξεται
2882 1691 2966 1738 τις
2982 1672 3221 1744 samo;
3244 1672 3350 1727 ὑπὸ
3367 1674 3460 1727 τοῦ
3482 1673 3686 1744 Σαηῆ-

409 1772 681 1825 incertum
712 1780 909 1822 sonum
941 1780 971 1819 a
999 1765 1294 1821 Servatore
1329 1763 1539 1821 laudari
1567 1781 1582 1831 ;
1617 1763 1699 1819 vel
1729 1778 1796 1817 an
1828 1763 1985 1817 liccat

2093 1738 2635 1837 ρος-ἐπαινεῖσθαιξή
2668 1738 2845 1821 ἔνεστι
2876 1738 3397 1838 παρασκευάσασθαι
3424 1766 3533 1821 ἀπὸ
3562 1738 3690 1821 «liv

407 1877 474 1916 ex
507 1859 807 1928 Scripturis
832 1856 926 1929 [ad
946 1872 1085 1928 quas
1110 1853 1466 1927 remittimur]
1494 1869 1593 1911 ceu
1619 1870 1650 1910 a
1681 1869 1816 1909 voce
1844 1854 1988 1910 tuba:

413 1951 667 2008 adornari
705 1950 772 2005 ad
800 1949 999 2004 bellum
1030 1956 1220 2003 contra
1278 1946 1558 2018 oppositas
1599 1946 1848 2002 actiones
1874 1987 1891 2012 ,
1940 1944 1986 2000 si

410 2057 576 2099 sonus
608 2040 818 2095 dederit
845 2040 1114 2095 incertam
1134 2054 1346 2096 vocem.
1365 2037 1613 2106 Quonam
1638 2038 1779 2093 enim
1802 2047 1986 2107 parto,

409 2132 455 2188 si
491 2130 814 2187 charitatem
842 2144 949 2184 non
982 2129 1295 2183 habuerunt
1332 2128 1635 2198 prophetae,
1660 2130 1732 2182 ob
1757 2141 1988 2196 eamque

407 2237 626 2278 causam
656 2220 825 2276 veluti
857 2234 932 2275 aes
959 2221 1308 2284 resonabant,
1347 2227 1441 2272 aut
1476 2227 1736 2288 tanquam
1767 2220 1989 2290 cymba-

408 2312 521 2370 lum
550 2311 877 2372 tinniebant,
903 2312 971 2365 ad
999 2324 1192 2366 sonum
1225 2310 1493 2379 ipsorum,
1519 2318 1578 2363 ut
1609 2307 1686 2364 illi
1723 2307 1990 2377 interpre-

409 2408 513 2463 tati
560 2414 716 2469 sant,
771 2402 998 2458 remittit
1051 2416 1150 2456 nos
1188 2399 1449 2455 Dominus
1505 2400 1631 2454 inde
1695 2398 1987 2452 utilitatem

408 2494 803 2569 percepturos?
834 2493 1048 2549 Rursus
1077 2493 1245 2549 etiam
1278 2493 1467 2547 nescio
1487 2490 1761 2561 quomodo
1784 2489 1990 2558 absque

410 2589 516 2644 ulla
565 2586 888 2659 probatione
957 2584 1206 2640 enuntiet
1279 2598 1467 2639 vocem
1528 2583 1768 2637 sermoni
1830 2591 1990 2635 vante

408 2678 899 2741 accommodatam,
927 2690 1233 2732 sermonem
1266 2675 1383 2732 lieri
1413 2691 1428 2728 :
1461 2675 1615 2745 quasi
1644 2688 1775 2728 vero
1800 2674 1988 2728 mune-

412 2788 526 2826 rem
558 2770 613 2824 in
641 2770 816 2824 virum
849 2774 1202 2824 transmutet.
1249 2764 1523 2821 Prmterca
1552 2763 1706 2834 quasi
1747 2774 1990 2836 patesca-

413 2872 520 2918 tetn
550 2861 757 2916 habens
782 2848 1049 2916 condendi
1077 2860 1359 2929 dogmata,
1388 2867 1445 2913 et
1473 2857 1633 2912 iidem
1665 2857 1771 2913 sibi
1802 2855 1991 2927 aequis

412 2951 589 3018 rendi,
628 2961 685 3005 et
717 2947 1058 3019 proﬁciendi,
1118 2946 1363 3003 futurum
1418 2947 1615 3017 inquit,
1674 2957 1735 3002 ιιι
1778 2948 1991 3003 sonitus

2090 1855 2348 1927 Γραφῶν,
2379 1857 2457 1921 ὡς
2492 1858 2602 1912 ἀπὸ
2634 1860 2821 1930 φωνῆς
2849 1858 3150 1927 σάλπιγγος
3191 1858 3278 1928 ἐφ’
3314 1857 3383 1921 ἀς
3425 1859 3689 1928 ἀναπεμ-

2088 1946 2307 2017 πόμεθα
2329 1949 2410 2013 είς
2437 1948 2531 2003 τὸν
2560 1949 2698 2022 πρὸς
2728 1949 2828 2013 τὰς
2858 1948 3241 2020 ἀντικειμένας
3265 1947 3542 2019 ἐνεργείας
3576 1946 3690 2002 πό-

2088 2038 2272 2111 λεμον,
2301 2040 2499 2112 ἀδήλου
2525 2041 2711 2112 φωνῆς
2733 2042 2867 2113 ήχου
2891 2040 3288 2113 τυγχανούσης,
3316 2041 3449 2096 Τίνα
3469 2040 3529 2094 δὲ
3550 2041 3689 2113 τρό-

2088 2148 2191 2185 πον
2219 2132 2267 2185 εί
2313 2132 2387 2205 μὴ
2421 2132 2644 2204 ἀγάπην
2674 2130 2819 2204 εἶχον
2854 2133 2905 2186 oi
2940 2133 3237 2207 προφῆται,
3278 2132 3373 2188 καὶ
3406 2131 3493 2185 διὰ
3516 2131 3689 2186 τοῦτο

2087 2223 2287 2293 χαλκὸς
2308 2220 2448 2296 ἦσαν
2474 2224 2755 2297 ήχοῦντες,
2786 2225 2820 2297 ἢ
2843 2224 3122 2296 κύμϐαλον
3150 2223 3437 2288 ἀλαλάζον,
3461 2223 3556 2277 ἐπὶ
3580 2222 3685 2276 τὸν

2087 2309 2221 2385 ἦχον
2249 2316 2451 2380 αὐτῶν,
2485 2316 2563 2381 ὡς
2589 2317 2791 2371 ἐκεῖνοι
2821 2317 3132 2387 εἰλήφασιν,
3165 2316 3482 2387 ἀναπέμπει
3501 2316 3532 2369 ὀ
3562 2314 3684 2370 Κύ-

2091 2423 2209 2478 ριος
2232 2406 2797 2479 ὠφεληθησομένους;
2827 2407 2942 2462 Οὐκ
2975 2404 3095 2461 οἶδα
3125 2406 3170 2460 δ’
3198 2407 3349 2471 ὅπως
3378 2406 3550 2477 χωρὶς
3570 2405 3689 2462 πά-

2088 2514 2193 2571 σης
2217 2499 2568 2571 κατασκευῆς
2594 2498 2957 2568 ἀποφαίνεται
2982 2498 3084 2570 τὴν
3113 2497 3317 2569 φωνὴν,
3341 2497 3689 2570 οἰκειοτέραν

2089 2584 2254 2643 οὖσαν
2300 2588 2380 2660 τῷ
2420 2587 2585 2660 λόγῳ,
2633 2588 2792 2658 λόγον
2846 2587 3096 2657 γίνεσθαι
3116 2627 3131 2650 ,
3174 2586 3251 2651 ὡς
3301 2587 3398 2641 καὶ
3442 2587 3545 2657 τήν
3578 2602 3689 2655 γυ-

2089 2681 2253 2732 ναῖκα
2307 2680 2389 2744 είς
2444 2679 2615 2754 ἀνδρα
2671 2678 3075 2752 μετατίθεσθαι.
3127 2678 3234 2731 Καὶ
3290 2676 3369 2740 ὡς
3430 2676 3691 2740 ἐξουσίαν

2090 2768 2230 2841 ἔχων
2260 2770 2358 2824 τοῦ
2379 2769 2751 2843 δογματίζειν.
2780 2771 2876 2826 καὶ
2914 2768 3292 2836 πιστεύεσθαι,
3336 2767 3432 2822 καὶ
3476 2768 3689 2838 προκό-

2072 2879 2266 2927 πτειν,
2300 2862 2379 2935 τῷ
2409 2863 2529 2936 ήχῳ
2561 2863 2727 2936 φησιν
2747 2864 2967 2918 ἔσεσθαι
2996 2863 3097 2935 τὴν
3131 2865 3213 2927 εἰς
3236 2861 3417 2933 φωνὴν
3442 2861 3688 2933 μεταϐοτ

2090 2955 2212 3028 λὴν,
2263 2954 2505 3026 μαθητοῦ
2561 2956 2659 3027 μὲν
2700 2955 2886 3027 χώραν
2930 2955 3109 3018 διδοὺς
3150 2956 3214 3025 τῇ
3268 2953 3689 3027 μεταϐαλλούσῃ

413 3050 654 3097 nmtctur
698 3041 753 3095 in
789 3053 999 3105 vocem,
1036 3040 1168 3097 'loco
1202 3038 1453 3110 discipuli
1492 3048 1739 3095 statuens
1794 3053 1985 3094 vocem

2091 3046 2171 3111 είς
2197 3044 2354 3115 λόγον
2393 3048 2567 3119 φωνῇ,
2603 3046 2636 3113 ἢ
2666 3044 2855 3100 δούλου
2881 3045 2939 3100 δὲ
2970 3048 3038 3116 τῇ
3068 3044 3178 3099 ἀπὸ
3203 3045 3336 3115 ήχου
3364 3042 3446 3106 ε’ίς
3469 3045 3688 3114 φωνήν.

412 3140 789 3189 transeuntem
813 3131 867 3187 in
898 3146 1232 3198 sermonem,
1262 3131 1384 3187 loco
1406 3145 1540 3187 vero
1572 3130 1719 3186 servi
1748 3131 1987 3187 sonitum

411 3233 788 3280 transeuntem
824 3223 879 3279 itt
933 3236 1144 3279 vocem.
1199 3222 1355 3290 Quod
1403 3223 1449 3278 si
1497 3223 1991 3294 qttomodocunqne

411 3318 683 3373 attulisset
710 3315 919 3386 aliquas
944 3314 1262 3385 probabiles
1276 3313 1518 3370 rationes
1543 3316 1597 3369 in
1627 3314 1713 3371 his
1733 3323 1989 3369 astruen-

412 3410 517 3474 dis,
541 3409 949 3465 laborassemns
972 3407 1141 3463 etiam
1174 3421 1278 3462 nos
1305 3407 1357 3461 in
1391 3407 1478 3462 his
1504 3405 1842 3462 refellendis.
1877 3404 1988 3461 Sed

409 3503 608 3560 snliicit
642 3503 710 3558 ad
732 3502 850 3558 haec
872 3499 1176 3557 refellenda
1203 3500 1346 3557 nuda
1374 3499 1713 3569 simplexque
1743 3497 1984 3568 negatio.

408 3594 517 3652 Sed
571 3609 673 3666 age
706 3634 721 3661 ,
780 3592 927 3664 quod
984 3590 1386 3648 distuleramus
1442 3590 1495 3645 in
1552 3588 1988 3660 praecedentibus

408 3686 688 3758 inquirere
711 3727 727 3752 ,
756 3685 1027 3756 quomodo
1052 3694 1234 3740 motus
1264 3681 1370 3738 fuit
1393 3722 1410 3748 ,
1443 3697 1587 3737 nunc
1628 3679 1982 3736 disseramus.

407 3778 685 3840 Servator,
716 3778 870 3846 juxta
906 3774 1320 3841 lleraeleouem,
1349 3772 1617 3829 Joannem
1646 3773 1825 3842 ipsum
1853 3771 2009 3845 dicit,

407 3881 463 3926 et
489 3870 807 3941 prophetam
837 3879 895 3924 et
920 3868 1092 3923 Elian:
1127 3882 1144 3921 :
1172 3883 1407 3938 quorum
1449 3875 1745 3934 utrumque
1765 3879 1825 3920 se
1862 3878 1987 3920 esse

410 3970 571 4030 negat
625 3958 906 4034 [Joannes
965 3957 1160 4029 ipse;]
1219 3967 1484 4027 praeterea
1556 3956 1874 4026 prophetam
1929 3962 1987 4012 et

410 4051 725 4108 Eiiamcnm
752 4050 1012 4104 Servatur
1045 4049 1219 4119 ipsum
1241 4048 1406 4117 dicit(
1425 4047 1601 4118 inquit
1631 4044 1983 4115 lleraclcon),

411 4156 520 4197 non
548 4140 723 4211 ipstnn
756 4136 1024 4195 Joannem
1057 4137 1304 4194 declarat
1324 4177 1346 4205 ,
1397 4139 1493 4193 sed
1520 4152 1644 4208 qme
1685 4145 1813 4192 sunt
1836 4137 1983 4191 circa

406 4234 605 4305 ipsum;
636 4246 761 4288 cum
791 4244 920 4287 vero
967 4229 1231 4300 majorem
1269 4230 1433 4286 etiam
1475 4229 1755 4299 prophetis
1794 4236 1850 4282 et
1896 4226 1986 4283 his

404 4330 498 4399 qui
524 4337 652 4383 sunt
697 4325 840 4381 inter
875 4333 1035 4380 natos
1064 4322 1378 4387 mulierum,
1435 4332 1564 4377 tunc
1604 4321 1780 4391 ipsum
1813 4319 1984 4376 Joan—

2095 3139 2207 3193 Καὶ
2236 3138 2286 3193 εί
2334 3138 2432 3211 μὲν
2471 3139 2620 3203 ὅπως
2650 3137 2784 3192 ποτὲ
2831 3137 3165 3208 πιθανότητα
3213 3135 3409 3206 ἔφερεν
3461 3135 3558 3188 ἐπὶ
3596 3133 3689 3206 τῷ

2092 3228 2232 3284 αὐτά
2259 3231 2693 3291 κατασκευάσαι,
2721 3231 2826 3284 κᾶν
2853 3226 3245 3299 ἠγωνισάμεθα
3276 3226 3405 3297 περὶ
3426 3224 3527 3296 τῆς
3550 3224 3687 3280 τού.

2091 3336 2202 3376 των
2246 3320 2561 3394 ἀνατροπῆς
2583 3336 2597 3350 ·
2641 3321 2804 3393 ἀρκεῖ
2840 3319 2900 3374 δὲ
2933 3319 3013 3385 εἰς
3046 3317 3357 3390 ἀνατροπὴν
3387 3319 3423 3388 ή
3452 3316 3689 3389 ἀπαρα-

2096 3412 2336 3485 μύθητος
2361 3412 2657 3483 ἀπόφασις.
2687 3413 2866 3483 Ὅπερ
2891 3410 2950 3465 δὲ
2974 3408 3321 3483 ὑπερθέμεθα
3345 3410 3405 3463 ἐν
3431 3411 3546 3471 τοῖς
3574 3408 3688 3480 πρὸ

2090 3503 2299 3559 τούτων
2333 3503 2584 3570 ἐξετάσαι
2624 3503 2743 3567 πῶς
2771 3502 3079 3575 κεκίνηται,
3112 3502 3210 3556 νῦν
3242 3501 3379 3573 φέρε
3407 3499 3683 3555 διαλάϐοι.

2096 3612 2224 3667 μεν*
2250 3597 2279 3648 ὀ
2310 3595 2411 3666 μὲν
2432 3595 2541 3668 γάρ
2568 3595 2781 3667 Σωτὴρ,
2809 3596 2953 3650 κατὰ
2975 3596 3069 3649 τὸν
3107 3593 3481 3667 Ἡρακλέωνα,
3510 3592 3682 3665 φησὶν

2092 3687 2256 3742 αὑτὸν
2293 3690 2388 3743 καὶ
2425 3690 2711 3762 προφήτην
2745 3690 2842 3744 καὶ
2887 3687 3104 3744 Ἠλίαν*
3141 3688 3302 3753 αύτδς
3329 3688 3389 3743 δὲ
3416 3690 3681 3761 ἑκάτερον

2089 3780 2296 3835 τούτων
2343 3782 2616 3853 ἀρνείται’
2668 3783 2765 3838 καὶ
2813 3783 3101 3855 προφήτην
3145 3782 3244 3854 μὶν
3286 3783 3382 3835 καὶ
3424 3780 3615 3836 Ἠλίαν
3647 3781 3681 3836 δ

2091 3866 2285 3941 Σωτὴρ
2323 3868 2462 3923 ἐπὰν
2495 3869 2659 3924 αὐτὸν
2688 3870 2852 3944 λέγῃ,
2884 3871 2985 3925 οὐκ
3028 3870 3224 3937 αὑτὸν,
3267 3871 3407 3927 ἀλλά
3439 3870 3510 3925 τὰ
3550 3871 3679 3944 περὶ

2091 3958 2281 4023 αὑτοῦ,
2333 3959 2487 4031 φησὶ,
2532 3959 2772 4016 διδάσκει
2791 3978 2805 3992 ⁸
2837 3962 2968 4016 ὅταν
3006 3960 3064 4015 δέ
3110 3961 3334 4034 μείζονα
3376 3963 3678 4035 προφητῶν

2091 4050 2188 4104 καὶ
2218 4051 2278 4104 ἐν
2300 4053 2581 4123 γεννητοῖς
2604 4050 2897 4120 γυναικῶν,
2936 4053 3057 4108 τότε
3088 4053 3253 4108 αὐτὸν
3284 4053 3376 4108 τὸν
3421 4054 3678 4126 Ἰωάννην

2090 4142 2505 4213 χαρακτηρίζει.
2534 4142 2707 4208 Αὐτὸς
2743 4142 2823 4207 δὲ.
2859 4144 3017 4216 φησὶ,
3057 4144 3187 4218 περὶ
3224 4143 3419 4200 ἑαυτοῦ
3453 4146 3678 4220 ἐρωτώ-

2094 4250 2254 4305 μενος
2297 4235 2652 4306 ἀποκρίνεται
2691 4236 2723 4289 ὁ
2762 4234 3038 4307 Ἰωάννης,
3089 4237 3151 4290 ού
3194 4235 3265 4291 τά
3308 4237 3437 4309 περὶ
3482 4237 3676 4292 αὐτόν.

2093 4327 2262 4397 Ὀσην
2285 4325 2343 4379 δὲ
2369 4325 2597 4397 βάσανον
2617 4329 2783 4399 ἡμεῖς
2802 4327 2930 4400 περὶ
2957 4328 3163 4383 τούτων
3191 4327 3334 4383 κατά
3359 4328 3423 4382 τὸ
3448 4328 3678 4384 δυνατὸν

406 4435 528 4477 nent
562 4417 828 4490 designat.
871 4415 1126 4484 Proinde,
1173 4414 1349 4485 inquit
1376 4412 1703 4480 Heracleon,
1745 4409 1980 4467 Joannes

2088 4417 2456 4489 πεποιήμεθα,
2488 4418 2643 4473 οὐδὲν
2675 4417 3109 4492 ἀπαραμύθητον
3143 4417 3343 4484 ἐρῶντες
3371 4417 3482 4473 τῶν
3514 4418 3677 4487 λεγοο

402 4512 519 4583 ipse
545 4512 935 4579 interrogatus,
968 4508 1037 4563 de
1062 4507 1244 4576 seipse
1273 4505 1604 4576 respondet,
1648 4519 1757 4559 non
1794 4502 1861 4558 de
1895 4502 1981 4559 his

402 4622 523 4678 qua:
560 4605 705 4662 circa
735 4604 975 4675 seipsum
1015 4610 1164 4660 sunt.
1211 4600 1371 4671 122
1410 4600 1678 4655 Czcterutn
1728 4612 1979 4668 magnam

404 4698 738 4769 diligentiam
763 4697 831 4753 de
877 4694 1027 4753 hisre
1070 4696 1234 4751 rebus
1271 4710 1369 4765 pro
1409 4693 1552 4749 virili
1607 4692 1977 4758 adhibuimus,

407 4800 463 4844 ut
499 4788 631 4844 nihil
658 4805 762 4845 non
787 4788 1170 4844 continuatum
1197 4788 1598 4852 omitteremus,
1623 4800 1732 4856 quo
1756 4800 1983 4856 compa-

408 4891 657 4939 rarentur
685 4879 925 4944 termini,
951 4893 1090 4948 quos
1120 4887 1338 4946 voeaut,
1377 4893 1502 4933 cum
1531 4877 1616 4931 his
1646 4892 1766 4946 (μια-
1798 4892 1977 4929 enun-

402 4978 535 5030 tiata
570 4972 793 5027 inerunt
818 4971 887 5024 ab
915 4968 1285 5031 lleracleone:
1307 4971 1504 5039 quippe
1521 4968 1612 5039 qui
1647 4984 1752 5022 non
1786 4967 1981 5021 habeat

401 5075 727 5139 potestatem
783 5062 1001 5116 dicendi
1062 5060 1325 5131 quidquid
1403 5061 1559 5114 velit.
1640 5058 1755 5125 Qua
1833 5056 1977 5111 enim

405 5154 640 5223 ratione,
675 5173 744 5212 ue
787 5154 979 5211 leviter
1022 5152 1266 5223 quidem,
1315 5149 1550 5220 probare
1600 5159 1828 5204 conatur
1876 5148 1979 5202 hoc

403 5252 589 5320 (quod
622 5249 831 5304 scilicet
862 5244 1103 5302 Joannes
1122 5284 1139 5309 ,
1170 5252 1444 5314 quatenus
1471 5251 1553 5296 est
1582 5240 1842 5310 propheta
1864 5278 1882 5305 ,
1925 5246 1980 5291 et

406 5341 573 5404 Elias,
607 5350 661 5394 ct
690 5353 796 5394 vos
822 5337 1107 5391 clamantis
1141 5336 1193 5389 itt
1219 5332 1478 5403 deserto)
1502 5347 1625 5387 esse
1648 5346 1714 5385 ex
1748 5343 1977 5383 numero

403 5446 590 5486 eorum
621 5445 739 5499 quae
761 5436 886 5484 sunt
914 5429 1062 5483 circa
1105 5427 1281 5496 ipsum
1303 5466 1319 5492 ,
1369 5426 1466 5481 sed
1499 5426 1670 5479 utitur
1701 5420 1976 5491 exemplo,

405 5522 547 5593 quod
579 5537 699 5587 qua:
732 5529 857 5574 sunt
888 5519 1030 5574 circa
1074 5520 1250 5589 ipsum
1284 5518 1398 5574 sint
1440 5515 1607 5572 veluti
1650 5514 1973 5570 vestimenta

2090 4507 2268 4580 μένων
2316 4509 2459 4581 ὅρων
2504 4512 2795 4582 συγκρῖναι
2839 4512 2952 4573 τοῖς
2992 4508 3099 4562 ὑπὸ
3144 4508 3540 4581 Ἡρακλέωνος,
3574 4509 3676 4563 am

2082 4597 2186 4651 ούκ
2212 4596 2462 4662 ἐξουσίαν
2492 4598 2710 4669 ἔχοντος
2732 4597 2829 4652 τοῦ
2859 4597 3041 4667 λέγειν
3063 4597 3093 4650 ὃ
3122 4596 3393 4670 βούλεται,
3425 4599 3675 4667 ἀποφαν-

2086 4685 2244 4740 θεῖσι.
2276 4688 2402 4753 Πῶς
2432 4688 2561 4758 γάρ,
2586 4688 2670 4742 ὃτι
2695 4689 2824 4759 περὶ
2857 4689 3018 4743 αὐτόν
3042 4691 3160 4742 ἐστι
3190 4689 3255 4744 τὸ
3291 4688 3675 4747 Ἠλίαν-αὑτὸν

2085 4778 2180 4833 καὶ
2203 4779 2492 4851 προφήτην
2525 4775 2687 4843 εἶναι,
2722 4780 2819 4835 καὶ
2851 4779 2980 4851 περὶ
3007 4780 3175 4835 αὐτοῦ
3201 4781 3264 4834 τὸ
3293 4782 3479 4855 φωνην
3505 4782 3676 4838 αὐτὸν

2086 4864 2226 4923 εἶναι
2264 4869 2495 4941 βοῶντος
2524 4873 2583 4925 ἐν
2612 4873 2679 4943 τῇ
2708 4872 2921 4944 ἐρήμῳ,
2951 4874 3072 4928 ούδέ
3104 4874 3245 4928 κατὰ
3272 4874 3335 4928 τὸ
3360 4874 3522 4946 τυχὸν
3546 4892 3675 4930 πει-

2090 4962 2248 5033 ρᾶται
2284 4961 2687 5027 ἀποδεικνύναι,
2723 4963 2864 5017 ἀλλὰ
2894 4965 3092 5036 χρῆται
3120 4965 3550 5037 παραδείγματι,
3584 4966 3674 5020 ὅτι

2082 5052 2153 5105 τά
2182 5052 2311 5123 περὶ
2342 5052 2506 5107 αὑτὸν
2540 5054 2705 5108 οἱονεὶ
2736 5054 3011 5127 ἐνδύματα
3037 5051 3106 5128 ἦν
3142 5056 3305 5128 ἔτερα
3338 5055 3503 5110 αὐτοῦ
3522 5073 3537 5086 ·
3572 5057 3670 5112 καὶ

2083 5143 2184 5196 οὐκ
2208 5141 2275 5199 ἂν
2308 5143 2604 5216 ἐρωτηθεὶς
2630 5146 2759 5218 περὶ
2789 5145 2901 5203 τῶν
2929 5146 3264 5215 ἐνδυμάτων,
3288 5148 3340 5200 si
3378 5146 3544 5210 αὐτὸς
3581 5148 3667 5218 εἴη

2085 5236 2156 5288 τὰ
2192 5234 2485 5305 ἐνδύματα,
2527 5236 2799 5309 ἀπεκρίθη
2827 5236 2894 5291 ἂν
2919 5238 3000 5302 τὸ,
3032 5236 3169 5292 Ναίο
3212 5237 3337 5301 Πῶς
3378 5239 3488 5311 γὰρ
3515 5237 3670 5291 ἐνδύ-

2089 5344 2236 5399 ματα
2277 5328 2339 5380 τὺ
2390 5324 2531 5382 εἶναι
2580 5329 2670 5382 τὸν
2731 5329 2916 5385 Ἠλίαν
2965 5331 3054 5384 τὸν
3101 5328 3361 5402 μέλλοντα
3410 5328 3668 5402 ἔρχεσθαι

2099 5418 2369 5484 Ἰωάννου,
2403 5421 2465 5473 ού
2504 5421 2644 5475 πάνυ
2678 5439 2733 5475 τι
2763 5423 2886 5476 κατ’
2919 5421 3081 5476 αὐτὸν
3111 5418 3333 5494 θεωρῶ’
3370 5422 3512 5494 τάχα
3540 5419 3669 5478 καθ’

2090 5511 2238 5582 ήμᾶς
2270 5511 2346 5575 ὡς
2375 5511 2709 5584 δεδυνήμεθα
2750 5513 3188 5585 διηγησαμένους
3222 5515 3304 5581 τὸ,
3346 5535 3367 5568 ι
3408 5516 3468 5571 ἐν
3496 5515 3653 5572 πνεύ·

476 5698 523 5734 ⁵⁸
547 5702 567 5754 l
590 5700 695 5755 Cor
758 5713 868 5758 xw,
904 5697 958 5752 8.
1032 5696 1075 5729 δ’
1104 5694 1269 5753 lCor.
1299 5710 1420 5762 Jun,
1450 5696 1504 5763 1,
1540 5695 1596 5753 2.
1672 5695 1718 5728 "
1750 5691 1907 5750 Joau.
1944 5708 1985 5763 ν,

2088 5695 2122 5749 ι.
2198 5691 2241 5722 ιι
2277 5691 2405 5747 ibid.
2432 5691 2520 5747 ιο.
2599 5691 2643 5723 ι·
2668 5690 2858 5749 Matth.
2892 5707 2980 5763 xv,
3004 5692 3056 5760 7,
3084 5692 3138 5750 8.
