4020 6216
280 345 386 398 ιιι

1344 342 1703 401 COMMENT.
1749 342 1819 398 lN
1849 343 2043 400 ,ΚΦλῆ
2085 342 2324 401 TOMUS
2356 343 2444 399 Vl.

3432 339 3544 394 2.ιὲ

280 456 586 530 ἐληλύθατε
615 458 708 512 ἐπὶ
730 456 792 512 τὸ
822 457 1104 530 βάπτισμα
1136 460 1212 531 μὴ
1243 460 1566 531 ποιήσαντες
1597 461 1710 530 (15)
1738 477 1874 531 καρ-

1991 472 2164 530 tperte
2195 463 2424 516 dicens:
2476 458 2744 526 Quoniam
2799 455 3024 510 venistis
3073 457 3140 510 ad
3191 457 3541 527 baptismum,

281 547 388 601 πδν
426 549 740 619 μετανοίας,
774 546 986 620 δένδρον
1008 547 1133 601 ἐστέ
1171 548 1286 618 (16)
1330 548 1408 620 μὴ
1440 549 1630 603 ποιοῦν
1658 548 1872 621 καρπὸν

261 640 474 705 .καλδν,
507 639 943 710 ἐκκοπησόμενον
969 640 1078 695 ἀπὸ
1105 641 1207 712 τῆς
1229 641 1500 712 ὀξυτάτης
1524 641 1620 695 καὶ
1643 641 1872 695 εὐτονω-

280 729 457 802 τάτης
483 729 672 800 ἀξίνης
709 729 802 783 τοῦ
845 728 1047 795 ζῶντος
1075 732 1254 801 Λόγου
1277 772 1292 797 ,
1334 733 1430 786 καὶ
1459 732 1717 804 ἐνεργούς
1736 773 1751 797 ,
1781 735 1876 786 καί

257 821 599 892 ,τομωτέρου
649 820 789 892 ὑπὲρ
838 823 1020 876 πᾶσαν
1066 824 1342 894 μάχαιραν
1382 823 1654 894 δίστομον.
1703 825 1877 895 Παρέ-

283 926 460 983 στησε
489 911 548 964 δὲ
573 911 664 964 τὸν
688 911 799 964 τῶν
827 913 1138 984 Φαρισαίων
1184 913 1313 985 περὶ
1350 913 1530 967 αὐτῶν
1563 914 1720 982 λόγον
1759 914 1874 985 (17)

284 1004 387 1058 καὶ
403 1006 432 1058 6
455 1004 670 1067 Λουκᾶς
696 1003 787 1058 διά
818 1004 912 1058 τοῦ
937 1023 951 1036 ·
987 1024 1006 1058 ι
1039 1005 1351 1077 Ἄνθρωποι
1382 1005 1477 1060 δύο
1499 1006 1770 1077 ἀνέϐησαν
1797 1010 1878 1072 είς

284 1095 348 1149 τὸ
378 1095 525 1167 ἱερὸν
553 1095 958 1167 προσεύξασθαι
977 1114 991 1128 ·
1025 1100 1055 1152 6
1075 1093 1156 1163 εἷς
1177 1099 1492 1170 Φαρισαῖος,
1519 1099 1616 1154 καὶ
1641 1101 1670 1153 ὁ
1694 1099 1879 1172 ἐτερος

284 1185 546 1258 τελώνης.
584 1187 696 1241 Καὶ
721 1189 750 1241 6
769 1189 1058 1260 Φαρισαῖος
1086 1191 1301 1256 σταθεὶς
1333 1191 1506 1246 ταῦτα
1527 1193 1664 1259 πρὸς
1689 1193 1881 1247 ἐαυτὸν

287 1275 632 1348 προσηύχετο
649 1293 663 1307 ο
705 1278 763 1331 ’0
785 1277 937 1344 Θεὸς,
962 1280 1269 1352 εὐχαριστῶ
1300 1299 1406 1347 σοι,
1429 1282 1512 1336 ὅτι
1539 1281 1642 1336 οὐκ
1669 1280 1788 1353 είμὶ
1807 1281 1882 1346 ὡς

285 1369 339 1422 ol
369 1368 547 1422 λοιποὶ
575 1369 685 1423 τῶν
717 1369 1039 1442 ἀνθρώπων,
1073 1372 1345 1444 ἅρπαγες,
1378 1373 1576 1438 ἄδικοι,
1625 1375 1882 1446 μοιχοὶ,ἧ

290 1460 390 1514 καὶ
434 1463 511 1524 ὡς
558 1451 714 1525 οὗτος
742 1463 782 1548 6
800 1461 1038 1535 τελώνης
1061 1481 1076 1496 ·
1124 1485 1142 1518 ι
1171 1466 1260 1519 ὅτε
1287 1466 1378 1521 διά
1400 1467 1623 1532 τούτους
1644 1469 1770 1532 τοὺς
1798 1468 1884 1521 λό-

288 1568 423 1620 γους
455 1554 484 1606 6
527 1551 764 1624 τελώνης
800 1573 820 1605 ι
861 1557 1072 1622 μᾶλλον
1094 1557 1261 1610 αὑτοῦ
1297 1559 1380 1622 εἰς
1407 1560 1498 1613 τὸν
1529 1555 1675 1614 οἷκον
1715 1577 1883 1614 κατα·

291 1642 468 1697 ϐαίνει
507 1644 925 1718 δεδικαιωμένος
950 1685 976 1710 ,
1008 1667 1026 1698 ι
1079 1648 1174 1701 καὶ
1211 1649 1536 1718 ἐπιλέγεται»
1577 1650 1760 1705 πάντα
1793 1651 1883 1706 τὸν

293 1733 533 1804 ὕψοῦντα
567 1737 761 1790 ἑαυτὸν
795 1737 1210 1794 ταπεινοῦσθαι.
1257 1741 1344 1804 Ὠς
1371 1741 1879 1812 ὑποκριταὶῐτοίνυν,

1975 569 2098 606 cum
2131 568 2238 607 non
2272 552 2509 622 feceritis
2546 550 2784 605 fruetum
2823 547 3180 618 ptenitentize,
3220 547 3386 601 arbor
3413 544 3548 599 estis

1976 655 2080 694 non
2116 640 2323 695 faciens
2349 639 2587 695 fructum
2629 639 2854 700 bonmn,
2880 637 3180 692 excidenda
3210 639 3278 689 ab
3302 634 3550 690 acutiSsi-

1977 747 2061 785 ma
2098 740 2152 786 et
2184 731 2517 786 validissima
2541 731 2743 795 securi,
2775 744 2967 798 nempe
2989 746 3017 782 a
3049 728 3314 783 Sermone
3336 727 3551 781 vivente

1974 831 2027 876 et
2058 821 2290 884 emcaci.
2325 822 2416 892 qui
2446 823 2819 890 penetrantior
2849 829 2932 876 est
2959 820 3151 889 quovis
3179 819 3358 890 gladio
3380 817 3552 872 utrin-

1975 927 2084 982 que
2130 913 2405 970 incidente
2434 914 2500 969 “.
2567 914 2834 972 Caeterum
2933 906 3332 966 Pltariszeorum
3379 910 3448 966 de
3495 925 3556 964 se

1977 1005 2418 1074 praedicationem
2467 1005 2721 1076 produxit
2765 1002 2942 1059 Lucas
2975 1004 3026 1058 in
3073 1003 3334 1067 medium,
3361 1016 3461 1072 per
3491 1001 3558 1056 il-

1978 1095 2066 1152 lud
2095 1093 2182 1151 ":
2221 1115 2239 1150 ι
2291 1097 2406 1152 Duo
2449 1097 2700 1152 homines
2752 1096 3128 1150 ascenderunt
3167 1095 3222 1149 in
3266 1092 3553 1163 templum,

1980 1200 2037 1242 ut
2070 1199 2424 1259 precarentur
2455 1206 2468 1243 :
2501 1205 2643 1244 unus
2689 1188 3020 1255 Pharismus,
3061 1195 3115 1241 et
3142 1187 3283 1241 alter
3308 1186 3559 1256 publica—

1985 1297 2106 1334 nus.
2142 1280 2450 1337 Pltarisaaus
2486 1291 2638 1336 stans
2689 1281 2804 1335 ltzec
2850 1277 2993 1349 apud
3026 1294 3086 1335 se
3128 1278 3363 1334 orabat:
3392 1278 3558 1345 Deus,

1983 1374 2186 1442 gratias
2209 1390 2306 1445 ago
2339 1375 2459 1442 tibi,
2489 1374 2634 1444 quod
2689 1387 2795 1428 non
2847 1387 2968 1427 sum
2997 1371 3183 1443 quales
3220 1371 3405 1427 caeteri
3457 1372 3559 1427 ho-

1985 1465 2180 1532 mines,
2212 1476 2479 1537 raptores,
2527 1465 2737 1534 injusti,
2770 1463 3023 1528 adulteri,
3070 1462 3246 1534 qualis
3281 1464 3447 1519 etiam
3477 1463 3562 1518 hic

1983 1556 2326 1627 publicanus.
2365 1576 2384 1609 ι
2410 1557 2639 1625 Quando
2669 1566 2893 1627 propter
2941 1556 3054 1612 hate
3099 1554 3262 1611 verba
3317 1555 3562 1626 publica-

1983 1662 2086 1702 nus
2113 1665 2150 1699 ι.
2183 1647 2406 1702 domum
2457 1662 2612 1702 suam
2667 1645 2952 1703 descendit
2997 1643 3332 1714 justilicatus
3361 1645 3562 1715 magis,

1982 1753 2146 1808 quam
2175 1739 2263 1793 ille
2299 1737 2374 1802 ‘3;
2421 1755 2442 1791 ι
2485 1737 2930 1802 additunetiam,
2958 1751 3180 1792 omnem
3229 1735 3563 1791 exultantem

292 1828 436 1883 κατά
465 1829 590 1892 τοὺς
618 1829 713 1882 τοῦ
745 1829 1002 1901 Σωτῆρος
1029 1831 1166 1902 πρὸς
1193 1832 1389 1895 αὐτοὺς
1421 1831 1769 1901 ἐλεγκτικοὺς
1792 1835 1881 1889 λό-

1991 1845 2061 1896 se,
2094 1829 2394 1885 humiliari.
2431 1827 2500 1886 Ut
2525 1828 2823 1900 hypocrita:
2850 1827 3018 1898 igitur
3040 1827 3218 1898 (juxta
3253 1826 3564 1882 Servatoris

291 1933 444 1986 γους,
477 1917 856 1990 ἔρχονταιέπὶ
882 1920 951 1972 τὸ
975 1919 1280 1991 βάπτισμα,
1310 1921 1370 1974 ού
1405 1921 1760 1988 λανθάνοντες
1786 1924 1880 1980 τὸν

294 2007 665 2077 βαπτίζοντα,
716 2008 804 2062 ἔτι
845 2009 1064 2080 ἔχοντες
1092 2010 1200 2063 τῶν
1246 2009 1472 2082 ἐχιδνῶν
1517 2013 1595 2066 ίὺν
1639 2013 1746 2068 ὑπὸ
1783 2014 1883 2079 τάς

291 2099 548 2166 γλώσσας
612 2099 790 2154 αὐτῶν
846 2102 946 2154 καῖ
994 2101 1084 2154 τὸν
1143 2100 1253 2156 τῶν
1303 2103 1545 2160 ἀσπίδων
1565 2119 1612 2154 οι
1634 2104 1884 2178 ’Ῑδςιγάρ

298 2211 318 2241 ι
359 2190 602 2244 ἀσπίδων
631 2192 736 2245 ὑπὸ
767 2190 834 2244 τὰ
866 2191 1022 2263 χείλη
1045 2192 1248 2247 αὐτῶν.
1289 2212 1310 2246 s
1361 2195 1600 2266 Ἀληθῶς
1629 2213 1690 2249 τε
1715 2196 1886 2269 θυμὸς

290 2282 473 2352 αὐτῆς
499 2283 610 2353 (18)
655 2283 795 2338 κατά
818 2283 918 2355 τήν
943 2284 1206 2356 ὁμοίωσιν
1243 2286 1338 2340 τοῦ
1367 2286 1546 2357 ὄφεως
1586 2284 1656 2360 ἦν
1685 2290 1886 2361 ἐμφαι-

289 2373 552 2444 νόμενος,,
568 2373 660 2427 καὶ
683 2373 772 2428 διὰ
799 2373 906 2445 τῆς
928 2377 1133 2446 πικρᾶς
1163 2376 1368 2448 ταύτης
1404 2381 1728 2450 ἐρωτήσεως
1754 2382 1881 2454 τῆς.

296 2465 420 2519 ονίἳί
450 2460 544 2517 οὖν
591 2463 908 2535 βαπτίζεις,
954 2469 1003 2522 εί
1048 2469 1115 2522 σὺ
1162 2469 1262 2524 οὐκ
1310 2466 1362 2524 εἷ
1404 2473 1434 2524 6
1478 2472 1737 2542 Χριστὸς,
1763 2475 1887 2529 οὐδὲ

306 2557 513 2620 Ἠλίας,
537 2556 657 2609 οὐδὲ
699 2558 727 2609 6
760 2559 1045 2631 προφήτης
1070 2576 1085 2591 ·
1124 2579 1143 2612 ι
1173 2560 1316 2633 Πρὸς
1341 2560 1433 2626 οὓς
1463 2562 1668 2633 εἴποιμ’
1695 2563 1783 2626 ἂν.
1809 2564 1888 2630 ὥς

293 2649 558 2721 Χριστοῦ,
581 2649 676 2702 καὶ
708 2648 912 2712 Ἠλίου,
941 2650 1152 2705 καὶτοῦ
1181 2653 1460 2724 προφήτου
1494 2651 1885 2723 βαπτιζόντων,

293 2741 397 2810 τῆς
433 2740 491 2793 δὲ
528 2741 588 2793 ἐν
621 2743 689 2810 τῇ
716 2741 910 2812 ἐρήμῳ
936 2742 1120 2813 φωνῆς
1144 2741 1240 2796 τοῦ
1287 2741 1516 2813 βοῶντος
1559 2743 1764 2813 ταύτην
1788 2745 1888 2818 τὴν

295 2831 547 2898 ἐξουσίαν
597 2831 672 2902 μὴ
717 2831 1035 2903 είληφυίαςο
1086 2829 1156 2886 Ὦ
1200 2829 1380 2899 οὗτοι,
1428 2835 1654 2905 ἀπηνῶς
1685 2837 1889 2893 πυνθά-

295 2924 456 2977 νεσθε
478 2924 572 2976 τοῦ
601 2923 1014 2994 ἀπεσταλμένον
1043 2926 1274 2994 ἀγγέλου
1301 2927 1407 2999 πρὸ
1433 2926 1724 2998 προσώπου
1756 2931 1891 3002 Χρι-

299 3015 450 3078 ato-3,
479 3019 885 3070 κατασκευάσαι
912 3016 1012 3088 τήν
1033 3018 1150 3071 ὁδὸν
1178 3019 1342 3074 αὐτοῦ
1361 3019 1669 3093 ἔμπροσθεν
1694 3023 1885 3090 αὐτοῦ,

296 3109 403 3163 ὅλα
427 3109 494 3162 τὰ
519 3107 660 3162 κατά
688 3109 781 3162 τὸν
819 3109 983 3164 τόπον
1019 3110 1184 3164 αὐτοῦ
1221 3112 1540 3181 ἀγνοοῦντες
1569 3117 1847 3188 μυστήρια
1871 3135 1901 3151 ’κ

1983 1923 2048 1976 ad
2075 1922 2220 1990 ipsos
2263 1919 2632 1990 obiurgatoria
2661 1919 2850 1988 verba)
2903 1919 3126 1974 veniunt
3177 1919 3244 1972 ad
3273 1919 3564 1990 baptisma,

1986 2028 2092 2068 non
2126 2015 2360 2069 latentes
2393 2012 2760 2081 baptizantem
2790 2009 2934 2080 quod
2983 2011 3162 2064 adlmc
3195 2010 3461 2064 haberent
3489 2011 3566 2062 vi-

1988 2119 2247 2175 perarum
2293 2113 2349 2162 et
2399 2106 2652 2176 aspidmn
2702 2116 2974 2159 venenum
3032 2102 3132 2156 sub
3185 2101 3342 2157 labiis
3393 2102 3508 2158 suis
3550 2117 3566 2157 :

1995 2214 2014 2247 ι
2049 2195 2330 2252 Venenum
2364 2215 2385 2250 ο
2429 2197 2613 2264 enim,
2657 2198 2857 2268 inquit,
2893 2216 2914 2250 ι
2959 2195 3206 2266 ιιςνὶιιιιιιι
3255 2195 3356 2250 sub
3411 2195 3568 2249 labiis

1988 2301 2176 2344 eorum
2204 2289 2272 2343 ⁶⁹.
2308 2307 2330 2342 ι
2367 2288 2612 2362 Cumque
2639 2305 2766 2345 vere
2788 2305 3054 2346 venenum
3081 2290 3368 2352 haberent,
3392 2298 3450 2342 ut
3479 2303 3568 2341 vc-

1989 2395 2189 2434 nennm
2219 2381 2520 2450 serpentis,
2550 2382 2600 2436 id
2642 2383 2806 2438 etiam
2853 2389 3248 2452 expresserunt
3293 2395 3390 2450 per
3433 2381 3570 2434 hanc

1987 2483 2233 2524 amaram
2265 2469 2748 2542 interrogationem
2777 2471 2825 2502 ⁷⁸
2858 2514 2870 2526 .
2910 2489 2931 2523 ι
2967 2470 3105 2537 Quid
3137 2485 3268 2541 ergo
3301 2471 3567 2540 liaptizas,

1987 2560 2034 2617 si
2063 2569 2117 2616 ιιι
2147 2577 2252 2616 non
2278 2576 2340 2618 es
2363 2563 2522 2634 125
2545 2563 2818 2627 Christus,
2850 2579 3024 2632 neque
3046 2562 3214 2628 Elias,
3240 2578 3416 2631 neque
3448 2576 3570 2632 pro-

1989 2653 2150 2723 pheta
2189 2652 2314 2708 ille?
2349 2672 2378 2724 »ν
2428 2654 2638 2722 Quibus
2696 2670 2796 2726 ego
2829 2656 3009 2710 dicere
3037 2670 3273 2724 possent,
3314 2665 3570 2723 tanquam

1989 2742 2211 2800 Christo
2232 2753 2396 2816 atque
2427 2745 2544 2800 Elia
2575 2746 2837 2816 propheta
2871 2746 3291 2817 baptizantibus,
3317 2761 3441 2800 cum
3469 2760 3570 2800 vos

1991 2833 2281 2890 clamantis
2306 2836 2358 2892 itt
2386 2851 2572 2892 eremo
2597 2837 2737 2892 hanc
2761 2837 3071 2892 facultatem
3099 2852 3204 2890 non
3251 2836 3526 2906 acceperit
3552 2851 3567 2887 :

1990 2925 2389 2995 lnhtnnaniter,
2425 2944 2458 2984 ο
2488 2929 2636 2996 honi,
2666 2931 3013 3000 interrogatis
3044 2931 3268 2984 missum
3316 2929 3571 2983 nuntium

1992 3028 2117 3073 ante
2147 3018 2338 3076 faciem
2365 3019 2568 3077 Christi
2603 3022 2672 3053 "°‘
2704 3021 2772 3076 ad
2815 3021 3227 3093 pra-parandum
3281 3022 3422 3075 viam
3454 3021 3574 3092 ejus

1995 3123 2186 3165 coram
2222 3111 2361 3183 ipso,
2414 3113 2668 3168 universa
2707 3111 2900 3182 ipsius,
2955 3113 3046 3183 qui
3090 3117 3157 3169 ad
3203 3113 3346 3167 hunc
3395 3113 3573 3167 locum

297 3204 329 3256 6
353 3201 462 3271 γὰρ
489 3201 721 3273 Χριστὸς
747 3201 955 3272 Ἰησοῦς
976 3201 1052 3255 ὢν
1072 3243 1087 3268 ,
1125 3202 1229 3267 κᾶν
1263 3204 1338 3275 μή
1386 3204 1648 3278 βούλησθε
1668 3247 1684 3271 ,
1727 3210 1889 3278 αὐτὸς

1998 3204 2216 3269 attinet,
2244 3205 2561 3276 ignorantes
2594 3207 2855 3278 mysteria
2886 3221 2902 3260 :
2932 3223 3060 3262 nam
3093 3206 3138 3262 is
3169 3223 3293 3262 cmn
3317 3206 3387 3260 sit
3415 3207 3575 3261 Chri-

296 3293 404 3346 οὑκ
447 3290 769 3357 ἐϐάπτιζεν,
801 3293 916 3346 ἀλλ’
959 3294 1010 3346 oi
1052 3293 1291 3365 μαθηταὶ
1320 3295 1484 3349 αὑτοῦ
1507 3335 1520 3356 ,
1550 3297 1713 3362 αὐτὸς
1748 3299 1825 3353 ὢν
1863 3303 1894 3356 6

305 3385 616 3456 προφήτης.
645 3385 814 3438 Πόθεν
846 3385 903 3438 δὲ
937 3385 1064 3456 ὑμῖν
1094 3385 1454 3441 πεπίστευται
1490 3386 1676 3445 Ἠλίαν
1702 3389 1896 3462 βαπτί-

304 3493 421 3531 σειν
449 3477 538 3530 τὸν
569 3477 942 3548 ἐλευσόμενον,
963 3477 1082 3531 οὐδὲ
1114 3477 1183 3533 τὲ
1225 3479 1321 3534 ἐπὶ
1354 3479 1422 3534 τὰ
1469 3480 1565 3534 τοῦ
1603 3481 1896 3558 θυσιαστη-

303 3571 425 3643 ρίου
460 3569 612 3636 ξύλα,
639 3571 936 3635 κστάτοὺς
981 3569 1088 3624 τοῦ.
1124 3571 1332 3642 Ἀχαάδ
1376 3574 1602 3646 χρόνους
1623 3612 1638 3639 ,
1667 3575 1897 3649 δεόμενα

299 3663 530 3736 λουτροῦ
549 3703 564 3727 ,
598 3664 696 3717 ἵνα
713 3664 953 3735 ἐκκαυθῇ
976 3703 991 3726 ,
1024 3665 1373 3734 ἐπιφανέντος
1403 3667 1462 3720 ἐν
1490 3668 1624 3738 πυρὶ
1648 3668 1743 3722 τοῦ
1784 3671 1897 3724 Ku-

303 3756 425 3828 ρίου
449 3794 463 3819 ,
494 3755 854 3825 βαπτίσαντος
894 3773 910 3821 ;
950 3756 1357 3812 Ἔπικελεύεται
1401 3757 1510 3829 γὰρ
1540 3762 1653 3823 τοίς
1693 3761 1898 3834 ίερεῦσι

300 3847 467 3901 τοῦτο
495 3849 752 3920 ποιῆσαι,
800 3849 862 3902 ού
906 3848 1068 3919 μόνον
1097 3849 1266 3914 ἅπαξ,
1301 3851 1451 3919 λέγει
1476 3851 1586 3923 γάρ
1609 3869 1623 3884 ο
1659 3871 1677 3905 ι
1710 3856 1901 3908 Δευτε-

308 3939 525 4012 ρὼσατε
552 3980 567 4006 ,
601 3943 690 3994 ὅτε
723 3941 819 3995 καὶ⁴
847 3940 1216 4012 ἐδευτέρωσαν
1240 3958 1253 3972 ο
1287 3943 1382 3997 καὶ
1409 3943 1747 4013 τρισσώσατε
1769 3985 1784 4010 ,
1808 3947 1899 4000 ὅτε

305 4034 404 4088 καὶ
432 4034 788 4107 ἐτρίσσωσαν.
819 4054 838 4085 ι
879 4034 936 4089 '0
957 4033 1136 4086 τοίνυν
1169 4033 1243 4105 μὴ
1277 4035 1440 4098 αὐτὸς
1469 4035 1736 4106 βαπτίσας
1757 4037 1898 4104 τότε,

305 4127 426 4182 im:
453 4126 659 4197 ἑτέροις
691 4125 786 4180 τοῦ
827 4125 990 4198 ἔργου
1019 4126 1433 4197 παραχωρήσας
1455 4166 1471 4191 ,
1509 4125 1626 4190 πῶς
1668 4128 1811 4183 κατά
1830 4129 1903 4184 τά

307 4218 417 4272 ὑπὸ
456 4216 867 4287 τοῦιωαλαχίου
909 4217 1179 4288 λεγόμενα
1218 4217 1563 4290 ἐπιδημήσας
1617 4219 1902 4290 βαπτίζειν

307 4309 505 4381 ἔμελλε
531 4309 813 4383 ;·Χριστδς
837 4305 931 4364 οὖν
961 4310 1062 4362 οὐκ
1103 4311 1162 4363 ἐν
1205 4308 1356 4362 ὕδατι
1393 4309 1667 4380 βαπτίζει,
1697 4311 1812 4366 ἀλλ’
1849 4313 1900 4366 οἱ

312 4400 555 4470 μαθηταὶ
594 4400 760 4454 αὑτοῦ
785 4417 799 4431 ’
832 4397 1011 4470 ἐαυτῷ
1059 4399 1125 4454 δὲ.
1158 4402 1323 4470 τηρεῖ⁷
1345 4399 1414 4453 τὸ.
1452 4399 1598 4471 ἁγίῳ
1621 4399 1900 4471 Πνεύματι

1995 3306 2136 3364 stus,
2168 3296 2352 3363 vel,.si
2399 3299 2612 3367 nolitis,
2658 3310 2714 3356 et
2739 3301 2828 3356 ille
2869 3301 3153 3370 propheta,
3193 3300 3306 3368 ipse
3335 3313 3442 3352 non
3475 3297 3576 3351 ba-

1995 3387 2241 3456 ptizavit,
2268 3387 2364 3442 sed
2394 3388 2643 3458 discipuli
2679 3388 2822 3460 ejus.
2849 3388 3081 3444 Proinde
3113 3391 3383 3443 umlenam
3421 3388 3576 3442 vobis

1995 3493 2314 3550 persuasum
2363 3489 2448 3536 est
2501 3480 2670 3535 Eliam
2722 3490 3008 3536 venturum
3043 3481 3109 3535 ad
3163 3481 3574 3550 haptizandum,

1997 3571 2088 3642 qui
2117 3586 2290 3644 neque
2321 3572 2468 3642 ligna
2506 3572 2666 3628 altari
2698 3571 3038 3643 superposita
3091 3581 3335 3640 tempore
3370 3571 3576 3631 Achab,

1997 3679 2170 3736 eaque
2221 3665 2438 3736 egentia
2472 3665 2668 3720 halneo
2713 3674 2771 3716 ut
2813 3664 3288 3728 comburerentur,
3335 3677 3456 3714 eum
3487 3676 3578 3727 ap-

2001 3757 2270 3823 paruisset
2302 3770 2399 3823 per
2449 3756 2627 3826 ignem
2677 3753 2964 3818 Dominus,
3001 3751 3392 3821 baptizaverit?
3417 3750 3580 3806 .lubet

1999 3850 2145 3906 enim
2180 3847 2578 3915 sacerdotibus,
2616 3858 2673 3902 ut
2725 3847 2908 3904 isthuc
2955 3846 3220 3909 facerent,
3246 3861 3344 3900 ncc
3379 3845 3430 3900 id
3462 3855 3580 3898 tan-

2002 3951 2114 3997 tum
2142 3941 2334 4003 semel.
2382 3956 2504 3996 nam
2534 3941 2710 3998 dicit:
2744 3959 2763 3993 ι
2804 3938 2991 3994 Denuo
3021 3939 3074 3995 id
3115 3937 3318 3994 facite:
3348 3951 3580 4006 cumque

2001 4035 2178 4090 denuo
2203 4034 2254 4090 id
2281 4034 2537 4091 fecissent
2568 4051 2583 4090 :
2621 4033 2831 4100 Tertio,
2859 4031 3056 4102 inquit,
3093 4032 3146 4086 id
3175 4029 3356 4093 facite,
3383 4039 3437 4084 et
3470 4040 3578 4082 ter-

2003 4126 2076 4183 tio
2102 4125 2154 4181 id
2178 4125 2428 4182 fecerunt
2447 4126 2514 4181 τι.
2544 4145 2564 4180 ι
2591 4125 2725 4182 Cum
2751 4138 2882 4196 ergo
2913 4126 3028 4194 ipse
3052 4129 3166 4177 tum
3199 4136 3304 4175 non
3331 4120 3579 4190 baptiza-

2001 4221 2092 4288 rit,
2132 4222 2226 4276 sed
2257 4220 2380 4276 aliis
2420 4221 2654 4276 cesserit
2702 4219 2842 4275 hanc
2871 4218 3233 4290 provinciam,
3279 4216 3577 4283 qnonnnln,

1999 4328 2122 4366 cum
2142 4312 2458 4376 accesserit.
2480 4311 2634 4380 juxta
2663 4309 2940 4365 Malacltiae
2963 4309 3280 4364 vaticinium
3305 4311 3373 4374 ",
3398 4308 3578 4376 bapti-

1999 4413 2222 4458 satnrus
2265 4403 2594 4474 est‘llgitnr
2655 4401 2908 4458 Christus
2955 4401 3009 4456 in
3043 4416 3184 4470 aqua
3235 4418 3341 4455 nou
3401 4398 3582 4468 bapti-

312 4490 594 4560 βαπτίζειν
641 4493 737 4545 καὶ
772 4489 922 4562 πυρί.
951 4489 1401 4561 Παραδεξάμενος
1428 4490 1490 4544 δὲ
1521 4492 1550 4544 6
1586 4491 1889 4562 Ἡρακλέων

2004 4505 2111 4560 zat,
2159 4495 2255 4550 sed
2304 4495 2551 4565 discipuli
2583 4495 2724 4566 ejus,
2775 4497 2880 4556 sibi
2932 4495 3033 4566 ipsi
3068 4508 3356 4549 reservans
3403 4491 3579 4559 bapti-

310 4581 404 4638 τὸν
433 4583 547 4636 τῶν
576 4585 886 4655 Φαρισαίων
911 4581 1090 4650 λόγον,
1125 4582 1201 4645 ὡς
1247 4582 1416 4650 ύγιῶς
1450 4582 1736 4655 εἰρημένον
1766 4585 1898 4655 περὶ

314 4674 408 4731 s05
431 4676 741 4744 ὀφείλεσθαι
774 4677 840 4730 τὸ·
875 4676 1158 4747 βαπτίζειν
1182 4674 1421 4749 Χριστῷ,
1462 4675 1557 4729 καὶ
1593 4675 1770 4748 Ἠλίᾳ.
1803 4675 1897 4728 καὶ

313 4767 478 4820 αντὶ
529 4769 784 4839 προφήτῃ
809 4805 824 4830 ,
870 4768 1064 4829 αύταῖς
1110 4765 1287 4833 λέξεσί
1340 4782 1542 4837 φησιν,
1588 4761 1668 4829 οἷς
1717 4765 1897 4836 μόνοις

310 4857 586 4925 ὀφείλεται
625 4859 685 4912 τὸ
721 4857 1002 4930 βαπτίζειν
1023 4874 1037 4887 ⁸
1084 4856 1179 4911 καὶ
1209 4859 1282 4912 ἐκ·
1310 4857 1753 4929 τῶνείρημένων
1792 4857 1894 4927 μὲν

311 4953 446 5021 ήμῖν
481 4951 706 5022 ἔναγχος
731 4952 1108 5024 ἐλεγχόμενος,
1138 4951 1370 5022 μάλιστα
1397 4949 1455 5003 δὲ
1484 4950 1565 5003 ὃτι
1589 4949 1895 5020 κοινότερον

309 5044 405 5098 τὸν
433 5047 713 5118 προφήτην
741 5046 993 5119 νενόηκεν
1023 5046 1104 5118 (ού
1134 5047 1242 5116 γάρ
1271 5045 1384 5116 ἔχει
1423 5044 1592 5111 δεῖξαί
1624 5062 1744 5100 τινα
1787 5043 1896 5098 τῶν

308 5139 610 5208 προφητῶν
643 5138 1035 5209 βαπτίσαντα·)
1058 5139 1159 5192 οὐκ
1189 5137 1470 5200 ἀπιθάνως
1509 5135 1566 5190 δέ
1602 5153 1735 5207 φησι
1763 5153 1910 5190 πυν--

2003 4600 2181 4640 sutum
2233 4585 2298 4640 ἰηι
2322 4585 2530 4656 Spiritu
2577 4597 2772 4644 sancto
2828 4596 2884 4643 et
2950 4586 3060 4655 igni
3084 4584 3150 4637 ".
3188 4582 3356 4637 Porro
3408 4581 3578 4636 llerao

2003 4680 2180 4740 clean,
2243 4679 2553 4735 admittens
2614 4678 3018 4734 Pharisaeorum
3066 4689 3374 4730 sermonem
3431 4684 3580 4727 recte

2003 4770 2549 4838 proiatmn,.perinde
2581 4771 2739 4840 quasi
2773 4781 2884 4823 tum
2928 4769 3202 4836 Christus,
3243 4778 3355 4823 tum
3411 4766 3581 4828 Elias,

2005 4858 2379 4928 tnm’denique
2407 4861 2684 4928 prophetae
2730 4873 2922 4916 omnes
2958 4858 3234 4915 debitores
3276 4867 3462 4914 essent
3495 4859 3584 4912 ha-

2002 4950 2488 5022 ptizandi,.iisdem
2518 4952 2721 5019 verbis,
2743 4951 3154 5023 inquit,quibus
3176 4951 3307 5008 solis
3331 4965 3470 5021 opus
3501 4958 3582 5002 est

2005 5042 2280 5113 baptizare
2300 5056 2574 5112 ,_ctnnq_ue
2602 5059 2632 5098 a
2661 5045 2818 5100 nobis
2842 5058 3014 5115 nuper
3047 5043 3118 5106 sit
3146 5044 3472 5113 redargutus
3508 5055 3572 5094 es

2007 5133 2092 5190 his
2122 5149 2242 5205 quae
2269 5133 2526 5204 diximus,
2551 5135 2716 5207 idque
2739 5137 3064 5209 praesertim,
3093 5135 3184 5206 qui
3219 5150 3314 5206 per
3341 5132 3582 5205 prophe-

388 5320 434 5352 ⁶⁶
468 5317 631 5373 llebr.
665 5332 740 5376 tv.
769 5316 852 5371 19..
910 5315 1143 5386 r"‘l.uc.
1176 5321 1329 5380 xviii,
1358 5315 1447 5380 10-,
1482 5316 1567 5370 H.
1602 5385 1609 5386 γ
1644 5313 1844 5386 "ibid.
1877 5315 1889 5368 l

2052 5317 2098 5349 "
2131 5316 2274 5376 Psal.
2330 5333 2448 5384 xm,
2477 5321 2531 5375 3.
2603 5323 2650 5356 ⁷⁸
2694 5321 2852 5377 Joan.
2899 5337 2937 5386 ι,
2977 5321 3071 5378 25.
3145 5323 3214 5354 ⁷⁶⁹
3245 5321 3412 5378 Marc.
3443 5337 3485 5380 t.
3513 5323 3570 5377 2.

304 5390 359 5426 ν’
388 5388 452 5445 ΙΙΙ
507 5389 637 5459 lleg.
669 5403 826 5453 svnt,
855 5385 947 5454 54,
978 5387 1069 5442 38.
1143 5387 1192 5418 τ’
1218 5385 1445 5442 Malach.
1489 5403 1562 5453 tv,
1595 5385 1651 5443 5’.
1725 5385 1772 5417 ⁷³
1799 5385 1883 5440 Ma

2018 5403 2104 5454 ιιι,
2133 5389 2234 5455 ιι;
2270 5387 2400 5446 Luc.
2432 5405 2512 5454 ill,
2547 5391 2636 5448 16.

388 5551 499 5621 (l5)
529 5551 624 5620 Μὴ
648 5550 1033 5621 ποιήσαντες.
1082 5548 1176 5603 Sic
1221 5547 1386 5602 codex
1420 5547 1775 5621 Bodleianus;
1833 5551 1886 5604 in

311 5619 487 5676 omni;
512 5624 678 5688 Regio
711 5632 765 5675 et
795 5620 1094 5674 liarherino
1125 5633 1409 5688 perperam
1439 5620 1593 5674 deest
1621 5619 1720 5688 μή.

393 5694 502 5760 (16)
522 5687 962 5762 Δένδρονίέσςτέ.
983 5690 1056 5762 lla
1083 5687 1254 5742 cudex
1286 5687 1644 5762 liodlcianus;
1688 5689 1888 5762 Regius

313 5775 386 5819 et
403 5757 752 5829 [inihi-riuus,
772 5760 982 5834 δένδρον
1010 5759 1183 5828 ἔσται,
1221 5757 1381 5814 male.

2069 5551 2180 5628 (i7)
2202 5552 2370 5628 potiti.
2398 5551 2599 5624 Regius
2625 5563 2680 5610 ct
2701 5553 3032 5613 Barberiuns
3061 5571 3342 5628 perperam
3368 5559 3574 5619 habent

1997 5622 2122 5693 περὶ
2159 5622 2482 5693 αὐτολόγων.

2069 5691 2184 5763 US)
2217 5691 2433 5760 Αὐτῆς.
2474 5693 2786 5769 chendum
2827 5699 2910 5757 vel
2940 5701 3140 5772 αὐτοῖς,
3182 5703 3265 5760 vcl
3293 5703 3493 5760 αὐτῶν.
