3962 6206
285 296 386 354 ειο

1315 299 1668 359 COMMENT.
1705 303 1775 362 IN
1805 305 2000 367 JOAN.
2053 311 2280 370 [ΟΜΠὸ
2311 312 2401 369 Ἦ.

3396 317 3504 372 320

285 405 516 478 Ματθαεῳ
533 447 548 471 ,
575 405 668 460 τοῦ
705 406 1196 481 ἀνατετραμμένου
1236 416 1512 484 γεγονέναι
1561 421 1709 489 παρὰ
1747 422 1812 493 τᾷ

1927 423 2326 484 Pharisaeorum
2365 440 2414 484 et
2471 430 2892 488 Saddttcteornm
2951 433 3228 488 venientes
3285 435 3352 487 ad
3404 436 3500 488 b.-

280 494 513 565 Ματθαίῳ
537 511 550 524 ·
594 497 673 549 ὅτι
713 497 837 550 ίδὼν
871 501 900 552 6
944 499 1194 572 Ἰωάννης
1229 502 1456 569 πολλοὺς
1500 509 1608 562 τῶν
1659 513 1822 581 Φαρι-

281 586 426 639 σαίων
451 587 536 639 καὶ
559 587 929 642 Σαδδουκαίων
956 591 1281 662 ἐρχομένους
1306 594 1399 648 ἐπὶ
1429 596 1488 650 τὸ
1517 597 1819 671 βάπτισμα,

281 671 413 730 εἶπεν
434 678 627 741 αὐτοῖς·
662 699 682 729 ι
717 679 1042 752 Γεννήματα
1073 682 1321 753 ἐχιδνῶν,
1359 704 1378 737 0
1417 687 1510 740 καὶ
1545 688 1617 743 τὰ
1658 691 1784 761 ἑξῆς
1805 708 1818 721 .

279 768 538 824 ἀκόλουθον
559 770 662 842 γάρ
693 774 822 825 ἐστι·
846 773 1064 844 πρῶτον
1098 775 1360 831 πυθέσθαι
1379 817 1394 844 ,
1427 775 1525 833 εἴτ’
1567 782 1821 854 ἐληλυθέ-

280 871 378 908 ναι.
413 856 511 910 Καὶ
543 856 695 912 τοῦτο
736 862 1153 934 παρατηρητέον
1173 903 1188 928 ,
1222 865 1304 920 ὅτι
1338 869 1366 920 6
1407 868 1506 939 μὲν
1545 871 1824 936 Ματθαίος

255 943 705 1019 ὶὲιιπορευομέιιιοιις
732 950 872 1022 πρὸς
905 951 996 1005 τὸν
1038 952 1313 1026 Ἰωάννην,
1345 956 1417 1010 τά
1450 958 1818 1032 Ἰεροσόλυμα,

255 1036 364 1136 iui
386 1037 543 1090 πᾶσαν
580 1039 681 1110 τὴν
724 1040 1014 1109 Ἰουδαίαν,
1042 1044 1138 1098 καὶ
1174 1047 1353 1101 πᾶσαν
1393 1048 1823 1123 τὴνοπερίχωρον

274 1126 360 1182 τοῦ
393 1129 670 1199 Ἰορδάνου,
717 1133 812 1187 ἐπὶ
847 1135 924 1206 τῷ
975 1135 1344 1207 βαπτίσασθαι
1375 1143 1434 1196 ὲν
1466 1143 1544 1214 τῷ
1581 1145 1819 1218 Ἰορδάνῃ

271 1220 492 1292 ποταμῷ,
507 1222 1033 1297 ἐξομολογουμένους
1055 1229 1264 1286 ἑαυτῶν
1285 1232 1383 1297 τὰς
1410 1234 1704 1308 ἁμαρτίας,
1732 1237 1822 1291 οὑ·-

269 1308 378 1364 δένα
390 1311 532 1382 λόγον
547 1315 944 1387 ὲπιπληκτικδν
959 1319 1052 1374 καὶ
1071 1319 1382 1392 ἐλεγκτικόν
1402 1341 1566 1397 φησιν
1587 1327 1822 1399 ἀκηκοέ-

269 1417 342 1452 ναι
373 1402 471 1456 άπὸ
500 1403 594 1458 τοῦ
633 1405 944 1462 Βαπτιστοῦ
965 1447 982 1474 ,
1019 1409 1213 1480 μόνους
1237 1410 1293 1464 δὲ
1323 1412 1450 1477 τοὺς
1474 1414 1820 1487 ἑωραμένους

267 1489 465 1556 πολλοὺς
492 1494 598 1549 τῶν
625 1498 939 1570 Φαρισαίων
972 1500 1068 1554 καὶ
1098 1501 1470 1557 Σαδδουκαίων
1497 1505 1820 1576 ἐληλυθότας

264 1585 527 1653 ἀκηκοέναι
557 1589 618 1642 τό
637 1589 857 1664 ἰΓεννή
866 1609 1011 1662 ματα
1039 1593 1284 1663 ἐχιδνῶν,
1303 1585 1644 1669 ικαὶτὰὲξῆς
1661 1617 1674 1630 ⁸
1706 1601 1736 1654 6
1761 1601 1818 1656 δὲ

263 1674 461 1745 Μάρκος
495 1677 650 1731 οὐδέν
687 1697 851 1751 φησιν
883 1681 1279 1754 ὲπιπληκτικδν
1302 1685 1556 1757 είρῆσθαι
1588 1688 1693 1742 ὑπὸ
1723 1689 1818 1743 τοῦ

273 1765 490 1820 Ἰωάννου
511 1772 626 1833 τοῖς
647 1769 1114 1843 mmet:me
1137 1774 1286 1848 πάσῃ
1298 1779 1363 1848 τῇ
1382 1775 1608 1851 Ἰουδαίᾳ
1623 1781 1716 1836 καὶ
1733 1783 1820 1835 Ἰε-
1849 1765 1892 1821 Β

265 1857 612 1929 ροσολυμίταις
631 1863 792 1933 πᾶσι,
818 1865 912 1918 καὶ
927 1864 1344 1938 βαπτιζομένοις
1361 1868 1452 1922 ὑπ’
1474 1870 1639 1923 αὐτοῦ
1659 1873 1718 1925 ὲν
1739 1873 1818 1945 τῷ

272 1947 501 2022 Ἰορδάνῃ,
553 1954 654 2007 καὶ
705 1953 1219 2029 ἐξομολογουμένοις
1252 1959 1353 2025 τὰς
1400 1961 1673 2034 ἁμαρτίας
1713 1965 1816 2020 αὐ-

261 2036 370 2104 τῶν,
391 2040 699 2107 ἀκολούθως
724 2045 801 2116 τῷ
818 2046 954 2117 μηδὲ
979 2047 1321 2120 ὠνομακέναι
1347 2054 1473 2118 τοὺς
1491 2055 1816 2122 Φαρισαίους

261 2130 338 2182 καὶ
358 2131 764 2201 Σαδδουκαίους.
800 2138 921 2190 Ἔτι
954 2138 1010 2192 δὲ
1039 2139 1134 2194 καὶ
1158 2141 1316 2195 τοῦτο
1343 2144 1646 2214 ἀναγκαῖον
1668 2149 1816 2220 ἡμᾶς

259 2220 587 2292 παραθέσθαι,
622 2225 709 2280 ὅτι
743 2227 1044 2302 ἀμφότεροι
1084 2231 1210 2302 μὲν,
1243 2232 1273 2286 ὅ
1311 2250 1372 2286 τε
1405 2235 1683 2303 Ματθαῖος
1721 2239 1824 2294 καὶ

260 2309 286 2360 6
321 2310 542 2382 Μάρκος,
570 2315 1109 2389 έξομολογουμένους
1155 2322 1257 2386 τὰς
1310 2324 1588 2396 ἁμαρτίας
1637 2329 1816 2384 αὐτῶν

257 2414 368 2464 φασι
411 2400 792 2470 βαπτίζεσθαι,
841 2408 1020 2460 πᾶσαν
1081 2407 1447 2482 Ἰεροσόλυμα,
1497 2413 1592 2467 καὶ
1636 2415 1814 2469 πᾶσαν

256 2487 338 2559 τήν
375 2491 632 2546 Ἰουδαίαν
665 2494 761 2548 καὶ
796 2497 974 2551 πᾶσαν
1007 2495 1105 2568 τὴν
1137 2499 1444 2572 περίχωρον
1469 2501 1586 2556 τοῦ¹
1617 2503 1814 2576 Ἰορδά-

257 2579 392 2649 νου,ἧ
425 2583 599 2637 πᾶσαν
624 2584 728 2656 τὴν
761 2586 1022 2641 Ἰουδαίαν
1055 2586 1270 2661 χώραν,
1295 2590 1390 2645 καί⁹
1417 2593 1547 2657 τοὺς
1583 2593 1813 2668 Ἰεροσο-

254 2665 452 2738 λυμίτας
491 2673 706 2738 πάντας
727 2692 740 2704 ·
772 2677 801 2728 6
830 2675 886 2728 δὲ
930 2676 1207 2742 Ματθαίος
1251 2679 1465 2749 εἰσάγει
1510 2682 1611 2754 μὲν
1653 2665 1810 2756 ἐρχο-

255 2758 419 2828 μένους
461 2762 552 2816 ὲπὶ
590 2763 660 2816 τὸ
704 2762 987 2836 βάπτισμα
1021 2767 1148 2830 τοὺς
1191 2769 1520 2840 Φαρισαίους
1555 2772 1650 2824 καὶ
1683 2774 1812 2827 Σαδ-

251 2847 517 2918 δουκαίους,
561 2855 629 2907 οὐ
673 2855 782 2925 μὴν
821 2855 1349 2930 ἐξομολογουμένους
1381 2860 1481 2925 τὰς
1532 2863 1811 2935 ἁμαρτίας

252 2941 400 2996 αὐτῶν
421 2961 434 2975 ·
466 2946 667 3018 διόπερ
698 2948 848 3011 εἰκὸς
874 2950 967 3003 καὶ
1004 2950 1164 3005 τοῦτο
1201 2951 1424 3024 εῠλογον
1457 2951 1596 3008 εἶναι
1639 2956 1814 3011 αἴτιον

249 3033 325 3087 τοῦ
361 3035 659 3106 ἀκηκοέναι
700 3040 921 3104 αὐτοὺς,
955 3059 976 3093 r
1021 3042 1344 3115 Γεννήματα
1380 3046 1624 3116 ἐχιδνῶν.
1658 3067 1678 3099 0
1715 3048 1807 3120 Μὴ

250 3122 495 3214 θπολάὸῃς
528 3130 577 3184 δ’
606 3131 760 3201 ἡμᾶς
793 3133 886 3186 καὶ
913 3133 1158 3205 ἀκαίρως
1199 3136 1268 3192 τὰ
1307 3138 1416 3192 ἀπὸ
1455 3139 1565 3194 τῶν
1603 3141 1807 3214 ἑτέρων

248 3212 562 3303 εὐαγγελίων
599 3222 1029 3292 παρατεθεῖσθαι
1057 3225 1125 3279 τὰ
1151 3227 1224 3279 ἐκ.
1248 3226 1358 3283 τῶν
1381 3212 1812 3303 ἀπεσταλμένων

335 3304 430 3358 τῶν
471 3308 792 3382 Φαρισαίων
831 3311 925 3365 καί¹
965 3313 1362 3385 ὲρωτησάντων
1403 3318 1493 3372 τὸν
1554 3300 1810 3393 Ἰωάννην

249 3391 587 3464 ἐξετάζοντας.
641 3401 705 3454 El
746 3401 856 3474 γὰρ
898 3404 1076 3469 καλῶς
1113 3407 1508 3480 ὲφηρμόσαμεν
1557 3411 1655 3483 τὴν
1701 3391 1810 3467 τῶν

247 3485 518 3576 ςαρισαίων
539 3491 762 3557 πεῦσιν,
783 3494 1281 3570 ἀναγεγραμμένην
1303 3500 1455 3572 παρὰ
1485 3501 1564 3573 τῷ
1590 3503 1805 3576 μαθητῇ

258 3567 466 3652 Ἰωάννῃ,
515 3580 610 3652 τῷ,
655 3579 949 3656 βαπτισμῷ
995 3567 1176 3641 αὐτῶν
1219 3567 1498 3662 παρά-τῷ
1535 3567 1808 3668 ’Ματθάίῷ

247 3668 471 3738 κειμένῳ,
519 3671 824 3728 ἀκόλουθον
861 3670 930 3747 ἦν
972 3677 1228 3743 ἐξετάσαι
1267 3681 1336 3736 τὰ
1376 3681 1518 3737 κατὰ
1557 3686 1684 3750 τοὺς
1721 3688 1808 3742 τό-

247 3774 376 3822 πους,
407 3763 498 3818 καὶ
529 3764 884 3836 παραθέσθαι
914 3766 982 3821 τὰ
1009 3769 1301 3840 εὑρεθέντα
1326 3775 1802 3846 παρατηρήματα.

251 3847 454 3938 ξομοίως
499 3855 558 3908 δὲ
609 3854 693 3927 τῷ
735 3857 948 3930 Μάρκῳ
994 3860 1089 3912 καὶ
1135 3861 1164 3913 6
1201 3863 1416 3925 Λουκᾶς
1446 3863 1538 3916 τοῦ
1582 3883 1600 3916 ι
1648 3867 1806 3938 Φωνὴ

246 3937 442 4029 bimo;
456 3947 514 3999 ἐν
536 3949 610 4019 τῇ
633 3949 730 4020 ὲρή
741 3967 844 4020 μῳ,
873 3969 892 4002 0
921 3951 1193 4022 μέμνηται
1223 3954 1330 4008 ἀπὸ
1355 3955 1485 4009 ίδίου
1507 3937 1814 4029 προσώπου

242 4028 407 4097 οὕτως·
437 4054 456 4088 ι
498 4033 757 4106 Ἐγένετο
787 4039 941 4111 ῥῆμα
966 4040 1103 4094 Θεοῦ
1145 4043 1239 4096 ἐπὶ
1287 4028 1560 4117 Ἰωάννην
1581 4046 1674 4100 τὸν
1701 4049 1805 4102 Ζα-

243 4123 409 4194 χαρίου
437 4127 549 4183 υἱὸν
579 4131 643 4182 ἐν
674 4133 739 4202 τῇ
771 4131 981 4204 ἐρήμῳ.
1023 4135 1134 4188 Καὶ
1163 4129 1328 4205 ἦλθεν
1365 4139 1446 4200 είς
1474 4138 1658 4193 πᾶσαν
1701 4156 1802 4192 πε-

245 4213 448 4288 ρίχωρον
481 4220 582 4274 τοῦ
638 4221 927 4293 Ἰορδάνου,
967 4226 1259 4298 κηρύσσων
1303 4227 1586 4300 βάπτισμα
1633 4247 1806 4301 μετα-

244 4307 365 4373 νοίας
397 4313 474 4376 είς
498 4313 702 4382 ἄτρεσιν
748 4315 1056 4388 ἁμαρτιῶν,
1082 4317 1159 4380 ὠς
1185 4318 1493 4389 γέγραπται
1538 4322 1597 4375 ὲν
1633 4321 1804 4394 βίδλῳ

243 4395 386 4503 λόγων
411 4397 639 4458 Ἡσαΐου
688 4405 782 4503 τοῦ
840 4409 1138 4481 προφήτου·
1190 4411 1349 4483 Φωνὴ
1379 4411 1608 4503 βοῶντος
1645 4416 1702 4468 ὲν
1729 4417 1796 4488 τῇ
1831 4447 1878 4503 D

244 4485 440 4562 ιρήμῳ·
502 4494 866 4564 Ἑτοιμάσατε
934 4498 1033 4570 τὴν
1088 4500 1204 4554 ὁδὸν
1274 4502 1519 4574 Κυρίου,
1582 4485 1800 4568 εὐθείας

247 4584 412 4635 autem
442 4585 544 4649 τὰς
568 4585 792 4656 τρίϐους
817 4588 1002 4643 αὐτοῦ.
1034 4609 1052 4641 ι
1082 4591 1362 4663 Προέθηκε
1381 4592 1492 4663 (24)
1522 4594 1580 4648 δὲ
1605 4596 1634 4649 6
1663 4598 1798 4650 Λου-

245 4669 326 4730 κᾶς
357 4674 444 4725 καὶ
476 4675 548 4727 τὰ
589 4674 720 4744 ἑξῆς
759 4677 858 4747 τῆς
905 4679 1273 4750 προφητείας·
1323 4700 1340 4732 ι
1380 4682 1537 4736 Πᾶσα
1579 4684 1798 4757 φάραγξ

245 4759 657 4838 πληρωθήσεται,
697 4768 792 4821 καὶ
831 4771 939 4824 πᾶν
970 4770 1116 4841 ὅρος,
1163 4771 1258 4825 καὶ
1305 4771 1490 4843 βουνὸς
1527 4792 1796 4832 ταπεινω-

247 4849 453 4920 θήσεται·
498 4858 601 4912 καὶ
649 4857 803 4912 ἔσται
845 4860 916 4914 τὰ
960 4861 1149 4917 σκολιά
1194 4865 1271 4928 είς
1317 4864 1553 4931 εὐθείας,
1603 4869 1697 4921 καὶ
1735 4869 1794 4922 αί

247 4949 461 5015 τραχεῖαι
508 4951 594 5013 εἰς
638 4950 794 5015 ὁδοὺς
824 4951 991 5015 λείας,
1023 4953 1120 5007 καὶ
1147 4953 1337 5023 ὄψεται
1363 4957 1514 5010 πᾶσα
1566 4955 1704 5028 σὰρξ
1733 4959 1796 5014 τὸ

248 5035 482 5105 σωτήριον
506 5039 606 5093 τοῦ
631 5040 800 5094 Θεοῦ·
833 5059 850 5090 0
883 5041 1086 5112 ὁμοίως
1113 5041 1192 5112 τῷ
1224 5041 1438 5114 Μάρκῳ
1471 5046 1798 5119 ἀναγράψας

244 5119 307 5173 τό·
337 5143 352 5174 ι
387 5128 611 5192 Εὐθείας
633 5133 835 5182 ποιεῖτε
864 5131 962 5194 τὰς
988 5130 1211 5202 τρίϐους
1230 5133 1420 5196 αὐτοῦ,
1457 5155 1474 5186 0
1509 5138 1796 5210 ὲπιτεμνό-

247 5227 396 5280 μενος,
423 5220 497 5282 ὡς
522 5223 954 5292 προειρήκαμεν,
985 5225 1072 5278 τό·
1121 5243 1139 5276 ι
1177 5226 1410 5290 Εὐθείας
1443 5233 1647 5283 ποιεῖτε
1695 5233 1794 5299 τὰς

244 5303 432 5372 τρίϐους
451 5309 548 5363 τοῦ
576 5311 711 5364 Θεοῦ
753 5312 932 5383 ἡμῶν.
973 5333 991 5366 ι
1041 5315 1185 5368 Ἀντὶ
1212 5317 1267 5368 δὲ
1293 5317 1409 5384 τοῦ,
1442 5339 1460 5370 ι
1496 5319 1606 5372 Καὶ
1635 5319 1787 5372 ἔσται

245 5396 394 5451 πάντα
435 5403 620 5458 σκολιὰ
671 5407 752 5468 εἰς
784 5405 1022 5470 εὐθείας,
1059 5425 1078 5457 0
1113 5409 1279 5479 χωρὶς
1323 5412 1418 5465 τοῦ
1461 5431 1478 5462 ι
1524 5412 1721 5476 πάντα,
1757 5430 1776 5464 0

300 5516 339 5596 ζ’
372 5517 553 5574 Matth.
581 5540 664 5596 Ill,
689 5524 739 5579 7.
779 5595 782 5596 ν
815 5527 860 5557 ⁷⁹
889 5525 1014 5578 ibid.
1172 5529 1223 5560 ⁸*
1242 5529 1408 5588 Marc.
1442 5548 1480 5596 t,
1503 5534 1554 5586 5.

245 5583 278 5610 ³⁸
305 5583 422 5641 Luc.
468 5607 551 5655 ιιι,
579 5583 698 5648 2-5.
773 5595 816 5626 ⁸⁸
849 5595 1050 5661 ibid-5.
1087 5594 1140 5650 δι

303 5703 398 5760 (21)
422 5707 492 5774 Ill
503 5708 729 5775 ϐέϐηκε.
770 5710 1076 5780 Lugendum
1103 5713 1425 5783 προσέθηκε.

1925 515 2144 584 ptisma,
2181 519 2380 574 dixerit
2426 520 2530 576 illis
2563 535 2579 574 :
2616 522 2966 594 «Progenies
3013 526 3322 595 viperarum
3359 526 3427 591 ⁷⁸.
3476 547 3494 582 0

1925 619 1980 664 et
2017 623 2136 678 quae
2165 622 2491 680 sequuntur,
2523 629 2861 685 consequens
2885 632 3006 670 cum
3036 618 3105 671 sit
3139 618 3379 686 primum
3407 635 3502 672 eos

1925 701 2313 773 interrogasse,
2348 714 2459 761 tum
2490 721 2617 762 vero
2648 709 2950 764 advenisse.
2981 709 3094 765 Hoc
3121 713 3286 766 etiam
3323 712 3502 767 obiter

1922 793 2318 852 observandum
2349 808 2454 864 est,
2489 798 2632 869 quod
2660 802 2986 858 exeuntibus
3026 812 3142 858 tum
3186 803 3495 876 Hierosoly-

1923 900 2031 953 ma,
2065 896 2176 943 tum
2225 898 2336 945 tota
2373 890 2576 962 Judma,
2611 904 2724 952 tum
2760 911 2897 953 vero
2931 906 3040 952 tota
3077 899 3299 966 regione
3330 899 3436 954 ﬂm-
3463 916 3495 946 ιι

1921 977 2141 1035 Jordani
2167 981 2515 1052 circumiecta
2547 987 2612 1052 η,
2644 1004 2740 1042 sua
2789 989 3031 1059 ipsorum
3057 1003 3282 1062 peccata
3323 995 3460 1046 conti

1923 1071 2184 1141 tentibus,
2239 1073 2494 1132 Matthteo
2537 1079 2741 1136 nullum
2793 1082 3012 1140 dicente
3059 1099 3154 1141 cos
3202 1086 3498 1140 verba-mn.

1921 1159 2166 1232 Baptista
2236 1165 2456 1224 audisse
2497 1170 2935 1242 objurgatorium
2996 1182 3050 1228 et
3085 1188 3363 1243 asperum,
3398 1175 3490 1228 sed

1921 1253 2067 1311 solos
2091 1254 2414 1328 Pharisaeos,
2439 1271 2494 1317 et
2527 1263 2875 1332 Saddut-aeos,
2899 1280 3099 1334 eosque
3130 1265 3492 1331 multos,cmn

1922 1343 2193 1411 venirent,
2245 1360 2574 1420 conspectos
2628 1353 2851 1407 audisse
2903 1354 3078 1410 illud:
3113 1373 3134 1407 ι
3191 1356 3492 1429 Progenies

1922 1433 2257 1504 viperarum,
2292 1459 2313 1492 0
2343 1449 2399 1496 et
2454 1457 2574 1511 quae
2617 1455 2942 1514 sequuntur,
2999 1447 3239 1504 Marcum
3296 1468 3495 1508 conse-

1920 1534 2152 1592 quenter
2180 1528 2248 1596 ⁸⁸,
2279 1531 2408 1600 quia
2461 1547 2567 1588 non
2621 1536 2914 1594 nominarit
2952 1538 3280 1608 Pharisaeos,
3313 1559 3494 1615 neque

1921 1612 2268 1687 Sadducazos,
2328 1621 2534 1676 nullum
2591 1624 3022 1696 objurgatorium
3076 1633 3303 1687 verbum
3359 1612 3488 1688 nar-

1922 1721 2048 1762 rare
2076 1708 2282 1766 dictum
2313 1711 2478 1768 fuisse
2530 1729 2559 1768 a
2609 1713 2818 1772 Joanne
2849 1718 2936 1774 his
2979 1720 3070 1789 qui
3099 1722 3164 1777 ad
3219 1739 3278 1779 se
3325 1738 3492 1781 vene-

1921 1813 2067 1872 runt,
2093 1820 2218 1860 cum
2246 1807 2609 1866 accessissent
2642 1811 2709 1866 ad
2765 1828 2887 1869 eum
2918 1823 3026 1870 tota
3057 1815 3246 1874 Iudaea.
3267 1834 3330 1876 ac
3361 1819 3492 1876 llic-

1922 1895 2250 1968 rosolymitte
2313 1915 2542 1968 omnes,
2611 1913 2668 1958 et
2730 1905 3145 1978 baptizarcntur
3197 1911 3266 1966 ab
3323 1927 3388 1968 eo
3438 1915 3492 1967 in

1925 1988 2082 2058 12⁵1
2123 1987 2378 2056 Jordaue,
2433 1992 2758 2050 conﬁtentes
2802 2010 3026 2065 peccata
3078 2015 3197 2056 sua.
3248 2002 3398 2068 Quin
3436 2016 3498 2060 es

1921 2080 2025 2133 hoc
2059 2078 2366 2134 necessario
2394 2081 2659 2138 addamus
2687 2094 2925 2152 oportet,
2968 2103 3162 2158 nempe
3205 2100 3492 2162 utrosque.

1918 2167 2232 2224 Matthaeum
2285 2171 2552 2227 videlicet.
2590 2181 2658 2228 et:
2682 2174 2947 2242 Marcum,
2983 2179 3166 2236 dicere
3202 2182 3272 2248 ⁸¹,
3321 2192 3490 2238 totam

1919 2261 2376 2332 Hierosolymam,
2409 2274 2688 2335 totamque
2713 2267 2976 2338 Juda-am,
3017 2288 3082 2327 ac
3128 2288 3344 2329 omnem
3377 2277 3490 2330 cir-

1916 2359 2244 2429 cumiectam
2294 2358 2548 2418 Jordanis
2600 2364 2896 2434 regionem,
2926 2365 3008 2420 vel
3045 2376 3210 2422 totam
3248 2367 3490 2425 Judaeum

1916 2449 2198 2521 regionem
2249 2462 2304 2508 et
2344 2452 2798 2525 Hierosolymitas
2835 2473 3024 2513 omnes
3067 2461 3315 2514 conﬁteri
3363 2478 3490 2528 pec-

1915 2549 2038 2595 cata
2070 2555 2166 2596 sua
2192 2558 2210 2610 ;
2240 2543 2335 2598 sed
2361 2559 2484 2598 cum
2517 2545 2800 2601 Mattbmus
2831 2549 2874 2580 ⁸³
2904 2549 3176 2604 induxerit
3213 2552 3500 2606 venientes,

1915 2632 1982 2688 ad
2017 2631 2289 2703 baptisma
2319 2634 2627 2693 Pharisaeos
2672 2647 2727 2694 et
2757 2639 3113 2705 Sadducteos,
3150 2659 3254 2696 nou
3305 2653 3500 2698 lamen-

1915 2723 2239 2783 conlitentes
2280 2737 2500 2796 peccata
2557 2744 2679 2792 sua,
2730 2730 3010 2800 probabile
3054 2748 3180 2789 esse
3211 2745 3372 2802 atque
3402 2752 3496 2789 ra-

1915 2816 2050 2874 tioni
2089 2830 2517 2876 consentaneum
2551 2831 2607 2874 ut
2646 2821 2784 2876 hanc
2815 2823 2884 2877 ob
2915 2838 3139 2878 causam
3169 2827 3442 2882 audierint
3470 2845 3495 2881 :.

1920 2923 1940 2960 ι
1977 2907 2274 2980 Progenies
2305 2910 2613 2979 viperarum
2642 2911 2708 2967 ⁸³.
2737 2931 2755 2964 0
2779 2912 3053 2968 Caeterum
3079 2930 3146 2968 ne
3173 2931 3272 2971 nos
3299 2916 3490 2970 existi-

1913 3015 2030 3058 mes
2058 3002 2374 3071 importune
2400 3018 2521 3073 qua?
2557 3017 2794 3072 quatuor
2828 3006 3176 3076 evangelislae
3206 3011 3484 3075 dixerunt,

1834 3102 1878 3162 ο
1909 3095 2232 3160 contulisse,
2285 3096 2630 3167 inquirentes
2679 3113 2802 3168 quae
2847 3101 3126 3168 pertinent
3162 3102 3228 3154 ad
3261 3118 3356 3157 eos
3393 3104 3500 3172 qui».

1912 3187 2062 3242 missi
2121 3186 2341 3242 fuerant
2398 3203 2466 3244 ex
2537 3189 2830 3246 Pharis-teis
2890 3201 2944 3246 et
3012 3191 3507 3264 interrogaverunt.

1907 3276 2192 3335 Joannem.
2239 3281 2371 3335 Nam
2411 3281 2457 3336 si
2491 3283 2630 3338 bene
2667 3283 3043 3350 adaptaritnus
3086 3285 3506 3341 Pltariszeot-um»

1909 3371 2390 3443 interrogationem
2414 3375 2673 3444 scriptam
2697 3378 2836 3446 apud
2853 3378 3178 3447 discipulum
3195 3379 3494 3448 Joannem,

1908 3462 2186 3534 baptismo
2223 3469 2463 3536 ipsorum
2499 3469 2677 3538 posito
2724 3471 2867 3537 apud
2904 3469 3241 3538 Mattltzeum,
3287 3489 3483 3528 consc-

1908 3571 2084 3625 quens
2108 3569 2229 3614 erat
2255 3561 2531 3630 inquirere
2558 3576 2679 3630 qua:
2703 3561 2768 3614 ad
2805 3561 2919 3618 haec
2951 3563 3064 3618 loca
3096 3566 3258 3619 etiam
3291 3567 3504 3619 intelli-

1907 3650 2080 3719 genda
2110 3653 2478 3722 pertinebant,
2512 3662 2565 3708 et
2601 3668 2734 3724 quas
2775 3655 3175 3710 iurenissemns
3215 3659 3482 3710 observa-

1907 3739 2083 3796 tiones
2110 3742 2329 3796 adderc.
2361 3741 2608 3796 Meminit
2632 3750 2818 3796 autem
2841 3741 3034 3808 Lucas,
3063 3745 3288 3813 perinde
3313 3755 3483 3814 atque

1908 3828 2144 3897 Marcus,
2194 3847 2262 3887 ex
2306 3847 2540 3902 persona
2595 3833 2836 3902 propria,
2905 3847 3092 3889 eorum
3147 3837 3490 3893 verborum:

1912 3941 1933 3977 ι
1986 3923 2101 3980 Vox
2144 3925 2430 3982 clamantis
2476 3927 2531 3982 in
2586 3929 2834 3992 deserto,
2871 3946 2892 3982 0
2927 3927 3070 3983 lmuc
3113 3929 3165 3983 iu
3212 3930 3482 3985 modum:

1911 4033 1933 4068 ι
1965 4017 2191 4073 Factum
2221 4031 2307 4076 est
2329 4021 2555 4076 verbum
2591 4021 2801 4077 Domini
2827 4023 2893 4076 ad
2915 4019 3179 4076 Joannem
3203 4021 3482 4078 Zachariae

1906 4108 2080 4166 illium
2104 4111 2158 4166 in
2185 4111 2428 4168 deserto.
2455 4113 2522 4168 Et
2549 4114 2698 4167 venit
2729 4115 2782 4166 in
2807 4128 3021 4168 omnem
3049 4114 3324 4182 regionem
3359 4115 3480 4166 liui-

1907 4205 2095 4260 timam
2143 4203 2392 4272 Jordani,
2439 4206 2746 4275 praedicans
2777 4205 3105 4276 baptismum
3147 4208 3480 4276 paenitentiae

1906 4298 1958 4354 in
1990 4298 2370 4354 remissionem
2409 4308 2786 4368 peccatorum,
2825 4299 2969 4354 sicut
2999 4300 3260 4369 scriptum
3298 4309 3377 4354 est
3420 4301 3477 4354 in

1904 4389 2045 4448 libro
2074 4404 2388 4446 sermonum
2427 4388 2579 4445 Isaiae
2604 4389 2882 4459 propheta:
2911 4390 3144 4444 dicentis
3169 4407 3185 4443 :
3233 4390 3343 4444 Vox
3371 4390 3479 4444 cla-

1903 4483 2107 4539 mantis
2143 4484 2200 4538 in
2233 4483 2494 4540 deserto:
2525 4481 2722 4537 Parate
2748 4483 2894 4536 viam
2928 4480 3164 4544 Domini,
3198 4488 3374 4534 ret-tas
3397 4479 3476 4532 fa-

1900 4575 2008 4630 cite
2035 4574 2263 4630 semitas
2291 4573 2410 4642 ejus
2452 4572 2520 4628 “.
2559 4589 2578 4624 0
2617 4571 2844 4626 Addidit
2894 4572 3058 4627 etiam
3110 4570 3283 4625 Lucas
3332 4572 3477 4639 quod

1903 4666 2172 4734 reliquum
2199 4673 2318 4723 erat
2343 4664 2643 4735 prophetia:
2677 4679 2694 4718 :
2737 4663 2983 4718 «Omnis
3024 4661 3180 4715 vallis
3219 4660 3474 4732 implebi-

1899 4766 2010 4822 tur,
2040 4765 2095 4813 et
2124 4757 2304 4811 omnis
2336 4773 2510 4822 mons,
2533 4767 2588 4811 et
2618 4757 2773 4812 collis
2793 4755 3050 4811 reddetur
3077 4755 3318 4819 humilis,
3355 4770 3477 4811 vera

1899 4859 2191 4920 teriturque
2221 4849 2452 4904 distorta
2481 4850 2531 4904 in
2563 4851 2680 4908 vias
2713 4860 2928 4914 rectas,
2949 4859 3004 4904 ct
3037 4864 3246 4918 aspera:
3277 4849 3374 4904 vice
3416 4848 3474 4903 in

1897 4943 2105 5014 planas,
2145 4943 2458 5011 videbitque
2503 4943 2681 4997 omnis
2731 4955 2864 4998 caro
2916 4942 3164 4998 salutare
3202 4942 3294 4996 Dei
3327 4941 3373 4972 ⁸⁸
3400 4958 3415 5005 ;
3447 4947 3503 4992 0‘

1895 5036 2119 5106 perinde
2166 5044 2327 5104 atque
2361 5033 2608 5097 Marcus,
2645 5049 2768 5089 cum
2809 5035 3165 5104 scripsisset:
3208 5049 3228 5085 ι
3273 5030 3476 5086 Rectus

1896 5129 2058 5182 facile
2108 5129 2334 5183 semitas
2377 5125 2516 5195 ejus,
2557 5144 2580 5177 0.
2626 5127 2940 5190 decurtans,
2991 5133 3050 5179 ut
3096 5122 3470 5192 prandimus,

1898 5222 2027 5275 illud
2056 5240 2071 5276 :
2107 5240 2124 5272 ι
2167 5221 2363 5276 lict-tas
2395 5220 2558 5276 facite
2585 5219 2815 5274 semitas
2847 5218 2938 5274 Dei
2978 5219 3177 5273 nostri.
3218 5235 3238 5270 0
3273 5217 3327 5271 In
3365 5217 3471 5272 illis

1897 5329 2026 5368 vero
2061 5315 2272 5370 verbis:
2301 5333 2318 5364 ι
2350 5314 2412 5367 Et
2437 5320 2599 5367 erunt
2631 5312 2814 5366 omnia
2837 5309 3056 5380 obliqua
3092 5311 3144 5365 in
3180 5318 3410 5376 rectum,
3443 5329 3463 5362 0

1897 5423 2086 5463 vocem
2125 5425 2142 5458 ι
2180 5408 2360 5460 omnia
2400 5427 2420 5458 0
2459 5405 2832 5476 prretcrmisit,
2887 5403 3121 5474 plurium
3165 5403 3327 5478 etiam
3370 5418 3470 5458 nu-

1635 5535 1676 5565 “
1708 5533 1812 5588 Mat

1922 5547 2005 5597 ιιι,
2037 5532 2091 5598 5,
2122 5529 2188 5595 6;
2217 5528 2379 5582 Marc.
2415 5543 2452 5594 ι,
2487 5526 2541 5580 5.
2629 5528 2674 5558 ⁸²
2699 5527 2829 5597 Cap.
2863 5542 2944 5594 ιιι,
2983 5525 3182 5582 vers.7.
3259 5520 3302 5550 ⁸³
3328 5525 3467 5583 ibid.
