4020 6216
351 319 461 375 επ

1416 320 1775 378 (ΖΟΜΜΕΝΤ.
1814 319 1879 375 ΙΝ
1921 318 2113 377 ιοΑΝ.
2151 317 2395 376 TUMUS
2438 317 2526 375 Vi.

3515 317 3622 371 250

350 435 386 488 6
414 434 661 506 γεωργὸς
706 435 924 508 πρῶτον
966 435 1028 488 τὸ
1075 434 1324 504 ἐνεγκεῖν
1371 435 1519 507 αὐτῷ
1542 437 1671 500 τοὺς
1720 433 1930 489 ἐπιϐάλ-

2051 448 2157 487 non
2189 447 2350 503 posse
2375 431 2700 495 videbimus,
2745 437 2804 482 ut
2851 429 2903 482 id
2945 427 3088 497 quod
3131 440 3304 496 nuper
3342 426 3516 482 excoli
3551 431 3624 484 sit

352 531 549 590 Αοντας
575 529 820 599 καρποὺς
840 527 900 580 τὸ
923 527 1223 600 ἀρχόμενον
1249 527 1524 598 γεωργίας
1549 527 1682 596 (50)·
1711 524 1936 596 ὕστερον

350 616 465 688 ὀδῷ
487 618 576 671 διὰ
612 619 721 671 τῶν
752 619 1070 690 πρεπόντων
1110 621 1390 690 γεωργικῇ
1443 619 1758 689 καθαρσίων
1800 616 1937 688 μετὰ

348 709 482 772 τοὺς
520 707 737 770 ὁποίους
773 707 976 778 δήποτε
1019 709 1268 780 καρποὺς
1313 709 1619 781 ληψόμενος
1666 708 1760 761 καὶ
1803 723 1937 778 καρ-

350 796 491 858 ποὺς
516 796 732 860 καλούς.
763 797 874 852 Καὶ
908 798 937 850 6
967 797 1133 868 νόμος
1155 799 1213 852 δέ
1237 798 1410 871 ταύτῃ
1444 801 1513 870 τῇ
1547 798 1740 869 ἐκδοχῇ
1775 797 1934 869 ήμῶν

351 890 626 959 μαρτυρεῖ
662 886 836 956 λέγων
877 887 990 942 δεῖν
1016 889 1108 944 τὸν
1148 892 1490 960 φυτεύσαντα
1528 889 1641 959 (51)
1681 888 1810 960 τρία
1837 887 1933 960 ἐτη

348 980 529 1030 ποιεῖν
558 978 1005 1052 ἀπερικάθαρτον
1042 980 1220 1036 ἐῶντα
1255 981 1318 1034 τὸ
1361 980 1786 1052 πεφυτευμένον,
1833 981 1936 1034 οὐκ

352 1066 683 1138 ἐσθιομένων
705 1069 874 1124 αὑτοῦ
903 1071 1013 1124 τῶν
1038 1072 1290 1144 καρπῶνο
1331 1091 1350 1124 ι
1376 1073 1516 1144 Τρία
1537 1091 1557 1124 ι
1591 1072 1721 1143 γάρ,
1745 1073 1934 1143 φησὶν,

320 1173 331 1252 ᾖ
357 1177 380 1212 σ
541 1163 671 1232 ὑμῖν
697 1165 726 1216 6
754 1163 972 1236 καρπὸς
999 1165 1459 1238 άπερικάθαρτος,
1486 1166 1548 1218 οὐ
1572 1165 1932 1236 βρωθήσεται·

350 1250 431 1322 τῷ
462 1251 521 1305 δὲ
563 1253 810 1327 τετάρτῳ
858 1255 967 1308 ἐτει
1000 1255 1155 1311 ἔσται
1189 1259 1299 1320 πᾶς
1329 1259 1359 1311 6
1403 1257 1615 1328 καρπὸς
1647 1255 1822 1324 ἅγιος,
1851 1257 1937 1309 al-

351 1345 504 1409 νετδς
523 1344 603 1417 τῷ
629 1347 836 1418 Κυρίῳ.
870 1366 888 1399 ι
921 1347 1175 1417 Εὺλόγως
1209 1348 1390 1402 τοίνυν
1425 1348 1564 1420 πρὸς
1595 1348 1721 1410 τοὺς
1747 1345 1938 1416 ὄχλους

351 1438 522 1510 χωρὶς
551 1439 651 1510 τῆς
678 1438 772 1493 τοῦ
799 1439 966 1494 καλοῦ
1012 1439 1336 1512 προσθήκης
1366 1440 1609 1509 λέγεται·
1648 1458 1666 1490 ι
1701 1439 1818 1493 Πᾶν
1843 1435 1937 1492 οὖν

350 1528 569 1601 δένδρον
610 1531 685 1602 μή
712 1530 898 1585 ποιοῦν
934 1531 1148 1602 καρπὸν
1195 1532 1549 1595 ἐκκόπτεται,
1595 1531 1689 1584 καὶ
1722 1531 1802 1592 είς
1825 1529 1936 1601 πῦρ

353 1616 623 1688 βάλλεται’
651 1640 670 1673 ι
700 1622 810 1675 Καὶ
837 1621 899 1674 τὸ
927 1622 1020 1674 ἐπὶ
1049 1621 1230 1673 πλεῖον
1251 1621 1307 1675 δέ
1334 1621 1498 1692 φέρον
1521 1621 1730 1692 καρπὸν
1750 1621 1935 1692 ὅμοιον

348 1712 417 1780 τῇ
449 1710 612 1782 άρχῇ,
636 1711 854 1784 δένδρον
891 1712 1156 1784 τυγχάνον
1189 1713 1264 1785 μὴ
1295 1714 1483 1767 ποιοῦν
1507 1713 1718 1784 καρπὸν
1747 1711 1930 1779 καλὸν,

2044 532 2306 594 emptum,
2337 522 2554 576 etiamsi
2599 519 2913 586 fruetiﬁcet,
2947 518 3153 588 primos
3183 517 3376 572 all'erat
3413 518 3624 572 fructus

2043 613 2235 668 bonos.
2252 615 2662 684 Contentusque
2677 623 2760 668 est
2773 612 3009 681 agricola
3031 612 3258 680 primam
3278 610 3492 663 arboris
3512 612 3624 662 cul-

2045 723 2228 768 turam
2246 711 2634 766 convenientes
2664 707 2874 762 fructus
2897 705 3162 774 proferre,
3199 713 3309 757 tum
3345 717 3474 777 vero
3495 721 3623 773 pro-

2042 803 2273 858 cedente
2322 811 2601 870 tempore,
2658 809 2780 870 post
2841 796 3002 868 129
3051 797 3150 852 llos
3205 795 3618 864 qualescunque

2042 896 2272 958 fructus,
2300 904 2622 964 sumpturus
2655 892 2820 946 etiam
2868 889 3081 944 fruetus
3121 889 3312 954 bonos,
3359 889 3626 943 adhibitis

2041 987 2454 1058 purgationibus
2484 982 2832 1054 agriculturae
2862 980 3337 1036 convenientibus.
3362 980 3504 1046 Quin
3539 981 3624 1033 lex

2041 1081 2206 1134 etiam
2243 1078 2371 1133 huic
2405 1088 2607 1132 nostra!
2659 1073 3034 1142 intelligentiae
3072 1080 3365 1126 attestatur
3396 1073 3585 1126 dicens
3609 1111 3625 1134 ,

2041 1181 2299 1240 Oportere
2325 1186 2450 1224 eum
2489 1168 2580 1237 qui
2617 1167 2946 1236 plantaverit
2976 1166 3344 1234 itupurgatum
3385 1164 3624 1219 triennio

2044 1261 2230 1315 sinere
2264 1260 2411 1332 quod
2440 1261 2798 1330 plantaverit,
2847 1272 2955 1311 non
3000 1256 3232 1334 comesis
3263 1257 3338 1309 rei
3370 1256 3624 1324 plantane

2046 1353 2353 1408 fructibus:
2404 1373 2423 1406 ι
2469 1353 2831 1414 Treswuitu,
2891 1349 3069 1417 inquit
3118 1348 3420 1412 ",tauuos
3472 1349 3624 1403 vobis

2044 1445 2255 1500 fructus
2287 1447 2631 1514 iutpurgatus
2665 1459 2770 1497 non
2807 1441 3124 1497 contedetur
3158 1456 3174 1504 ;
3210 1449 3406 1508 quarto
3441 1449 3619 1492 autem

2043 1551 2190 1589 attuo
2235 1535 2343 1590 erit
2394 1535 2572 1589 omnis
2619 1534 2834 1588 fructus
2895 1541 3136 1592 sanctus,
3186 1529 3471 1583 laudabilis
3518 1531 3623 1583 Do-

2042 1626 2212 1679 tniuo.
2251 1644 2269 1677 ι
2308 1623 2441 1677 Jure
2478 1640 2611 1692 ergo
2641 1625 2707 1676 ad
2738 1623 2926 1677 turbas
2949 1622 3155 1689 absque
3187 1621 3468 1674 additione
3494 1621 3621 1675 boui

2038 1714 2282 1768 dicitur:
2323 1730 2342 1764 ι
2377 1711 2571 1768 Omnis
2621 1711 2790 1782 igitur
2833 1711 2999 1764 arbor
3043 1725 3164 1778 qua:
3193 1724 3299 1762 non
3343 1707 3468 1762 facit
3501 1707 3620 1763 fru-

349 1801 698 1868 ἐκκόπτεται,
745 1803 838 1857 καὶ
879 1805 960 1866 είς
988 1803 1100 1874 πῦρ
1141 1803 1422 1874 βάλλεται·
1459 1804 1616 1867 ἐπάν,
1659 1802 1928 1873 ἐνστάσης

2038 1815 2196 1864 ctum.
2257 1803 2602 1859 exsciuditur
2647 1809 2702 1858 et
2747 1803 2800 1855 itt
2847 1801 3024 1870 ignem
3061 1798 3352 1868 conjicitur
3381 1800 3427 1832 κ
3454 1816 3470 1866 ;
3501 1819 3522 1853 ι
3556 1811 3610 1856 ιιι

346 1892 446 1962 τῆς
481 1894 623 1963 μετᾶ
651 1894 751 1965 τὴν
775 1895 967 1966 τριάδα
992 1896 1319 1965 εἰσαγωγῆς,
1352 1897 1410 1948 ἐν
1435 1898 1500 1966 τῇ
1528 1896 1744 1967 τετράδι
1772 1896 1929 1964 γενό-

350 2001 511 2054 μενος
557 1986 632 2056 μὴ
685 1990 813 2058 ποιῇ
853 1988 1064 2059 καρπὸν
1110 1989 1284 2055 ἇγιον,
1333 1989 1545 2042 αἰνετὺν
1585 1988 1668 2059 τῷ
1715 1988 1928 2061 Κυρίῳ.

346 2073 538 2129 Ταῦτα
562 2075 622 2129 δὲ
649 2077 844 2141 πάντα,
871 2079 917 2130 εί
939 2078 1032 2131 καὶ
1068 2078 1208 2148 μετὰ
1235 2079 1631 2150 παρεκϐάσεως
1655 2080 1768 2149 (σε)
1799 2081 1932 2149 ἡμῖν

342 2166 599 2237 εἰρῆσθαι
647 2168 794 2222 δοκεῖ
820 2170 1270 2241 παρατιθεμένοις
1309 2171 1406 2224 καὶ
1438 2170 1507 2224 τά
1548 2170 1656 2223 ἀπὸ
1689 2170 1795 2225 τῶν
1824 2170 1934 2224 λοι-

342 2255 467 2309 πῶν
506 2259 869 2328 Εὐαγγελίων,
895 2261 996 2315 οὐκ
1025 2262 1229 2334 ἄκαιρα
1261 2261 1321 2315 δέ
1351 2262 1476 2334 ἐμοὶ
1509 2263 1779 2331 φαίνεται,
1810 2263 1932 2317 οὐδὲ

340 2347 602 2420 ἀλλότρια
635 2350 737 2421 τῆς
780 2352 1139 2425 ἐνεστηκυίας
1185 2353 1452 2424 σκέψεως.
1491 2356 1776 2426 Φαρισαῖοι
1810 2355 1922 2426 γὰρ

341 2437 736 2498 ἀποστέλλουσι
791 2441 928 2511 πρὸς
985 2443 1078 2497 τὸν
1141 2443 1392 2514 Ἰωάννην
1449 2445 1587 2515 μετά
1640 2445 1768 2508 τοὺς
1822 2444 1932 2499 ἀπὸ

351 2527 742 2602 Ἰεροσολύμων
782 2534 948 2603 ἱερεῖς
990 2535 1086 2589 καὶ
1131 2535 1370 2604 λευῒτας,
1411 2535 1762 2606 πεμφθέντας
1793 2537 1931 2606 ἐρω-

341 2618 508 2687 τῆσαι
534 2622 696 2676 αὑτὸν
721 2623 870 2688 ὅστις
905 2625 1014 2696 εἴη,
1049 2625 1418 2692 ἐξετάζοντες·
1465 2647 1482 2678 ι
1513 2627 1578 2680 Τί
1607 2623 1700 2681 οὖν
1733 2625 1928 2697 βαπτί-

340 2708 478 2774 ζεις,
503 2713 552 2765 εί
583 2713 647 2766 σὺ
672 2715 774 2768 οὐκ
799 2711 850 2768 εἷ
870 2718 899 2769 6
928 2717 971 2768 Χ
981 2717 1184 2786 ριστὺς,
1209 2718 1333 2772 ουδὲ
1366 2718 1572 2783 Ἠλίας,
1604 2717 1726 2772 οὺδέ
1749 2719 1778 2771 6
1803 2734 1931 2790 προ-

340 2803 561 2874 νήτης
601 2823 620 2857 ι
673 2807 770 2866 καὶ
807 2807 1160 2872 ἐξετάσαντες
1212 2809 1446 2865 ἐνταῦθα
1474 2811 1600 2882 ἐξῆς
1633 2810 1931 2882 παραγινό-

339 2908 445 2963 μεν
475 2911 497 2950 ι
559 2894 964 2968 βιπτισάμενοι,
1030 2899 1108 2964 ὡς
1176 2902 1206 2954 6
1264 2900 1544 2965 Ματθαῐος
1601 2902 1926 2972 ἀναγράφει,

335 2986 597 3040 ἀκούουσι
626 2987 683 3042 δὲ
725 2990 795 3042 τὰ
832 2989 1142 3060 ἁρμόζοντα
1181 2991 1362 3046 αὐτῶν
1402 2995 1469 3064 τῇ
1511 2993 1804 3067 ἀλαζονείᾳ
1835 2995 1930 3048 καὶ

2031 1914 2152 1968 quae
2186 1897 2388 1951 diutius
2431 1898 2671 1951 fructum
2713 1895 2821 1948 l'ert
2863 1893 3134 1964 principio
3178 1893 3437 1957 similem,
3490 1908 3615 1947 cum

2031 1992 2102 2046 sit
2139 1991 2305 2043 arbor
2325 2005 2448 2060 qua:
2476 2004 2586 2043 non
2613 1989 2744 2042 facit
2769 1987 3006 2041 fructum
3042 1985 3271 2052 bonum,
3300 1985 3617 2040 escinditur

2033 2089 2084 2134 et
2111 2078 2166 2133 in
2194 2079 2376 2148 ignem
2413 2077 2675 2142 mittitur,
2723 2075 3188 2145 quandoquidem,
3244 2084 3365 2144 post
3392 2075 3616 2131 triennii

2034 2171 2333 2235 culturam,
2388 2170 2440 2224 in
2494 2185 2639 2224 anno
2676 2178 2877 2237 quarto
2904 2183 3013 2221 non
3063 2165 3192 2220 facit
3225 2166 3460 2222 fructum
3487 2183 3614 2222 san-

2033 2272 2206 2325 ctum,
2258 2261 2585 2315 laudabilem
2649 2259 2904 2314 Domino.
2969 2258 3096 2312 llzec
3150 2267 3334 2313 autem
3402 2259 3612 2326 omnia,

2009 2353 2282 2424 quamvis
2322 2369 2419 2421 per
2453 2351 2848 2422 digressionem
2875 2349 3168 2404 videantur
3195 2366 3225 2402 a
3259 2349 3416 2404 nobis
3448 2350 3616 2414 dicta,

2031 2445 2479 2513 comparantibus
2505 2444 2671 2497 etiam
2706 2457 2826 2511 qua:
2853 2452 3050 2494 caetera
3081 2440 3372 2509 Evangelia
3407 2441 3615 2509 dicant,

2032 2551 2139 2589 non
2172 2535 2485 2602 importune
2513 2545 2693 2586 tamen
2730 2531 2928 2595 ascita,
2961 2545 3138 2599 neque
3183 2532 3360 2585 aliena
3400 2547 3428 2583 a
3479 2547 3618 2602 pta-

2030 2627 2168 2682 senti
2222 2626 2668 2682 ceusidcratioue
2711 2624 2920 2694 judicio
2975 2633 3101 2678 sunt
3153 2639 3296 2680 meo.
3352 2623 3616 2680 Pharisai

2028 2721 2174 2775 enim
2213 2720 2437 2774 mittunt
2469 2720 2534 2773 ad
2558 2717 2825 2773 Joannem
2865 2728 2988 2788 pest
3021 2720 3338 2772 sacerdotes
3365 2727 3418 2772 ct
3479 2717 3616 2772 leti-

2032 2821 2115 2867 tas
2176 2812 2244 2865 ab
2305 2808 2695 2880 Hierosolymis
2747 2809 2966 2875 missos,
3023 2809 3090 2861 ad
3152 2809 3606 2879 interrogandum

2031 2902 2207 2972 ipsum
2240 2901 2492 2971 quisnam
2529 2908 2695 2962 esset,
2744 2898 3147 2968 interrogantes
3195 2915 3208 2952 :
3247 2916 3267 2950 ι
3313 2898 3453 2964 Quid
3485 2912 3618 2968 ergo

2031 2991 2297 3062 baptizas.
2341 2991 2386 3046 si
2438 3001 2494 3043 tu
2528 3005 2631 3044 non
2675 3004 2736 3044 es
2769 2988 2858 3043 ille
2897 2988 3166 3050 Christus.
3212 3004 3392 3058 neque
3440 2989 3616 3052 Elias,

340 3078 652 3149 ὑποκρίσει.
702 3081 854 3135 Ἐπεὶ
890 3082 948 3136 δὲ
983 3084 1147 3154 ὃμοια
1177 3080 1244 3156 ἦν
1289 3084 1357 3138 τὰ
1397 3083 1611 3150 τούτοῖς
1660 3086 1928 3158 είρημένα

2038 3099 2208 3154 neque
2262 3082 2353 3137 ille
2401 3080 2665 3152 prephcta
2711 3079 2754 3112 ’7
2795 3079 2818 3133 ?
2859 3097 2877 3131 ι
2910 3093 3146 3149 cumque
3186 3080 3619 3151 interrogassent

337 3173 454 3234 τοῖς
491 3145 812 3242 ⁷λεγομένοις
859 3173 996 3244 πρὸς
1018 3145 1159 3240 τοὺς
1200 3145 1414 3248 δχλους,
1465 3145 1637 3250 ἐχρήν
1679 3145 1930 3249 τήνιτιῖιν

2038 3179 2139 3232 hoe
2190 3175 2243 3230 itt
2287 3175 2432 3240 loco,
2487 3173 2751 3240 deinceps
2803 3171 3032 3240 proiecti
3077 3183 3135 3226 ttt
3178 3173 3614 3242 baptizareutur,

342 3260 524 3331 ῥητῶν
559 3262 846 3336 σύγκρισιν
874 3267 969 3320 καὶ
1004 3267 1303 3340 σαφήνειαν
1333 3269 1666 3342 ποιήσασθαι
1685 3287 1700 3302 ’
1732 3265 1813 3327 ὧν
1842 3288 1930 3340 γι-

340 3351 582 3420 νομένων
631 3351 852 3409 πλείονα
893 3356 1176 3428 ἀπῄτησεν
1208 3359 1319 3430 (55)
1370 3361 1519 3431 ήμᾶς
1560 3363 1594 3432 ή
1638 3361 1930 3417 ἀκολουθία

341 3441 638 3514 θεωρῆσαι.
670 3447 793 3500 Ἔτι
820 3447 877 3500 δὲ
906 3449 999 3502 δια)¹
1022 3450 1197 3506 ταῦτα
1219 3454 1335 3517 τοῖς
1365 3453 1676 3524 είρημένοις
1701 3453 1930 3518 δεόντως

345 3535 726 3608 προσθήσομεν
750 3538 870 3609 (54)
895 3540 990 3594 δύο
1015 3542 1275 3614 τάγματα
1309 3546 1639 3616 πεμπόντων
1674 3545 1828 3618 παρά
1851 3545 1930 3616 τῷ

357 3625 576 3698 Ἰωάννῃ
628 3629 1060 3702 ἀναγέγραπται,
1109 3633 1170 3688 ἓν
1223 3636 1322 3706 μὲν
1365 3637 1638 3692 Ἰουδαίων
1666 3637 1777 3690 τῶν
1819 3635 1930 3691 άπὸ

354 3715 746 3790 Ἰεροσολύμων
771 3721 1212 3778 ἀποστελλόντων
1240 3727 1404 3795 ἱερεῖς
1430 3727 1524 3781 καὶ
1561 3727 1792 3790 λευΐτας’
1813 3725 1929 3779 ἐτε-

343 3824 438 3879 ρον
465 3810 522 3863 δέ
550 3811 861 3883 Φαρισαίων
891 3817 1312 3887 ἐπαπορούντων
1331 3819 1418 3873 διὰ
1437 3821 1492 3872 τί
1513 3817 1784 3889 βαπτίζει.
1817 3818 1929 3871 Καὶ

340 3902 784 3973 ἀποδεδώκαμεν,
813 3908 896 3962 ὅτι
923 3907 1063 3978 μετὰ
1085 3909 1186 3980 τὴν
1215 3910 1409 3963 πεῦσιν
1431 3912 1482 3962 ol
1514 3912 1794 3981 Φαρισαῖοι
1826 3925 1930 3963 πα.-

343 3996 653 4065 ραγίνονται
683 3999 1071 4072 βαπτισόμενοι
1093 4004 1230 4074 (55).
1253 4005 1467 4076 Μήποτ⁹
1486 3985 1580 4058 οὖν
1604 4005 1708 4076 πρὸ
1725 4004 1930 4059 τούτων

338 4089 390 4138 οἰ
424 4089 527 4159 πρὸ
550 4089 752 4144 τούτων
773 4093 1196 4160 ἀποστείλαντες
1220 4097 1333 4151 άπὸ
1369 4095 1760 4170 Ἰεροσολύμων
1802 4097 1932 4150 Ἰου-

338 4177 481 4232 δαῖοι
512 4182 942 4256 παραδεξάμενοι
969 4189 1098 4252 τοὺς
1144 4188 1393 4243 Ἰωάννου
1418 4189 1632 4257 λόγους,
1666 4189 1761 4242 am
1793 4189 1928 4260 πρό-

337 4283 490 4339 τεροι
516 4271 622 4323 τῶν
637 4273 948 4344 Φαρισαίων
979 4279 1316 4349 πέμψαντες,
1344 4279 1440 4332 καὶ
1461 4279 1718 4350 πρότεροι
1747 4277 1929 4350 ἔρχον-

337 4377 452 4414 ται.
500 4361 850 4437 Ἱεροσόλυμα
868 4369 996 4441 γὰρ,
1025 4373 1175 4424 πᾶσα
1209 4371 1462 4435 Ἰουδαία,
1495 4369 1591 4424 καὶ
1613 4370 1925 4435 ἀκολούθως

2033 3278 2092 3324 ιιι
2120 3266 2311 3322 scribit
2339 3264 2634 3319 Matthmus
2663 3263 2735 3328 ³⁸,
2776 3264 3004 3317 audiunt
3033 3265 3412 3320 convenientia
3453 3263 3614 3321 faustai

2030 3369 2084 3416 et
2113 3355 2452 3414 simulationi
2479 3371 2611 3411 suae.
2647 3353 2820 3409 Porro
2845 3355 3103 3424 quoniam
3136 3354 3220 3409 his
3247 3355 3436 3409 eadem
3475 3355 3614 3422 fere,

2031 3466 2158 3520 qua:
2193 3449 2371 3505 turbis
2404 3447 2548 3502 dicta
2600 3445 2844 3509 fuerant,
2891 3444 3243 3515 postulabant
3291 3445 3404 3498 haec
3444 3444 3614 3500 colla-

2033 3542 2234 3597 tionem
2262 3549 2428 3611 atque
2457 3539 2930 3609 explanationem,
2962 3551 3084 3605 qua:
3107 3537 3234 3590 dum
3271 3535 3424 3602 ﬁunt,
3463 3536 3614 3604 plura

2030 3632 2292 3705 compulit
2320 3645 2420 3686 nos
2447 3629 2840 3699 consequentia
2875 3643 3055 3682 rerum
3096 3626 3476 3681 considerare.
3521 3624 3618 3678 llis

2032 3725 2262 3792 insuper
2322 3735 2449 3790 qua:
2495 3718 2737 3772 diximus
2786 3716 3102 3770 necessario
3160 3715 3288 3766 illud
3333 3714 3616 3776 addemus,

2029 3811 2295 3867 Joannem
2338 3809 2588 3864 scribere
2635 3807 2773 3860 duos
2807 3803 3030 3860 ordines
3073 3818 3200 3858 esse
3244 3803 3614 3857 tuittcutium:

2031 3902 2262 3956 alterum
2291 3898 2510 3968 quidem
2533 3895 2853 3952 Judworum
2887 3894 3218 3948 mittentiqu
3255 3894 3322 3948 ab
3358 3892 3616 3948 Hieroso-

2033 3992 2193 4063 lymis
2219 3991 2534 4046 sacerdotes
2575 3997 2633 4042 et
2672 3985 2896 4041 Levitas
2927 3987 2974 4018 θ’
3001 4003 3016 4052 ;
3047 3985 3278 4040 alterum
3310 4001 3442 4039 vero
3468 3985 3616 4040 Pha-

2032 4083 2313 4136 risaeorum
2341 4078 2779 4134 addubitautium
2821 4094 2990 4147 quare
3030 4077 3270 4145 baptizet
3312 4076 3352 4132 ²¹.
3417 4075 3615 4130 Tradi-

2030 4173 2208 4227 tliutus
2239 4172 2407 4227 etiam
2444 4170 2755 4225 Pharistcos
2795 4179 2917 4240 post
2966 4169 3450 4238 interrogationem
3490 4184 3617 4236 pro-

2030 4265 2201 4320 fectos
2230 4263 2398 4319 fuisse
2426 4273 2484 4319 ut
2509 4264 2941 4334 baptizareutur.
2972 4261 3207 4316 Proinde
3227 4261 3366 4324 vide,
3393 4277 3459 4314 ne
3477 4261 3616 4314 forte

2028 4357 2198 4414 Judaei
2230 4359 2320 4428 qui
2351 4367 2480 4412 aute
2510 4357 2816 4413 Pharismos
2867 4355 3136 4410 miserant
3185 4353 3258 4407 ab
3302 4351 3614 4423 Hierosoly-

338 4451 560 4550 ⁶πᾶσαν)
598 4455 903 4527 περίχωρος
939 4457 1033 4512 τοῦ
1078 4460 1343 4530 Ἰορδάνου
1379 4461 1734 4526 ἐϐαπτίζοπο
1763 4463 1822 4516 ἐν
1847 4461 1925 4532 τῷ

2038 4452 2158 4514 mis,
2188 4451 2427 4505 admissa
2454 4447 2687 4504 Joannis
2717 4447 2992 4510 oratione,
3025 4445 3151 4515 quia
3187 4444 3396 4512 priores
3423 4443 3616 4496 l’hari-

354 4542 595 4617 Ἰορδάνῃ
649 4548 879 4619 ποταμῷ
930 4550 1022 4604 ὑπ’
1065 4552 1251 4615 αὑτοῦ,
1303 4552 1794 4624 ἐξομολογούμενοι.
1827 4552 1926 4616 τὰς

340 4633 619 4705 ἁμαρτίας
647 4639 846 4693 αὐτῶν·
865 4640 919 4710 ἢ,
949 4641 1025 4706 ὡς
1049 4643 1078 4694 6
1103 4644 1316 4708 Λουκᾶς
1337 4661 1501 4715 φησιν
1523 4643 1658 4714 (36)·
1701 4663 1720 4695 ο
1773 4643 1922 4709 Ἐξε-

340 4724 607 4795 πορεύετο
637 4728 775 4798 πρὸς
811 4731 973 4784 αὐτὸν
1005 4735 1154 4786 πᾶσα
1194 4735 1227 4805 ή
1288 4733 1516 4787 Ἰουδαία
1541 4732 1715 4804 χώρα,
1745 4733 1839 4786 καὶ
1872 4733 1924 4785 οἱ

353 4815 778 4888 Ἱεροσολυμῖται
822 4821 1045 4886 πάντες,
1082 4824 1176 4876 καὶ
1219 4822 1578 4888 ἐϐαπτίζοντο
1621 4823 1714 4876 ὑπ’
1757 4821 1923 4875 αὑτοῦ

341 4908 401 4961 ἐν
429 4907 507 4980 τῷ
544 4909 784 4982 Ἰορδάνῃ
818 4914 1068 4985 ποταμῷ,
1101 4915 1582 4987 ἐξομολογούμενοι
1615 4913 1713 4978 τὰς
1747 4914 1925 4985 ἁμαρ·

329 5069 344 5100 ί
397 5021 466 5100 _'_'
499 5021 925 5100 Levit.xt§,_23.
1025 5031 1072 5062 "
1114 5029 1246 5086 Luc.
1288 5047 1371 5098 ιιι,
1421 5033 1477 5086 9.

395 5091 586 5148 Matth.
625 5111 707 5164 ιιι,
737 5095 790 5162 5,
816 5097 871 5151 6.

419 5208 531 5276 (50)
555 5208 727 5273 Αὑτῷ
759 5207 903 5274 τοὺς
938 5207 1377 5274 ἐπιϐάλλοντας
1417 5210 1687 5278 καρποὺς
1732 5211 1800 5264 τὸ
1826 5213 1932 5279 dp-

347 5281 604 5348 χύμενον
641 5279 941 5347 γεωργίας.
975 5281 1069 5332 Sic
1123 5288 1270 5332 rei-le
1295 5281 1453 5332 habet
1480 5285 1645 5334 νυιΙιικ
1683 5282 1930 5336 Bodleia-

347 5365 483 5434 nus;
509 5348 679 5434 editio
701 5361 880 5434 autem
912 5348 1347 5434 ΙΙιιειὶἰ,ἀὺτους
1377 5349 1766 5414 ἐπιϐάλλοντας
1790 5367 1928 5422 καρ-

345 5419 482 5481 ποὺς
511 5417 588 5487 τῷ
615 5416 904 5498 άρχομένῳ
933 5418 1231 5502 γεωργίας.
1385 5489 1394 5500 ι
1866 5416 1879 5422 ⁷

416 5487 527 5558 (51)
557 5490 690 5545 Δειτ
728 5487 836 5540 τὸν
882 5503 1288 5558 φυσευσαντα.
1341 5487 1433 5558 Stc
1465 5493 1635 5545 codex
1681 5488 1928 5545 Bodleia-

346 5575 480 5618 ttus;
512 5559 682 5610 codex
719 5558 934 5626 liegius,
969 5557 1049 5609 δεῖ
1066 5557 1158 5608 τὸν
1192 5557 1510 5625 φυτεύοντα.

418 5629 533 5696 (51)
587 5625 1036 5694 Πάρεκϐάσεως.
1101 5626 1173 5679 lta
1250 5629 1407 5680 codd.
1490 5628 1819 5685 liar'ueriuus
1867 5639 1924 5684 et

350 5696 710 5760 Botlleiatttts;
738 5698 904 5751 editio
931 5697 1128 5757 liuetii,
1155 5697 1579 5766 παρεμφάσεως.

415 5767 529 5837 (55)
576 5767 926 5838 Ἁπῄτησεν.
956 5769 1046 5823 Sic
1091 5770 1258 5824 codex
1314 5767 1670 5835 Bodleiauus;
1722 5768 1922 5837 Regius

1577 5032 1621 5064 "
1648 5030 1807 5086 Joan.
1832 5046 1871 5097 ι,
1891 5029 1987 5085 25.

2028 4541 2153 4597 steis
2189 4541 2462 4606 miserint,
2496 4541 2707 4610 priores
2735 4540 2901 4593 etiam
2942 4537 3188 4591 veniant.
3240 4532 3614 4605 Hierosolyma

2027 4635 2198 4700 enim,
2240 4645 2295 4687 et
2343 4641 2455 4686 tota
2483 4628 2695 4692 Judma,
2722 4639 2778 4684 et
2813 4637 3214 4696 consequenter
3244 4623 3423 4678 omnis
3460 4625 3610 4693 regio

2029 4725 2256 4781 Jordani
2292 4723 2521 4777 littitittta
2565 4721 2988 4790 baptizabantur
3019 4717 3086 4772 ab
3121 4716 3238 4786 ipso
3282 4716 3333 4768 in
3364 4712 3606 4768 Jordaue

2032 4817 2224 4882 ﬂuvio,
2255 4816 2580 4870 conﬁtentes
2607 4819 2828 4882 peccata
2851 4825 2949 4864 sua
2982 4810 3004 4839 ³
3033 4825 3047 4863 :
3082 4809 3186 4874 vel,
3219 4818 3276 4862 ut
3305 4808 3480 4863 Lucas
3530 4809 3614 4860 io-

2033 4908 2194 4979 quit:
2235 4924 2254 4958 ι
2287 4903 2688 4974 Egrediebatur
2734 4903 2802 4955 ad
2850 4901 3027 4972 ipsum
3069 4899 3227 4970 130
3270 4909 3378 4954 tota
3426 4897 3611 4952 Jutltea

2063 5027 2110 5063 ’⁸
2143 5025 2336 5083 Matth.
2380 5039 2460 5092 tu,
2489 5022 2543 5076 7.
2645 5020 2691 5053 ”
2729 5017 2887 5077 Joau.
2922 5035 2965 5088 ι,
3004 5019 3091 5076 l9.
3173 5020 3190 5051 ι
3223 5019 3354 5074 ibid.
3397 5017 3492 5082 24,
3519 5015 3610 5073 '25.

2031 5221 2086 5267 et
2123 5207 2478 5282 Barbcrinus,_
2507 5209 2841 5282 ἀπήντησεν.

2102 5279 2216 5351 (54)
2240 5276 2816 5351 Προσθήσομὲνίὸιο
2845 5277 3016 5334 codex
3050 5276 3409 5345 Bodleianus;
3449 5278 3616 5335 editio

2033 5347 2237 5425 lluietii,
2260 5347 2668 5425 προσθήσομαι.

2105 5419 2220 5491 (55)
2250 5417 2709 5491 Βάπτιόήόρενοι.
2757 5420 2862 5491 lta‘
2889 5418 3107 5491 codices
3163 5417 3494 5473 liarberiuus
3558 5429 3614 5473 et

2032 5487 2386 5560 Boilleiattus;
2422 5487 2814 5560 cditiolluctii,
2839 5487 3254 5560 βαπτισάμενοι.

2101 5558 2215 5627 (56)
2285 5559 2380 5622 Ὡς
2428 5558 2666 5625 Λουκᾶς
2715 5575 2937 5627 φησιν,
2984 5558 3094 5613 οιιε.
3152 5559 3274 5611 ΙΙ;ι·ιε
3340 5559 3611 5612 habentur

2029 5629 2202 5683 Marc.
2239 5643 2277 5690 ι,
2304 5629 2369 5692 5;
2403 5628 2573 5682 altum
2600 5633 2742 5696 apud
2771 5630 2975 5682 Lucam
3001 5631 3067 5682 de
3093 5631 3157 5682 iis
3175 5629 3477 5684 silentium.
3512 5628 3609 5684 Vol

2029 5700 2292 5753 metuoria
2335 5699 2499 5770 igitur
2541 5699 2724 5766 lapsos
2762 5711 2844 5754 cst
2877 5698 3166 5768 Origenes,
3193 5709 3248 5751 ιιι
3295 5717 3470 5770 δίυιὶθς
3527 5699 3608 5753 vc]

2024 5785 2186 5826 manu
2218 5768 2586 5839 ταχυγρὰεος,
2621 5779 2674 5824 ιιι
2701 5770 3016 5836 swpissimc.
3064 5769 3320 5826 "UE'I'IUS.
