3962 6206
431 243 530 298 251

1914 241 2238 301 ΟΒΞΟΕΝΙΞ

3581 248 3698 300 9.52

435 357 605 421 regio,
646 365 699 410 et
745 357 1180 428 lltcrosolymita:
1223 373 1436 424 manes,
1483 367 1539 413 et
1589 358 2006 428 baptizabantur

2120 357 2224 419 πίας
2253 355 2450 410 αὐτῶν·
2481 376 2498 406 ι
2521 355 2656 410 Οὔτε
2682 355 2864 427 μέντοι
2887 356 3164 421 Ματθαῖος
3205 358 3330 420 τοὺς
3355 359 3698 430 Φαρισαίους

431 449 505 502 ab.
537 449 651 514 ipso
679 447 731 501 in
759 446 998 500 Jordane
1026 447 1213 511 lluviu,
1244 451 1573 504 conﬁtentes
1590 460 1813 517 peccata
1835 461 1954 501 sua.
1979 465 1997 498 ι

431 540 699 590 Caeterum
723 553 899 607 aeque
922 538 1207 594 Matthaeus
1233 539 1541 595 Pharisreos
1571 551 1625 595 et
1655 540 2002 604 Saddueznos,

427 631 627 697 quibus
662 631 864 686 dicitur
889 651 908 685 :-
957 651 980 686 ‹
1012 633 1306 704 Progenies
1343 633 1652 701 viperarum
1688 634 1730 697 ³,
1765 652 1788 686 ι
1831 648 2007 700 neque

431 717 606 772 Lucas
640 721 825 774 turbas
848 727 1094 776 eamdem
1131 723 1558 792 increpationem
1592 723 1812 778 audisse
1843 724 2004 776 indu-

429 821 561 862 cunt
592 811 911 867 conﬁtentes
935 823 1160 881 peccata
1191 830 1312 868 sua.
1349 813 1481 867 Illud
1509 829 1640 869 vero
1668 815 2007 868 dubitatione

429 901 652 970 dignum
686 913 792 967 est,
823 907 1117 972 quomodo.
1161 921 1284 958 eum
1319 917 1424 959 tota
1468 905 2006 974 llierusolymihrum

430 997 586 1057 urbs,
620 1006 671 1050 et
708 1006 818 1050 tota
849 997 1058 1058 .Iudtea,
1093 1007 1147 1050 et
1179 1007 1286 1049 tota
1320 999 1466 1067 regio
1505 997 1728 1052 lordaui
1781 997 2007 1050 liuitima

432 1086 851 1155 baptizareutur
881 1089 936 1142 in
963 1087 1206 1145 Jordane
1228 1107 1256 1141 a
1282 1089 1517 1153 Joanne,
1544 1090 1806 1144 Servator
1825 1088 2008 1142 dicat:

436 1197 456 1229 ι
505 1179 663 1232 Venit
693 1178 934 1234 Joannes
970 1179 1213 1249 Baptista
1247 1195 1420 1247 neque
1453 1180 1807 1241 manducaus,
1837 1194 2012 1248 neque

433 1269 643 1333 bibens,
691 1280 744 1324 et
773 1269 990 1323 dit-itis:
1027 1271 1361 1325 Dtemouiutu
1395 1271 1560 1324 habet
1591 1271 1653 1337 ‘;
1687 1289 1704 1322 ι
1740 1282 1795 1325 et
1845 1272 2013 1326 inter‘

433 1359 794 1430 rogantibus:
832 1379 852 1412 ι
886 1361 940 1414 In
971 1377 1077 1428 qua
1111 1372 1383 1431 potestate
1422 1363 1538 1417 haec
1585 1363 1722 1418 facis
1748 1363 1768 1395 ⁵
1795 1363 1826 1417 ἳ-
1857 1381 1876 1413 ι
1929 1363 2014 1416 tli-

429 1454 545 1507 eit:
595 1473 614 1504 ι
649 1452 1001 1522 luterrogabo
1029 1467 1083 1509 et
1114 1473 1214 1524 rgo
1236 1473 1330 1510 vos
1367 1473 1532 1512 u:.um
1566 1458 1791 1511 verbum
1820 1473 1835 1520 ;
1865 1455 2012 1526 quod

432 1544 476 1595 si
523 1544 773 1597 dixeritis
821 1545 975 1609 mihi,
1026 1545 1202 1597 dicam
1239 1547 1407 1598 etiam
1453 1561 1555 1615 ego
1599 1547 1773 1608 vobis,
1813 1545 1865 1598 in
1905 1559 2009 1614 qua

431 1644 698 1703 potestate
732 1635 850 1688 luee
888 1635 1049 1690 fat-io.
1091 1634 1397 1703 Baptismus
1419 1635 1644 1691 Joannis
1673 1637 1816 1691 unde
1845 1646 1960 1690 erat
1987 1635 2017 1687 ?'

430 1743 464 1782 e
505 1728 644 1782 eon
690 1745 758 1781 an
801 1745 864 1782 ex
913 1729 1221 1784 hominibus
1269 1731 1334 1785 οἳ
1388 1751 1405 1782 i
1467 1733 1687 1801 quando
1735 1743 1790 1786 et
1836 1733 2012 1788 disce-

433 1827 652 1884 ptantes
692 1818 982 1887 inquiunt:
1021 1837 1038 1869 ι
1068 1819 1123 1873 Si
1163 1821 1484 1885 dixerimus,
1527 1837 1558 1875 e
1610 1822 1769 1887 cutio,
1812 1824 1956 1877 dit-et
1994 1840 2008 1876 :

431 1911 611 1974 Quare
650 1925 756 1963 non
783 1911 1094 1965 credidistis
1119 1913 1192 1965 illi
1217 1913 1285 1966 '2
1317 1932 1336 1964 ι
1379 1913 1488 1968 Sed
1525 1914 1756 1969 solvitur
1785 1915 1928 1969 hune
1958 1917 2010 1970 in

434 2002 654 2054 modum
697 2001 966 2056 dubitatio
1007 2020 1021 2054 :
1057 2002 1341 2067 Pharisaei,
1389 2013 1448 2058 ut
1485 2015 1645 2059 antea
1697 2007 2012 2061 observavi-

434 2108 582 2156 tuus,
618 2093 708 2158 qui
743 2093 1049 2158 audierant,
1081 2114 1099 2144 ι
1132 2094 1429 2166 Progenies
1460 2095 1797 2166 viperarum,
1843 2115 1863 2150 ι
1915 2113 2014 2154 nec

432 2183 508 2237 illi
543 2183 912 2252 crediderant,
945 2190 1212 2243 accedunt
1238 2189 1303 2242 ad
1339 2189 1690 2258 baptismum,
1731 2190 2012 2256 timentes,

431 2275 508 2328 uti
538 2277 820 2344 probabile
849 2293 952 2342 est,
982 2284 1218 2344 turbam,
1256 2291 1422 2352 atque
1445 2291 1664 2351 propter
1695 2281 1814 2336 illus
1841 2283 2012 2337 situt;-

432 2365 546 2421 late
586 2369 830 2423 volentes
882 2371 1078 2434 lavari,
1134 2389 1202 2426 ne
1256 2381 1334 2427 tot
1372 2373 1686 2427 hominibus
1735 2373 2011 2427 adversari

432 2457 774 2512 viderentur.
807 2459 1120 2514 Sentientes
1149 2461 1314 2530 igitur
1361 2462 1539 2533 ipsum
1571 2461 1642 2518 ab
1676 2461 2010 2527 hondnibus,

436 2564 544 2603 non
579 2565 612 2602 e
641 2549 783 2604 cado
815 2551 1016 2605 habere
1049 2553 1399 2620 haptistnum,
1434 2555 1625 2608 timent
1656 2552 1800 2622 quod
1833 2553 2014 2622 suspi-

433 2649 632 2696 cantur
661 2642 864 2705 dicere,
919 2660 986 2697 ne
1037 2644 1180 2699 forte
1228 2645 1535 2715 lapideutur
1560 2661 1591 2700 ιι
1623 2646 1802 2700 turba.
1835 2645 2016 2712 Quare

433 2749 554 2804 quae
585 2731 844 2790 Servatu‘r
868 2736 1158 2794 Pharisaais
1192 2740 1409 2794 locutus
1435 2747 1538 2802 est,
1580 2738 1860 2794 contraria
1903 2753 2010 2792 non

435 2836 565 2878 sunt
597 2826 681 2879 his
716 2841 835 2893 qum
859 2830 1061 2898 scripta
1091 2831 1312 2884 fuerunt
1344 2832 1395 2884 in
1429 2829 1740 2899 Evangeliis
1774 2830 1841 2882 de
1873 2829 2012 2882 mul-

437 2917 671 2971 titudine
695 2933 882 2972 eorum
909 2923 999 2988 qui
1026 2923 1168 2990 apud
1187 2921 1452 2977 Joannem
1481 2921 1744 2990 baptizati
1770 2918 2010 2986 fuerunt,

435 3021 561 3061 cum
609 3007 807 3075 alioqui
849 3010 1172 3063 temeritatis
1211 3010 1608 3064 l’harismornm
1641 3009 1803 3063 fuerit
1831 3009 2013 3062 dicere

437 3091 701 3148 Joannem
730 3097 933 3151 habere
965 3099 1307 3159 danutmimu.
1339 3109 1392 3154 et
1421 3098 1606 3153 Jesum
1642 3099 1695 3152 in
1729 3097 2012 3154 Beelzebul

438 3186 832 3240 thetnoniorum
860 3189 1104 3256 print-ipe
1135 3191 1372 3247 virtutes
1401 3191 1637 3244 edidisse
1662 3189 1706 3246 ⁸.

513 3287 598 3341 15.
627 3284 906 3354 Respondit
967 3282 1076 3335 illis
1137 3280 1400 3343 Joannes,
1457 3280 1660 3334 dicens:
1715 3280 1823 3350 Ego
1885 3282 2004 3350 qui-

439 3381 556 3434 dem
599 3379 804 3447 baptiza
855 3394 942 3430 vos
988 3377 1042 3428 in
1092 3390 1274 3444 aqua:
1309 3374 1362 3427 in
1402 3373 1570 3426 medio
1627 3383 1804 3426 autem
1852 3375 2006 3428 vestri

439 3482 564 3535 stat,
596 3487 746 3540 quem
796 3485 884 3522 vos
930 3467 1153 3520 nescitis.
1187 3466 1302 3536 Ipse
1343 3475 1437 3526 est.
1475 3466 1566 3536 qui
1603 3475 1716 3534 post
1753 3484 1835 3520 me
1880 3483 2006 3520 ven-

440 3575 590 3616 turus
645 3571 747 3625 est,
801 3559 948 3626 cujus
1001 3574 1101 3610 non
1158 3574 1274 3609 sum
1313 3558 1498 3626 dignus
1549 3565 1607 3609 ut
1653 3555 1850 3610 solrum
1892 3557 2005 3626 ejus

439 3655 720 3724 corrigiam
770 3651 1106 3706 calceameuti
1135 3651 1176 3704 θ.
1217 3651 1473 3719 Equidem
1538 3648 1838 3703 Heraeleon
1888 3649 2005 3702 exi-

437 3747 622 3799 stimat
667 3745 928 3797 Joannem
991 3742 1322 3811 respondere
1377 3743 1462 3796 his
1502 3741 1592 3810 qui
1638 3757 1666 3794 a
1713 3741 2004 3794 l’harisrt'is

444 3826 594 3875 missi
639 3824 880 3888 fuerant,
920 3827 1064 3892 quod
1113 3828 1227 3895 ipse
1273 3827 1504 3892 volebat,
1551 3843 1656 3882 non
1695 3827 1762 3881 ad
1791 3827 1841 3881 id
1875 3826 2016 3896 quod

442 3911 516 3962 illi
569 3911 1078 3977 interrogaverunt,
1140 3932 1246 3968 nou
1299 3917 1590 3971 adtertens
1647 3933 1706 3971 se
1767 3917 2021 3972 inrusare

440 3999 758 4068 prophetam
804 4002 1054 4064 inscitizu,
1113 4005 1158 4057 si
1197 4006 1343 4058 aliud
1390 4007 1785 4076 interrogatus,
1839 4008 1905 4060 de
1958 4021 2018 4061 re

439 4091 546 4143 alia
588 4093 880 4158 respondet
921 4111 934 4146 :
987 4095 1290 4147 cavendum
1338 4097 1482 4148 enim
1540 4098 1698 4150 nobis
1741 4107 1827 4150 est
1891 4097 2016 4161 hoc,

438 4183 566 4234 dum
621 4182 1007 4250 colloquimur,
1060 4193 1317 4252 tauquam
1380 4187 1592 4241 vitium.
1649 4187 1878 4253 Contra,
1921 4203 2020 4242 nos

443 4272 598 4342 131
637 4271 870 4328 dicimus
916 4275 1154 4331 maxime
1201 4280 1504 4346 appositam
1553 4293 1671 4333 esse
1718 4277 2022 4346 responsio-

2106 451 2199 502 καὶ
2218 450 2622 516 Σαδδουκαίους,
2651 451 2786 522 πρὸς
2806 450 2898 515 οὓς
2922 449 3164 519 λέγεται,
3189 451 3396 520 «Γεννή
3407 469 3554 520 ματα
3575 451 3699 521 ἐχι-

2105 541 2262 606 δνῶν,
2297 562 2316 593 ι
2342 541 2463 595 οὔτε
2487 544 2700 606 Λουκᾶς
2725 543 2849 606 τοὺς
2865 542 3056 614 δχλους
3081 542 3182 612 τὴν
3204 541 3376 612 αὐτὴν
3401 542 3700 613 ἐπίπληξιν

2107 633 2406 696 ἀκούοντας
2428 633 2727 701 εἰσάγουσι,
2753 631 3273 702 ἐξομολογουμένους
3293 631 3396 695 τὰς
3416 633 3700 704 ἁμαρτίας

2108 725 2309 778 αὐτῶν.
2349 726 2539 792 ’Ἄξιον
2564 726 2621 779 δὲ
2667 725 3016 795 ὲπαπορῆσαι
3062 723 3202 786 πῶς,
3232 724 3413 794 πάσης
3439 725 3539 795 τῆς
3596 725 3698 777 Ἰε-

2113 817 2478 888 ροσολυμιτῶν
2525 817 2754 882 πόλεως,
2784 817 2878 869 καὶ
2922 817 3101 886 πάσης
3136 816 3236 885 τῆς
3279 816 3560 879 Ἰουδαίας,
3595 818 3697 869 καὶ

2110 907 2289 978 πάσης
2327 909 2426 979 τῆς
2469 909 2780 980 περιχώρου
2820 907 2911 961 τοῦ
2958 907 3224 977 Ἰορδάνου
3274 905 3695 977 βαπτιζομὲνων

2109 1000 2168 1052 ὲν
2229 998 2305 1068 τῷ
2373 1000 2613 1073 Ἰορδάνῃ
2663 1000 2770 1054 ὑπὸ
2836 998 3105 1062 Ἰωάννου,
3167 998 3196 1050 ὁ
3248 998 3435 1068 Σωτήρ
3483 1012 3692 1066 φησιν·

2118 1111 2140 1144 ι
2185 1091 2470 1162 Ἐλήλυθεν
2519 1093 2548 1145 ὁ
2594 1092 2847 1161 Ἰωάννης
2873 1093 2902 1145 ὁ
2933 1088 3264 1159 Βαπτιστὴς,
3303 1091 3439 1160 μήτε
3467 1087 3697 1151 ἐσθίων,

2115 1184 2252 1254 μήτε
2284 1185 2474 1247 πίνων,
2505 1185 2600 1237 καὶ
2629 1183 2817 1250 λέγετε
2837 1201 2850 1214 ·
2883 1183 3170 1254 Δαιμόνιον
3199 1180 3343 1251 ἕχειδ
3379 1200 3398 1231 ι
3427 1181 3523 1233 καὶ
3551 1179 3696 1250 πρὸς

2111 1275 2240 1338 τοὺς
2266 1274 2631 1345 πυθομένους·
2665 1294 2684 1325 ι
2725 1276 2812 1328 Ἐν
2843 1274 2971 1344 ποίᾳ
2995 1273 3211 1344 ἐξουσίᾳ
3229 1271 3398 1325 ταῦτα
3426 1273 3639 1335 ποιείς;
3669 1289 3692 1322 ι

2112 1366 2281 1435 λέγει·
2313 1385 2331 1418 ι
2357 1365 2528 1436 Κάγὼ
2544 1367 2806 1437 ἐρωτήσω
2826 1367 2970 1436 ὑμᾶς
2994 1366 3090 1419 ἕνα
3110 1364 3288 1433 λόγον,
3308 1363 3369 1416 ὃν
3392 1362 3486 1415 ἐὰν
3501 1360 3698 1432 εἴπητέ

2116 1473 2229 1526 μοι,
2274 1457 2430 1526 κάγὼ
2472 1458 2601 1527 ὑμῖν
2645 1457 2776 1527 ἐρῶ,
2811 1459 2872 1511 ὲν
2904 1456 3034 1528 ποίᾳ
3077 1453 3295 1524 ἐξουσία
3325 1453 3501 1506 ταῦτα
3530 1451 3694 1504 ποιῶ·

2114 1545 2188 1597 Τὸ
2241 1545 2524 1616 βάπτισμα
2567 1546 2630 1598 τὸ
2695 1545 2940 1599 Ἰωάννου
2987 1545 3150 1598 πόθεν
3181 1541 3282 1615 ἦνς
3328 1543 3387 1611 ἐξ
3435 1539 3700 1613 οὐρανοῦ,

2115 1634 2150 1705 ἢ
2185 1636 2296 1706 (57)
2339 1636 2397 1702 ἐξ
2430 1637 2770 1708 ἁνθρώπωνς
2797 1637 2887 1690 ὅτε
2920 1637 3015 1694 καὶ
3046 1632 3474 1704 διαλογιζόμενοι
3505 1646 3698 1700 φασιν

2117 1747 2136 1779 ι
2183 1729 2306 1782 Ἐὰν
2335 1725 2603 1799 εἴπωμεν,
2635 1728 2694 1794 ἐξ
2724 1727 2980 1799 οὐρανοῦ,
3014 1728 3163 1798 ἐρεῖ·
3203 1724 3300 1778 Διά
3344 1725 3398 1776 τί
3438 1724 3543 1776 οὐκ
3578 1723 3702 1776 ἑπι-

2115 1817 2375 1872 στεύσατε
2397 1817 2579 1888 αὐτῴ;
2615 1837 2638 1870 ι,
2669 1817 2870 1871 Λύεται
2899 1818 2955 1870 δὲ
2977 1817 3040 1870 τὸ
3066 1815 3340 1888 ἀπορηθὲν
3364 1814 3560 1878 οὕτως’
3591 1815 3704 1868 Φα-

2115 1911 2332 1979 ρισαῖοι,
2371 1910 2447 1972 ὡς
2480 1909 2997 1980 προτετηρήκαμεν,
3027 1910 3075 1962 οἱ
3113 1906 3462 1970 ἀκούσαντες,
3511 1924 3529 1955 ι
3573 1905 3702 1957 Γεν-

2113 2002 2329 2072 νήματα
2345 2001 2586 2071 ἐχιδνῶν,
2602 2003 2686 2055 »οὺ
2705 2001 3128 2063 πεπιστευκότες
3143 1997 3292 2069 αὐτῷ
3307 1996 3705 2068 παραγίνονται

2114 2093 2207 2147 ἐπὶ
2245 2094 2306 2147 τὸ
2335 2093 2640 2165 βάπτισμα,
2683 2095 2852 2158 εἰκὸς,
2897 2093 2980 2146 ὅτι
3017 2092 3110 2146 τὸν
3154 2091 3312 2162 ὄχλον
3349 2089 3700 2158 φοϐούμενοι,

2114 2185 2207 2239 καὶ
2258 2184 2400 2238 κατὰ
2452 2186 2552 2257 τὴν
2606 2186 2744 2257 πρὸς
2792 2185 3034 2248 ἐκείνους
3079 2184 3368 2254 ὑπόκρισιν
3420 2180 3704 2245 ἀξιοῦντες

2113 2276 2430 2341 λούσασθαι,
2461 2277 2552 2330 ἵνα
2592 2276 2666 2349 μὴ
2717 2277 2924 2331 δοκοῖεν
2955 2273 3332 2330 ἐναντιοῦσθαι
3367 2275 3480 2335 τοῖς
3507 2270 3702 2326 τοσού-

2113 2384 2244 2430 τοις.
2285 2367 2612 2439 Φρονοῦντες
2647 2367 2779 2436 γοῦν
2824 2367 2986 2420 αὐτὸν
3035 2368 3135 2420 ἀπ’
3173 2363 3477 2436 ἀνθρώπιον
3527 2363 3702 2433 ἔχειν,

2114 2461 2209 2515 καὶ
2244 2461 2344 2514 οὐκ
2383 2463 2478 2516 ἀπ’
2519 2459 2756 2533 οὐρανοῦ
2800 2460 2862 2512 τὸ
2903 2457 3207 2528 βαπτίζειν,
3244 2455 3334 2509 δια
3379 2455 3472 2508 τὸν
3512 2455 3702 2524 ὄχλον,

2119 2556 2330 2626 μήποτε
2355 2552 2704 2618 λιθασθῶσιν,
2733 2551 3038 2621 φοσοῦνται,
3057 2550 3195 2620 ὅπερ
3222 2547 3706 2617 ὑπολαμϐάνουσιν

2115 2649 2313 2702 είπεῑν·
2338 2645 2481 2700 ὥστε
2513 2646 2614 2699 οὐκ
2639 2641 2980 2699 ἐναντιοῦται
3009 2641 3114 2698 ὑπὸ
3139 2639 3233 2693 τοῦ
3265 2639 3519 2708 Σωτῆρος
3548 2639 3706 2709 εἰρη-

2121 2741 2258 2812 μένα
2296 2738 2434 2810 πρὸς
2475 2739 2602 2800 τοὺς
2646 2734 2993 2807 Φαρισαίους,
3035 2735 3148 2796 τοῖς
3184 2730 3707 2800 ἀναγεγραμμένοις

2115 2834 2174 2885 ὲν
2201 2833 2314 2895 τοῖς
2352 2828 2707 2899 Εὐαγγελίοις
2731 2828 2860 2898 περὶ
2890 2825 2984 2879 τοῦ
3022 2823 3259 2895 πλήθους
3303 2822 3411 2875 τῶν
3445 2821 3598 2892 παρὰ
3625 2819 3710 2890 τῷ

2130 2924 2350 2994 Ἰωάννῃ
2397 2919 2819 2993 βαπτισαμένων
2839 2934 2853 2948 ·
2916 2915 3010 2969 τοῦ
3044 2914 3282 2986 Θράσους
3303 2912 3363 2965 δὲ
3402 2911 3510 2964 τῶν
3533 2912 3709 2980 Φαρι-

2122 3014 2290 3067 σαίων
2333 3009 2400 3084 ἦν
2433 3011 2714 3083 δαιμόνιον
2745 3009 2891 3080 ἔχειν
2931 3005 3112 3074 λέγειν
3161 3005 3252 3057 τὸν
3300 3003 3570 3072 Ἰωάννην,
3609 3002 3709 3054 καὶ

2116 3108 2176 3160 ιν
2211 3105 2538 3171 Βεελζεὸοὺλ
2569 3104 2648 3175 τῷ
2688 3103 2910 3174 ἄρχοντι
2939 3099 3048 3151 τῶν
3089 3096 3382 3167 δαιμονίων
3409 3095 3510 3159 τὰς
3541 3094 3708 3147 δυνα-

2120 3215 2240 3269 μεις
2268 3197 2498 3266 φάσκειν
2523 3195 2618 3249 τὸν
2659 3190 2867 3265 Ἰησοῦν
2898 3188 3280 3258 πεποιηκέναι.

2196 3292 2280 3346 15.
2314 3289 2687 3356 Ἀπεκρίνατο
2716 3281 2918 3347 αὐτοῖς
2943 3284 2976 3335 ό
3005 3278 3284 3343 Ἰωάννης
3309 3274 3522 3342 λέγων·
3540 3269 3694 3338 Ἐγὼ

2119 3381 2383 3450 βαπτίζω
2397 3382 2464 3436 ἐν
2481 3381 2669 3433 ὕδατι·
2684 3376 2874 3446 μέσος
2895 3372 2962 3426 δὲ
2979 3370 3143 3438 ὑμῶν
3161 3369 3416 3434 ἕστηκεν
3428 3364 3501 3417 ὃν
3519 3359 3692 3431 ὑμεῖς

2123 3478 2233 3530 οὐκ
2257 3474 2475 3528 οῖδατε.
2508 3469 2702 3534 Αὐτός
2723 3468 2894 3520 ἐστιν
2921 3467 2953 3518 ὁ
2984 3463 3176 3515 ὀπίσω
3206 3476 3322 3526 μου
3345 3455 3694 3523 ἐρχόμενος,

2125 3562 2195 3622 οὗ
2224 3567 2333 3619 οὐκ
2355 3563 2470 3632 ειμι
2495 3561 2609 3630 ἐγὼ
2629 3560 2798 3623 ἄξιος
2818 3558 2917 3610 ἵνα
2937 3556 3106 3608 λύσω
3134 3549 3318 3606 αὐτοῦ
3349 3548 3458 3602 τὸν
3476 3544 3697 3614 ἱμάντα

2127 3658 2232 3712 τοῦ
2265 3655 2662 3720 ὑποδήματος.
2693 3652 2750 3704 '0
2781 3649 2878 3720 μὲν
2910 3645 3218 3717 ’Πρακλέων
3241 3642 3433 3704 οἴεται,
3453 3639 3534 3690 ὅτι
3555 3637 3699 3688 ἀπο-

2129 3749 2372 3818 κρίνεται
2395 3747 2423 3797 ὁ
2449 3743 2703 3812 Ἰωάννης
2737 3743 2850 3802 τοῖς
2897 3739 2960 3790 ἐκ
2978 3735 3085 3789 τῶν
3109 3731 3415 3802 Φαρισαίων
3434 3724 3700 3818 πεμφθεῖ-

2131 3813 2236 3902 σιν,
2260 3841 2320 3893 οὐ
2361 3837 2496 3908 πρὸς
2521 3837 2548 3890 ὃ
2579 3837 2773 3888 ἐκεῖνοι
2805 3829 3123 3900 ἐπηρώτων,
3155 3823 3268 3878 ἀλλ’
3298 3823 3327 3874 ὃ
3354 3820 3514 3880 αὐτὸς
3537 3813 3699 3870 ἐδού-

2132 3932 2270 3988 λετο,
2299 3929 2489 3982 ἑαυτὸν
2517 3925 2790 3979 λανθάνων
2808 3962 2822 3979 .
2856 3921 2936 3974 ὃτι
2971 3917 3262 3985 κατηγορεῖ
3285 3912 3378 3966 τοῦ
3412 3909 3700 3981 προφήτου

2121 4011 2379 4083 ἀμαθίας,
2425 4011 2540 4079 εἴγε
2588 4009 2717 4064 ἄλλο
2771 4005 3127 4080 ἐρωτώμενος
3175 4005 3302 4074 περὶ
3347 4001 3509 4055 ἄλλον
3569 4002 3713 4050 ἁποο

2124 4101 2390 4173 κρίνεται·
2441 4098 2546 4170 χρὴ
2585 4097 2695 4169 γὰρ
2754 4097 2850 4151 καὶ
2900 4094 3060 4149 τοῦτο
3113 4090 3478 4162 φυλάττεσθαι
3529 4089 3606 4151 ὡς
3651 4089 3714 4143 ἐν

2125 4188 2434 4259 κοινολογίᾳ
2499 4188 2806 4258 ἁμάρτημα
2865 4183 3155 4253 τυγχάνον.
3236 4179 3425 4249 Ἡμεῖς
3487 4175 3542 4227 δέ
3600 4190 3715 4240 φα-

2129 4293 2248 4349 μεν,
2301 4279 2383 4330 ὅτι
2437 4275 2673 4347 μάλιστα
2703 4275 2706 4278 ί
2736 4273 2874 4346 πρὸς
2933 4273 3063 4334 ἔπος
3113 4269 3260 4324 ἐστὶν
3315 4269 3348 4337 ἡ
3395 4264 3712 4349 ἀπόκρισις.

441 4383 586 4420 nem.
620 4364 864 4434 Namque
900 4367 963 4420 ad
999 4367 1166 4422 illud:
1200 4387 1219 4420 ι
1243 4369 1382 4435 Quid
1409 4386 1539 4440 ergo
1577 4369 1843 4453 baptizas,
1876 4369 1922 4424 si
1958 4381 2012 4424 tu

2128 4348 2272 4441 Πρὸς
2302 4368 2412 4440 γὰρ
2444 4368 2540 4421 τό·
2580 4386 2598 4418 ι
2637 4367 2700 4420 Τί
2756 4361 2848 4418 οὖν
2899 4362 3204 4434 βαπτίζεις,
3253 4359 3301 4410 εί
3347 4356 3411 4409 σὺ
3451 4356 3552 4408 οὐκ
3601 4348 3650 4404 εἷ
3684 4354 3718 4407 ὰ

440 4474 546 4512 non
578 4475 638 4512 es
675 4458 762 4511 ille
809 4459 1060 4515 Christus
1085 4461 1167 4515 ὀἳ
1197 4482 1216 4514 ι
1261 4463 1390 4531 quid
1446 4463 1592 4516 aliud
1630 4463 1734 4517 diei
1772 4466 2017 4531 oportuit

436 4566 599 4618 quant
645 4554 931 4607 ostendere
978 4554 1242 4620 baptisma
1291 4572 1448 4610 suum
1508 4572 1630 4611 esse
1686 4559 2018 4626 corporale?

443 4660 465 4694 ι
492 4643 601 4712 Ego
623 4663 642 4694 ι
693 4647 859 4709 enim,
916 4647 1114 4716 inquit,
1148 4667 1166 4699 ι
1195 4648 1412 4717 baptizo
1443 4650 1494 4703 iu
1540 4665 1681 4718 aqua
1702 4651 1784 4715 ”;
1820 4669 1839 4702 ι
1866 4667 2019 4706 cutu-

441 4751 548 4801 que
581 4737 680 4790 hoe
710 4740 1082 4805 respondisset
1109 4740 1175 4791 ad
1209 4739 1341 4793 illud
1376 4756 1392 4795 :
1426 4759 1443 4791 ι
1472 4741 1610 4806 Quid
1662 4758 1794 4811 ergo
1845 4744 2021 4811 bapti-

448 4829 584 4879 zas?
615 4847 632 4877 υ
666 4829 734 4878 ad
776 4829 1006 4882 alterunt
1038 4845 1050 4880 :
1092 4847 1111 4882 ι
1135 4831 1190 4884 Si
1240 4840 1294 4884 tu
1335 4847 1440 4885 non
1483 4848 1540 4886 es
1581 4832 1669 4886 ille
1700 4833 1974 4896 Christus,
1998 4852 2016 4885 ι

441 4918 630 4980 lautius
659 4932 877 4974 enarrat
911 4923 976 4975 de
1007 4924 1282 4994 pra-cipua
1313 4941 1374 4980 ac
1403 4925 1734 4990 prmcedenti
1765 4927 2025 4980 substan-

447 5013 517 5064 tia
549 4996 786 5076 Cbristi,
819 5029 1012 5082 nempe
1055 5016 1196 5083 quod
1261 5017 1510 5071 Christus
1560 5028 1772 5070 tantum
1826 5019 2022 5070 virium

445 5099 628 5166 habet,
680 5113 735 5156 ut
783 5104 1068 5158 invisibilis
1111 5105 1274 5158 etiam
1309 5107 1381 5158 sit
1415 5106 1698 5158 divinitate
1724 5122 1847 5167 sua,
1872 5107 2021 5160 mutii

447 5192 652 5254 btuuini
690 5170 948 5269 piat-setis.
981 5206 1031 5249 et
1059 5210 1155 5266 per
1187 5195 1498 5248 universum
1526 5195 1713 5249 orbem
1741 5203 2022 5260 extensus;

443 5286 585 5353 quod
627 5287 934 5340 declaratur
979 5303 1076 5355 per
1126 5287 1298 5341 illud:
1333 5305 1351 5337 ι
1384 5286 1439 5340 Itt
1478 5287 1658 5341 medio
1710 5285 1873 5341 VOSIri
1919 5295 2030 5340 stat

518 5447 537 5475 ³
578 5444 760 5498 Matth.
797 5461 876 5507 ιιι,
909 5445 961 5498 7.
1035 5446 1056 5476 ⁵
1089 5444 1132 5498 lll
1158 5446 1277 5501 utth.
1309 5461 1381 5506 ιιι,
1413 5446 1498 5500 i8.

433 5547 469 5587 ι,
519 5515 608 5582 “lli,
637 5516 723 5568 Ἦ.
805 5516 847 5546 ¹⁰
883 5513 1038 5568 Joau.
1073 5533 1109 5580 ι,
1135 5517 1224 5569 εδ.
1307 5517 1345 5548 ¹¹
1371 5518 1501 5570 ibid.
1536 5515 1625 5570 ‘26.

1572 5445 1594 5477 ⁸
1626 5443 1812 5499 Matth.
1838 5462 1952 5511 xxi,
1976 5447 2064 5503 ‘33.

2114 4460 2388 4534 ’Χριστόςς
2432 4478 2450 4511 ι
2478 4459 2532 4511 τί
2561 4457 2689 4512 ἄλλο
2715 4457 2880 4528 ἐχρῆν
2908 4457 3103 4518 εἰπεῖν,
3132 4453 3166 4522 ἡ
3199 4469 3260 4504 τε
3288 4451 3349 4504 τὸ
3377 4449 3508 4502 ἴδιον
3535 4464 3715 4520 παρα·

2119 4553 2311 4622 στῆναι
2351 4551 2634 4621 βάπτισμα
2667 4546 3126 4620 σωματικὼτερον
3159 4567 3224 4603 τυ
3242 4545 3444 4618 ῂχάνον·
3468 4559 3488 4593 ι
3529 4539 3704 4608 Ἐγὼν

2124 4646 2254 4717 γὰρ.
2277 4647 2498 4718 φησὶν,ι
2524 4642 2770 4712 βαπτίζω
2813 4641 2870 4693 ἐν
2901 4638 3090 4692 ὕδατι·
3143 4656 3162 4688 ι
3211 4635 3306 4687 καὶ
3343 4631 3502 4684 τοῦτο
3543 4626 3717 4681 εἰπὼν

2130 4737 2267 4806 πρὸς
2295 4736 2392 4788 τὸ’
2438 4754 2456 4786 ι
2503 4733 2568 4787 Τί
2605 4728 2698 4786 οὖν
2753 4731 3076 4802 βαπτίζεις;
3116 4747 3135 4780 ι
3180 4726 3318 4797 πρὸς
3343 4723 3402 4777 τὸ
3429 4721 3714 4792 δεύτερονο

2135 4846 2153 4880 ι
2190 4828 2252 4879 Εἰ
2307 4825 2370 4878 σὺ
2403 4825 2505 4877 οὐκ
2554 4818 2604 4875 εἷ
2649 4823 2678 4874 ὁ
2722 4819 2978 4892 Χριστὸς,
3020 4837 3037 4868 ι
3084 4812 3390 4882 δοξολογίαν
3439 4807 3570 4878 περὶ
3618 4807 3716 4877 τῆς

2127 4916 2547 4990 προηγουμένης
2572 4915 2761 4977 οὐσίας
2782 4911 3016 4985 Χριστοῦ
3044 4910 3336 4980 διηγεῖται.
3372 4905 3453 4956 ὅτι
3483 4900 3716 4969 δύναμιν

2126 5010 2394 5080 τοσαύτην
2424 5009 2558 5080 ἔχει,
2580 5009 2656 5072 ὡς
2682 5007 2778 5060 καὶ¹
2803 5005 3034 5076 ἀόρατος
3070 4997 3208 5054 εἶναι
3242 5000 3305 5067 τῇ
3335 4994 3570 5063 θειότητι
3610 4990 3710 5080 aiis

2130 5101 2249 5164 τοῦ,
2285 5101 2474 5172 παρὼν
2507 5102 2669 5153 παντὶ
2709 5095 3002 5168 ἀνθρώπῳ,
3053 5091 3214 5146 παντὶ
3255 5089 3311 5141 δὲ
3360 5087 3452 5139 καὶ
3489 5084 3598 5154 ὅλῳ

2133 5195 2324 5264 κόσμῳ
2349 5191 2952 5265 συμπαρεκτεινόμενος
2975 5203 2988 5216 ⁸
3017 5187 3156 5254 ὅπερ
3181 5177 3436 5250 δηλοῦται
3463 5175 3552 5228 διὰ
3583 5175 3681 5265 τοῦ
3705 5188 3720 5201 ⁸

2141 5305 2160 5334 ι
2203 5287 2382 5347 Μέσος
2403 5264 2558 5357 ὑμῶν
2586 5285 2806 5354 ἕστηκε.
2841 5301 2858 5332 ι
2890 5280 3000 5333 Καὶ
3036 5276 3159 5328 ἐπεὶ
3197 5272 3348 5326 οὐδὲν
3395 5270 3445 5322 οἱ
3493 5264 3713 5338 προσδο

2653 5439 2672 5468 ⁷
2701 5436 2830 5492 ibid.
2869 5434 2957 5490 26.
3039 5434 3060 5464 "
3087 5430 3215 5486 Luc.
3245 5444 3320 5494 tu,
3347 5423 3429 5477 l5.
3506 5419 3528 5450 ’
3559 5416 3718 5475 Joan.

2145 5445 2166 5474 ⁸⁸
2200 5443 2328 5497 ihid.
2367 5441 2456 5500 ‘24.
2482 5439 2572 5493 $5.

521 5657 633 5730 {'37)
672 5657 767 5723 Ἐξ
801 5658 892 5724 οὐχ
911 5658 1082 5718 (ιιόἴι,
1119 5658 1177 5724 ἦ.
1210 5661 1362 5713 [tuest
1407 5662 1456 5712 in
1509 5657 1748 5713 editione
1782 5654 1983 5714 lluetii,

2143 5649 2444 5706 restituitur
2479 5661 2544 5700 ex
2575 5644 2731 5699 codd.
2765 5637 3058 5695 Bodleiano
3087 5645 3139 5690 et
3163 5630 3486 5689 Barberino.
