4020 6216
373 275 485 334 2.33

1431 276 1789 332 COMMENT.
1830 274 1897 333 ΙΝ
1930 273 2127 331 ὶΟᾹΝ.
2167 274 2403 332 ΤΟΜΗΒ
2448 274 2535 330 Vl.

3539 278 3639 334 25%|

375 388 583 455 κῶντες
634 393 868 464 Χριστοῦ
920 392 1219 464 ἐπιδημίαν
1279 393 1566 465 Φαρισαῖοι
1638 391 1957 466 τηλικοῦτον

2061 392 2172 456 ille,
2204 391 2388 465 [quem
2428 408 2523 448 vos
2568 390 2793 448 nescitis
2817 390 2879 446 “.
2921 388 3047 463 ill-It
3073 390 3239 458 ειηοηί
3280 404 3329 441 In
3361 392 3495 446 nihil
3531 396 3639 447 tale

374 483 507 553 περὶ
550 484 716 540 αὐτοῦ
746 485 952 556 ἐώρων.
1002 484 1290 561 ἄνθρωπον
1344 486 1553 539 τέλειον
1593 485 1748 554 ἆγιον
1794 484 1958 555 μόνον

374 572 848 645 ὑπολαμϐάνοντες
893 575 1057 637 αὐτὸν
1088 571 1252 639 εἶναι,
1300 575 1559 647 ἐμμελῶς
1611 574 1823 645 ἐλέγχει
1855 572 1958 646 τὴν

373 667 505 737 περὶ
528 666 632 736 τῆς
657 667 928 741 ὑπεροχῆς
955 667 1124 727 αὐτοῦ
1141 669 1455 740 Φαρισαίων
1481 668 1726 737 ἄγνοιαν,
1745 683 1959 741 προστιο

372 755 491 825 Osi;
527 757 625 829 τῷ·
654 778 675 808 ‹
710 758 890 823 Μέσος
918 759 1074 830 ὑμῶν
1095 758 1321 832 ἔστηκε,
1364 781 1382 815 3
1416 762 1478 815 τὸ
1506 782 1525 814 t
1553 764 1651 814 ’⁸ον
1674 762 1834 832 ὑμεῖς
1855 761 1959 814 οὐκ

366 847 571 904 οἴδατε.
598 870 613 901 ι
640 851 748 913 Καὶ
766 850 854 904 ἶνα
880 854 954 923 μή
982 870 1069 917 τις
1093 853 1343 937 ὑπολάϐῃ
1366 854 1550 926 kept»;
1580 849 1721 907 εἶναι
1746 853 1837 907 τὸν
1858 854 1957 908 ἀό-

374 957 539 1015 ρατον
567 944 662 997 καὶ
688 945 948 1017 διήκοντα
975 947 1069 1001 ἐπὶ
1094 946 1272 1010 πάντα
1301 946 1605 1018 ἄνθρωπον,
1649 944 1678 1017 ἢ
1721 946 1816 999 καὶ
1859 947 1956 1000 ἐπὶ

369 1034 493 1089 ὅλον
523 1036 614 1089 τὸν
638 1035 869 1108 κόσμον,
902 1037 1056 1110 παρά
1078 1040 1172 1093 τὸν
1199 1038 1717 1110 ὲνανθρωπήσαντα,
1742 1039 1838 1097 καὶ
1862 1039 1957 1092 ἐπὶ

368 1126 469 1196 τῆς
501 1127 606 1198 γῆς
629 1127 886 1197 ὀφθέντα,
934 1131 1029 1194 καὶ
1066 1132 1179 1195 τοῖς
1230 1128 1541 1202 ἀνθρώποις
1585 1118 1957 1204 συναναστρα-

368 1219 563 1287 φὲντα,
616 1220 880 1275 συνάπτει
922 1220 1034 1294 τῷ⁸
1075 1241 1096 1275 t
1151 1222 1332 1288 Μέσος
1385 1222 1542 1295 ὑμῶν
1595 1221 1849 1293 ἕστηκεν,
1896 1222 1957 1280 ὃν

368 1307 529 1378 ὑμεῖς
561 1309 664 1363 οὐκ
694 1309 894 1376 οἴδατε,
928 1328 948 1363 3
978 1310 1063 1366 τό⁸
1101 1330 1123 1366 t
1159 1313 1219 1367 Ὀ
1238 1313 1418 1373 ὀπίσω
1441 1330 1545 1385 μου
1578 1310 1893 1384 ἐρχόμενος,
1933 1332 1952 1365 3

364 1396 621 1452 τουτέστι
664 1399 784 1471 μετ’
837 1399 938 1471 ἐμὲ
992 1399 1525 1473 φανερωθησόμενος
1547 1414 1562 1430 ο
1605 1392 1668 1452 οὗ
1706 1398 1801 1452 καὶ⁸
1855 1396 1957 1469 τὴν

2061 495 2445 555 exspectantes
2491 485 2693 540 Christi
2744 487 3042 541 adventum
3094 484 3354 541 Pharisaei
3405 485 3474 539 de
3522 485 3639 555 ipso

2057 578 2342 643 videbant,
2384 587 2594 633 tantum
2650 578 2995 646 suspicantes
3035 593 3157 630 emn
3200 594 3323 631 esse
3363 577 3638 635 hominem

2059 681 2337 736 sanctum,
2380 670 2651 725 concinne
2702 668 2983 739 redarguit
3032 669 3431 722 Pharisaeorum
3488 669 3642 739 igno-

2062 762 2320 825 rantiam,
2351 762 2446 831 qui
2486 761 2657 831 ipsius
2699 761 3079 817 excellentiam
3119 761 3468 829 ignorabant,
3507 763 3645 831 adji-

2058 855 2212 910 ('ietts
2239 868 2255 909 :
2287 873 2307 906 ι
2331 853 2501 921 Quem
2532 868 2627 908 vos
2658 854 2909 919 nescitis,
2938 872 2958 906 3
2980 853 3086 907 illis
3123 855 3346 908 verbis:
3385 874 3403 905 ι
3432 853 3487 908 1η
3528 872 3643 910 tne-

2058 948 2150 1002 dio
2178 946 2343 1002 testri
2392 954 2523 999 stat.
2556 964 2573 998 3
2608 944 2677 1000 Et
2709 960 2777 1000 ne
2811 946 2936 1015 quis
2965 946 3274 1015 suspicetur
3304 962 3428 999 eum
3456 948 3550 1016 qui
3576 948 3644 1001 sit

2061 1036 2377 1102 Invisibilis,
2405 1037 2612 1107 quique
2643 1046 2893 1107 penetret
2928 1035 2994 1090 ad
3038 1050 3254 1091 omnem
3291 1039 3566 1091 hominem
3588 1048 3643 1093 et

2058 1127 2124 1179 ad
2155 1136 2325 1180 totum
2363 1128 2651 1193 mundum,
2683 1126 2962 1180 diversum
2993 1140 3115 1183 esse
3138 1126 3207 1180 ab
3231 1142 3296 1180 eo
3330 1129 3420 1197 qui
3451 1126 3665 1197 intuta-3

2060 1232 2185 1271 nam
2224 1218 2458 1287 sumpsit
2508 1230 2753 1279 carnem,
2791 1227 2846 1271 et
2879 1234 2898 1267 ι
2929 1232 3095 1287 super
3128 1226 3326 1271 terram
3367 1229 3449 1275 est
3476 1222 3644 1286 visus,

2058 1318 2270 1362 etcum
2326 1307 2639 1363 hominibus
2693 1318 2778 1363 est
2829 1309 3313 1377 conversatus",t
3366 1311 3647 1384 coujungit

2062 1394 2168 1453 illis
2189 1399 2374 1453 verbis
2405 1416 2419 1454 :
2455 1416 2472 1450 t
2500 1400 2556 1452 In
2590 1399 2770 1453 medio
2798 1401 2966 1454 vestri
2993 1408 3121 1464 stat,
3152 1416 3315 1470 quem
3345 1418 3444 1457 vos
3471 1404 3648 1459 nesci-

366 1489 818 1563 ῠπερὸάλλουσαν
846 1495 1123 1568 ὑπεροχὴν
1169 1494 1372 1557 συνιεὶς
1421 1490 1569 1569 παρὰ
1611 1490 1710 1563 τὴν
1760 1490 1954 1546 ἑαυτοῦ

2061 1487 2170 1552 tis;
2205 1504 2225 1540 3
2259 1488 2390 1543 illud
2423 1508 2436 1543 :
2475 1507 2494 1541 t
2522 1489 2624 1556 Qui
2661 1499 2783 1559 post
2828 1505 2913 1545 tne
2948 1494 3209 1545 venturus
3239 1500 3322 1546 est
3359 1490 3423 1559 ‘i,
3470 1513 3489 1546 ι
3543 1494 3647 1549 ltoe

364 1579 551 1650 φύσιν,
576 1581 1063 1656 άμφιϐαλλομένην
1105 1582 1214 1637 ὑπό
1253 1598 1437 1647 τινων,
1496 1578 1692 1651 μήποτ’
1717 1578 1805 1651 ἄρ’
1850 1578 1953 1639 αὐ-

2061 1589 2162 1643 est,
2191 1581 2285 1649 qui
2314 1593 2438 1650 post
2468 1596 2557 1636 tne
2585 1581 3020 1638 tnanil'estandus
3059 1593 3162 1638 est.
3189 1583 3358 1653 Cujus
3380 1601 3502 1639 cum
3535 1602 3636 1640 cx-

364 1669 459 1735 τδς
482 1670 570 1743 εἴη
601 1673 856 1753 Χριστὸς,
887 1674 1015 1731 ὅσον
1063 1669 1418 1729 ἀπολείπεται
1446 1668 1546 1739 τῆς
1582 1666 1675 1729 τοῦ
1714 1664 1950 1737 Χριστοῦ

2061 1673 2286 1727 cedente
2355 1684 2413 1729 et
2476 1684 2848 1744 exsuperante
2897 1660 3230 1733 excellentia
3286 1675 3649 1735 intellexisset

368 1763 793 1837 μεγαλειότητος
844 1764 1197 1837 παραστῆσαι
1230 1760 1574 1833 βουλόμενος,
1622 1759 1708 1813 ἵνα
1747 1758 1821 1833 μή
1867 1773 1955 1823 τις

2061 1762 2294 1821 Ioannes
2339 1782 2493 1822 suam
2549 1768 2719 1839 ipsius
2757 1780 3011 1824 naturam
3052 1772 3326 1842 superari,
3366 1771 3438 1826 ob
3479 1788 3646 1841 quam

363 1856 450 1921 είς
479 1846 644 1911 αὑτὸν
670 1857 960 1928 λογίσηται
990 1857 1131 1926 ὑπὲρ
1159 1857 1190 1910 ὃ
1229 1854 1438 1927 βλέπει,
1464 1853 1499 1924 ἢ
1544 1851 1732 1906 άκοΰει
1763 1849 1826 1923 ἐξ
1852 1851 1955 1904 αὑ-

2061 1859 2413 1930 amhigebant
2449 1861 2694 1916 nonnulli
2724 1877 2793 1915 an
2827 1862 2944 1932 ipse
2972 1872 3121 1918 esset
3158 1862 3429 1928 Christus,
3458 1875 3647 1920 osten-

360 1946 484 2011 τοῦ,
516 1947 670 2018 λέγει
700 1948 799 2003 καὶ
823 1948 886 2002 τό
904 1963 921 1980 ο
961 1966 981 1999 t
1011 1942 1085 2002 υῦ
1109 1943 1209 2001 οὐκ
1228 1946 1346 2017 είρι
1365 1943 1477 2015 ἐγὼ
1514 1943 1670 2015 ἄξιος
1691 1945 1784 1999 ἵνα
1806 1943 1957 1998 λύσω

2063 1950 2196 2004 dere
2224 1950 2415 2005 volens
2441 1961 2652 2019 quanto
2680 1950 2912 2006 inferior
2936 1959 3082 2006 esset
3129 1952 3334 2008 Clll‘iSli
3371 1957 3647 2025 magnitu-

364 2037 539 2099 αὐτοῦ
563 2038 660 2097 τὸν
698 2039 897 2111 ἱμάντα
918 2037 1014 2093 τοῦ
1034 2037 1406 2110 ὑποδήματος,
1439 2056 1460 2089 3
1491 2036 1864 2108 αἰνιττόμενος
1895 2035 1957 2089 τὸ

2061 2039 2210 2107 dine,
2253 2056 2322 2096 ne
2353 2042 2476 2110 quis
2500 2041 2569 2095 de
2601 2054 2661 2097 se
2688 2043 2950 2112 cogitaret
2980 2042 3187 2111 aliquid
3220 2058 3383 2114 supra
3420 2045 3471 2098 id
3499 2048 3646 2115 quod

359 2132 467 2203 οὐχ
491 2132 676 2197 ἱκανὸς
703 2127 842 2187 εἶναι
880 2132 973 2187 τὸν
1001 2131 1130 2205 περὶ
1160 2131 1265 2202 τῆς
1302 2131 1749 2202 ὲνσωματώσεως
1793 2129 1957 2191 αὐτοῦ

2070 2129 2223 2184 videt
2259 2139 2355 2183 aut
2393 2130 2547 2185 andlt
2596 2144 2626 2184 a
2672 2131 2998 2200 semetipso,
3051 2131 3186 2186 dicit
3235 2134 3402 2187 etiam
3459 2133 3643 2189 illud:

357 2222 525 2295 λόγον
555 2223 739 2295 (οιονεὶ
781 2224 1082 2297 δεδεμένον,
1136 2224 1233 2278 καὶ
1273 2224 1663 2298 κεκρυμμένον
1709 2226 1825 2288 τοῖς
1879 2224 1957 2299 μὴ

2066 2238 2085 2271 ι
2107 2219 2273 2289 Cujus
2304 2236 2411 2276 non
2452 2236 2573 2277 sunt
2609 2237 2710 2293 ego
2740 2222 2938 2294 dignus
2968 2233 3026 2278 ut
3055 2222 3264 2278 solvam
3294 2224 3412 2291 ejus
3458 2222 3637 2280 corri—

355 2314 590 2385 νοοῦσι),
618 2313 775 2377 λῦσαι
805 2316 898 2369 καὶ
923 2314 1242 2386 σαφηνίσαι,
1283 2314 1426 2368 ὥστε
1461 2313 1613 2382 ἄξιόν
1632 2332 1687 2373 τι
1731 2316 1829 2389 τῆς
1866 2332 1957 2369 τοτ-

2061 2312 2200 2382 εἰειηι
2222 2313 2576 2369 calceatnenti
2614 2314 2683 2382 ⁸⁵,
2708 2328 2728 2368 ι
2764 2313 2894 2370 illud
2916 2314 3157 2370 innuens
3186 2330 3246 2371 se
3271 2316 3495 2373 minime
3524 2317 3644 2374 ido-

358 2403 569 2477 σαὺτης
592 2404 891 2484 ἐπιδημίας
918 2406 999 2479 εἰς
1017 2405 1162 2462 οὕτω
1188 2404 1509 2481 βραχύτητα
1519 2404 1957 2477 συνεσταλμένης

2063 2421 2225 2459 neum
2263 2420 2386 2461 esse
2417 2407 2510 2476 qui
2545 2407 2613 2463 de
2636 2407 2805 2478 ipsius
2832 2406 3035 2464 Christi
3082 2409 3525 2480 incorporatione
3558 2426 3649 2466 ra-

359 2499 560 2553 είπεῖν.
2060 2498 2261 2551 tionem
2290 2496 2434 2572 (qua:
2468 2500 2636 2555 veluti
2680 2500 2845 2572 ligata
2886 2509 2972 2556 est
3009 2512 3064 2556 et
3107 2503 3379 2558 occultata
3427 2518 3531 2558 non
3565 2503 3650 2557 itt-

362 2589 758 2664 telligentibus)
812 2591 992 2649 solvat
1057 2591 1441 2664 explicetque,
1491 2590 1714 2664 dignum
1768 2589 1977 2661 aliquid
2035 2590 2272 2648 dicendo
2326 2596 2394 2650 de
2445 2602 2600 2650 tanto
2643 2595 2885 2652 adventu
2940 2596 2995 2651 itt
3057 2606 3266 2652 tantam
3323 2596 3647 2653 brevitatem

354 2691 662 2741 contracto.

433 2774 521 2829 ιϐ.
560 2777 675 2830 υῦκ
704 2776 935 2849 ἄκαιρον
978 2774 1036 2829 δὲ
1064 2772 1413 2843 ἐξετάζουσιν
1442 2775 1577 2847 ἡμῖν
1618 2774 1715 2829 rd“
1746 2793 1767 2827 ι
1819 2772 1957 2844 Ἐγὼ

2139 2772 2227 2827 l6.
2272 2770 2475 2828 Verum
2539 2773 2823 2830 enimvero
2870 2775 3015 2831 haud
3056 2777 3431 2847 importunum
3482 2775 3648 2832 fuerit

362 2861 613 2932 βαπτίζω
653 2863 714 2918 ὲν
746 2863 922 2930 ὖδατι,
959 2883 979 2916 3
1012 2864 1112 2929 τὰς
1149 2864 1342 2936 ὁμοίας
1380 2864 1491 2918 τῶν
1545 2863 1957 2933 Εὑαγγελιστῶν

2065 2861 2465 2932 inquirentibus
2496 2863 2656 2919 nobis
2685 2863 2815 2919 illud
2842 2880 2900 2919 :t
2924 2866 3107 2935 Egoiu
3130 2876 3272 2935 aQua
3298 2866 3513 2936 baptizo
3540 2866 3639 2928 ⁸⁵.»

361 2936 712 3023 παραθέσθαι
745 2954 876 3026 περὶ
921 2954 1115 3009 τούτου
1166 2952 1364 3019 λέξεις,
1411 2955 1508 3008 καὶ
1557 2956 1846 3024 συγκρῖναι
1888 2956 1957 3026 τῇ

2064 2958 2284 3021 addere,
2316 2955 2360 3009 si
2385 2957 2515 3026 quid
2544 2956 2723 3014 simile
2758 2959 2824 3013 de
2856 2959 2958 3014 hoc
3000 2959 3240 3015 dixerint
3262 2960 3638 3030 evangelista,

360 3045 724 3121 προκειμένῃ.
762 3047 903 3118 Φησὶ
929 3047 1112 3102 τοίνυν
1151 3047 1181 3101 ὁ
1213 3045 1523 3111 Ματθαίος,
1562 3044 1688 3100 ἰδὼν
1729 3045 1957 3112 πολλοὺς

2061 3054 2261 3101 etcum
2297 3062 2354 3102 re
2393 3063 2498 3118 qua
2527 3048 2595 3103 de
2621 3048 2798 3120 agitur
2826 3049 3100 3107 conferre.
3134 3051 3322 3120 itaque
3352 3050 3640 3108 Mattlueus

361 3134 474 3195 τῶν
500 3135 815 3209 Φαρισαίων
839 3135 936 3193 καὶ
972 3135 1370 3199 Σαδδουκαίων,
1417 3136 1745 3208 ἐρχομένους
1772 3135 1868 3189 ἰπὶ
1895 3136 1957 3190 τὸ

2061 3138 2256 3207 inquit,
2287 3154 2410 3193 cum
2463 3142 2847 3210 conspexisset
2905 3141 3105 3198 multos
3147 3157 3214 3198 ex
3252 3143 3547 3201 Pharisatis
3587 3156 3646 3203 et

365 3228 652 3302 βάπτισμα
687 3228 852 3300 (μετᾶ
880 3228 949 3282 τά
990 3227 1367 3299 ὲπιπληκτικὰ
1415 3226 1545 3299 περὶ
1591 3219 1668 3281 ὧν
1699 3224 1960 3292 ἐξετάσα-

368 3321 517 3396 μεν,)
549 3340 570 3375 t
624 3319 768 3390 Ἐγὼ
801 3320 901 3392 μὲν
925 3322 1072 3392 ὑμᾶς
1107 3322 1166 3376 ἐν
1188 3320 1342 3375 ὕδατι
1369 3318 1618 3391 βαπτίζω
1663 3320 1747 3385 εἰς
1793 3319 1961 3389 μετά-

363 3432 554 3469 νοιανο
593 3416 624 3469 ό
653 3414 712 3469 δὲ
750 3413 929 3469 ὀπίσω
978 3431 1081 3485 μου
1128 3412 1426 3485 ἐρχόμενος
1468 3409 1818 3484 ἰσχυρότερός
1852 3426 1957 3481 μου

365 3511 538 3574 ἐστὶν,
568 3503 629 3564 οὗ
660 3504 763 3562 οὒκ
795 3509 916 3581 εἰμὶ
940 3506 1126 3569 ἱκανὸς
1164 3504 1235 3563 τὰ
1281 3505 1607 3577 ὑποδήματα
1652 3504 1917 3577 βαστάσαι
1939 3522 1954 3536 ·

364 3600 531 3664 αὐτὸς
549 3601 697 3673 ὑμᾶς
724 3598 980 3672 βαπτίσει
1006 3600 1065 3657 ὲν
1106 3597 1388 3669 Πνεύματι
1417 3596 1559 3668 ἁγίῳ
1602 3596 1695 3650 καὶ
1723 3595 1888 3667 πυρί’
1932 3615 1953 3647 ι

287 3716 297 3727 ·
369 3691 666 3763 σύμφωνον
714 3692 795 3764 τῷ
838 3691 982 3747 κατὰ
1014 3691 1269 3763 Ἰωάννην
1315 3688 1481 3758 λόγῳ,
1528 3687 1627 3760 τὴν
1667 3687 1959 3761 ὁμολογίαν

367 3785 466 3849 τοῦ
516 3786 575 3839 ὲν
612 3785 767 3840 ὕδατι
792 3785 1173 3858 βαπτίσματος
1194 3783 1334 3856 πρὸς
1364 3783 1493 3847 τοὺς
1521 3780 1871 3851 πεμφθέντας
1896 3781 1962 3833 ὲκ

364 3876 675 3949 Φαρισαίων
711 3876 942 3946 λέγοντι.
982 3874 1043 3928 '0
1107 3872 1167 3927 δὲ
1217 3872 1466 3938 Μάρκος,
1498 3891 1517 3922 ι
1566 3870 1894 3940 Ἐκήρυσσε,
1934 3887 1954 3920 ι

366 3969 559 4045 φησιν,
582 3967 858 4039 ιἸωάννης
890 3990 910 4023 t
946 3967 1156 4037 λέγων’
1212 3964 1474 4036 Ἔρχεται
1527 3964 1557 4016 ὁ
1610 3958 1960 4032 ἰσχυρότερός

371 4078 477 4133 μου
504 4059 700 4126 ὀπίσω,
714 4054 776 4116 οὗ
788 4061 893 4114 οὐκ
917 4057 1038 4131 εἰμὶ
1056 4056 1241 4121 ἱκανὸς
1258 4055 1439 4126 κύψας
1457 4053 1616 4108 λῦσαι
1639 4052 1730 4106 τὸν
1751 4050 1953 4124 ἱμάντα

366 4151 481 4206 τῶν
510 4152 872 4223 ὑποδημάτων
899 4148 1085 4205 αὑτοῦ.
1126 4146 1270 4219 Ἐγὼ
1297 4146 1567 4202 ὲόάπτισα
1597 4145 1745 4218 ὑμᾶς
1773 4144 1950 4211 ὕδατι,

367 4240 531 4305 αὐτὸς
558 4241 615 4296 δὲ
650 4241 900 4312 βαπτίσει
919 4240 1028 4313 ('58)
1048 4240 1193 4311 ὑμᾶς
1222 4240 1281 4292 ὲν
1302 4237 1581 4309 Πνεύματι
1607 4242 1799 4315 charity-3
1826 4234 1961 4309 πρὸς

2057 3244 2122 3284 ex
2166 3229 2483 3286 Sadducmis
2515 3233 2792 3288 venientes
2830 3234 2898 3289 ad
2943 3236 3273 3304 baptismum
3304 3239 3449 3309 (post
3478 3239 3643 3293 verba

2060 3321 2451 3393 lncrcpatoria,
2480 3325 2546 3378 de
2583 3325 2782 3394 quibus
2828 3327 3280 3399 inquisivimus):
3321 3346 3338 3380 t
3373 3329 3482 3400 ligo
3528 3331 3648 3397 qui-

2059 3412 2179 3466 dem
2223 3428 2315 3467 vos
2346 3414 2398 3467 itt
2429 3430 2565 3483 aqua
2598 3415 2812 3482 baptizu
2834 3417 2900 3467 ad
2937 3415 3373 3484 resipiscentiatn
3406 3427 3503 3470 :at
3533 3416 3643 3480 ille,

2059 3503 2150 3573 qui
2180 3512 2303 3573 post
2336 3518 2421 3557 me
2460 3515 2725 3557 Venturus
2772 3514 2875 3571 est,
2912 3507 3188 3573 potentior
3226 3522 3311 3559 me
3353 3516 3457 3571 est,
3492 3506 3647 3573 cujus

2061 3609 2166 3646 non
2194 3607 2313 3647 sum
2348 3592 2596 3655 ldoucus,
2636 3603 2696 3644 ut
2724 3591 3089 3647 calceameuta
3123 3604 3374 3662 portem:
3407 3596 3521 3664 ipse
3550 3612 3646 3650 vos

2059 3683 2361 3753 baptizabit
2405 3683 2459 3736 itt
2513 3680 2724 3752 Spiritu
2766 3694 2958 3738 sancto
2992 3693 3042 3736 ct
3075 3683 3184 3752 igni
3214 3683 3257 3715 ¹⁷
3284 3700 3298 3745 ;
3327 3702 3347 3735 ι
3381 3700 3504 3738 ctutt
3530 3702 3645 3739 ser-

2064 3791 2225 3841 tnonc
2261 3774 2489 3830 Joannis
2548 3774 2882 3830 conveniens
2930 3785 3196 3829 narrante
3244 3775 3644 3832 confessionem

2065 3862 2322 3931 baptismi
2357 3863 2406 3916 itt
2446 3877 2585 3930 aqua
2612 3863 2680 3916 ad
2713 3877 2809 3919 eos
2844 3863 2937 3934 qui
2986 3863 3140 3918 missi
3172 3863 3385 3921 fuerant
3413 3882 3478 3921 ex
3505 3866 3646 3921 l'ba-

2066 3955 2261 4008 risaeis.
2287 3960 2359 4009 At
2393 3953 2609 4010 Marcus
2641 3974 2655 4009 :
2693 3975 2711 4008 ι
2738 3955 3094 4021 Ρτιοιιίουὺοι,
3118 3951 3381 4025 »ῑηψιίι,ι
3405 3960 3646 4014 Joatmes

2065 4042 2253 4097 tlicetts
2291 4041 2512 4108 :Venit,
2550 4045 2642 4115 qui
2682 4045 2876 4101 fortior
2904 4054 2989 4101 est
3032 4060 3139 4113 me,
3174 4057 3294 4114 post
3344 4064 3451 4109 me.
3489 4049 3647 4117 cujus

2065 4150 2170 4189 non
2228 4136 2386 4207 132
2442 4153 2563 4192 smn
2610 4138 2859 4203 idoneus,
2909 4147 2970 4192 ut
3028 4141 3391 4208 procumbens
3437 4141 3645 4197 saltata

2065 4230 2356 4296 corrigiam
2397 4230 2898 4286 calceamentorum
2930 4229 3069 4300 ejus.
3113 4231 3224 4302 Ego
3268 4234 3488 4301 quidem
3549 4238 3647 4290 ba-

369 4331 625 4397 πλείονας
657 4333 752 4387 καὶ
778 4332 987 4396 πάντας
1012 4331 1137 4394 τοὺς
1166 4329 1465 4392 ἀκούοντας
1496 4327 1763 4383 διδάσκων
1787 4326 1957 4381 ταῦτα

2065 4324 2212 4390 ptizo
2241 4336 2336 4378 vos
2373 4338 2539 4390 aqua,
2570 4323 2662 4377 ille
2686 4337 2815 4377 vero
2863 4323 3158 4393 baptizabit
3191 4339 3287 4379 vos
3337 4324 3389 4378 in
3435 4325 3644 4394 Spiritu

369 4426 579 4497 κεκηρὺ
584 4425 730 4496 χθαι.
773 4425 832 4477 Ὀ
855 4422 913 4479 δὲ
939 4424 1155 4486 Λουκᾶς
1187 4438 1377 4492 φησιν,
1402 4421 1509 4485 ὅτι,
1542 4418 1954 4491 προσδοκῶντος

368 4517 467 4572 τοῦ
489 4515 642 4581 λαοῦ,
683 4516 779 4569 καλ⁵
803 4512 1257 4586 διαλογιζομένων
1286 4510 1506 4566 πάντων
1552 4511 1610 4565 ὲν
1652 4513 1772 4575 ταῖς
1821 4527 1955 4584 καρ-

369 4609 513 4674 δίαις
537 4607 718 4662 αὐτῶν
765 4606 894 4679 περὶ
939 4604 1035 4659 τοῦ
1081 4604 1348 4669 Ἰωάννου,
1387 4603 1597 4675 μήποτε
1622 4602 1786 4662 αὐτὸς
1817 4602 1902 4674 εἴη
1926 4603 1958 4655 ό

371 4702 626 4776 Χριστὸς,
660 4700 996 4774 ἁπεκρίνατο
1018 4700 1192 4769 λέγων
1214 4698 1381 4751 πᾶσιν
1401 4696 1431 4748 ὁ
1472 4694 1729 4766 Ἰωάννης
1748 4710 1761 4724 ο
1775 4713 1793 4745 ι
1818 4691 1960 4762 Ἐγὼ

376 4796 474 4869 μὲν
508 4795 664 4851 ὕδατι
696 4794 944 4867 βαπτίζω
968 4793 1115 4864 ὑμᾶς
1136 4806 1152 4823 ⁸
1203 4790 1420 4863 ἔρχεται
1468 4788 1526 4842 δὲ
1555 4788 1584 4841 ό
1615 4784 1963 4858 ἰσχυρότερός

376 4905 501 4958 μου,
536 4882 597 4942 οὗ
626 4885 727 4941 οὒκ
755 4886 877 4955 εἰμὶ
919 4882 1104 4946 ἱκανὸς
1148 4880 1312 4935 λῦσαι
1338 4881 1431 4934 τδν
1459 4880 1662 4951 ίμάντα
1686 4878 1798 4932 τῶν
1826 4878 1963 4930 ὑπο·

370 4978 629 5052 δημάτων
656 4976 856 5032 αὑτοῦ*
897 4974 1071 5040 Αὐτὸς
1111 4974 1258 5047 ὑμᾶς
1301 4971 1556 5045 βαπτίσει
1589 4971 1646 5025 ὲν
1677 4968 1957 5041 Πνεύματι

374 5071 519 5143 ἁγίῳ
536 5071 633 5125 καὶ
658 5069 812 5142 πυρί.
862 5087 883 5121 3

451 5253 539 5308 17.
570 5253 827 5324 Ἔχοντες
857 5251 1039 5306 τοίνυν
1058 5250 1157 5315 τάς
1185 5250 1378 5321 ὁμοίας
1425 5249 1598 5317 λέξεις
1626 5246 1735 5302 τῶν
1762 5245 1961 5301 τεσσά-

378 5362 512 5421 ρων,
545 5345 678 5418 φέρε
697 5345 840 5399 κατὰ
869 5343 931 5398 τὺ
957 5342 1184 5398 δυνατὸν
1216 5343 1412 5415 ἴδωμεν
1438 5343 1543 5414 ἰδίᾳ
1569 5342 1662 5396 τὸν
1695 5340 1820 5396 νοῦν
1832 5339 1961 5393 ἑκά-

454 5531 497 5608 '_'
513 5528 843 5608 Juattalﬁnli.
920 5526 964 5558 ¹³
987 5526 1181 5580 Barac.
1202 5539 1280 5583 In.
1301 5524 1389 5579 58.
1471 5523 1509 5555 "
1533 5523 1689 5579 Joan.
1716 5524 1841 5583 1.9."
1944 5525 1985 5557 ”
2015 5523 2146 5580 ibid.
2227 5523 2267 5553 ¹⁸
2292 5521 2422 5579 ibid.
2445 5521 2535 5578 26.
2616 5521 2656 5554 ¹⁷
2682 5518 2867 5576 Matth.
2895 5534 2974 5586 ιιι,
3010 5519 3095 5575 ll.

382 5600 429 5642 ι’
457 5598 589 5657 Luc.
621 5598 823 5664 Itt,'16.

2059 4426 2250 4468 Sancto
2270 4414 2354 4479 ";
2384 4415 2477 4469 3nd
2496 4410 3092 4486 complures,ctomnes
3115 4416 3396 4470 audientes
3433 4418 3638 4473 docens

2062 4506 2179 4562 haec
2209 4507 2506 4575 praedicata
2538 4505 2727 4562 fuisse.
2761 4506 2998 4561 Rursum
3044 4505 3219 4561 Lucas
3265 4507 3461 4578 inquit,
3501 4513 3645 4579 quod

2061 4608 2415 4668 exspectante
2447 4597 2666 4666 populo,
2698 4606 2753 4651 et
2773 4598 3140 4666 cogitantibus
3166 4599 3419 4654 onmibus
3447 4601 3497 4655 in
3524 4619 3646 4657 cor-

2068 4691 2230 4746 dibus
2280 4693 2396 4744 suis
2441 4691 2508 4743 de
2551 4689 2785 4752 JOannc,
2823 4705 2893 4742 an
2941 4689 3056 4757 ipse
3082 4700 3228 4745 esset
3254 4691 3525 4760 Christus,
3556 4712 3645 4751 re-

2063 4783 2350 4852 sponderit
2380 4780 2622 4836 Joannes
2659 4780 2850 4835 dicens
2879 4781 3153 4837 universis
3184 4801 3198 4838 :
3236 4803 3254 4835 t
3284 4785 3394 4854 Ego
3423 4786 3645 4855 quidem

2066 4890 2208 4944 aqua
2262 4874 2478 4943 baptizo
2515 4888 2638 4936 vos;
2690 4870 2785 4926 sed
2834 4872 3039 4936 veniet,
3088 4875 3181 4943 qui
3237 4877 3514 4944 potentior
3561 4887 3647 4932 est

2064 4985 2173 5034 me,
2201 4968 2359 5037 cujus
2389 4980 2496 5021 non
2542 4981 2662 5021 sutn
2694 4966 2924 5021 idoneus
2954 4965 3171 5023 solvere
3214 4969 3504 5038 corrigiam
3533 4970 3643 5023 eal-

2066 5068 2474 5115 ccamcntornnt
2514 5059 2657 5126 eius.
2707 5057 2826 5130 Ipse
2867 5072 2963 5118 Vos
3016 5060 3316 5130 ικιριὶῑαιθὶι
3355 5062 3409 5115 ill
3439 5062 3644 5131 3PM“!

2065 5162 2256 5210 saneto
2276 5163 2333 5210 et.
2361 5155 2469 5225 igni
2490 5153 2555 5209 η.
2589 5173 2610 5212 t

2142 5247 2231 5302 17.
2276 5247 2550 5303 Tenentes
2599 5248 2763 5319 igitur
2814 5257 3051 5318 quatuor
3078 5247 3534 5320 evangelistarmn
3571 5251 3648 5308 si»

2074 5340 2220 5394 milia
2270 5341 2458 5406 verba,
2519 5354 2644 5411 age,
2698 5339 2984 5397 videamus
3045 5355 3143 5411 pro
3205 5342 3349 5397 virili
3396 5359 3646 5403 seorsum

3186 5521 3228 5555 “
3252 5522 3420 5579 Marc.
3448 5537 3487 5590 ι,
3523 5522 3646 5583 6-8.

455 5718 566 5779 (38)
588 5713 898 5773 Βαπτίσει.
925 5713 1015 5771 Sic
1042 5711 1212 5773 codex
1246 5706 1608 5775 Bodleianus;
1639 5708 1805 5763 editio
1829 5704 1957 5762 llucl

2061 5703 2311 5771 ιαπτίζει.
