3962 6206
413 232 521 289 255

421 345 847 416 uniuscujusque
892 343 1044 397 verbi
1088 357 1303 397 sensum
1341 353 1398 398 et
1446 341 1804 406 differentias,
1838 343 1994 397 initio

416 448 631 507 sumpto
657 457 684 491 ιι
723 436 997 498 ΜιιιιΙιιιξο,
1031 436 1122 505 qui
1159 439 1364 504 primus
1397 445 1716 490 exterortun
1756 434 1994 487 traditur

419 532 772 601 Evangelittut
809 529 1097 584 tradidisse
1135 528 1374 582 llebrzeis
1401 529 1494 597 qui
1520 544 1586 582 ex
1618 527 1993 581 circumcisio.

418 642 486 678 ne
533 624 878 678 crediderant
913 638 926 674 :
963 621 1113 691 «Ego
1152 636 1266 683 vos,
1354 619 1549 690 inquit,
1625 621 1677 673 in
1714 633 1854 689 aqua
1903 618 1994 672 ba-

417 716 561 784 ptizo
591 715 657 768 ad
707 715 1162 783 resipisceutiam,
1190 731 1209 766 ι
1263 712 1428 765 veluti
1477 726 1714 781 purgans
1737 719 1792 763 et
1813 709 1992 764 deter-

418 821 544 860 reus
569 823 599 858 ,ι
626 804 790 858 rebus
821 804 999 866 malis,
1028 814 1082 857 et
1116 803 1184 856 ad
1233 800 1664 868 resipiscentiam
1711 799 1986 854 iuvitans:

417 908 470 950 ut
497 911 795 966 pra-parem
825 896 971 949 enim
1003 893 1256 964 populum
1283 892 1604 947 instructum
1632 906 1732 962 ego
1763 890 1880 945 veni
1905 891 1989 956 "3

415 995 470 1040 et
501 987 568 1039 ad
597 985 1010 1055 przeparauduut
1053 983 1228 1037 locum
1281 982 1668 1052 resipisceutia:
1693 997 1787 1050 per
1817 981 1994 1051 bapti-

415 1090 591 1130 smum
614 1083 734 1142 post
761 1087 845 1127 me
873 1083 1128 1138 venturo,
1159 1072 1248 1142 qui
1278 1072 1380 1127 hac
1404 1073 1571 1127 etiam
1603 1074 1816 1127 ratione
1837 1073 1994 1142 longe

415 1161 693 1230 potentius
744 1161 1202 1230 prmstantiusque
1257 1175 1418 1229 quam
1470 1177 1589 1216 mea
1622 1163 1695 1216 sit
1723 1162 1990 1231 potentia,

417 1253 572 1307 vobis
614 1252 930 1322 adjumeuto
971 1253 1192 1305 futurus
1221 1263 1324 1307 est.
1361 1253 1643 1323 Siquidem
1687 1253 1834 1308 illius
1867 1255 1994 1322 bap-

419 1345 612 1400 tisntus
644 1360 749 1397 non
805 1353 894 1399 est
940 1343 1263 1413 corporalis.
1289 1359 1412 1399 cum
1449 1343 1856 1412 resipiscentem
1904 1357 1993 1397 re-

415 1440 559 1510 pleat
589 1438 827 1507 Spiritus
869 1447 1095 1493 sanctus
1129 1437 1252 1507 igne
1289 1437 1568 1503 diviniori,
1618 1437 1880 1506 quidquid
1909 1434 1992 1489 vel

417 1530 706 1588 materiale
738 1530 823 1584 vel
863 1537 1137 1583 terrenum
1165 1528 1331 1583 fuerit
1360 1529 1691 1583 demoliente
1717 1538 1774 1582 et
1795 1543 1993 1582 consu-

417 1631 620 1677 mente.
656 1620 724 1674 Et
771 1621 873 1674 hoc
903 1634 1009 1673 non
1053 1627 1260 1673 tantum
1309 1619 1361 1672 iu
1401 1633 1468 1675 eo
1494 1620 1584 1688 qtti
1627 1619 1799 1688 ipsum
1828 1617 1994 1672 admi-

1877 227 2200 285 ORIGENIS

3564 231 3685 288 256

2096 360 2227 414 στης
2263 343 2358 397 καὶ
2390 341 2489 406 τὰς
2537 342 2827 414 διαφοράς,
2887 343 3186 416 ἀρξάμενοι
3221 343 3330 398 ἀπὸ
3382 343 3481 400 τοῦ
3514 348 3682 402 Ματ-

2093 434 2270 498 θαίου,
2297 435 2358 497 ὃς
2399 435 2498 488 καὶ
2526 436 2886 506 παραδέδεται
2921 437 3137 508 πρῶτος
3177 436 3294 507 (59).
3315 436 3424 493 τῶν
3469 437 3688 494 λοιπῶν

2089 528 2202 588 τοῖς
2241 524 2512 594 Ἑϐραίοις
2557 524 2908 578 ἐκδεδωκέναι
2959 525 3021 578 τὸ
3063 524 3415 593 Εὑαγγέλιον,
3449 529 3566 589 τοῖς
3617 530 3688 581 ἐκ

2092 615 2396 688 περιτομῆς
2425 614 2771 668 πιστεύουσιν
2791 631 2804 645 ο
2842 633 2862 666 ι
2908 613 3049 684 Ἐγὼ
3080 615 3200 686 μὲν.
3231 615 3416 687 φησὶν,
3446 617 3595 688 ὑμᾶς
3624 619 3688 670 ἐν

2093 708 2244 762 ῦδατι
2275 707 2386 777 (60)
2405 706 2652 777 βαπτίζω
2679 708 2759 770 είς
2790 707 3102 778 μετάνοιαν,
3136 727 3154 758 ι
3174 707 3340 760 οἱονεὶ
3365 707 3684 780 καθαίρων,

2092 799 2186 852 καὶ
2206 798 2645 870 ἀποτρεπόμενος
2670 797 2778 851 ἀπὸ
2805 799 2914 851 τῶν
2937 797 3218 869 χειρόνων,
3239 798 3332 853 καὶ
3369 799 3464 852 ἐπὶ
3499 799 3682 868 μετά-

2091 907 2239 944 νοιαν
2267 887 2629 960 παρακαλῶνο
2669 887 3092 960 ἑτοιμάσαι-,γὰρ
3121 887 3313 958 Κυρίῳ
3339 886 3466 940 λαδν
3505 904 3679 940 κατε-

2095 979 2460 1049 σκευασμένον
2494 977 2603 1048 ἐγὼ
2624 978 2877 1050 ἐλήλυθα,
2908 979 3002 1032 καὶ
3028 977 3210 1050 χώραν
3237 978 3326 1032 διὰ
3348 978 3442 1032 τοῦ
3479 979 3680 1048 βαπτί-

2093 1089 2297 1143 σματος
2326 1071 2425 1141 τῆς
2466 1070 2756 1141 μετανοίας
2779 1070 3100 1142 εὐτρεπίσαι
3125 1068 3202 1140 τῷ
3238 1071 3354 1140 μετ’
3383 1071 3486 1141 ἐμὲ
3506 1071 3676 1141 ῆξον-

2091 1182 2166 1228 τι,
2193 1165 2288 1218 καὶ
2308 1163 2394 1216 διὰ
2427 1163 2586 1216 τοῦτο
2623 1163 2980 1234 ἰσχυρότερον.
3001 1161 3182 1234 πολλῷ
3210 1163 3310 1234 τῆς
3339 1163 3480 1234 ἐμῆς
3510 1163 3681 1216 δυνά-

2064 1321 2067 1324 _
2096 1274 2262 1327 μεως,
2295 1257 2390 1310 καὶ
2421 1258 2666 1326 κρεῖττον
2703 1256 2848 1326 ὑμᾶς
2871 1253 3208 1325 ὼφελήσοντι
3231 1270 3244 1284 ·
3280 1254 3340 1306 οῦ
3359 1255 3680 1324 σωματικὸν

2092 1348 2201 1419 γάρ
2230 1347 2292 1401 τὸ
2313 1347 2522 1402 ἐκείνου
2545 1347 2852 1418 βάπτισμα,
2883 1345 2976 1399 τὸν
3003 1343 3365 1416 μετανοοῦντα
3398 1344 3681 1417 πληροῦν-

2063 1509 2066 1512 ,
2092 1457 2183 1504 τος
2207 1440 2362 1508 ἁγίου
2413 1438 2748 1509 Πνεύματος,
2784 1436 2879 1490 καὶ
2918 1435 3189 1506 θειοτέρου
3218 1429 3388 1507 πυρὸς
3420 1438 3529 1491 πᾶν
3561 1437 3679 1490 ὑλι-

2093 1533 2186 1586 κὸν
2211 1531 2582 1602 άφανίζοντος,
2612 1530 2707 1584 καὶ
2732 1531 2839 1584 πᾶν
2861 1527 3064 1598 γεῶδες
3086 1527 3554 1592 ἐξαναλίσκοντος,
3611 1527 3677 1579 οὐ

2094 1622 2256 1693 μόνον
2287 1621 2396 1674 ἀπὸ
2447 1619 2542 1673 τοῦ
2582 1619 2932 1691 χωρήσαντος
2980 1617 3132 1682 αὐτὸ,
3155 1615 3294 1671 ἀλλὰ
3313 1615 3409 1668 καὶ
3437 1615 3547 1670 άπὸ
3578 1615 3679 1669 τοῦ

415 1712 570 1774 serit,
597 1711 692 1765 sed
721 1709 885 1764 etiam
923 1708 976 1762 in
1006 1724 1072 1762 co
1105 1708 1196 1778 qui
1231 1707 1464 1764 audierit
1495 1708 1668 1779 ipsum
1705 1710 1988 1764 habentes.

2092 1713 2201 1766 τῶν
2246 1711 2479 1782 ἐχόντων
2525 1709 2836 1771 ἀκούοντος.
2906 1705 3172 1761 Τοσοῦτον
3217 1705 3278 1758 δέ
3331 1705 3480 1759 ἐστιν
3533 1704 3677 1774 ἐμοῦ

416 1802 594 1858 Tanto
623 1811 913 1856 autemest
943 1815 1028 1855 me
1074 1799 1291 1866 fortior,
1326 1800 1419 1870 qui
1458 1811 1580 1870 post
1613 1815 1699 1855 me
1731 1811 1992 1855 venturus

415 1904 520 1962 est,
558 1904 615 1947 ut
651 1909 720 1948 ne
765 1907 828 1948 ea
877 1892 1097 1961 quidem
1133 1907 1254 1962 qua:
1313 1893 1382 1946 ad
1427 1891 1687 1947 amictum
1745 1901 1994 1958 Spectant

415 1996 788 2040 extremarum
835 1982 1203 2053 potentiarum
1251 1997 1371 2052 qua:
1424 1992 1552 2038 sunt
1596 1984 1739 2038 circa
1792 1985 1991 2053 ipsum,

417 2087 660 2148 portare,
689 2077 772 2130 vel
822 2077 912 2146 qui
958 2091 1022 2131 ea
1061 2075 1358 2138 sustinent,
1388 2073 1533 2130 ferre
1584 2075 1684 2130 sim
1715 2076 1942 2132 idoneus
1975 2093 1990 2130 :

416 2187 541 2226 cum
573 2186 679 2224 non
727 2170 799 2224 ita
836 2171 977 2224 nuda
1017 2176 1284 2238 prostent,
1309 2177 1369 2222 ut
1405 2153 1469 2223 ea
1499 2168 1643 2224 obvii
1673 2170 1876 2240 quique
1903 2169 1989 2223 itt-

374 2335 378 2338 ⁵
418 2264 666 2335 telligere
708 2263 934 2334 possint.
977 2262 1146 2330 Igitur
1195 2277 1302 2316 non
1354 2262 1477 2316 novi
1521 2271 1702 2316 utrum
1732 2263 1882 2332 prius
1907 2262 1992 2316 di-

416 2373 561 2423 cam,
591 2371 841 2411 meamne
870 2355 1094 2409 multam
1132 2353 1586 2420 imbecillitatem,
1620 2369 1741 2424 qua:
1779 2371 1845 2409 ne
1869 2354 1992 2408 vilia

415 2449 636 2519 quidem
661 2447 863 2502 Christi
899 2448 1243 2516 (magnarum
1273 2459 1456 2499 rerum
1485 2445 1631 2501 circa
1658 2447 1829 2514 ipsum
1849 2447 1995 2502 exsi-

418 2539 682 2594 steutium
743 2535 1170 2606 comparatione)
1218 2535 1360 2588 ferre
1399 2544 1584 2604 queat,
1628 2550 1696 2590 an
1737 2537 1993 2590 divinita-

419 2641 530 2687 tem
588 2631 732 2685 illitts
792 2629 1121 2684 eminentem
1165 2638 1220 2683 et
1270 2636 1382 2683 toto
1448 2627 1647 2682 mundo
1707 2628 1990 2698 majorem,

415 2721 856 2793 quandoquidem
886 2736 1008 2791 ego,
1042 2721 1136 2791 qui
1183 2730 1388 2774 tantam
1428 2719 1614 2788 accepi
1661 2719 1890 2790 gratiam
1936 2728 1996 2773 ut

418 2815 701 2886 prophetia
726 2815 924 2882 dignus
950 2814 1165 2868 habitus
1188 2812 1405 2877 fuerim,
1430 2827 1554 2882 qua:
1578 2827 1756 2867 meum
1784 2811 1992 2866 adven-

421 2915 531 2959 tum
570 2907 635 2957 ad
681 2905 848 2958 vitam
903 2905 1182 2958 hominum
1237 2903 1577 2973 praediceret,
1623 2902 1730 2956 illis
1763 2903 1988 2957 verbis:

385 2989 388 2994 ’
423 3017 442 3048 ι
477 2996 586 3066 Ego
616 3012 714 3049 vox
746 2995 1034 3050 clamantis
1065 2996 1119 3050 in
1152 2996 1367 3050 deserto
1387 2996 1429 3026 "
1457 3011 1472 3060 ;
1505 3013 1524 3046 ι
1557 3004 1612 3050 et
1643 3012 1700 3048 ει
1726 2993 1864 3049 Ecce
1892 3007 1993 3060 ego

382 3079 384 3082 ’
420 3088 578 3140 mitto
611 3088 856 3142 nuntiqu
903 3102 1083 3140 meum
1125 3095 1254 3140 ante
1278 3086 1474 3140 faciem
1506 3094 1650 3138 tuam
1674 3085 1723 3116 "
1757 3100 1772 3138 :
1807 3103 1826 3136 ι
1857 3084 1988 3154 Ego,
2016 3077 2060 3136 C

377 3173 380 3178 ’
417 3177 570 3246 cujus
595 3187 773 3231 ortum
802 3177 1024 3233 Gabriel
1069 3187 1259 3231 astans
1292 3192 1475 3230 coram
1509 3175 1665 3229 altari
1698 3175 1994 3229 admirabi-

419 3267 543 3320 liter
589 3265 1028 3328 annuutiavit",
1058 3277 1213 3335 patre
1259 3280 1380 3318 meo
1423 3265 1476 3317 in
1527 3274 1804 3318 senectute
1835 3263 1991 3334 133

418 3359 744 3422 exsistcute;
796 3375 920 3428 ego.
964 3357 1030 3411 ad
1083 3357 1240 3426 cujus
1297 3371 1492 3410 nomen
1547 3355 1842 3411 Zacharias
1867 3371 1991 3410 mox

419 3465 607 3504 vocem
651 3451 874 3518 recepit,
903 3459 1066 3520 atque
1092 3449 1254 3503 etiam
1287 3447 1644 3517 prophetandi
1669 3462 1867 3501 munus
1897 3463 1993 3515 per

421 3542 694 3612 ipsum“;
733 3557 852 3612 ego,
883 3543 950 3596 de
1003 3557 1110 3610 quo
1156 3540 1415 3595 Dominus
1463 3538 1783 3594 testiﬁcatus
1819 3549 1902 3594 est
1923 3538 1989 3604 ",

421 3636 691 3689 nemiuem
729 3635 871 3688 inter
917 3644 1078 3688 natos
1109 3633 1397 3688 tnulierum
1431 3647 1518 3686 me
1550 3631 1811 3698 majorem
1841 3630 1990 3686 exsi-

418 3735 600 3791 sta-re;
635 3742 810 3794 neque
858 3725 1229 3780 calceamenta
1277 3722 1398 3791 ejus
1449 3723 1675 3779 idoneus
1717 3738 1836 3778 sum
1865 3737 1992 3793 por-

421 3828 557 3871 tare.
592 3819 744 3883 Quod
773 3819 816 3872 si
861 3833 966 3871 non
1011 3817 1405 3881 calceameuta,
1437 3816 1564 3885 quid
1607 3816 1893 3872 dicendum
1925 3816 1992 3872 de

419 3909 767 3960 vestimentis
801 3907 958 3973 ejus?
983 3907 1118 3973 Quis
1163 3918 1344 3961 tantus
1388 3911 1480 3976 qui
1533 3917 1701 3962 totam
1733 3909 1876 3962 illius
1902 3921 1993 3962 ve-

419 4009 558 4052 8tetn
597 3998 872 4051 custodire
916 3997 1122 4064 queat?
1151 3996 1282 4062 Quis
1308 4006 1391 4050 est
1434 3997 1524 4064 qui
1553 3999 1890 4067 cogitaturus
1921 3997 1992 4052 sit

419 4107 478 4144 se
502 4090 1018 4157 cotnprcheusurtnn
1059 4091 1323 4142 rationem
1355 4104 1475 4144 eam
1523 4105 1684 4159 quam
1716 4092 1878 4146 habet
1903 4103 1990 4146 tu-

421 4182 539 4234 nica
584 4197 612 4232 ιι
665 4195 878 4232 summo
929 4179 1273 4234 inconsutilis
1295 4181 1364 4243 ’⁸,
1397 4179 1522 4247 quia
1575 4181 1646 4235 sit
1695 4197 1789 4251 per
1821 4190 1990 4235 totum

419 4271 718 4326 contexta?
763 4271 894 4326 Illud
942 4287 1072 4325 vero
1111 4271 1511 4326 observandum
1555 4274 1719 4342 quod,
1761 4282 1993 4342 quatuor

2097 1805 2442 1878 ἰσχυρότερος
2466 1804 2494 1855 ὁ
2535 1805 2652 1874 μετ’
2681 1803 2780 1873 ἐμὲ
2815 1800 3110 1872 ἐρχόμενος
3146 1798 3280 1870 (41),
3309 1797 3384 1863 ὡς
3436 1797 3575 1869 μηδέ
3606 1798 3677 1852 τὰ

2092 1899 2194 1969 τῆς
2225 1897 2519 1969 περιϐολῆς
2570 1894 2678 1950 τῶν
2719 1894 2850 1965 περὶ
2894 1892 3057 1947 αὑτὸν
3083 1891 3362 1963 δυνάμεων
3397 1890 3671 1960 ἐσχάτων,

2093 1990 2212 2060 οῦχὶ
2243 1987 2466 2059 γυμνῶν
2520 1985 2876 2056 ἐκκειμένων,
2906 1982 3048 2036 ὥστε
3092 1982 3189 2036 καὶ
3234 1981 3362 2044 τοῦς
3411 1980 3680 2050 τυχόντας.

2095 2086 2233 2137 νοεῖν
2259 2079 2398 2134 αὐτὰ
2428 2077 2709 2142 δύνασθαι,
2734 2076 2920 2130 ίκανόν
2962 2093 3030 2146 με
3055 2073 3342 2146 τυγχάνειν
3377 2071 3684 2144 βαστάσαι,

2098 2174 2231 2247 μηδέ
2256 2172 2428 2228 ταῦτα
2453 2171 2824 2241 ὑπομένοντας
2851 2167 3055 2238 φέρειν.
3083 2167 3199 2220 Οὐκ
3229 2161 3344 2218 οἶδα
3371 2165 3437 2236 δὴ
3470 2163 3669 2218 ὁπότε-

2097 2286 2188 2341 ρον
2217 2267 2376 2329 εἴπω,
2407 2265 2634 2335 πότερον
2659 2263 2758 2335 τὴν
2788 2261 2989 2334 πολλήν
3015 2277 3117 2332 μου
3139 2259 3441 2322 ἀσθένειαν,
3475 2257 3550 2310 τά
3577 2256 3674 2308 εὕρ

2092 2359 2220 2429 τελῆ
2251 2357 2346 2411 τοῦ
2373 2354 2606 2428 Χριστοῦ
2653 2353 2935 2425 συγκρίσει
2961 2350 3070 2404 τῶν
3101 2351 3232 2423 περὶ
3265 2349 3452 2404 ἐαυτὸν
3485 2347 3678 2420 μειξό-

2092 2467 2200 2506 νων
2231 2447 2417 2521 φέρειν
2454 2446 2528 2518 μὴ
2560 2444 2888 2516 δυναμένην,
2919 2443 2953 2514 ἢ
2984 2443 3072 2496 διά
3119 2441 3217 2514 τὴν
3262 2440 3466 2496 ἐκείνου
3495 2440 3676 2510 ὑπερ-

2093 2539 2393 2598 ϐάλλουσαν
2425 2539 2519 2592 καὶ
2543 2537 2764 2608 μείζονα
2789 2534 2989 2599 παντὸς
3025 2533 3117 2588 τοῦ
3143 2534 3345 2605 κόσμου
3381 2531 3670 2603 θειότητα·

2095 2628 2200 2687 εἴτε
2231 2631 2343 2701 ἐγὼ
2370 2633 2399 2685 ὁ
2428 2628 2760 2702 τηλικαύτην
2786 2628 3041 2698 χωρήσας
3065 2627 3243 2698 χάριν,
3272 2626 3362 2702 ὡς¹
3395 2625 3490 2680 καὶ
3529 2643 3673 2697 προ-

2093 2723 2322 2795 φητείας
2345 2720 2610 2792 ὴξιῶσθαί
2636 2737 2723 2791 με,
2753 2717 3125 2790 προλεγούσης
3169 2717 3239 2771 τὰ
3285 2717 3415 2790 περὶ
3442 2717 3547 2787 τῆς
3589 2719 3676 2780 είς

2091 2815 2182 2870 τὸν
2210 2815 2322 2885 βίον
2346 2813 2452 2867 τῶν
2479 2810 2780 2884 ἀνθρώπων
2806 2809 3094 2881 ἐπιδημίας
3114 2811 3312 2881 μου,,ἐν
3331 2809 3409 2880 τῷ
3434 2827 3448 2841 ο
3483 2829 3500 2861 ι
3527 2811 3673 2880 Ἐγὼ

2092 2905 2244 2976 φωνὴ
2279 2903 2507 2976 βοιῖιντος
2549 2905 2606 2956 ἐν
2636 2905 2708 2975 τῇ
2737 2902 2950 2973 ἐρήμῳ,
2990 2900 3136 2958 ικαί·
3159 2920 3180 2952 ι
3225 2900 3354 2954 Ἰδοὺ
3391 2901 3505 2970 ἐγὼ
3531 2903 3674 2956 άπο-

2095 2997 2297 3050 στέλλω
2314 2997 2404 3049 τὸν
2428 2993 2658 3064 ἄγγελόν
2695 3010 2796 3064 μου
2827 2992 2931 3064 πρὸ
2959 2991 3250 3064 προσώπου
3285 3010 3377 3046 σου
3396 3010 3412 3025 ο
3452 3013 3470 3045 ι
3501 2993 3669 3062 Ἐγὼ,

2093 3084 2154 3144 οὗ
2182 3091 2282 3160 τὴν
2307 3091 2518 3158 γένεσιν
2548 3087 2788 3160 Γαϐριὴλ
2823 3089 2852 3140 ὁ
2879 3084 3240 3158 παρεστηκὼς
3287 3086 3518 3139 ἐνώπιον
3568 3087 3670 3140 τοῦ

2093 3183 2226 3237 Θεοῦ
2259 3181 2576 3254 παραδόξως
2621 3179 3011 3252 εὐηγγελίσατο
3039 3178 3096 3230 ἐν
3133 3179 3281 3249 γήρα
3317 3178 3672 3249 γεγενημένῳ

2092 3275 2171 3346 τῷ
2204 3274 2378 3346 Πατρί
2433 3291 2532 3345 μου
2552 3289 2566 3303 ⁸
2615 3269 2778 3341 Ἐγὼ,
2813 3273 2897 3342 ἐφ’
2929 3265 2990 3324 οῦ
3023 3269 3102 3341 τῷ
3137 3269 3358 3341 ὀνόματι
3393 3269 3672 3339 Ζαχαρίας

2093 3369 2211 3440 άμα
2239 3365 2480 3421 ἀπέλαϐε
2503 3365 2601 3436 τὴν
2631 3363 2836 3434 φωνὴν,
2869 3362 2965 3417 καὶ
2986 3362 3045 3417 τῒ)
3073 3360 3434 3433 προφητεύειν
3458 3361 3525 3414 δι’
3568 3361 3671 3414 αῦ-

2091 3459 2192 3530 τῆς
2209 3475 2223 3489 ο
2266 3456 2426 3528 Ἐγὼ,
2457 3459 2486 3510 ὁ
2513 3456 2618 3510 ὑπὸ
2644 3455 2737 3509 τοῦ
2755 3454 2960 3526 Κυρίου
2987 3470 3089 3525 μου
3111 3452 3572 3525 μαρτυρούμενος,
3589 3453 3672 3516 ὡς

2093 3546 2202 3619 ἄρα
2238 3547 2439 3614 μείζων
2470 3547 2528 3598 ἐν
2548 3546 2827 3617 γεννητοῖς
2868 3541 3146 3612 γυναικῶν
3167 3539 3302 3612 ἐμοῦ
3329 3541 3501 3604 οὐδεὶς
3532 3557 3669 3609 τυγ-

2093 3639 2266 3709 χάνει,
2283 3638 2403 3692 οὑδέ
2419 3638 2487 3690 τὰ
2503 3635 2822 3707 ὑποδήματα
2841 3633 3104 3704 βαστάσαι
3130 3632 3428 3704 ίκανόςῌὲ)
3448 3635 3586 3706 είμι.
3601 3631 3671 3685 Εί

2091 3728 2147 3782 δὲ
2172 3728 2248 3800 μὴ
2277 3726 2346 3780 τὰ
2377 3726 2722 3798 ὑποδήματα,
2747 3725 2802 3778 τί
2822 3725 3040 3778 λεκτέον
3065 3723 3322 3796 περὶτῶν
3353 3721 3670 3792 ἐνδυμάτων

2092 3820 2292 3886 αὑτοῦ;
2319 3820 2414 3885 Τίς
2443 3811 2598 3884 οὗτος
2633 3819 2742 3890 (43)
2764 3818 2823 3882 ὃς
2853 3817 3144 3890 ὁλόκληρον
3171 3814 3335 3870 αὑτοῦ
3359 3815 3420 3868 τὸ
3450 3814 3671 3885 ἱμάτιον

2091 3916 2326 3986 τηρῆσαι
2352 3913 2668 3985 δυνήσεται;
2690 3911 2807 3976 Τίς,
2832 3911 2890 3974 ὃς
2915 3912 3096 3983 νοήσει
3117 3909 3206 3962 τὸν
3231 3910 3302 3963 ἐκ
3323 3907 3428 3962 τῶν
3456 3907 3670 3963 ἄνωθεν

2092 4002 2292 4074 χιτῶνα
2338 4003 2582 4075 άρραφον
2608 4000 2696 4054 διὰ
2742 4001 2804 4053 τὸ
2844 3999 2910 4054 δι’
2947 3999 3068 4052 ὅλου
3109 3997 3342 4068 ὑφαντδν
3374 3997 3670 4068 τυγχάνειν

2093 4093 2412 4146 καταλαϐεῖν
2442 4091 2502 4144 ὃν
2530 4090 2643 4162 ἔχει
2671 4089 2861 4158 λόγον;
2893 4090 3118 4160 Παρατη
3129 4085 3318 4159 ρητέον
3341 4087 3416 4150 δὲ,
3447 4088 3530 4140 ὅτι
3555 4087 3670 4140 τῶν

2091 4185 2370 4258 τεσσάρων
2381 4183 2674 4255 εἰρηκότων
2688 4183 2748 4236 τὸ
2759 4184 2812 4253 (4
2821 4183 2868 4255 4)
2882 4185 2939 4235 ἐν
2958 4181 3108 4234 ῦδατι
3119 4179 3396 4251 ὁμολογεῖν
3411 4178 3670 4248 Ἰωάννην

2092 4272 2409 4346 ἐληλυθέναι
2439 4269 2742 4342 βαπτίζειν,
2769 4271 2928 4343 μόνος
2957 4268 3232 4332 Ματθαῖος
3245 4267 3420 4337 τούτῳ
3475 4267 3669 4337 προσέ-

421 4363 780 4435 Evangelistis
806 4363 1107 4418 dicentibus
1137 4363 1399 4418 .luauuem
1431 4363 1586 4418 fateri
1618 4379 1677 4418 se
1707 4365 1992 4420 advenisse

2091 4365 2222 4438 δηκε
2253 4367 2332 4429 τὸ,
2367 4385 2385 4417 ι
2421 4367 2500 4430 εἰς
2530 4367 2835 4436 μετάνοιαν·
2869 4385 2886 4416 ι
2924 4364 3190 4418 διδάσκων
3219 4361 3279 4415 τὰ
3309 4361 3416 4416 ἀπὸ
3443 4359 3538 4420 τοῦ
3573 4359 3675 4430 βαι

420 4456 487 4508 ad
519 4454 900 4522 baptizandum
946 4452 999 4506 in
1053 4467 1216 4523 aqua,
1251 4452 1400 4506 solus
1434 4451 1720 4507 Matthmus
1751 4454 1875 4506 huic
1910 4455 1986 4510 rei

2091 4457 2388 4529 πτίσματος
2409 4458 2681 4529 ὠφέλειαν
2705 4457 2923 4528 ἔχεσθαι
2943 4457 3040 4528 τῆς
3063 4453 3435 4527 προαιρέσεως
3457 4451 3554 4505 τοῦ
3579 4454 3652 4524 βα

421 4546 691 4599 addiderit
714 4545 784 4609 '7,
815 4563 832 4596 ι
855 4545 920 4598 ad
951 4544 1405 4613 resipiseeutiam,
1437 4563 1455 4596 ι
1499 4544 1752 4598 nimirum
1785 4545 1988 4601 docens

2091 4549 2434 4621 πτιζομένου,
2452 4548 2529 4621 τῷ
2555 4549 2900 4621 μετανοοῦντι
2928 4549 3027 4619 μὲν
3048 4545 3425 4616 ἐγγινομένην,
3449 4541 3563 4615 (45)
3589 4544 3673 4615 τῷ

421 4641 712 4694 utilitatem
748 4640 984 4694 futuram
1031 4637 1375 4705 baptismatis
1407 4638 1457 4692 ei
1493 4637 1582 4706 qui
1611 4653 1675 4692 ex
1709 4638 1987 4708 preposito

2091 4639 2142 4696 δέ
2171 4642 2246 4714 μὴ
2283 4640 2628 4712 μετανοοῦντι
2654 4641 2931 4712 προσιόντι
2973 4641 3054 4702 είς
3079 4638 3256 4710 κρίμα
3284 4635 3673 4706 χαλεπώτερον

421 4733 812 4800 baptizaretur,
865 4749 987 4802 qua:
1033 4733 1102 4788 ad
1137 4732 1542 4800 resipiscentcm
1569 4733 1912 4799 perveniens,
1940 4731 1990 4786 ei

2094 4732 2380 4802 ἐσομένην.
2411 4730 2534 4800 Χρὴ
2563 4728 2620 4782 δέ
2670 4728 2888 4794 εἰδέναι,
2937 4727 3040 4792 ὅτι,
3091 4727 3279 4798 ὥσπερ
3308 4726 3365 4780 αἱ
3394 4723 3538 4779 κατά
3564 4725 3666 4789 τὰς

422 4825 510 4890 qui
543 4825 825 4878 accederet
875 4843 980 4880 υοιι
1043 4825 1394 4894 resipiscens,
1445 4823 1695 4893 asperius
1721 4821 1986 4890 judicium

2092 4823 2462 4894 γεγενημένας
2489 4820 2594 4874 ὑπὸ
2623 4817 2716 4872 τοῦ
2750 4819 3002 4889 Σωτῆρος
3045 4817 3341 4890 θεραπείας
3387 4816 3668 4890 τεράστιοι

490 4957 536 4989 ¹⁰
568 4957 696 5012 Luc.
724 4978 760 5024 ι,
796 4958 880 5011 l7.
958 4958 1004 4991 ⁸⁸
1035 4957 1138 5010 Isa.
1197 4972 1286 5020 xc,
1318 4959 1375 5011 5.
1404 5025 1414 5026 7
1448 4957 1492 4987 ³·
1521 4954 1751 5026 Malaeh.
1790 4971 1870 5026 ut.
1903 4957 1954 5010 1.
2059 4958 2104 4992 ⁸³
2133 4957 2266 5014 Luc.
2304 4974 2346 5026 ι,
2383 4957 2438 5023 7,
2465 4957 2530 5011 ll.
2559 4966 2614 5013 et
2641 4969 2760 5025 seq.
2835 4954 2884 4986 “
2910 4952 3039 5009 Luc.
3066 4967 3105 5020 ι,
3137 4950 3334 5019 65,64,
3362 4950 3429 5006 67
3455 4961 3513 5005 et
3542 4965 3664 5018 seq.

424 5029 468 5059 “
501 5028 688 5083 Matth.
723 5046 799 5094 χι,
837 5029 918 5083 ll.
997 5028 1045 5059 ¹⁶
1063 5026 1221 5082 Joan.
1250 5042 1362 5092 nx,
1391 5025 1484 5080 93.
1563 5026 1608 5056 ⁸⁷
1649 5025 1841 5080 Matth.
1869 5027 2063 5092 ιιι,11.

493 5161 604 5226 (⁸59)
638 5163 734 5226 Ὃς
754 5161 850 5214 καὶ
882 5158 1276 5228 παραδέδοται
1305 5156 1553 5228 πρῶτος,
1568 5167 1679 5228 etc.
1705 5156 1991 5224 Eusebius,

2098 5153 2250 5228 deest
2269 5151 2406 5228 εἰμί,
2432 5159 2482 5228 et
2509 5165 2632 5228 mox
2666 5149 2859 5219 legitur
2883 5147 2962 5228 Ei;
2978 5147 3062 5220 μὴ¹
3081 5145 3190 5218 γὰρ
3214 5149 3283 5202 τά
3302 5187 3315 5207 ,
3337 5155 3446 5200 etc.
3477 5142 3664 5228 codex

425 5219 564 5282 Ιιιὲι.
589 5219 889 5292 ἰῑι›.ἰιι-,ι;.
921 5219 1015 5291 2'4.
1057 5241 1112 5284 et
1159 5231 1255 5289 lib.
1304 5219 1381 5296 vi,
1435 5244 1485 5281 c.
1510 5219 1632 5291 '25;
1667 5219 1992 5297 ChrysostoL
2097 5219 2422 5297 Bodleiajuts
2448 5221 2735 5297 lectionem
2793 5219 2967 5297 nostri
3003 5229 3186 5297 testing
3213 5223 3590 5297 repraesentat-3

424 5318 562 5360 tuus,
595 5283 778 5355 lmtttil.
850 5283 1140 5355 iiuiM'uUlt.
1366 5283 1392 5362 ’γ
1620 5283 1631 5291 1
1776 5283 1795 5297 ⁸

2171 5290 2284 5362 (45)
2319 5293 2416 5357 ⁸·ος
2440 5290 2796 5362 ὁλόκληρον.
2823 5288 2914 5342 Sic
2943 5288 3123 5344 codex.
3149 5285 3472 5340 Bodleiauus
3498 5299 3514 5349 ;
3559 5283 3665 5338 Re-

492 5358 608 5435 (ιι),
653 5369 756 5421 Ἑν
813 5369 1000 5424 ὕδατι.
1061 5360 1392 5425 ltcstituitur
1432 5382 1463 5422 e
1510 5367 1697 5422 codice
1743 5365 1991 5420 Bodleia-

2096 5358 2244 5435 gitts,
2268 5362 2427 5435 male,
2454 5362 2486 5435 ῥ
2503 5358 2825 5435 Αὸλόκλη-ρον.
2916 5425 2930 5435 _
3052 5427 3088 5435 __
3149 5425 3180 5435 __
3221 5426 3232 5435 _

422 5455 510 5492 tttt.

2096 5421 2127 5433 ν
2165 5421 2278 5505 (ιι)
2313 5421 2421 5505 Ὲιξ
2453 5429 2645 5505 ὕδατι.
2684 5421 2779 5484 Sic
2832 5425 3004 5482 codex
3052 5425 3413 5491 Bodleiauus,
3460 5421 3666 5492 Regius

491 5506 603 5576 (tl)
639 5507 772 5559 Μετ’
815 5508 918 5576 ἐμὲ
951 5509 1293 5576 ἐρχόμενος.
1344 5507 1434 5563 Sic
1470 5505 1591 5563 cod.
1625 5504 1986 5572 Bodleiamts;

2095 5499 2386 5576 perperam
2399 5499 2679 5576 ἐνδύματι.

423 5562 1290 5648 editicium-lii,iterabiépevoér
1485 5562 1492 5563 ί
1821 5644 1857 5648 __

2312 5562 2396 5636 Τῷ
2421 5562 2602 5648 eam
2617 5568 3008 5648 μετανροῆντι
3036 5565 3364 5648 {pacton}.
3395 5562 3665 5620 ltazcodcx

491 5649 602 5721 (te)
629 5633 881 5719 Εἱμί.
921 5633 1106 5718 δὲ’
1143 5633 1374 5723 τάξεις.
1409 5647 1466 5703 lu
1520 5645 1758 5705 editione
1817 5644 1993 5702 lluctii

2102 5633 2464 5709 Bodleiauus;
2501 5633 2720 5712 Regius,
2766 5638 2840 5710 μὴ
2871 5637 3014 5692 οὕτω
3043 5638 3100 5690 δέ
3141 5633 3434 5707 προσιόντι.
