4020 6216
267 340 370 396 261

1291 331 1650 391 COMMENT.
1691 330 1762 385 IN
1797 329 1994 387 JOAN.
2032 326 2272 386 τοιιυε
2306 323 2393 385 VI.

3431 331 3538 387 262

265 429 437 486 αὑτοῦ
464 430 779 500 ἐπιδημίαν,
804 429 890 484 ὅτε
923 426 1015 482 τὸν
1048 427 1333 500 ἄνθρωπον
1373 426 1681 496 ὑπεδήσατο
1711 423 1842 494 (55).

1959 421 2171 490 ligavit,
2208 422 2374 475 etiam
2410 428 2684 475 mortuum
2725 415 2953 487 ligavit:
2989 437 3006 471 ι
3041 413 3098 473 In
3133 412 3236 476 hoc
3270 421 3415 476 enim
3445 423 3527 478 Je-

281 522 344 575 ’0
375 523 434 576 δὲ
467 523 559 576 τὸν
592 521 872 594 ἄνθρωπον
905 520 1314 591 ὑποδησάμενος
1362 519 1458 572 καὶ
1507 518 1601 570 τὸν
1655 515 1847 586 νεκρὸν

259 613 605 684 ὑπεδήσατο·
647 632 665 663 ι
697 614 789 675 Εἰς
819 611 976 665 τοῦτο
1036 610 1146 682 γὰρ
1191 607 1400 680 Ἰησοῦς
1450 605 1712 670 ἀπέθανε,
1754 604 1848 657 καὶ

261 706 494 776 ἀνέστη,
523 706 609 758 ῖνα
640 705 734 758 καὶ
759 704 970 775 νεκρῶν
1003 703 1098 756 καὶ
1126 701 1344 766 ζώντων
1396 699 1682 772 κυριεύσῃ·
1712 716 1729 748 ι
1754 696 1849 749 καὶ

261 795 354 850 διὰ
379 795 539 850 τοῦτο
567 797 743 861 ζῶντα
771 796 866 849 καὶ
897 796 1090 867 νεκρὸν
1119 794 1445 864 ὑπεδήσατο,
1478 789 1723 844 τουτέστι
1755 789 1848 841 τὸν

267 886 326 940 ιν
357 889 454 956 γῇ,
487 885 580 938 κει)¹
611 885 701 938 τὸν
739 886 797 937 ἐν
834 885 959 956 ᾅδου
983 924 996 946 ,
1033 886 1119 938 ἵνα
1153 883 1248 937 καὶ
1270 882 1477 954 νεκρῶν
1508 881 1604 934 καὶ
1629 878 1846 944 ζώντων

263 975 549 1047 κυριεύσῃ.
573 975 667 1038 Τίς
689 972 784 1028 οὖν
813 975 921 1046 ἄρα
945 973 1127 1036 ἱκανὸς
1151 972 1328 1042 κύψας
1349 971 1504 1024 λῦσαι
1526 971 1616 1024 τὸν
1645 969 1844 1040 ἱμάντα

263 1067 376 1122 τῶν
422 1066 677 1121 τοιούτων
727 1066 1114 1138 ὑποδημάτων,
1178 1066 1272 1121 καὶ
1320 1064 1488 1128 λύσας
1534 1063 1611 1135 μὴ
1647 1065 1842 1125 ἐᾶται,

265 1159 401 1214 ἀλλὰ
432 1159 572 1213 κατὰ
615 1158 874 1230 δευτέραν
906 1157 1193 1230 ίκανότητα
1227 1156 1514 1210 ἀναλαϐεῖν
1545 1155 1706 1219 αὑτὰ,
1748 1155 1846 1208 καὶ

249 1249 566 1330 ¹βαστάσαι,
610 1249 702 1304 διὰ
747 1248 841 1303 τοῦ
887 1252 946 1303 ὲν
977 1251 1042 1320 τῇ
1091 1249 1278 1321 μνήμῃ
1309 1248 1629 1320 περιφέρειν
1659 1246 1729 1300 τά
1760 1263 1847 1300 νε-

279 1342 506 1410 θοημένα
525 1357 542 1406 ;

343 1433 425 1486 19»
459 1432 558 1502 Μὴ
585 1430 940 1498 ἀνεξέταστον
967 1430 1025 1483 δὲ
1052 1430 1231 1484 ὲάσθω
1263 1429 1325 1484 τὸ
1368 1429 1538 1500 χωρὶς
1567 1427 1662 1481 τοῦ
1697 1447 1715 1479 ι
1745 1427 1845 1481 κύ-

267 1535 370 1588 ζας
391 1540 418 1572 1
451 1517 652 1592 ὁμοίως
685 1520 835 1592 παρὰ
883 1521 962 1592 τῷ
996 1523 1183 1593 Λουκᾷ
1224 1521 1322 1575 καὶ
1361 1521 1581 1592 Ἰωάννῃ
1618 1519 1846 1591 εἰρημέ-

269 1628 372 1664 νον.
398 1613 510 1665 Καὶ
553 1612 694 1682 τάχα
745 1611 1018 1682 ἐνδέχεται
1056 1611 1152 1682 μὲν
1196 1609 1446 1682 κύψαντα
1491 1610 1644 1665 λῦσαι
1703 1611 1845 1666 κατά

257 1699 322 1754 τὸ
352 1702 764 1773 προειρημένονο
794 1700 1015 1755 δυνατὸν
1051 1702 1109 1754 δὲ
1141 1703 1236 1755 καὶ
1255 1742 1269 1765 ,
1322 1701 1382 1754 τὸ
1410 1702 1694 1771 ἀνάστημα
1747 1699 1840 1754 τοῦ

259 1792 372 1844 ἀπὸ
403 1794 496 1846 τοῦ
546 1794 725 1863 Λόγου
765 1795 1087 1866 ὲπάρματος
1118 1793 1447 1861 φυλάττοντα
1466 1834 1478 1857 ,
1530 1793 1708 1864 εὑρεῖν
1739 1793 1836 1864 τὴν
1871 1775 1914 1834 Β

261 1883 418 1939 λύσιν
460 1887 568 1941 τῶν
603 1890 660 1941 ὲν
689 1888 770 1959 τῷ
812 1887 1090 1958 ζητεῖσθαι
1121 1885 1414 1954 δεδεμένων
1451 1886 1830 1956 ὑποδημάτων

258 1977 372 2040 ἵνα,
411 1980 479 2033 τὰ
511 1981 655 2034 αὑτά
679 1999 765 2044 τις
795 1981 961 2042 λύσας
993 1977 1097 2031 τῶν
1136 1977 1418 2048 χωριστῶν
1447 1976 1834 2046 ὑποδημάτων,

253 2065 344 2138 ἴδῃ
376 2070 544 2138 Λόγον
574 2071 779 2142 γυμνὸν
809 2071 916 2124 τῶν
945 2066 1343 2141 ὑποδεεστέρων
1377 2065 1497 2120 καθ’
1523 2065 1683 2119 αὑτὸν
1709 2065 1836 2119 Υἱὺν

252 2160 355 2213 τοῦ
382 2161 542 2218 Θεοῦ.

320 2337 423 2393 20.
465 2337 538 2390 0'3
567 2335 761 2391 ταυτὸν
799 2337 855 2391 δὲ
883 2337 944 2392 τὸ
990 2357 1008 2389 ι
1041 2336 1115 2410 μὴ
1149 2334 1289 2392 εἶναι
1322 2338 1506 2392 ἱκανὸν
1531 2357 1550 2391 ι
1595 2337 1672 2409 τῷ
1711 2357 1730 2390 ι
1762 2339 1836 2412 μὴ

255 2427 400 2484 εἶναι
448 2430 660 2497 ἄξιον,ι
699 2432 1004 2502 ἀναγράφει
1043 2434 1072 2484 ὁ
1117 2433 1404 2502 Ἰωάννης·
1453 2430 1679 2485 δυνατὸν
1729 2430 1838 2500 γάρ

254 2521 338 2592 μὴ
367 2522 492 2574 ὅντα
520 2523 668 2588 ἄξιον
699 2522 949 2589 γενέσθαι
977 2521 1160 2576 ἱκανόν
1179 2538 1192 2552 ·
1229 2521 1450 2576 δυνατὸν
1479 2521 1535 2574 δὲ
1569 2522 1662 2574 καὶ
1687 2519 1837 2585 ἄξιον

251 2611 388 2665 (me.
449 2612 674 2684 μηδέπω
726 2609 864 2666 εἶναι
905 2613 1111 2668 ἱκανόν.
1170 2614 1236 2667 Εἰ
1281 2613 1390 2685 γὰρ
1436 2614 1533 2667 καὶ
1588 2612 1726 2686 πρὸς
1776 2610 1839 2665 τὸ

257 2705 535 2775 συμφέρον
561 2704 760 2758 δίδοται
796 2704 866 2758 τά
897 2705 1246 2777 χαρίσματα,
1280 2706 1375 2758 καὶ
1405 2705 1466 2758 οὑ
1499 2705 1657 2775 μόνον
1697 2704 1840 2758 κατὰ

256 2797 360 2866 τὴν
412 2796 706 2866 ἀναλογίαν
757 2797 859 2866 τῆς
906 2796 1172 2862 πίστεως,
1219 2796 1600 2868 φιλανθρώπου
1639 2797 1706 2851 ἂν
1752 2797 1838 2868 εἴη

255 2887 392 2939 θεοῦ
457 2887 649 2957 ἔργον,
703 2888 1092 2959 προορωμένου
1161 2886 1366 2958 βλάϐην
1416 2886 1526 2942 ἀπὸ
1577 2888 1841 2958 οἰήματος

255 2979 816 3050 ἔπακολουθήσοντος,
861 2979 1282 3050 ἢφυσιώσεως,
1319 2979 1381 3032 τὸ
1431 2979 1524 3032 καὶ
1569 2977 1647 3049 τῷ
1703 2977 1841 3049 ἀξίῳ

256 3072 391 3125 ποτὲ
444 3073 519 3144 μὴ
573 3073 773 3128 διδόναι
825 3075 928 3147 τὴν
985 3075 1298 3146 ίκανότητα.
1361 3075 1574 3126 Οἰκεῖον
1627 3072 1684 3126 δὲ
1741 3072 1842 3143 τῆς

255 3165 624 3235 χρηστότητος
661 3165 758 3218 τοῦ
789 3165 923 3219 Θεοῦ
971 3167 1129 3238 νικᾷν
1172 3166 1231 3220 ἐν
1262 3165 1341 3236 τῷ
1391 3165 1699 3236 εὐεργετεῖν
1748 3162 1839 3216 τὸν

255 3254 712 3327 εὐεργετούμενον
757 3256 1212 3330 προλαμϐάνοντα
1244 3256 1335 3310 τὸν
1367 3257 1625 3328 ἐσόμενον
1667 3255 1839 3321 ἄξιον,

256 3345 353 3398 καὶ
387 3346 518 3417 πρὶν
559 3347 783 3419 γένηται
821 3348 968 3413 ἄξιος
1003 3348 1315 3420 κοσμοῦντα
1363 3349 1524 3402 αὑτὸν
1556 3351 1622 3420 τῇ
1663 3349 1842 3404 ἱκανό-

255 3451 403 3506 τητι,
429 3437 518 3490 ἵνα
553 3439 690 3508 μετὰ
717 3441 818 3510 τὴν
865 3441 1156 3512 ίκανότητα
1189 3440 1318 3513 ἔλθῃ
1359 3441 1453 3495 ἐπὶ
1485 3440 1546 3495 τὸ
1585 3441 1840 3510 γενέσθαι

254 3527 430 3594 ἄξιος,
461 3529 555 3584 καὶ
587 3530 664 3602 μὴ
697 3532 913 3596 πάντως
941 3532 1054 3603 (57)
1085 3532 1192 3586 ἀπὸ
1213 3532 1306 3586 τοῦ
1343 3528 1483 3586 εἶναι
1514 3533 1662 3600 ἄξιος
1705 3531 1840 3603 φθά-

253 3639 366 3676 νων
414 3623 506 3677 τὸν
537 3623 898 3696 δωρούμενον,
935 3624 1030 3678 κει)⁹
1079 3624 1368 3695 προλα6ὼν
1402 3623 1568 3678 αὑτοῦ
1602 3623 1701 3689 τὰς
1742 3625 1842 3695 χά-

258 3729 435 3785 ριτας,
463 3714 592 3788 ἔλθῃ
621 3716 714 3769 ἐπὶ
741 3716 802 3769 τὸ
828 3716 1084 3785 γενέσθαι
1120 3717 1318 3780 ἱκανός.
1363 3717 1420 3769 ’0
1449 3717 1626 3769 τοίνυν
1667 3717 1842 3770 Ἰωάν-

261 3819 354 3874 νης
392 3805 527 3873 φησι
571 3805 721 3877 παρὰ
765 3807 866 3876 μὲν
916 3809 1032 3870 τοῖς
1073 3807 1249 3878 τρισὶν
1292 3801 1569 3858 οὐκεῖναι
1619 3805 1838 3868 ἱκανὸς,

259 3895 414 3966 παρὰ
463 3895 521 3947 δὲ
575 3895 652 3966 τῷ
693 3898 917 3968 Ἰωάννῃ
965 3895 1068 3950 οὐκ
1118 3893 1259 3950 εἶναι
1323 3895 1493 3960 ἄξιος.
1543 3897 1657 3949 Οὐκ
1703 3897 1842 3949 ἀπο-

259 3987 500 4041 κλείεται
529 3988 587 4042 δὲ
616 3989 674 4052 ὃς
706 4005 770 4057 γε
809 3987 1005 4058 ιλεγεν
1050 3987 1264 4042 οὐδέπω
1315 3986 1392 4040 ὣν
1453 3987 1636 4050 ἱκανὸς
1683 4003 1843 4054 γεγο-

255 4080 408 4135 νέναι
438 4081 644 4144 ἱκανὸς,
672 4082 721 4136 εί
755 4082 850 4135 καὶ
889 4081 964 4152 μὴ
991 4079 1141 4146 ἄξιός
1171 4097 1258 4134 πω
1285 4074 1386 4152 ἦν·
1428 4080 1522 4133 καὶ
1556 4079 1718 4132 πάλιν
1752 4081 1841 4134 ὅτε

259 4169 445 4240 ίλεγεν
471 4170 573 4223 οὐκ
601 4165 742 4224 εἶναι
774 4169 924 4236 ἄξιος
962 4170 1063 4222 οὑκ
1100 4167 1176 4222 ὣν
1207 4167 1376 4233 ἄξιος,
1424 4167 1721 4237 ἐφθακέναι
1748 4169 1842 4222 ἐπὶ

263 4261 319 4315 οὺ
347 4261 632 4330 γεγονέναι
669 4262 850 4328 ἄξιος·
892 4262 942 4314 εἰ
979 4259 1054 4331 μὴ
1086 4259 1194 4332 ἄρα
1223 4277 1308 4323 τις
1340 4261 1456 4332 ἐρεῖ
1487 4261 1579 4312 ἐπὶ
1625 4261 1686 4312 τὸ
1719 4261 1840 4315 κατ’

259 4353 418 4419 ἀξίαν
449 4353 555 4423 τῆς
591 4353 798 4418 λύσεως
845 4353 939 4407 καὶ
991 4353 1303 4424 βαστάξεως
1356 4352 1472 4424 (58)
1523 4352 1724 4417 αὑτῶν,
1764 4352 1839 4425 μὴ

1949 529 2041 566 sus
2073 523 2320 566 mortuus
2342 521 2446 575 est,
2471 522 2525 566 et
2551 511 2877 576 resurrexit,
2905 521 3040 564 utet
3082 504 3314 566 mertuis
3363 521 3416 566 et
3451 515 3560 586 νίς,

1949 607 2200 661 νυιιιίὺιιε
2235 607 2547 660 dominetur
2578 605 2660 667 ³⁶;
2705 623 2722 656 ι
2759 603 2913 675 [(56)
2938 605 3008 658 ob
3047 618 3276 674 eamque
3303 617 3535 663 causam

1947 713 2001 752 et
2039 698 2224 752 vivum
2271 707 2324 752 et
2356 705 2628 752 mortuum
2659 696 2863 763 ligavit,
2895 694 2950 749 id
2977 703 3059 748 est
3097 703 3151 748 et
3193 709 3316 747 eum
3349 692 3441 763 qui
3482 696 3535 750 in

1949 798 2116 854 terra,
2138 799 2330 843 etcum
2364 789 2455 858 qui
2485 801 2562 842 est
2581 787 2720 854 apud
2743 786 2969 849 inferos,
3007 795 3067 838 ιιι
3099 794 3153 840 et
3183 786 3238 840 in
3268 786 3409 840 vivis
3441 789 3535 843 do-

1948 880 2186 933 minetur
2213 889 2268 934 et
2297 879 2352 932 in
2384 875 2667 949 mortuis.]
2699 876 2830 943 Quis
2877 891 3007 948 ergo
3039 875 3268 930 idoneus
3297 887 3384 932 est
3404 892 3532 946 pro-

1945 973 2210 1026 cumbens
2241 969 2458 1026 solvere
2475 969 2766 1038 corrigiam
2794 967 2981 1022 talium
3010 967 3527 1033 calceamentorum,

1945 1078 2115 1133 eaque
2141 1063 2319 1118 soluta
2351 1077 2458 1117 non
2489 1061 2902 1123 dimittere,sed
2937 1076 3000 1115 ex
3034 1060 3204 1115 altera
3231 1061 3527 1116 idoneitate

1925 1171 2006 1210 ea
2051 1156 2294 1225 recipere
2323 1165 2375 1208 et
2411 1169 2647 1220 geStare,
2673 1168 2738 1210 eo
2765 1155 2909 1224 quod
2944 1153 3298 1209 circumferat
3327 1153 3380 1208 in
3408 1166 3524 1206 ute-

1949 1249 2116 1301 moria
2150 1261 2272 1316 qua:
2303 1245 2681 1301 intellexerit?

2017 1447 2105 1502 l9.
2137 1447 2250 1502 Nec
2273 1446 2403 1502 illud
2429 1447 2640 1503 sinatur
2667 1448 2959 1513 intactum,
2985 1447 3210 1514 Lucam,
3241 1445 3525 1503 similiter-

1949 1553 2054 1608 que
2080 1539 2346 1595 Joannem
2397 1554 2609 1605 vocem,
2641 1558 2660 1590 ι
2699 1539 3067 1608 procumbens
3102 1539 3170 1603 ³⁷,
3201 1557 3218 1589 ι
3249 1538 3524 1593 omisisse.

1947 1631 2013 1685 Et
2045 1630 2300 1686 fortassis
2345 1631 2568 1698 quidem
2603 1630 2870 1699 contingit
2901 1639 2958 1683 ut
2999 1630 3091 1699 qui
3145 1629 3522 1699 procubuerit,

1941 1723 2140 1787 solvat,
2161 1724 2319 1788 juxta
2355 1723 2406 1777 id
2439 1721 2583 1791 quod
2625 1731 2709 1776 est
2741 1723 2985 1786 dictum;
3026 1721 3120 1776 sed
3167 1720 3331 1775 facile
3375 1719 3521 1774 factu

1939 1822 2024 1868 est
2053 1815 2216 1866 etiam
2247 1821 2308 1868 ιιι
2345 1813 2438 1882 qui
2485 1814 2744 1866 observat
2786 1809 3130 1865 altitudinem
3163 1809 3430 1865 intervalli
3466 1816 3524 1865 et

1940 1904 2104 1973 spatii
2142 1904 2464 1959 exsistentis
2499 1919 2528 1958 a
2570 1904 2732 1974 Λόγῳ
2759 1901 2918 1974 [Filio
2945 1900 3090 1973 Dei.]
3128 1901 3370 1956 inveniat
3406 1901 3522 1957 cale

1939 2005 2348 2050 ceamcntorttm
2396 1995 2747 2059 solutionem,
2799 2009 2938 2062 qum,
2976 2008 3098 2048 cum
3131 1995 3254 2062 quis
3281 2007 3340 2046 ea
3369 2009 3520 2062 quac-

1940 2087 2031 2150 rit,
2070 2085 2232 2155 ligata
2263 2095 2554 2153 apparent,
2607 2093 2667 2138 ιιι
2702 2099 2765 2138 ea
2809 2085 2930 2154 quis
2963 2099 3085 2138 eum
3142 2084 3366 2138 solverit
3409 2085 3521 2137 cal-

1939 2187 2246 2240 ceamenta,
2278 2189 2400 2244 qua:
2433 2174 2766 2244 separabilia
2811 2183 2959 2240 sunt,
2992 2175 3172 2228 videat
3199 2171 3371 2242 Λόγον
3401 2170 3522 2245 [Dei

1938 2263 2161 2336 Filium]
2195 2279 2290 2332 per
2324 2277 2383 2317 se
2424 2263 2632 2317 nudum
2667 2262 2834 2317 rebus
2860 2261 3236 2316 inferioribus.

2016 2355 2176 2426 136
2220 2355 2311 2409 20.
2350 2353 2650 2410 Perseribit
2699 2363 2876 2408 autem
2925 2353 3161 2408 Joannes
3185 2352 3233 2384 ³⁸
3277 2368 3292 2405 :
3333 2369 3354 2402 ι
3404 2349 3523 2407 Non

1939 2462 2060 2503 sum
2085 2463 2188 2514 ego
2217 2447 2434 2516 dignus,
2475 2464 2494 2498 ι
2523 2445 2668 2516 quod
2692 2445 2834 2500 idem
2869 2461 2974 2501 non
3011 2455 3094 2499 est
3122 2459 3248 2499 cum
3269 2443 3374 2499 illis
3402 2458 3524 2498 ver-

1940 2539 2026 2594 bis
2055 2539 2099 2570 ”
2129 2555 2146 2592 :
2187 2556 2206 2589 ι
2249 2537 2365 2592 Non
2397 2552 2520 2592 sum
2549 2552 2650 2607 ego
2677 2538 2937 2604 idoneus;
2965 2553 2985 2588 ι
3023 2535 3138 2590 lieri
3173 2535 3317 2589 enim
3345 2541 3526 2605 potest

1939 2628 2107 2699 utqui
2137 2630 2332 2698 dignus
2349 2644 2454 2684 non
2486 2629 2671 2692 sit,sit
2696 2628 3170 2694 idoneus;contra
3202 2628 3292 2697 qui
3328 2627 3524 2698 dignus

1940 2719 2033 2782 sit,
2072 2720 2310 2772 nondum
2344 2722 2415 2774 sit
2449 2719 2700 2774 idoneus.
2733 2718 2791 2774 Si
2819 2720 2965 2774 enim
2990 2720 3156 2774 etiam
3189 2720 3256 2774 ad
3291 2721 3342 2775 id
3374 2721 3521 2789 quod

1939 2809 2159 2877 expedit
2184 2810 2308 2863 data
2339 2821 2471 2863 sunt
2519 2811 2660 2864 dona
2688 2809 2760 2874 δ’,
2806 2825 2908 2865 nec
2949 2810 3002 2865 id
3056 2820 3264 2865 tantum
3301 2827 3364 2864 cx
3405 2825 3525 2880 pro—

1941 2901 2190 2968 portione
2225 2900 2372 2965 lidei,
2423 2901 2516 2955 Dei
2558 2902 2854 2956 humanum
2904 2917 3078 2972 genus
3116 2903 3352 2958 amantis
3400 2901 3520 2956 olli-

1941 2991 2083 3045 cium
2115 2991 2220 3046 erit
2247 2991 2597 3061 praevidentis
2633 3002 3022 3049 nocumentum
3061 3009 3128 3048 ex
3169 2993 3408 3048 elatione
3436 2994 3520 3050 vel
3595 3062 3597 3064 η

1944 3079 2222 3137 inﬂatione
2269 3084 2605 3150 insecutura,
2649 3096 2718 3137 ne
2748 3083 2912 3152 digno
2953 3083 3170 3153 quidem
3228 3083 3526 3154 aliquando

1941 3173 2294 3230 idoneitatetn
2349 3173 2499 3229 dare.
2552 3175 3039 3230 Aecommodatum
3095 3185 3180 3231 est
3221 3185 3401 3230 autem
3450 3175 3520 3232 ad

1943 3276 2195 3322 naturam
2224 3268 2484 3323 bonitatis
2515 3267 2632 3335 Dei,
2683 3268 2906 3323 vincere
2951 3269 3004 3324 in
3047 3265 3398 3324 conferendis
3433 3271 3524 3324 be-

1941 3358 2151 3413 neficiis
2174 3373 2298 3413 eum
2331 3359 2384 3414 in
2427 3374 2587 3429 quem
2641 3359 2906 3414 beneficia
2941 3359 3330 3425 cenl'eruntur,
3378 3359 3524 3414 anti-

1939 3451 2231 3521 cipareqtte
2259 3466 2407 3514 eum,
2437 3451 2529 3520 qui
2555 3450 2752 3522 dignus
2783 3449 2998 3506 futurus
3015 3459 3118 3516 est,
3139 3459 3301 3521 atque
3321 3461 3525 3505 ornare

1940 3541 2255 3602 idoneitate.
2290 3548 2350 3594 ut
2373 3546 2497 3611 post
2524 3539 2877 3595 idoneitatem
2930 3549 3258 3609 assequatur
3288 3555 3410 3594 esse
3435 3539 3527 3592 di.

1939 3628 2540 3701 gnusznetalisdignus
2557 3627 2779 3682 omnino
2813 3643 2932 3682 cum
2964 3627 3147 3694 fuerit,
3185 3627 3526 3698 praeveniens

1942 3720 2110 3774 Deum
2139 3735 2368 3774 munera
2399 3716 2748 3787 largientem,
2785 3718 3064 3786 ipsiusque
3092 3719 3299 3786 gratias
3321 3717 3522 3781 antici-

1940 3826 2095 3878 pans,
2140 3811 2208 3864 ad
2251 3811 2352 3862 ltoc
2387 3808 2659 3877 pertingat
2703 3816 2764 3860 ut
2799 3807 2872 3862 sit
2906 3807 3157 3862 idoneus.
3194 3807 3338 3878 Ergo
3376 3805 3524 3876 apud

1941 3913 2054 3955 tres
2086 3899 2451 3968 evangelistas
2483 3911 2543 3952 se
2580 3912 2685 3950 non
2718 3911 2842 3953 esse
2893 3898 3146 3953 idoneum
3198 3899 3376 3970 inquit
3418 3898 3528 3954 Ba-

1939 3991 2130 4061 ptista,
2165 3989 2304 4059 apud
2337 3987 2602 4044 Joannem
2633 3997 2813 4043 autem
2850 4004 2956 4044 non
2986 4005 3105 4044 esse
3138 3991 3383 4060 dignum.
3409 3989 3525 4048 Nec

1941 4081 2182 4152 profecto
2231 4079 2324 4151 qui
2360 4079 2583 4145 dixitse
2635 4081 2874 4136 nondum
2920 4083 3188 4138 exsistere
3213 4083 3521 4155 idoneum,

1939 4171 2267 4235 excluditur,
2295 4172 2388 4240 qui
2419 4170 2599 4226 factus
2627 4167 2794 4225 fuerit
2833 4179 3023 4239 postea
3056 4171 3318 4238 idoneus,
3351 4173 3519 4228 etiam

1939 4265 1984 4318 si
2015 4264 2251 4317 nondum
2288 4264 2486 4332 dignus
2519 4273 2662 4318 esset
2688 4279 2704 4328 ;
2735 4264 2827 4332 qui
2866 4262 3110 4318 vicissim
3137 4278 3261 4317 cum
3294 4263 3432 4318 dixit
3461 4277 3524 4318 se

1941 4370 2046 4407 non
2078 4369 2197 4409 esse
2227 4356 2470 4424 dignum,
2501 4369 2625 4408 cum
2665 4371 2770 4409 non
2805 4362 2956 4409 esset
3005 4354 3236 4424 dignus,
3273 4370 3381 4409 non
3430 4368 3526 4408 ex-

257 4443 548 4516 ιωροῦσαν
574 4444 674 4515 τὴν
731 4443 931 4516 θνητὴν
982 4445 1143 4514 φύσιν
1188 4445 1344 4515 ήκειν
1399 4443 1840 4514 meaemeae-

1946 4445 2198 4509 clnditur,
2227 4447 2356 4515 quin
2387 4447 2452 4498 ad
2493 4447 2595 4500 ltoc
2616 4463 2724 4500 non
2749 4445 3033 4516 pertigerit
3053 4455 3110 4497 ιιι
3135 4455 3279 4498 esset
3302 4445 3522 4513 dignus.

261 4555 425 4608 μενον
452 4537 594 4610 ἔχειν
624 4537 686 4591 τὸ
725 4537 994 4609 μηδέποτε
1036 4536 1290 4606 γενέσθαι
1340 4533 1523 4589 ἱκανὸν
1555 4533 1715 4588 λύσαι
1749 4536 1839 4589 τὸν

261 4631 465 4702 ἱμάντα
494 4631 603 4686 τῶν
647 4631 1028 4702 ὑποδημάτων,
1056 4631 1152 4684 καὶ
1185 4627 1332 4694 ἄξιον
1371 4627 1467 4681 τοῦ
1503 4628 1670 4682 αὑτοῦ
1690 4645 1703 4658 ·
1741 4629 1842 4682 ὅσα

259 4722 317 4776 δὲ
345 4721 442 4776 ἐὰν
485 4723 848 4794 χωρήσωμεν,
877 4721 957 4774 ἔτι
991 4719 1344 4773 ὑπολείπεται
1376 4718 1443 4772 τὰ
1489 4718 1714 4789 μηδέπω
1757 4735 1845 4770 νε-

253 4814 530 4885 νοημένα·
577 4832 597 4866 t
632 4814 786 4868 Ἐπεὶ
833 4814 962 4867 ὅταν
1005 4812 1302 4885 συντελέσῃ
1351 4810 1670 4883 ἄνθρωπος,
1721 4811 1844 4864 τότε

256 4905 509 4976 ἄρχεται·
541 4906 635 4958 καὶ
659 4907 784 4959 ὅταν
813 4903 1000 4978 παύσῃ
1033 4904 1166 4975 (59),
1192 4903 1314 4956 τότε
1349 4903 1780 4975 άπορηθήσεται,
1814 4922 1834 4955 ι

260 4995 406 5049 κατὰ
436 4995 536 5068 τὴν
567 4995 742 5066 ἰησοῦ
775 4994 892 5048 υἱοῦ
916 4994 1114 5066 Σειρὰχ
1139 4993 1358 5062 Σοφίαν.

1945 4536 2056 4592 Nisi
2116 4537 2256 4592 forte
2283 4539 2408 4608 quis
2429 4538 2687 4604 dicturus
2715 4546 2818 4604 est,
2848 4552 2915 4592 eo
2946 4531 3090 4606 quod
3125 4536 3371 4592 mortalis
3425 4553 3523 4590 tta-

1942 4639 2061 4682 tuta
2095 4645 2200 4684 non
2243 4645 2414 4696 capax
2443 4630 2512 4692 sit
2544 4643 2722 4698 neque
2754 4628 2928 4696 possit
2961 4628 3050 4682 illo
3091 4627 3404 4696 pertingere
3426 4627 3525 4680 ali-

1940 4721 2161 4790 quando
2199 4730 2254 4774 ut
2295 4721 2666 4774 calceatnenta
2713 4721 2830 4788 ipsa
2864 4719 3080 4772 solvere
3110 4729 3274 4788 atque
3307 4731 3521 4789 gestare

1945 4811 2140 4881 possit,
2168 4819 2225 4863 ttt
2256 4810 2594 4879 digntnnrest
2621 4809 2755 4878 ipsis
2783 4847 2798 4872 ,
2831 4807 3096 4862 Joannem
3131 4825 3260 4864 vera
3291 4826 3520 4866 narran-

1945 4912 2053 4956 tetu
2090 4900 2290 4954 habere
2319 4900 2474 4962 illttd,
2514 4909 2572 4952 ιιι
2608 4913 2883 4967 nunquam
2910 4897 3076 4952 fuerit
3108 4899 3334 4955 idoneus
3371 4915 3435 4954 ac
3457 4915 3527 4954 ne

1949 4994 2146 5062 dignus
2177 4991 2399 5061 quidem
2438 4991 2650 5046 solvere
2686 4991 2976 5060 corrigiam
3028 4991 3524 5048 calceamentorum

259 5105 362 5160 pro
409 5089 670 5159 dignitate
719 5087 887 5156 ipsius
939 5085 1179 5152 Christi;
1223 5085 1658 5156 quia,quatnvis
1706 5086 1873 5140 multa
1920 5084 2639 5156 cognitione'percepitnus,
2682 5083 2858 5140 adhuc
2907 5083 3282 5154 relinquantur
3323 5094 3520 5140 -tamen

335 5255 377 5286 ³⁸
406 5255 563 5310 Rom.
596 5271 708 5318 xtv,
747 5253 801 5308 9.
878 5253 920 5284 ³⁷
950 5251 1114 5309 Marc.
1145 5269 1181 5319 t,
1210 5253 1265 5308 7.

337 5412 452 5479 (55)
525 5409 922 5476 ’Υπεδήσατα
963 5408 1018 5462 In
1053 5407 1241 5479 codice
1282 5409 1577 5463 Bodleiano
1635 5408 1836 5476 legitur

261 5477 588 5544 ὑπεδύσατο,
649 5484 836 5548 sicque
893 5481 1017 5548 legit
1083 5477 1406 5540 Ferrarius;
1442 5479 1638 5548 ivet'tit
1689 5483 1834 5548 enim

261 5553 567 5613 anbt’nduit;
601 5545 764 5609 male;
792 5565 913 5602 nam
941 5545 1198 5618 allttdilttr
1233 5551 1296 5618 ad
1327 5545 1831 5618 ὑποδήματαιιιιιιιι

263 5623 432 5673 codex
457 5620 774 5688 Bodleiauus
799 5633 922 5672 mox
950 5617 1562 5688 Ιιιιὺυιὺποδησάμενος,
1591 5627 1644 5670 et
1675 5618 1835 5686 paulo

264 5699 390 5760 post
409 5691 506 5760 bis
520 5687 858 5760 emotis-aro.

339 5757 448 5827 (56)
493 5758 613 5815 llaec
642 5777 670 5813 a
702 5756 951 5814 Ferrario
973 5755 1359 5825 prtetertuissa,
1389 5769 1417 5808 e
1438 5754 1688 5810 Perionio
1713 5771 1835 5825 sup-

1356 5253 1400 5284 ³⁸
1421 5251 1578 5306 Joan.
1608 5269 1649 5318 ι,
1678 5254 1770 5307 9.7.
1846 5254 1892 5286 ³⁹
1919 5253 2086 5309 Marc.
2116 5271 2153 5320 ι,
2176 5255 2227 5307 7.
2304 5254 2351 5285 ⁸ο
2386 5253 2546 5308 Rom.
2579 5269 2677 5322 χιι,
2708 5252 2763 5306 6.

1940 5409 2227 5480 plevimus.

2013 5481 2126 5550 (57)
2183 5479 2450 5546 Πάντως.
2483 5479 2660 5550 Codex
2694 5475 3040 5550 Bodleianus,
3069 5473 3272 5550 πάντα.

2011 5545 2258 5636 (’5ξ3)λΚςιὶ
2285 5549 2664 5614 βαστάξεως.
2697 5548 2752 5602 In
2779 5548 2936 5601 codd.
2958 5547 3124 5616 Regio
3145 5558 3198 5602 et
3225 5545 3526 5605 Barbarino

1942 5620 2092 5674 dee~l
2119 5621 2230 5674 καί.

2014 5690 2125 5760 (59)
2161 5691 2339 5746 Codex
2366 5689 2717 5756 Bodleianus,
2744 5687 3044 5758 παύσηται.
