4020 6216
531 269 641 328 2113

1986 270 2309 328 ΟΠΙΟΕΝΙΒ

3680 287 3779 342 2611

535 389 706 444 multa
761 390 998 445 nondum
1033 387 1306 443 intellecta
1339 407 1352 443 :
1386 409 1403 441 1
1448 387 1711 457 Quoniam
1747 405 1869 444 rttm
1901 391 2195 445 absolverit
2233 393 2415 457 homo,
2447 398 2573 446 tunc
2600 390 2789 460 incipit
2831 408 2843 443 :
2886 401 2940 447 et
2973 407 3092 448 cum
3126 393 3417 465 quieverit,
3456 403 3582 452 111110
3613 412 3785 455 tneor.

529 485 619 539 tus
647 485 772 550 erit,
812 504 832 538 1
862 485 1014 555 juxta
1047 482 1174 539 Jesu
1215 484 1306 538 ﬁlii
1341 484 1532 538 Siracb
1565 483 1896 552 Sapientiam
1923 487 1989 538 “.

597 581 688 635 2L
725 583 920 635 Adhuc
959 582 1023 636 de
1055 581 1263 637 calceis
1301 582 1446 636 hunc
1477 583 1529 634 in
1561 583 1776 634 modum
1811 583 1951 650 apud
1993 593 2085 636 tre:

2281 581 2371 636 21.
2415 580 2538 635 Ἔτι
2587 583 2716 652 περὶ
2770 581 2879 636 τῶν
2915 583 3279 653 ὑποδημάτων
3324 584 3436 636 τῶν
3484 585 3636 656 παρὰ
3681 591 3786 651 τοῖς

523 669 894 739 cvangelistas
918 671 1215 726 nominatis
1256 671 1625 732 disseramus,
1675 669 1796 724 illos
1826 669 2109 724 conferen-

525 769 606 812 tes
639 775 762 813 cum
804 760 897 814 illo
939 761 1124 816 ralceo
1157 762 1247 830 qui
1303 761 1442 829 apud
1478 760 1801 830 discipulum
1839 757 2107 816 Joannem

525 865 756 903 numero
773 851 1033 921 singulari
1052 853 1414 906 nominaturzc
1440 851 1552 905 Non
1573 868 1723 905 sum»
1747 853 1890 907 enim
1920 868 2102 920 (οεορ

525 940 725 1010 inquit,
760 958 778 989 ι
813 945 1029 1011 dignus,
1057 954 1114 998 ut
1153 943 1358 998 solvam
1379 944 1497 1013 ejus
1551 944 1844 1015 corrigiam
1891 943 2105 999 calcea-

525 1035 693 1087 menti
722 1035 788 1088 δ’.
831 1055 849 1087 1
887 1035 1159 1090 Fortassis
1195 1036 1360 1105 igitur
1397 1037 1566 1090 victus
1594 1053 1622 1090 a
1666 1035 1756 1090 Dei
1789 1038 1962 1107 gratia
1991 1053 2105 1090 nut-

528 1141 630 1178 nus
659 1130 868 1197 accepit
911 1128 1177 1198 (nondum
1213 1127 1448 1197 alioqui,
1491 1141 1756 1199 quantum
1790 1130 1843 1183 111
1878 1145 1936 1185 se
1961 1138 2102 1195 erat,

524 1216 720 1281 dignus
753 1218 1044 1285 cxsistens)
1085 1217 1324 1272 solvendi
1371 1221 1667 1288 corrigiam
1716 1220 1943 1274 alterius
1987 1220 2102 1274 cal-

521 1316 956 1370 ceamcntorum,
993 1324 1116 1361 cum
1171 1309 1540 1377 perspexisset
1578 1311 1720 1364 illius
1752 1311 1894 1365 inter
1930 1310 2104 1364 homi-

523 1407 621 1443 nes
658 1393 976 1454 adventum,
1019 1396 1084 1448 de
1109 1409 1218 1463 quo
1246 1403 1300 1448 et
1331 1396 1675 1450 testiﬁcatur.
1707 1397 1813 1451 Sed
1844 1397 2099 1466 quoniam

519 1481 804 1537 deﬁciebat
849 1483 923 1537 illi
976 1488 1391 1556 comprehensio
1441 1503 1624 1542 rerum
1665 1503 1786 1555 qttzt‘.
1831 1498 2100 1543 secutura:

519 1585 696 1642 erant,
729 1581 992 1635 nescienti
1029 1596 1096 1634 an
1130 1579 1293 1636 Jesus
1325 1591 1472 1637 esset
1514 1584 1680 1636 etiam
1713 1584 1806 1638 illo
1840 1593 2098 1638 venturus

519 1683 629 1735 quo
658 1669 900 1722 I'utnrum
927 1680 1049 1724 erat
1079 1682 1136 1724 ut
1165 1673 1280 1740 ipsc
1307 1685 1372 1726 ex
1408 1689 1632 1727 carcere
1677 1673 1976 1727 decollatns
2007 1688 2098 1728 ac-

519 1761 760 1821 cederet,
817 1778 884 1815 an
922 1761 1085 1816 alium
1122 1774 1401 1830 oporteret
1449 1775 1800 1834 exspectare,
1853 1766 1923 1819 ob
1957 1764 2096 1819 banc

2209 673 2391 744 τρισὶν
2427 669 2603 736 οὑτως
2631 671 3042 742 ὀνομασθέντων
3070 672 3486 740 εὑαγγελισταϊς
3529 671 3786 726 διαλάϐω-

2215 781 2335 835 μεν,
2396 761 2780 836 συγκρίνοντες
2839 765 3023 816 ἐκεῖ-,α
3080 762 3156 833 τῷ
3219 763 3370 835 παρὰ
3427 764 3508 835 τῷ
3575 764 3782 836 μαθητῇ

2221 852 2442 928 Ἰωάννῃ
2473 856 2665 919 ἑνικῶς
2695 855 3081 925 ὀνομασθέντιο
3124 875 3142 906 1
3171 854 3288 910 Οὑκ
3321 858 3477 928 εἱμὶι
3517 858 3646 928 γὰρ,
3689 874 3786 928 φη-

2210 945 2314 1008 σὶν,
2365 966 2382 998 1
2416 945 2526 1014 ἐγὼ
2576 946 2729 1011 ἄξιος
2763 947 2850 999 ἵνα
2904 944 3052 1000 λύσω
3106 948 3272 1001 αὑτοῦ
3307 949 3396 1002 τὸν
3445 951 3646 1019 ἱμάντα
3695 951 3784 1004 τοῦ

2208 1037 2758 1110 ὑποδήματοςδτάχα
2787 1034 2880 1092 οὖν
2909 1038 3210 1110 νικώμενος
3245 1039 3349 1094 ὑπὸ
3384 1041 3485 1111 τῆς
3527 1042 3624 1094 τοῦ
3653 1041 3785 1095 Θεοῦ

2206 1129 2430 1200 χάριτος
2475 1128 2690 1200 δωρεὰν
2739 1131 2949 1202 εἴληφε,
3005 1131 3266 1202 (μηδέπω
3305 1133 3428 1186 ὅσον
3478 1134 3564 1202 ἐφ’
3613 1133 3788 1204 ἑαυτῷ

2204 1219 2352 1285 ἄξιος
2380 1219 2454 1273 ὢν
2497 1219 2659 1274 λῦσαι
2700 1218 2792 1274 τον
2827 1219 3028 1292 ἱμάντα
3059 1219 3156 1276 τοῦ
3205 1223 3392 1295 ἑτέρου
3440 1224 3550 1276 τῶν
3585 1225 3786 1296 ὑποδη-

2207 1311 2438 1383 μάτων.)
2469 1312 2668 1384 νοήσας
2707 1313 2872 1367 αὑτοῦ
2902 1314 3002 1383 τὴν
3032 1315 3089 1366 ὲν
3122 1312 3430 1384 ἀνθρώποις
3466 1313 3780 1384 ἐπιδημὶαν,

2202 1402 2332 1473 περὶ
2379 1400 2448 1478 ἦς
2499 1406 2595 1459 καὶ
2645 1407 2933 1478 μαρτυρεῖ.
2983 1404 3136 1459 Ἐπεὶ
3184 1403 3240 1459 δὲ
3287 1405 3498 1458 ἔλειπεν
3550 1404 3707 1476 αὑτῷ
3748 1408 3778 1476 ἡ

2203 1496 2332 1568 περὶ
2387 1495 2496 1550 τῶν
2554 1495 2680 1569 ἑξῆς
2746 1497 3086 1568 κατάληψις,
3153 1498 3253 1550 οὑκ
3319 1495 3480 1550 εἰδότι
3555 1496 3784 1566 πότερον

2213 1586 2422 1659 Ἰησοῦς
2449 1591 2596 1643 ἐστιν
2637 1589 2666 1642 6
2695 1591 2858 1644 κάκεῖ
2904 1591 3216 1661 ἐρχόμενος,
3244 1590 3378 1643 ὅπου
3419 1588 3527 1642 ἀπὸ
3552 1589 3655 1658 τῆς
3691 1605 3786 1657 φν-

2197 1679 2370 1750 λακῆς
2424 1681 2670 1750 γίνεσθαι
2723 1680 2945 1752 ἔμελλεν
2999 1681 3490 1750 ἀποκεφαλισθεὶς,
3532 1671 3566 1740 ἢ
3597 1681 3785 1750 ἕτερον

2199 1773 2502 1844 προσδοκᾷν
2536 1773 2724 1844 ἐχρῆν,
2751 1773 2840 1826 διὰ
2871 1767 3030 1825 τοῦτο
3058 1773 3158 1844 τὴν
3197 1773 3526 1843 σαφέστερον
3555 1770 3783 1844 ὕστερον

516 1867 738 1908 causam
772 1855 1167 1910 dubitationem
1191 1856 1356 1917 illam,
1383 1870 1505 1925 quae
1533 1857 1686 1909 nobis
1716 1868 1899 1923 postea
1938 1873 2085 1925 aper-

2198 1861 2542 1934 ὲπαπόρησιν
2570 1863 2705 1933 ἡμῖν
2747 1863 3083 1934 δηλουμένην
3128 1863 3223 1918 καὶ
3256 1862 3352 1917 νῦν
3385 1863 3780 1934 αἰνιττόμενος,

519 1945 626 1997 tius
665 1944 996 2008 declaratur,
1022 1944 1186 1997 etiam
1214 1921 1471 2009 inunctis,
1502 1946 1678 2016 inquit
1701 1921 1829 1999 illud
1860 1964 1873 2001 :
1907 1964 1926 1998 1
1975 1921 2085 2000 Non

2201 1953 2334 2024 φησὶ
2366 1921 2455 2006 τό;
2493 1973 2511 2005 1
2541 1921 2656 2006 Ούκ
2693 1921 2810 2024 εἰμί
2851 1921 2962 2023 ἐγω
2996 1921 3147 2020 ἄξιος
3191 1955 3280 2008 ἵνα
3311 1954 3457 2007 λύσω
3490 1921 3661 2008 αὑτοῦ
3697 1921 3782 2007 rb;

515 2051 632 2090 sum
666 2051 766 2106 ego
789 2037 1008 2105 dignus,
1227 2048 1282 2090 ιιι
1309 2038 1513 2091 solvam
1537 2037 1652 2106 t-jus
1670 2039 1960 2106 corrigiam
1989 2037 2093 2092 cal-

513 2129 804 2183 ceaanti.
839 2148 857 2180 1
899 2130 1051 2197 Quod
1081 2133 1126 2185 si
1174 2132 1294 2201 quis
1319 2130 1649 2184 existimarit
1679 2131 1954 2185 curiosius
1989 2131 2092 2186 hoc

511 2235 542 2276 a
572 2223 729 2278 nobis
765 2223 970 2276 dictum
1005 2221 1193 2287 fuisse,
1228 2222 1273 2277 is
1299 2223 1350 2276 111
1383 2222 1526 2276 1110111
1571 2223 1918 2292 congregabit
1945 2222 2089 2290 quod

515 2311 722 2364 dictum
756 2323 837 2366 est
860 2313 926 2366 de
956 2311 1345 2367 calceamentis
1373 2320 1429 2366 et
1461 2311 1854 2377 Calreatuettlo,
1883 2324 1938 2364 ut
1979 2313 2090 2367 vel-

512 2404 586 2456 uti
616 2404 763 2458 dicat
795 2421 809 2457 :
847 2403 1284 2473 Ilaudquaqnam
1339 2403 1536 2472 dignus
1571 2418 1687 2457 sum
1723 2403 1932 2458 solvere
1965 2419 2090 2458 cor-

514 2496 729 2563 rigiaut.
776 2511 844 2551 ne
891 2496 942 2549 111
977 2497 1246 2565 Principio
1293 2495 1535 2564 Ἷ¹¹Ῐ¹¹⁰¹¹¹ν
1571 2496 1728 2549 ""ius
1763 2496 1964 2561 mucci;
2003 2495 2086 2550 vol

511 2591 675 2642 etiam
704 2589 847 2643 hunc
887 2588 940 2641 in
969 2589 1184 2641 modum
1213 2588 1264 2642 iu
1300 2604 1464 2641 unum
1488 2589 1678 2640 adduci
1712 2599 1940 2656 possunt
1967 2603 2088 2657 qua!

508 2693 744 2751 quatuor
767 2681 1112 2750 cVangt-listze
1131 2681 1401 2734 dixerunt.
1427 2679 1895 2735 Sienimloannes
1925 2681 2086 2735 111101·

509 2771 709 2840 ligi-bat
737 2788 854 2842 quae
888 2773 1160 2842 pertinent
1205 2773 1270 2826 ad
1307 2775 1600 2826 adventum
1636 2773 1840 2826 Christi
1867 2775 1930 2827 ad
1965 2789 2082 2838 nos,

507 2864 896 2932 dubitabantque
926 2864 992 2918 de
1016 2866 1178 2918 rebus
1213 2864 1590 2934 sequentibus,
1623 2879 1750 2920 vera
1785 2875 1971 2920 narrat
1999 2865 2083 2919 di-

505 2971 635 3013 cens
661 2972 721 3012 se
747 2973 852 3011 non
903 2958 1155 3012 idoneum
1199 2959 1289 3028 qui
1339 2956 1508 3012 solvat
1541 2959 1835 3029 corrigiam
1875 2961 2086 3014 calcea-

508 3059 851 3114 mentorum;
881 3065 981 3103 nec
1010 3051 1154 3103 enim
1188 3060 1417 3120 utraque
1447 3050 1612 3104 solvil.
1649 3052 1738 3120 qui
1767 3066 1932 3106 unum
1981 3052 2086 3107 sol-

507 3143 667 3198 verit.
701 3143 838 3197 Vera
893 3143 1059 3196 etiam
1107 3153 1297 3194 narrat
1352 3143 1560 3207 dicens,
1593 3161 1613 3195 1
1652 3144 1946 3213 corrigiam
1974 3143 2086 3197 ral-

2202 2044 2402 2117 ιμάντα
2433 2045 2526 2100 τοῦ
2571 2046 2934 2117 ὑποδήματος.
2970 2065 2988 2097 1
3027 2043 3086 2100 ’0
3114 2047 3171 2100 δὲ
3201 2047 3447 2118 οιόμενος
3489 2047 3780 2117 περιεργό-

2195 2156 2355 2211 τερον
2402 2138 2560 2193 τοῦτο
2619 2129 2897 2210 εἰρῆσθαι,
2936 2140 3014 2202 είς
3067 2138 3260 2192 ταυτὸν
3319 2138 3536 2202 συνάξει
3583 2138 3644 2192 τὸ
3675 2139 3782 2192 τῶν

2198 2232 2558 2304 ὑποδημάτων
2590 2233 2684 2286 καὶ
2729 2230 2824 2286 τοῦ
2873 2231 3236 2304 ὑποδήματος,
3267 2234 3355 2288 ἵνα
3392 2233 3556 2288 οἱονεὶ
3607 2233 3743 2305 λέγῃ
3761 2249 3775 2263 ο

2197 2323 2460 2393 Οὐδαμῶς
2507 2318 2657 2389 ἄξιός
2705 2323 2820 2394 εἰμι
2851 2323 3011 2378 λῦσαι
3055 2321 3150 2378 τὸν
3203 2323 3434 2395 ἱμάντα,
3483 2323 3604 2378 οὑδὲ
3639 2325 3781 2378 κατὰ

2193 2412 2292 2485 τὴν
2321 2414 2512 2486 ἀρχὴν,
2563 2415 2666 2471 κᾶν
2702 2415 2796 2469 τοῦ
2837 2415 2954 2479 ἑνὸς
2986 2415 3330 2488 ὑποδήματος
3350 2431 3364 2448 ³
3401 2416 3434 2487 ἢ
3468 2417 3563 2470 καὶ
3604 2416 3783 2478 οὕτως

2193 2504 2416 2559 δυνατὸν
2439 2505 2517 2568 εἰς
2537 2505 2593 2558 ἓν
2619 2506 2940 2574 συνάγεσθαι
2966 2505 3036 2560 τὰ
3059 2508 3208 2578 παρὰ
3230 2511 3340 2571 τοῖς
3359 2507 3650 2579 τέσσαρσιν
3667 2507 3782 2577 (60)

2195 2593 2479 2667 εἰρημένα.
2508 2594 2570 2649 Εἰ
2600 2597 2709 2669 γὰρ
2741 2598 2770 2652 6
2807 2597 3058 2666 Ἰωάννης
3093 2598 3262 2651 συνίει
3295 2599 3392 2669 μὲν
3420 2597 3490 2651 τὰ
3524 2598 3655 2670 περὶ
3685 2597 3782 2666 τῆς

2195 2687 2426 2742 ἐνταῦθα
2458 2687 2625 2742 αὑτοῦ
2657 2688 2969 2760 ἐπιδημίας,
3005 2691 3270 2763 ὲπηπὸρει
3295 2689 3482 2760 (61)δὲ
3507 2689 3639 2758 περὶ
3675 2687 3783 2741 τῶν

2193 2775 2342 2848 ἑξῆς,
2371 2778 2625 2850 ἀληθεύει
2657 2779 2830 2850 λέγων
2873 2782 2968 2834 καὶ
2997 2779 3057 2834 τὸ
3089 2779 3164 2852 μὴ
3206 2775 3344 2834 εἶναι
3396 2780 3581 2832 ἱκανὸν
3629 2779 3784 2833 λύειν

2191 2868 2283 2924 τὸν
2320 2870 2522 2940 ἱμάντα
2575 2869 2684 2924 τῶν
2735 2868 3126 2940 ὑποδημάτων·
3162 2868 3222 2922 οὑ
3274 2868 3383 2938 γὰρ
3428 2866 3547 2920 λύει
3598 2867 3782 2937 ἀμφό-

2191 2977 2325 3033 τερα
2355 2959 2524 3028 λύσας
2560 2961 2654 3014 τοῦ
2687 2960 2824 3025 ἑνός.
2873 2961 3156 3033 Ἀληοεύει
3199 2959 3256 3014 δὲ
3290 2959 3462 3029 λέγων
3506 2961 3604 3013 καὶ
3637 2979 3659 3010 1
3691 2959 3784 3012 τὸν

2194 3053 2397 3124 ἱμάντα
2424 3051 2519 3106 τοῦ
2552 3052 2922 3126 ὑποδήματος,
2951 3074 2969 3106 1
3009 3055 3152 3119 ἐπεὶ,
3194 3054 3270 3119 ὡς
3311 3053 3661 3126 προείρηται,
3703 3053 3784 3106 ἔτι

2191 3145 2440 3218 διαπορεῖ
2487 3145 2613 3213 περὶ
2644 3145 2763 3210 τοῦ,
2809 3146 3036 3218 πότερον
3070 3146 3233 3211 αὑτός
3280 3147 3430 3200 ἐστιν
3460 3145 3780 3217 ἐρχόμενος,

503 3234 798 3300 ceatneuti,
836 3253 854 3286 1
886 3235 1164 3304 quaniatn,
1195 3245 1252 3287 ttt
1291 3235 1607 3303 111-1011101001
1645 3245 1752 3301 est,
1781 3237 2081 3291 etiamnum

2192 3236 2225 3311 ἢ
2255 3237 2464 3311 ἕτερος,
2493 3243 2522 3292 6
2555 3240 2718 3293 κάκεῖ
2754 3239 3184 3311 προσδοκητέος,

503 3328 716 3382 (1111111111
738 3327 801 3380 de
827 3341 914 3392 eo,
945 3343 1013 3379 an
1045 3326 1161 3394 ipse
1189 3324 1259 3380 sit
1285 3325 1375 3379 ille
1411 3337 1688 3391 venturus,
1715 3336 1772 3380 et
1802 3326 1965 3380 etiam
1996 3326 2084 3382 ille

503 3420 926 3486 exspectandus,
966 3433 1034 3471 an
1066 3418 1225 3472 alter.

572 3511 664 3567 22.
697 3512 862 3578 Quin,
891 3513 1033 3582 quod
1077 3511 1144 3565 ad
1176 3510 1230 3566 id
1263 3512 1499 3574 attinet;
1545 3529 1563 3562 1
1607 3509 1663 3566 111
1699 3511 1878 3566 11101110
1915 3509 2082 3565 vestri

502 3616 630 3672 stat,
667 3621 828 3677 quem
859 3621 955 3659 vos
1001 3605 1226 3659 nescitis
1249 3603 1316 3669 “,
1343 3625 1362 3658 1
1390 3605 1503 3660 11100
1521 3604 1835 3660 disserenda
1862 3611 1988 3658 sunt
2015 3603 2082 3658 de

501 3699 641 3756 Filio
701 3699 796 3755 Dei
835 3699 1016 3769 Λόγῳ,
1051 3713 1146 3769 per
1178 3714 1339 3768 quem
1373 3699 1554 3753 omnia
1597 3697 1741 3752 facta
1778 3707 1928 3763 sunt,
1960 3697 2084 3751 sub-

501 3799 736 3852 sistente
792 3795 1229 3850 snbstantialiter
1284 3793 1584 3848 secundum
1648 3793 1973 3862 subjectum,
2025 3801 2082 3846 ct

504 3887 646 3940 idem
694 3886 998 3940 exsisteute
1031 3899 1155 3938 cum
1184 3885 1474 3953 sapientia.
1512 3882 1610 3936 llic
1651 3884 1798 3938 enim
1833 3899 1928 3953 per
1957 3883 2081 3937 ulti-

507 3992 716 4032 versam
748 3977 899 4032 orbis
941 3976 1250 4031 machinam
1289 3987 1556 4043 permeat,
1599 3987 1657 4030 ut
1707 3993 1827 4047 qua:
1861 3992 2084 4046 semper

503 4069 661 4134 ﬁunt,
689 4084 787 4138 per
823 4069 998 4138 ipsum
1034 4068 1166 4122 ﬁant
1193 4085 1208 4125 :
1245 4080 1300 4122 et
1326 4070 1390 4122 de
1421 4069 1713 4133 universis,
1742 4083 2079 4138 qnam-noque

500 4156 816 4226 protuleris,
841 4173 1058 4228 seraper
1091 4173 1280 4212 verum
1303 4159 1408 4214 erit
1437 4176 1451 4212 :
1491 4177 1510 4211 ι
1551 4160 1743 4214 Omnia
1778 4177 1873 4228 per
1904 4161 2077 4228 ipsum

498 4249 643 4304 facta
671 4259 821 4312 sunt,
851 4259 904 4306 et
925 4251 1043 4304 sine
1070 4251 1187 4320 ipso
1212 4250 1413 4304 factum
1441 4261 1520 4305 est
1541 4251 1768 4316 nihil“;
1795 4269 1813 4302 1
1836 4263 1887 4303 et
1912 4251 2076 4307 illud:

503 4361 524 4396 1
547 4344 737 4400 Omnia
773 4346 824 4400 in
855 4344 1120 4413 sapientia
1151 4343 1326 4398 fecisti
1346 4342 1412 4398 “.
1437 4363 1456 4396 1
1485 4343 1641 4411 Quod
1669 4344 1713 4398 si
1741 4359 1835 4412 per
1861 4358 2077 4398 onmem

494 4439 832 4493 creationem
863 4436 1371 4506 atque'universam
1421 4436 1604 4489 mundi
1643 4433 1907 4489 lubricam
1951 4450 2076 4504 per-

497 4539 664 4595 meat,
700 4530 752 4584 in
787 4529 964 4584 medio
989 4527 1200 4584 scilicet
1232 4529 1396 4582 etiam
1429 4543 1620 4583 eormn
1659 4535 1767 4582 stat
1793 4526 2075 4596 quiinter-

2254 3511 2344 3566 22.
2380 3511 2488 3566 Καὶ
2510 3507 2750 3584 περὶτοῦ
2766 3507 2826 3566 δέ
2850 3528 2864 3542 ο
2891 3530 2909 3563 1
2932 3510 3112 3575 Μέσος
3133 3509 3244 3580 (62)
3265 3509 3420 3582 ὑμῶν
3441 3509 3702 3578 ἕστηκεν,
3723 3506 3783 3562 ὃν

2185 3602 2342 3674 ὑμεῖς
2370 3604 2470 3656 οὑκ
2500 3604 2698 3670 οἴδατε,
2739 3623 2756 3654 1
2787 3602 2960 3658 ταῦτα
2983 3602 3305 3674 διαληπτέον
3357 3601 3486 3672 περὶ
3517 3601 3614 3653 τοῦ
3644 3599 3784 3655 Υῑοῦ

2182 3687 2278 3748 τοῦ
2341 3691 2476 3748 Θεοῦ
2527 3695 2621 3747 τοῦ
2685 3697 2890 3764 Λόγου,
2955 3695 3024 3747 δι’
3072 3687 3132 3746 οὗ
3179 3693 3250 3746 τὰ
3295 3693 3474 3747 πάντα
3525 3693 3778 3761 γέγονεν,

2185 3783 2548 3857 ὑφεστηκότος
2573 3786 2844 3848 ούσιωῗῶς
2874 3784 3016 3838 κατὰ
3060 3785 3122 3838 τὺ
3156 3785 3518 3855 ὑποκείμενον
3541 3783 3642 3837 τοῦ
3678 3785 3778 3836 αύ-

2182 3877 2277 3932 τοὺ
2323 3879 2473 3941 ὖντος
2519 3881 2584 3948 τῇ
2623 3877 2803 3946 σοοίξι.
2837 3869 3007 3940 Οὗτος
3038 3876 3148 3949 γὰρ
3178 3877 3245 3930 δι’
3289 3877 3418 3948 ὅλης
3467 3873 3777 3946 πεφοίτηκε

2181 3965 2281 4039 τῆς
2327 3967 2578 4030 κτίσεως,
2612 3967 2697 4019 ἵνα
2727 3963 2814 4020 ἀεὶ
2849 3966 2918 4020 τὰ
2947 3966 3206 4036 γινόμενα
3232 3967 3299 4020 δι’
3325 3966 3489 4021 αὑτοῦ
3519 3967 3779 4037 γένηται,

2183 4063 2278 4116 καὶ
2340 4062 2470 4133 περὶ
2533 4058 2733 4126 παντὸς
2793 4060 3109 4113 οὑτινοσοῦν
3160 4059 3250 4114 ἀεὶ
3302 4059 3504 4131 ἀληθὲς
3559 4055 3631 4130 ἦν
3665 4060 3772 4113 τό·

2187 4174 2204 4204 1
2237 4154 2419 4208 Πάντα
2450 4152 2517 4206 δι’
2548 4152 2713 4207 αὑτοῦ
2746 4152 2984 4222 ἐγένετο,
3021 4153 3116 4206 καὶ
3146 4153 3314 4222 χωρὶς
3341 4151 3508 4205 αὑτοῦ
3543 4153 3773 4220 ἐγένετο

2180 4244 2333 4300 οὑδέν
2356 4262 2369 4276 ·
2405 4264 2424 4297 1
2481 4246 2574 4299 καὶ
2612 4245 2704 4300 τόο
2745 4266 2763 4298 1
2797 4247 2982 4300 Πάντα
3018 4247 3076 4301 ὲν
3111 4248 3274 4318 σοφίᾳ
3325 4247 3613 4318 ἐποίησας.
3647 4268 3667 4300 1
3708 4249 3775 4300 Ei

2178 4340 2235 4393 δὲ
2279 4339 2347 4393 δι’
2383 4337 2511 4410 ὅλης
2555 4341 2656 4411 τῆς
2695 4338 2924 4404 κτίσεως
2957 4339 3283 4412 πεφοίτηκε,
3329 4341 3508 4412 δῆλον,
3553 4341 3640 4395 ὅτι
3675 4341 3776 4396 καὶ

2178 4429 2286 4483 τῶν
2323 4429 2771 4500 πυνθανομένων·
2811 4449 2830 4481 1
2861 4429 2927 4482 Τί
2958 4424 3051 4483 οὖν
3098 4428 3406 4500 βαπτίζεις,
3447 4430 3496 4482 εί
3548 4428 3616 4481 σὺ
3667 4431 3774 4483 οὐκ

2179 4517 2232 4576 εἶ
2260 4525 2290 4577 6
2322 4521 2581 4594 Χριστὸς,
2611 4523 2734 4578 οὑδὲ
2775 4524 2993 4588 Ἠλίας,
3028 4523 3149 4578 οὑδὲ
3183 4523 3212 4576 6
3241 4522 3561 4595 προφήτης;
3587 4540 3609 4574 1
3651 4520 3772 4576 Μέ-

497 4623 796 4690 rogabant:
826 4641 845 4674 1
878 4621 1018 4688 Quid
1061 4637 1193 4692 ergo
1241 4620 1518 4689 baptizas,
1557 4619 1602 4673 si
1647 4629 1702 4674 tu
1754 4635 1859 4673 oon
1887 4633 1948 4672 es
1979 4617 2074 4672 ille

2192 4630 2272 4678 ro;
2327 4615 2558 4684 ἔστηκεν
2601 4615 2630 4667 6
2675 4613 2837 4677 αὑτὸς
2883 4613 2978 4666 καὶ
3036 4610 3254 4682 βέϐαιος
3284 4609 3360 4664 ὢν
3414 4611 3616 4678 Λόγος,
3659 4605 3770 4662 ὑπὸ

493 4715 768 4778 Christus,
805 4729 984 4783 neque
1007 4712 1178 4779 Elias,
1211 4727 1388 4781 neque
1426 4711 1691 4781 propheta
1729 4711 1818 4766 ille
1833 4711 1925 4764 ⁸⁸⁸1
1960 4729 1978 4760 1
2016 4708 2072 4762 111

495 4807 696 4871 11101110,
736 4807 978 4873 inquam,
1011 4814 1119 4860 stat
1150 4804 1322 4873 Λόγος
1353 4803 1490 4874 ipse,
1515 4804 1648 4877 [hoc
1685 4814 1769 4858 est
1793 4800 1981 4874 ratio.]
2014 4810 2072 4856 et

493 4895 668 4952 Filius
720 4894 816 4948 Dei
847 4913 874 4948 11
904 4893 1067 4948 Patre
1101 4895 1354 4950 ﬁrmatus
1387 4897 1608 4964 ubique.
1651 4893 1748 4949 Vel
1780 4895 1944 4949 verba
1983 4907 2067 4956 ea,

493 5005 515 5041 1
559 4988 612 5042 111
650 4987 828 5042 medio
860 4985 1027 5040 vestri
1063 4995 1195 5050 stat,
1231 5005 1250 5038 1
1281 4987 1361 5041 sic
1392 4987 1788 5057 intelligantur,
1815 4985 1941 5056 quia
1968 4985 2065 5039 bo-

491 5079 667 5134 mincs
689 5093 785 5133 vos
807 5079 941 5132 estis
977 5078 1205 5132 rationis
1231 5089 1530 5147 compotes,
1573 5078 1776 5132 idcirco
1805 5095 1823 5128 ι
1857 5077 1913 5130 111
1951 5092 2065 5131 me-

490 5171 580 5224 dio
599 5171 765 5225 vestri
795 5179 924 5236 stat,
962 5188 980 5221 1
1017 5184 1082 5224 eo
1122 5169 1265 5238 quod
1301 5169 1353 5223 in
1381 5170 1556 5223 medio
1577 5169 1647 5223 sit
1673 5169 1842 5222 totius
1870 5182 2068 5236 corpo-

492 5263 567 5314 ris
586 5276 649 5314 ca
669 5263 863 5316 anima:
880 5278 1006 5332 pars
1025 5262 1499 5332 praestantissima,
1525 5261 1884 5330 principatum
1904 5275 2065 5328 quant

491 5362 711 5421 vocant,
765 5352 1062 5426 Seripturis
1121 5355 1393 5410 inviolata:
1459 5353 1580 5407 lidei
1647 5353 2062 5408 ostendentibus

2173 4705 2270 4759 τοῦ
2311 4705 2526 4777 Πατρὸς
2583 4703 2978 4777 ὲστηριγμένος
3028 4702 3321 4774 πανταχοῦ.
3356 4704 3427 4756 Ἦ
3458 4701 3520 4755 τό
3543 4717 3556 4731 ·
3596 4720 3617 4751 1
3647 4701 3768 4754 Μέ-

2177 4814 2269 4861 σος
2309 4797 2465 4869 ὑμῶν
2515 4797 2809 4868 ἓστηκεν,›
2847 4795 3145 4860 ἁκουέσθω,
3190 4797 3273 4849 ὅτι
3323 4794 3477 4866 ὑμῶν
3509 4793 3619 4847 τῶν
3669 4792 3769 4845 ἄψ

2173 4883 2428 4960 Θρώπων,
2458 4887 2546 4942 διὰ
2578 4888 2638 4941 τὸ
2672 4884 2812 4941 εἶναι
2857 4888 3003 4958 ὑμᾶς
3044 4885 3316 4956 λογικοὺς,
3351 4903 3369 4936 ι
3404 4884 3567 4956 μέσος
3605 4882 3769 4952 ὑμῶν

2172 4979 2364 5044 ἑστὼς,
2395 5000 2414 5032 1
2452 4979 2530 5050 τῷ
2569 4979 2664 5032 τοῦ
2701 4979 2900 5042 παντὸς
2940 4977 3190 5050 σώματος
3235 4978 3293 5030 ὲν
3339 4976 3490 5047 μέσῳ
3525 4970 3665 5027 εἶναι
3698 4973 3768 5026 τὸ

2173 5071 2516 5143 ἡγεμονικὸν,
2559 5069 2937 5124 ἀποδείκνυται
2980 5069 3123 5126 κατὰ
3169 5069 3269 5133 τὰς
3313 5067 3535 5140 Γραφὰς
3583 5067 3645 5120 tv
3685 5067 3765 5138 τῇ

2174 5165 2370 5236 καρδίᾳ
2418 5165 2699 5232 τυγχάνον.
2745 5165 2806 5217 01
2854 5164 3038 5217 τοίνυν
3087 5163 3301 5234 ἔχοντες
3350 5161 3444 5214 τὸν
3493 5158 3664 5226 Λόγον
3697 5157 3766 5210 ὲν

2175 5257 2326 5327 μέσῳ
2362 5257 2590 5323 ἑαυτῶν,
2631 5257 2705 5328 μὴ
2751 5256 3207 5327 διαλαμϐάνοντες
3249 5255 3305 5308 δὲ
3339 5254 3465 5324 περὶ
3508 5251 3607 5322 τῆς
3651 5248 3768 5318 φύ-

2173 5365 2311 5412 σεως
2351 5347 2537 5412 αὑτοῦ,
2569 5350 2704 5420 μηδὲ
2736 5349 2844 5404 ἀπὸ
2876 5350 3037 5413 ποίας
3063 5348 3248 5419 πηγῆς
3286 5347 3384 5400 καὶ
3423 5343 3600 5417 ἀρχῆς
3631 5341 3768 5414 ἐλή-

561 5486 604 5516 ⁵¹
637 5485 803 5543 Eccli.
827 5503 980 5555 xvut,
1003 5490 1058 5544 6.
1135 5491 1180 5522 “
1213 5488 1368 5545 Joan.
1402 5507 1440 5554 ι,
1462 5490 1554 5544 27.
1629 5489 1674 5521 ⁸³
1697 5488 1850 5543 Joan.
1887 5503 1925 5554 1,
1956 5487 2048 5542 9.6.

2207 5484 2337 5540 ibid.
2364 5485 2420 5539 3.
2499 5484 2544 5517 "
2571 5485 2708 5540 l’sal.
2735 5501 2852 5552 cut,
2881 5485 2973 5539 21.
3049 5485 3094 5516 ⁸⁸
3116 5483 3274 5538 Jnan.
3305 5499 3343 5550 1,
3371 5481 3465 5538 25.

563 5596 675 5666 (60)
715 5597 895 5653 Codex
935 5599 1165 5668 liegius,
1199 5616 1516 5673 perperam,
1545 5601 1672 5671 περὶ
1705 5599 1800 5652 τοῦ
1834 5598 2061 5672 τέσσαρ-

493 5683 597 5722 σιν.

2247 5601 2358 5670 (ﬁl)
2395 5599 2576 5672 lioda-a'
2616 5599 2963 5672 Bodleiano},
2997 5599 3273 5672 ἐνηπὸρει.

2250 5669 2362 5741 (112)
2395 5670 2557 5737 1110111,
2589 5671 2719 5740 Περὶ
2748 5670 2802 5722 δὲ
2821 5669 2920 5722 »τοῦ
2942 5688 2956 5702 °
2979 5669 3183 5736 Μέσος,
3207 5679 3312 5726 etc.
