4020 6216
331 313 447 373 ’Ξῦὗ

1287 326 1291 334 ·
1393 320 1756 382 causam.
1799 314 1867 384 1N
1906 311 2097 388 ioA'N.
2135 316 2374 391 Tomis
2415 331 2501 389 v1.

3474 321 3579 378 266

334 435 485 501 λυθε,
537 434 660 508 μηδ’
685 430 831 501 ὅπως
862 425 989 490 ποτέ
1024 430 1350 510 συνέστησεν
1379 441 1564 505 αὐτοῖς
1591 442 1730 514 (65),
1765 437 1903 497 οὗτοι

2013 460 2132 500 eam
2170 446 2223 500 in
2256 445 2435 500 corde
2468 443 2757 497 exsistere.
2798 440 2898 508 Qui
2939 440 3103 509 igitur
3132 438 3183 493 in
3213 437 3297 492 sui
3341 436 3579 506 ipsorum

338 528 509 598 μέσον
542 528 707 582 αὐτὸν
727 528 935 599 ἔχοντες
968 530 1068 584 οὐκ
1103 529 1278 584 ἴσασιν
1295 548 1309 562 ·
1334 533 1363 586 6
1389 532 1446 586 δὲ
1473 532 1725 605 Ἰωάννης
1755 535 1916 589 αὑτὸν

331 614 464 673 οἶδε.
492 619 566 673 Τδ
590 619 717 691 γάρ’
742 637 762 671 ι
780 621 871 674 ὀν
888 622 1046 691 ὑμεῖς
1068 622 1167 676 οὐκ
1181 621 1380 689 οῐδατε,
1396 646 1416 680 ι
1447 624 1810 690 ὀνειδισπκῶς
1828 625 1915 679 λε-

331 710 697 782 γόμενον’(64)
723 711 856 783 πρὸς
878 714 1005 777 τοὺς
1025 715 1372 786 Φαρισαίους,
1396 717 1650 787 ἐμφαίνει
1673 718 1749 787 τῷ
1771 716 1915 789 λόγῳ

330 802 395 855 τὸ
423 802 698 873 ἐπιμελῶς
722 804 1014 873 ἐγνωκέναι
1040 806 1133 860 τὸν
1163 807 1257 861 ὑπ’
1284 808 1508 862 ἐκείνων
1542 808 1654 880 (65)
1687 808 1912 878 ἀγνοού-

333 908 515 961 μενον.
540 895 618 946 Δι’
645 893 674 946 6
717 894 811 947 καὶ
850 895 1132 964 γινώσκων
1163 898 1325 952 αὐτὸν
1355 900 1384 952 6
1412 899 1740 971 Βαπτιστὴς,
1771 895 1913 953 οἶδεν

329 983 509 1037 ὀπίσω
552 982 718 1038 αὑτοῦ
752 986 1067 1058 ἐρχόμενον,
1107 988 1200 1044 τὸν
1231 991 1290 1043 ἐν
1342 990 1492 1061 μέσῳ
1542 989 1908 1060 τυγχάνοντα,

329 1075 575 1129 τουτέστι
606 1076 725 1148 μεθ’
755 1079 919 1133 αὑτὸν
947 1081 1043 1135 καὶ
1070 1083 1169 1153 τὴν
1213 1082 1302 1151 ὑφ’
1329 1081 1496 1136 αὑτοῦ
1523 1083 1582 1135 ὲν
1606 1081 1685 1152 τῷ
1714 1081 1912 1152 βαπτί-·

336 1180 502 1235 σματι
548 1163 900 1220 διδασκαλίαν
969 1168 1334 1240 ἐπιδημοῦντα
1386 1173 1501 1235 τοῖς
1554 1169 1691 1224 κατὰ
1741 1171 1912 1239 Λόγον

332 1254 817 1326 ἀπολουσαμένοις.
876 1258 949 1311 06
1002 1259 1194 1314 ταύτὸν
1227 1259 1283 1312 δὲ
1326 1260 1652 1331 σημαίνεται
1705 1260 1769 1312 ἐκ
1811 1262 1912 1332 τῆς

337 1366 354 1395 ι
390 1346 567 1400 ὀπίσω
590 1365 609 1398 ι
646 1348 829 1418 φωνῆς
865 1349 1071 1416 ἐνθάδε,
1099 1351 1194 1404 καὶ
1243 1352 1372 1404 ὅταν
1402 1354 1433 1405 6
1470 1348 1681 1422 Ἰησοῦς
1714 1349 1912 1424 πέμπῃ

332 1439 482 1509 ἡμᾶς
511 1438 684 1493 ὀπίσω
708 1439 927 1495 ἑαυτοῦ·
953 1443 1070 1495 ἐκεῖ
1102 1442 1200 1514 μὲν
1225 1442 1355 1514 γάρ,
1389 1442 1476 1496 ἵνα
1499 1442 1619 1497 κατ’
1645 1443 1762 1513 ῐχνη
1794 1441 1912 1512 βαί-

330 1547 517 1596 νοντες
561 1531 725 1585 αὐτοῦ
782 1531 1075 1602 φθάσωμεν
1112 1535 1252 1607 πρὸς
1296 1536 1389 1590 τὸν
1435 1535 1685 1606 Πατέρα,
1734 1535 1911 1590 ὀπίσω

326 1621 497 1677 αὑτοῦ
533 1623 777 1692 γίνεσθαι
808 1624 1174 1696 κελευόμεθα·
1206 1626 1396 1681 ἐνθάδε
1432 1626 1490 1680 δὲ
1524 1626 1664 1699 (66),
1700 1628 1788 1681 ἴνα
1814 1627 1910 1698 δη-

330 1715 475 1787 λωθῇ
508 1715 571 1770 τὸ
618 1715 757 1787 μετὰ
793 1717 893 1781 τὰς
934 1717 1180 1771 Ἰωάννου
1224 1719 1566 1783 διδασκαλίας
1599 1720 1742 1789 (ἐπεὶ
1781 1720 1905 1792 ἐλη-

326 1806 489 1861 λυθεν
518 1802 694 1872 οὗτος,
735 1825 755 1859 ι
786 1809 873 1862 ἵνα
924 1807 1128 1874 πάντες
1177 1810 1502 1864 πιστεύσωσι
1544 1811 1617 1863 δι’
1664 1810 1830 1865 αὐτοῦ
1858 1812 1905 1884 ι)

327 1902 443 1964 τοῖς
492 1899 1092 1972 προευτρεπισαμένοις
1155 1900 1473 1972 ἐπιδημεῖν,
1523 1902 1907 1975 προκεκαθαρ-

326 1990 513 2064 μένοις
546 1990 636 2045 διὰ
665 1990 775 2044 τῶν
815 1989 1069 2060 ἡττόνων,
1113 1989 1249 2063 πρὸς
1291 1989 1401 2061 (67)
1442 1991 1533 2044 τὸν
1568 1991 1776 2045 τέλειον
1820 1992 1907 2047 λό-

324 2098 442 2151 γον.
520 2079 953 2153 Προηγουμένως
1017 2079 1114 2150 μὲν
1168 2075 1262 2134 οὖν
1331 2080 1564 2152 ἕστηκεν
1620 2084 1649 2135 6
1716 2080 1907 2155 Πατὴρ

323 2172 616 2245 ἄτρεπτος,
640 2173 735 2226 καὶ
761 2171 1112 2234 ἀναλλοίωτος
1149 2168 1254 2223 ὥν·
1292 2171 1491 2244 ἕστηκε
1524 2172 1581 2227 δὲ
1621 2173 1718 2227 καὶ
1747 2173 1776 2225 6
1805 2174 1907 2227 Δό-

322 2279 424 2332 γος
447 2263 613 2317 αὐτοῦ
649 2264 740 2317 ἀεὶ
777 2264 835 2315 ἐν
861 2261 940 2332 τῷ
974 2260 1186 2329 σώζειν,
1216 2261 1319 2316 κᾶν
1347 2262 1573 2335 γένηται
1608 2262 1764 2335 σὰρξ,
1805 2264 1907 2317 κᾶν

325 2355 495 2427 μέσος
584 2354 921 2428 ἀνθρώπων,’
942 2356 1004 2409 06
1041 2354 1613 2427 καταλαμϐανόμενος,
1639 2355 1754 2409 ἀλλ’
1782 2355 1905 2409 οὐδὲ

322 2446 657 2518 βλεπόμενος
678 2463 694 2477 ’
745 2445 943 2517 ἕστηκε
981 2446 1039 2500 δὲ
1090 2447 1187 2501 καὶ
1236 2447 1503 2502 διδάσκων
1521 2489 1537 2514 ,
1596 2447 1902 2520 προκαλού-

326 2551 490 2607 μενος
521 2536 727 2600 πάντας
760 2538 853 2590 ὲπὶ
889 2535 949 2589 τὸ
978 2537 1152 2590 πίνειν
1181 2536 1290 2591 ἀπὸ
1324 2537 1425 2607 τῆς
1458 2536 1690 2607 ἀφθόνου
1718 2538 1903 2610 πηγῆς

320 2625 527 2682 αὐτοῦ’
577 2646 596 2679 t
623 2627 923 2699 Εἱστήκει»
968 2626 1077 2698 γὰρ
1130 2647 1148 2679 ι
1177 2630 1208 2681 6
1268 2627 1502 2699 Ἰησοῦς,
1554 2629 1648 2683 καὶ
1704 2627 1903 2699 ἔκραξε

318 2718 498 2788 λέγων
521 2735 536 2749 ο
594 2718 717 2772 Ἐάν
767 2735 853 2782 τις
921 2717 1050 2789 διψᾷ
1070 2756 1090 2785 ,
1151 2718 1397 2791 ἐρχέσθω
1453 2721 1590 2793 πρὸς
1656 2721 1724 2793 μὲ
1744 2763 1761 2788 ,
1808 2721 1903 2775 καὶ

324 2810 547 2864 πινέτω.
574 2830 592 2862 ι

182 2978 203 2990 κ
314 2904 475 2955 tante
501 2916 600 2955 suo
629 2900 969 2956 abundanti:
1010 2919 1030 2951 ε
1080 2898 1274 2957 Stabat
1318 2905 1461 2959 enim
1520 2902 1699 2971 Iesus,
1750 2914 1805 2961 et
1847 2903 2119 2963 clamabat
2166 2908 2351 2964 dicens

315 2988 474 3047 tilia!
498 2994 568 3048 ⁸⁷.
592 3010 617 3047 ι
1634 3008 1635 3011 “

2017 538 2197 591 medio
2228 538 2398 605 Λόγον
2433 536 2559 608 (hoc
2591 545 2676 590 est
2713 530 3001 604 rationem]
3028 531 3248 598 habent,
3275 545 3398 584 cum
3441 529 3582 583 inte-

2018 627 2119 681 rim
2157 638 2261 682 nun
2298 629 2565 681 disserant
2605 624 2689 678 vel
2722 625 2788 678 de
2831 622 3000 690 ipsius
3040 627 3257 683 natura,
3293 617 3376 674 vel
3412 633 3442 671 ιι
3477 631 3585 685 quo

2016 717 2169 773 fonte
2227 726 2282 773 et
2316 716 2582 787 principio
2603 714 2836 778 venerit,
2867 727 3041 783 neque
3074 711 3286 766 tandem
3311 709 3582 783 quomodo

2015 809 2421 863 conlirmaverit
2448 807 2615 876 ipsos,
2643 806 2698 859 hi
2718 805 2769 858 in
2800 804 2974 859 medio
2995 801 3079 858 sui
3136 802 3373 870 ipsorqu
3409 799 3580 869 Λόγον

2014 897 2089 971 [et
2107 895 2392 971 ra‘tionem]
2427 914 2486 953 se
2517 899 2717 953 habere
2750 898 3018 952 nesciunt.
3049 894 3121 950 At
3147 891 3388 948 Joannes
3414 893 3585 961 ipsum

2014 991 2161 1045 novit
2189 1008 2202 1044 :
2232 991 2333 1045 hoc
2348 991 2515 1052 enim,
2545 1008 2564 1041 ι
2600 982 2767 1058 quem‘
2780 1004 2875 1044 vos
2894 988 3169 1055 nescitis,t
3197 982 3590 1043 contumeliose

2012 1081 2215 1135 dictum
2248 1081 2316 1135 ad
2352 1079 2672 1146 Pharisaeos,
2729 1080 2967 1135 ostendit
3013 1076 3279 1133 Joannem
3330 1083 3589 1130 accurate

2013 1170 2294 1237 agnovisse
2304 1183 2460 1238 quem
2475 1168 2548 1221 illi
2568 1170 2899 1237 ignorarent.
2914 1169 3084 1235 Quam
3106 1167 3175 1222 ob
3188 1181 3404 1222 causam
3423 1166 3587 1221 etiam

2014 1258 2277 1326 Baptista,
2294 1259 2465 1327 ipsum
2485 1273 2805 1328 agnoscens,
2832 1258 2977 1313 novit
2994 1267 3184 1329 postse
3205 1268 3514 1321 venturum,
3532 1259 3586 1312 iu

2019 1352 2195 1404 medio
2218 1352 2594 1416 exsistentem,
2627 1352 2727 1407 hoc
2761 1362 2845 1407 est
2871 1364 2989 1423 post
3020 1369 3100 1417 se,
3138 1365 3192 1408 et
3229 1363 3347 1423 post
3377 1353 3582 1408 doctri-

2013 1455 2136 1492 nam
2166 1455 2193 1492 a
2227 1457 2284 1495 se
2317 1442 2366 1495 in
2408 1440 2676 1509 baptismo
2736 1440 2939 1508 datam,
2981 1444 3350 1498 advenientem
3389 1443 3454 1497 ad
3495 1458 3590 1499 eos

2009 1531 2101 1597 qui
2152 1534 2448 1587 secundum
2495 1533 2815 1587 Sermonem
2864 1531 2982 1604 [seu
3040 1533 3201 1604 138
3282 1532 3586 1608 rationem}

2009 1619 2177 1674 ahluti
2210 1622 2413 1677 fuerint
2439 1663 2455 1678 .
2486 1621 2601 1676 Non
2633 1622 2775 1676 idem
2821 1633 3003 1678 autem
3031 1623 3370 1693 significatur
3400 1626 3501 1680 hoc
3531 1628 3582 1679 in

2015 1709 2133 1765 loco
2155 1728 2254 1783 per
2280 1729 2463 1769 vocem
2499 1732 2517 1764 ι
2554 1724 2674 1782 post
2720 1730 2739 1763 ι
2777 1723 2831 1767 et
2861 1716 3080 1782 quando
3108 1714 3263 1770 Jesns
3288 1718 3453 1770 mittit
3485 1732 3587 1772 nos

1942 1781 1982 1836 Β
2010 1814 2130 1874 post
2154 1781 2433 1875 seipsum';
2476 1781 2589 1861 illic
2622 1806 2768 1861 enim
2806 1816 2924 1877 post
2955 1810 3131 1876 ipsum
3161 1823 3282 1863 esse
3304 1809 3581 1878 iubemur,

2010 1907 2063 1949 ut
2099 1896 2416 1952 incedentes
2459 1912 2557 1967 per
2590 1896 2757 1966 ipsius
2788 1900 3010 1969 vestigia
3033 1940 3048 1959 .
3089 1901 3469 1968 perveniamus
3515 1901 3584 1957 ad

2010 1987 2262 2053 Patrem;
2309 1990 2410 2043 hoc
2449 2004 2580 2044 vero
2614 1990 2666 2043 in
2701 1989 2841 2053 loco,
2888 2001 2948 2044 ut
2983 1992 3355 2047 declararetur
3397 1991 3582 2049 Jesum

2010 2090 2135 2150 post
2192 2079 2418 2137 Joannis
2473 2083 2754 2139 doctrinas
2801 2085 3258 2154 (quandoquidem
3293 2086 3381 2140 hic
3411 2088 3582 2151 venit,

2014 2188 2033 2222 ι
2059 2183 2115 2225 ut
2138 2187 2327 2227 oumes
2350 2173 2634 2228 crederent
2659 2190 2754 2242 per
2791 2175 2964 2243 ipsum
2997 2174 3114 2209 "-“
3147 2177 3196 2241 ι)
3227 2179 3485 2233 accedere
3512 2181 3585 2234 ad

2014 2278 2110 2325 cos,
2133 2264 2225 2333 qui
2258 2272 2419 2317 antea
2454 2268 2739 2335 praeparati
2766 2265 2997 2322 fuissent
3021 2278 3184 2338 atque
3199 2268 3465 2340 purificati
3487 2287 3585 2341 per

2013 2354 2272 2410 inferiora
2296 2356 2362 2408 ad
2385 2355 2688 2424 perfectum
2723 2357 2882 2427 λόγον
2933 2357 3049 2430 [seu
3091 2359 3405 2436 rationem].
3437 2361 3585 2418 Prte—

2014 2444 2176 2514 cipue
2222 2448 2404 2516 itaque
2433 2457 2540 2502 stat
2573 2449 2735 2503 Pater
2777 2452 3124 2507 immutabilis
3150 2465 3205 2508 et
3229 2455 3584 2511 inalterahilis

2008 2538 2275 2594 essistens
2308 2548 2457 2595 :stat
2488 2550 2667 2596 autem
2689 2552 2744 2597 et
2777 2543 2973 2598 Sermo
3001 2545 3168 2613 ipsius
3200 2548 3580 2617 semper.dum

2012 2640 2219 2697 servat,
2250 2632 2415 2688 etiam
2449 2635 2493 2689 si
2524 2635 2616 2689 fiat
2640 2650 2790 2700 caro,
2831 2636 3047 2692 etiamsi
3074 2638 3127 2691 in
3157 2638 3334 2694 medio
3368 2636 3438 2694 sit
3485 2642 3583 2696 hc-

2011 2720 2239 2790 minutn,
2269 2738 2378 2779 non
2409 2727 2859 2795 comprehensus,
2903 2728 2997 2781 sed
3039 2742 3213 2797 neque
3239 2729 3388 2786 visus
3418 2747 3433 2784 :
3473 2743 3579 2788 stat

2012 2820 2195 2870 autem
2238 2823 2296 2870 et
2340 2816 2563 2880 docens,
2607 2819 2841 2873 invitans
2877 2834 3071 2874 omnes
3104 2820 3169 2875 ad
3214 2821 3505 2877 bibendum
3547 2841 3581 2880 α

2412 2925 2425 2962 ;
2483 2906 2539 2962 Si
2594 2909 2716 2979 quis
2770 2911 2923 2976 sitit,
2976 2910 3157 2967 veniat
3212 2913 3278 2967 ad
3347 2929 3470 2980 me,
3526 2927 3582 2969 et

393 3082 485 3141 25.
539 3083 595 3138 '0
626 3083 684 3138 δὲ
726 3085 1042 3157 ’Πρακλέων
1071 3087 1161 3141 τό’
1203 3106 1221 3139 ι
1250 3088 1430 3153 Μέσος
1455 3089 1607 3161 ὑμῶν
1630 3091 1901 3162 ἒστηκε,¹›

2071 3090 2160 3145 25.
2185 3090 2257 3144 At
2289 3089 2607 3150 Heracleon,
2643 3110 2659 3140 ι
2685 3089 2743 3143 in
2777 3089 2954 3143 medio
2977 3091 3141 3145 vestri
3181 3097 3321 3156 stat,
3354 3110 3374 3142 ι
3407 3093 3579 3146 inter-

318 3176 510 3248 τρησὶν,
541 3176 662 3230 ἀντὶ
706 3176 801 3230 τοῦ
862 3178 1044 3249 «Ἤδη
1091 3179 1340 3251 πάρεστι,
1389 3182 1482 3234 καὶ
1540 3180 1685 3235 ἔστιν
1724 3184 1791 3235 ἐν
1820 3179 1901 3253 τῷ

325 3266 535 3339 κόσμῳ,
579 3268 675 3322 καὶ
718 3271 777 3321 ὲν
809 3268 1175 3342 ἀνθρώποις,›
1196 3270 1290 3324 καὶ
1329 3273 1579 3343 ἐμφανής
1606 3274 1755 3326 ἐστιν
1796 3272 1899 3344 ἠδη

325 3362 490 3414 πᾶσιν
522 3361 683 3432 ὑμῖν·
717 3360 806 3414 διὰ
842 3361 1047 3414 τούτων
1073 3361 1130 3415 δὲ
1163 3366 1440 3436 περιαιρεῖ
1478 3363 1540 3417 τὺ
1582 3364 1693 3435 (68)
1722 3380 1902 3437 παρα-

326 3449 519 3505 σταοὲν
552 3453 682 3523 περὶ
713 3449 806 3505 τοῦ
844 3451 1323 3523 διαπεφοιτηκέναι
1361 3453 1522 3507 αὐτὸν
1552 3453 1621 3508 δι’
1647 3455 1770 3509 ὅλου
1800 3454 1895 3509 τοῦ

324 3544 553 3616 κόσμου.
582 3541 814 3597 Λεκτέον
838 3541 949 3614 γὰρ
981 3542 1118 3616 πρδς
1142 3535 1303 3598 αὐτόν
1319 3561 1332 3575 ο
1368 3545 1506 3599 Πότε
1532 3545 1643 3618 γάρ
1669 3547 1733 3600 06
1755 3544 1897 3619 πάρ-

332 3648 481 3697 εστις
543 3632 674 3686 πότε
713 3632 760 3687 6‘
798 3633 901 3687 οὐκ
933 3632 1079 3689 ἐστιν
1119 3636 1178 3689 ὲν
1207 3635 1287 3708 τῷ
1317 3638 1540 3708 κόσμῳ;
1591 3638 1685 3692 καὶ
1727 3638 1901 3693 ταῦτα

320 3723 419 3779 τοῦ
455 3725 787 3794 Εὐαγγελίου
832 3726 1111 3797 λέγοντοςο
1153 3747 1171 3780 ι
1208 3729 1297 3783 Ἐν
1327 3728 1408 3800 τῷ
1439 3729 1630 3801 κόσμῳ
1669 3726 1761 3802 ἦν,
1806 3731 1902 3784 καὶ

318 3818 353 3872 6
380 3816 585 3888 κόσμος
613 3818 682 3873 δι’
704 3818 871 3873 αὑτοῦ
899 3820 1136 3888 ἐγένετο,
1169 3822 1264 3874 καὶ
1296 3823 1326 3874 ὀ
1364 3816 1567 3892 κόσμος
1599 3821 1762 3879 αὐτὸν
1802 3821 1902 3874 οὐκ

320 3908 467 3979 ἔγνω
501 3909 636 3982 (69).
662 3928 680 3960 ι
726 3910 835 3964 Καὶ
878 3910 966 3964 διὰ
1000 3910 1160 3965 τοῦτο
1203 3912 1300 3965 καὶ
1346 3903 1494 3967 οὗτοι
1515 3952 1530 3976 ,
1569 3912 1704 3982 πρὸς
1743 3911 1837 3975 οὓς
1874 3914 1904 3965 6

319 4000 502 4069 λόγος,
533 4003 563 4055 ὀ
598 4019 617 4053 σ
647 4000 707 4054 δν
753 4002 911 4071 ὑμεῖς
948 4003 1050 4056 οὐκ
1085 4001 1286 4066 οἴδατε,
1308 4021 1326 4051 ι
1355 4003 1455 4055 οὐκ
1476 4001 1687 4055 οἴδασιν
1718 4002 1901 4067 αὑτὸν,

318 4094 449 4147 ἐπεὶ
474 4091 688 4146 οὐδέπω
719 4090 813 4146 τοῦ
849 4092 1055 4162 κόσμου
1102 4091 1510 4165 ἐξεληλύθασιν,
1536 4096 1565 4147 6
1600 4093 1656 4146 δὲ
1702 4095 1904 4167 κόσμος

317 4181 488 4236 αὐτὸν
524 4182 624 4235 οὐκ
673 4181 832 4251 ἔγνω.
887 4183 1046 4236 Ποῖον
1091 4181 1149 4236 δὲ
1200 4183 1390 4255 χρόνον
1439 4182 1673 4237 διέλειπε
1719 4183 1813 4239 τοῦ
1845 4186 1904 4238 ὲν

315 4273 628 4347 ἀνθρώποις
658 4271 837 4343 εἷναι;
873 4278 943 4330 Ἢ
998 4277 1100 4331 οὐκ
1156 4276 1216 4332 ἐν
1262 4276 1459 4348 Ἡσαΐᾳ
1517 4272 1585 4347 ἦν
1654 4276 1898 4346 λέγοντι·

322 4386 344 4419 ι
380 4368 603 4439 Πνεῦμα
650 4369 859 4442 Κυρίου
890 4370 981 4422 ἐπ’
1025 4370 1145 4442 ἐμὲ,
1174 4362 1235 4424 οὗ
1278 4369 1484 4423 εἵνεκεν
1515 4368 1700 4442 ἔχρισέ
1747 4388 1844 4440 με’
1878 4389 1897 4423 ι

317 4460 450 4514 καί·
492 4480 512 4512 ι
554 4461 830 4534 Ἐμφανὴς
878 4462 1142 4533 ἐγενόμην
1190 4465 1301 4526 τοῖς
1330 4462 1429 4533 ἐμὲ
1473 4461 1546 4534 μὴ
1595 4460 1847 4534 ζητοῦσις
1875 4482 1893 4514 ι

320 4550 646 4619 Δεγέτωσαν
672 4552 729 4606 δὲ
761 4554 810 4605 εί
845 4552 920 4625 μὴ
953 4555 1047 4607 καὶ
1075 4556 1133 4607 ὲν
1174 4552 1338 4607 Δανῖδ
1367 4549 1456 4625 ἦν,
1479 4554 1579 4607 οὐκ
1612 4554 1707 4624 ἀφ’
1731 4553 1894 4607 αὑτοῦ

315 4643 561 4712 λέγοντιο
604 4663 623 4696 ι
662 4644 804 4715 Ἐγὼ
845 4645 902 4699 δὲ
941 4646 1279 4718 κατεστάθην
1312 4646 1562 4717 βασιλεὺς
1603 4646 1694 4699 ὑπ’
1725 4645 1892 4700 αὑτοῦ

317 4735 414 4789 ἐπὶ
440 4734 577 4788 Σιὼν
600 4735 725 4808 ὅρος
756 4737 816 4790 τὸ
848 4737 1003 4805 ἅγιον
1039 4736 1233 4791 αὐτοῦ’
1261 4755 1281 4789 ›
1315 4738 1409 4791 καὶ
1431 4737 1531 4791 ὅσα
1571 4737 1636 4789 ὲκ
1679 4734 1893 4808 προσώ-

316 4842 423 4881 που
452 4828 691 4901 Χριστοῦ
718 4830 777 4883 ὲν
799 4829 1047 4901 Ψαλμοῖς
1084 4830 1529 4902 ἀναγέγραπταις
1569 4829 1680 4883 Καὶ
1720 4830 1773 4882 τί
1821 4845 1889 4900 με

312 4922 400 4976 δεῖ
442 4924 565 4977 καθ’
602 4924 832 4977 ἕκαστον
881 4921 1262 4977 ἀποδεικνύναι
1313 4921 1775 4993 δυσεξαρίθμητον
1802 4920 1891 4974 6v-

313 5028 425 5078 τως
463 5015 573 5086 (ῗθ)
628 5012 980 5089 παραστῆσαι
1028 5014 1274 5087 ἐναργῶς
1318 5013 1648 5082 δυνάμενον,
1690 5012 1772 5065 ὅτι
1803 5010 1892 5064 ἀεὶ

389 5126 507 5164 δ’δ’
529 5132 684 5186 Joan.
710 5147 749 5198 t,
779 5131 832 5186 7.
929 5131 974 5163 ⁸⁷
996 5129 1152 5186 Joan.
1185 5144 1281 5195 vn,
1316 5128 1406 5184 57.
1500 5128 1547 5161 ⁸⁸
1584 5125 1738 5181 Joan-
1797 5143 1834 5192 1,
1869 5126 1955 5180 10-

389 5272 503 5343 (63)
540 5274 929 5341 Συνέστησεν
946 5272 1169 5339 αὐτοῖς.
1193 5271 1502 5343 Legendqu
1532 5268 1616 5324 vel
1635 5269 1887 5339 συνέστη-

313 5361 411 5400 σεν
433 5343 650 5409 αὐτοὺς,
677 5344 1099 5417 ιόίᾼσυνέστηκεν
1118 5343 1320 5417 αὐτοῖς2

389 5416 502 5490 (οι)
534 5418 712 5490 Codex
738 5408 1085 5479 Bodleianus,
1114 5425 1285 5479 recte,
1308 5410 1620 5480 λεγόμενον.
1653 5408 1880 5482 Regius,

314 5485 813 5562 ωειείγενόμενργ-
1177 5553 1190 5562 .
1333 5551 1345 5562 .
1847 5548 1872 5562 -

387 5549 716 5622 (65)'Edt'tio
747 5554 922 5610 Huetii
952 5554 1131 5613 hahet.
1173 5551 1429 5622 ἐμφαίνει
1462 5551 1555 5604 τὸν
1583 5549 1764 5620 λόγον,
1804 5549 1884 5620 τῷ

315 5626 593 5698 ἐπιμελῶς
624 5625 924 5696 ἐγνωκέναι
943 5624 1005 5678 τὸ
1032 5621 1386 5687 ὑπ’ὲκείνων,
1417 5627 1512 5676 sed
1539 5624 1706 5677 codex
1739 5621 1881 5674 Bod-

315 5698 528 5750 leiauus
561 5708 617 5748 ut
643 5701 694 5749 tu
727 5709 915 5748 nostro
941 5706 1112 5748 textu.

388 5765 501 5837 (66)
540 5765 791 5821 Ἐνθὰδε
810 5763 899 5817 δέ.
933 5764 1025 5818 Sic
1060 5763 1229 5816 codex
1261 5761 1625 5828 Bodleiatms;
1660 5760 1882 5831 Regius,

592 5862 866 5923 ΡΑτιιοι..
912 5859 1029 5920 Gn.
1075 5858 1247 5921 XIV.

2002 3188 2248 3249 pretatur
2278 3196 2291 3231 :
2327 3199 2345 3231 ι
2371 3178 2494 3234 13η]
2520 3181 2693 3244 adest,
2725 3189 2779 3234 et
2805 3181 2965 3235 estin
2988 3180 3211 3240 mundo.
3236 3190 3290 3236 et
3320 3182 3462 3237 inter
3479 3197 3582 3237 nos

2000 3283 2192 3325 omnes
2240 3270 2490 3326 homines
2525 3289 2544 3321 ι
2576 3270 2687 3341 jam
2726 3271 2954 3327 visibilis
2986 3279 3071 3327 est
3102 3289 3117 3325 :
3148 3287 3255 3344 qua
3306 3273 3580 3345 interprev

2005 3360 2205 3414 latione
2226 3356 2365 3414 tollit
2393 3358 2537 3427 quod
2571 3358 2873 3427 docuimus,
2906 3346 3115 3431 nempe~
3133 3365 3277 3432 quod
3320 3363 3435 3433 ipse
3470 3365 3580 3421 dis-

2001 3459 2185 3504 currat
2238 3462 2303 3504 ac
2340 3456 2581 3517 permeet
2626 3463 2725 3519 per
2757 3458 2926 3505 totum
2960 3452 3240 3506 mundum.
3280 3454 3574 3508 Dicendum

2000 3539 2145 3594 enim
2197 3537 2265 3592 ad
2303 3536 2503 3593 illum:
2541 3536 2769 3605 Quando
2815 3541 2959 3594 enim
2988 3556 3099 3595 non
3143 3542 3332 3596 adest?
3359 3546 3576 3612 quando

2002 3642 2182 3686 autem
2213 3637 2319 3684 non
2348 3640 2431 3686 est
2454 3629 2508 3684 in
2540 3630 2788 3685 mundo?
2815 3634 3118 3699 prmsertim
3166 3634 3457 3703 Evangelia
3488 3634 3574 3687 dio

2002 3718 2201 3777 eeute‘:
2232 3738 2255 3772 η
2292 3720 2350 3775 lu
2387 3722 2590 3775 mundo
2622 3731 2762 3785 erat,
2806 3733 2861 3776 et
2896 3724 3126 3777 mundus
3166 3738 3262 3792 per
3290 3727 3466 3794 ipsum
3500 3726 3579 3781 fa-

2003 3822 2126 3868 ctus
2149 3820 2258 3878 est,
2302 3809 2382 3883 [et
2404 3812 2638 3865 mundus
2668 3826 2791 3865 eum
2826 3826 2931 3865 non
2954 3813 3325 3888 coguovit".j
3353 3834 3373 3865 ι
3408 3814 3474 3869 Et
3505 3818 3576 3871 ob

2006 3910 2144 3964 hanc
2187 3922 2406 3963 causam
2464 3906 2518 3961 hi
2577 3906 2742 3962 etiam
2796 3909 2862 3963 ad
2913 3923 3052 3978 quos
3101 3917 3186 3965 est
3233 3923 3410 3966 sermo
3463 3911 3576 3982 ille,

2010 4018 2028 4051 ι
2055 4013 2215 4070 quem
2242 4012 2341 4052 vos
2370 3997 2612 4061 nescitis,
2645 4017 2664 4049 ι
2695 3998 2940 4054 nesciunt
2975 4016 3125 4066 eum,
3156 4001 3412 4070 quoniam
3437 4019 3577 4059 non-

2005 4089 2128 4144 dum
2167 4101 2199 4142 e
2236 4086 2431 4141 mundo
2471 4087 2673 4156 egressi
2716 4086 2962 4150 fuerant,
2999 4089 3231 4145 nmudus
3272 4104 3405 4144 vero
3449 4104 3574 4146 eum

2004 4193 2112 4233 non
2141 4177 2413 4244 cognovit.
2458 4177 2564 4232 Sed
2600 4192 2709 4247 quo
2745 4187 2987 4246 tempore
3016 4180 3251 4235 cessavit
3289 4180 3436 4235 inter
3475 4181 3576 4236 ho-

2004 4270 2181 4324 mines
2219 4268 2373 4323 esse?
2405 4268 2487 4323 An
2511 4283 2617 4323 non
2655 4278 2776 4323 erat
2808 4268 2859 4322 in
2885 4267 3023 4323 Isaia
3059 4269 3308 4327 dicente:
3347 4288 3366 4323 ι
3400 4269 3577 4341 Spiri-

2005 4371 2093 4416 tus
2120 4361 2329 4416 Domini
2359 4375 2523 4431 super
2555 4375 2662 4427 me,
2693 4371 2980 4431 propterea
3003 4361 3148 4430 quod
3180 4363 3335 4416 unxit
3365 4378 3450 4416 me
3466 4363 3570 4429 ὀν

1933 4444 1974 4499 Ι)
2001 4461 2093 4508 et:
2121 4471 2140 4504 ι
2162 4451 2481 4508 Manifestus
2506 4451 2684 4508 factus
2710 4469 2828 4507 sum
2869 4453 2920 4506 in
2947 4454 3034 4509 his
3057 4456 3150 4523 qui
3185 4468 3271 4509 me
3296 4469 3401 4508 non
3424 4469 3574 4522 qua:-

2004 4549 2303 4604 rebant”?
2341 4567 2359 4601 ι
2390 4548 2602 4605 Rursus
2633 4548 2818 4603 dicant
2848 4564 2915 4602 an
2953 4549 3007 4601 in
3041 4547 3246 4603 Davide
3283 4562 3388 4601 non
3429 4559 3570 4609 erat.

2001 4656 2107 4694 non
2138 4655 2169 4692 τι
2196 4640 2495 4709 semetipso
2523 4641 2742 4695 dicente
2768 4655 2783 4692 :
2818 4656 2839 4689 ι
2883 4638 2994 4708 Ego
3023 4649 3204 4692 autem
3239 4637 3571 4695 constitutus

1997 4745 2116 4785 sum
2147 4744 2242 4784 rex
2268 4731 2336 4784 ab
2364 4744 2429 4784 eo
2445 4745 2607 4799 super
2628 4729 2758 4783 Sion
2788 4739 3024 4783 montem
3055 4740 3300 4783 sanctum
3328 4728 3562 4805 ejus",p

1998 4832 2051 4876 ct
2093 4834 2433 4890 quacunque
2461 4821 2513 4874 in
2545 4819 2777 4874 Psalmis
2820 4833 2886 4873 ex
2923 4832 3152 4887 persona
3189 4819 3390 4877 Christi
3428 4825 3565 4878 scri—

1999 4925 2092 4986 pta
2125 4914 2292 4969 sunt?
2329 4913 2575 4981 Cumque
2602 4910 2892 4966 evidenter
2928 4911 3125 4967 docere
3153 4926 3344 4981 queam
3379 4911 3563 4969 Iesum

2000 5023 2216 5079 semper
2248 5008 2388 5062 inter
2420 5005 2666 5061 homines
2694 5018 2843 5073 esse,
2873 5005 2942 5059 ad
2972 5004 3410 5060 convincemlum
3459 5021 3566 5058 non

2056 5125 2100 5157 θ’
2134 5122 2441 5189 lsal.ut,l
2571 5122 2619 5154 ⁹⁰
2650 5120 2772 5178 lsai.
2811 5137 2935 5188 va,
2964 5121 3018 5180 Ι.
3122 5122 3166 5153 ⁹¹
3204 5120 3344 5177 Psal.
3394 5138 3458 5189 tt,
3506 5122 3564 5180 6.

1992 5266 2201 5322 ἐνθάδε.

2062 5339 2176 5408 (67)
2206 5338 2383 5405 Πρός.
2402 5333 2668 5408 lta_codex
2683 5333 3035 5408 Bodleiantts;
3054 5328 3194 5408 male
3210 5328 3430 5408 Regius,
3445 5335 3559 5408 καί,

2064 5400 2179 5475 (68)
2208 5400 2501 5475 Hepiarpei'
2515 5405 2605 5459 τό.
2637 5405 2731 5460 Sic
2756 5406 2924 5459 codex
2957 5400 3316 5469 Bodleiauus;
3339 5400 3561 5475 Regius,

1991 5478 2323 5550 περιῃρεῖτο,-

2061 5539 2173 5618 ίϐϋξ
2210 5546 2320 5600 Καὶ
2348 5547 2385 5618 6
2406 5544 2634 5618 κόσμος
2660 5539 2850 5618 αῠτιξῧ⁸
2871 5544 2983 5598 οὐκ
3023 5542 3195 5613 ἔγνω.
3224 5539 3349 5618 lisse
3376 5545 3560 5606 vet-ha,

1989 5613 2109 5689 qua:
2155 5616 2245 5689 in_
2261 5616 2446 5689 codice
2496 5613 2666 5680 Regio
2697 5614 2897 5669 omissa
2934 5627 3082 5677 sunt,
3141 5614 3499 5669 restituuntur
3529 5629 3560 5669 e

1994 5684 2182 5741 indice
2212 5684 2529 5739 Bodleiano.

2061 5756 2174 5828 (70)
2209 5756 2385 5810 Codex
2419 5752 2768 5826 Bodleianus,
2793 5755 3258 5829 δυσεξαριθμήτου
3279 5755 3454 5817 ὄντος.

2168 5868 2179 5881 ‘
3135 5852 3176 5914 9
