4020 6216
348 321 453 374 9.77

1436 322 1793 379 (ΞΟΜΜΕΝΓ.
1833 323 1898 378 IN
1934 323 2124 378 JOAN.
2163 321 2404 379 TOMUS
2437 321 2525 376 VI.

3476 314 3588 369 278

341 445 681 516 εὐαγγελικῷ
714 444 1018 516 κηρύγματι
1062 445 1232 515 Ἰησοῦ
1272 443 1364 500 τοῦ
1398 446 1633 516 Χριστοῦ
1657 463 1668 476 ’
1704 445 1907 516 διόπερ,

2019 446 2071 499 ἱιι
2104 447 2296 516 spiritu
2331 454 2383 500 et
2412 445 2466 498 in
2497 443 2682 496 lluvio.
2713 442 2779 496 At
2811 413 2966 495 Iesus
2999 437 3165 508 Moysi
3191 435 3484 493 succedens
3515 437 3580 491 li-

341 539 394 588 εί
424 535 519 587 καὶ
548 535 745 598 πάντες
770 537 960 588 ἐκεῖνοι
1006 537 1084 598 εἰς
1123 535 1326 606 Μωσῆν
1365 535 1715 607 βαπτίζονται
1764 538 1820 588 ἐν
1845 541 1910 608 τῇ

340 624 542 696 νεφέλῃ
584 624 674 676 καὶ
720 625 776 676 ἐν
815 626 880 694 τῇ
917 624 1180 698 θαλάσσῃ.
1216 626 1409 698 πικρὸν
1444 627 1542 696 μέν
1583 643 1636 680 τι
1686 626 1798 697 ἔχει
1821 631 1913 682 καὶ

339 717 585 786 ἁλμυρὸν
628 717 685 769 τὸ
722 716 942 769 ἐκείνων
972 717 1271 787 βάπτισμα,
1295 717 1374 770 ἐτι
1409 716 1752 787 φοϐουμένων
1788 719 1914 783 τοὺς

338 805 569 877 ἐχθροὺς
599 808 724 876 παρ’
752 805 952 870 αὐτῶν,
991 809 1085 860 καὶ
1112 805 1464 861 ἀναϐοώντων
1506 807 1641 878 πρὸς
1669 808 1756 860 τὸν
1795 809 1911 862 Κύ-

339 913 458 968 ριον
489 897 580 952 καὶ
607 896 683 966 τῷ
731 899 903 969 Μωοῇ
943 897 1232 966 λεγόντων·
1257 917 1275 949 ι
1307 897 1461 969 Παρὰ
1489 897 1636 970 τὸμὴ
1648 899 1912 971 ὑπάρχειν

342 989 600 1059 μνήματα
630 990 688 1044 ἐν
719 987 998 1058 Αἰγύπτῳ,
1035 988 1294 1060 ἐξήγαγες
1322 991 1468 1059 ἡμᾶς
1508 988 1811 1044 θανατῶσαι
1854 992 1912 1043 ἐν

337 1081 408 1150 τῇ
436 1080 659 1150 ἐρήμῳο
690 1079 742 1132 τί
774 1079 932 1133 τοῦτο
963 1081 1218 1150 ἐποίησας
1245 1079 1394 1149 ἡμῖν,
1423 1079 1703 1149 ἐξαγαγὼν
1733 1081 1789 1146 ἐξ
1817 1083 1904 1135 Αί-

337 1173 580 1239 γύπτου;
617 1189 638 1223 ι
666 1172 739 1224 Τὸ
761 1171 818 1226 δὲ
846 1173 925 1235 είς
967 1172 1168 1243 Ἰησοῦν
1193 1171 1491 1242 βάπτισμα,
1521 1174 1576 1225 ἐν
1603 1172 1681 1243 τῷ
1701 1172 1914 1243 ἀληθῶς

337 1261 530 1330 γλυκεῖ
566 1264 660 1316 καὶ
703 1264 914 1334 ποτίμῳ
961 1263 1208 1334 ποταμῷ,
1249 1263 1419 1317 πολλὰ
1443 1263 1553 1334 ἔχει
1583 1265 1712 1336 παρ’
1739 1266 1916 1320 ἐκεῖνο

339 1353 624 1426 ἐξαίρετα,
680 1355 779 1425 ήδη
829 1355 1221 1426 τρανουμένηςη
1257 1357 1350 1409 καὶ
1405 1356 1716 1426 πρέπουσαν
1764 1356 1915 1424 τάξιν

339 1447 718 1518 λαμϐανούσης
746 1447 846 1518 τῆς
877 1447 1184 1511 θεοσεϐείας
1205 1465 1217 1478 ·
1261 1447 1490 1510 κιϐωτὸς
1518 1447 1627 1518 γὰρ
1661 1446 1758 1517 τῆς
1785 1450 1912 1501 Δια-

339 1538 515 1608 θήκης
544 1537 748 1607 Κυρίου
771 1536 866 1589 τοῦ
899 1535 1035 1588 Θεοῦ
1065 1533 1220 1605 ήμῶν
1250 1535 1343 1587 καὶ
1374 1536 1537 1606 ἱερεῖς
1571 1534 1665 1590 καὶ
1691 1537 1914 1588 Λευῖται

341 1626 699 1698 πορεύονται,
742 1626 834 1680 τοῦ
891 1624 1021 1680 λαοῦ
1070 1623 1335 1694 ἑπομένου
1392 1628 1502 1688 τοῖς
1555 1625 1912 1697 θεραπευταῖς

335 1720 431 1773 τοῦ
459 1720 611 1786 Θεοῦ,
639 1720 892 1774 κάκείνου
920 1719 976 1772 δὲ
1007 1720 1117 1782 τοῖς
1152 1715 1388 1788 χωροῦσι
1413 1717 1508 1789 τὴν
1541 1719 1666 1790 περὶ
1691 1718 1910 1786 ἁγνείας

337 1813 575 1882 ἐντολήν.
621 1811 828 1883 Ἰησοῦς
847 1811 902 1864 δὲ
933 1810 1080 1878 λέγει
1104 1807 1179 1879 τῷ
1205 1807 1316 1878 λαῷ
1339 1809 1472 1878 (91')
1493 1825 1505 1838 ο
1538 1828 1556 1860 ι
1597 1809 1909 1878 ’Δγνίσασθε

335 1901 547 1972 εἰς.τήν
578 1900 1010 1974 αῦριον,ποιήσει
1047 1901 1104 1952 ἐν
1139 1901 1266 1970 ήμῖν
1281 1901 1484 1969 Κύριος
1529 1898 1832 1970 θαυμάσια·
1881 1919 1898 1952 ι

333 1989 558 2054 καὶτοῖς
587 1988 783 2061 ἱερεῦσι
807 1987 938 2060 μετά
961 1987 1056 2058 τῆς
1083 1987 1312 2042 κιϐωτοῦ
1359 1989 1458 2058 τῆς
1506 1989 1775 2060 Διαθήκης
1817 2008 1910 2044 κε-

333 2076 484 2130 λεύει
526 2078 952 2150 προπορεύεσθαι
999 2078 1305 2152 ἕμπροσθεν
1348 2079 1442 2133 τοῦ
1487 2079 1639 2143 λαοῦ,
1687 2082 1775 2135 ὅτε
1820 2085 1912 2136 καὶ

333 2168 397 2218 τὸ
432 2170 727 2240 μυστήριον
754 2169 850 2240 τῆς
886 2169 978 2222 τοῦ
1014 2169 1226 2241 Πατρὸς
1262 2171 1397 2240 πρὸς
1420 2172 1510 2224 τὸν
1542 2172 1667 2224 Υἱὸν
1698 2173 1806 2243 (99..)
1832 2175 1910 2226 oi-

333 2259 593 2329 κονομίας
634 2260 973 2330 ἐμφαίνεται,
1020 2261 1463 2332 ὑπερυψούμενον
1501 2263 1594 2314 ὑπ’
1630 2263 1790 2317 αὑτοῦ
1831 2265 1910 2317 δι-

331 2351 514 2415 δόντος
536 2353 799 2423 χάρισμα,
834 2373 850 2403 ι
885 2353 952 2406 ἵν’
981 2355 1038 2406 ἐν
1063 2353 1140 2424 τῷ
1168 2354 1391 2423 ὀνόματι
1435 2355 1606 2424 Ἰησοῦ
1646 2358 1752 2408 πᾶν
1783 2357 1909 2424 γόνυ

334 2442 541 2516 κάμψῃ,
567 2442 923 2515 ἐπουρανίων,
953 2445 1046 2499 καὶ
1085 2445 1363 2514 ἐπιγείων,
1401 2446 1494 2499 καὶ
1524 2446 1907 2518 καταχθονίων,

335 2534 430 2585 καὶ
477 2535 626 2588 πᾶσα
659 2533 888 2602 γλῶσσα·
925 2534 1405 2607 ἐξομολογήσηται,
1440 2537 1522 2590 ὃτι
1565 2538 1767 2609 Κύριος
1804 2541 1905 2612 Ἰη-

336 2627 463 2691 σοῦς
493 2628 721 2700 Χριστὸς
762 2631 841 2692 είς
870 2628 1024 2693 δόξαν
1047 2628 1178 2682 Θεοῦ
1208 2630 1438 2701 Πατρός.
1475 2649 1492 2680 ι
1520 2629 1618 2684 Διά
1651 2630 1759 2702 γάρ
1790 2630 1910 2684 τού-

329 2735 441 2773 των
472 2718 724 2789 δηλοῦται
757 2721 816 2775 ἐν
846 2719 925 2790 τῷ
967 2720 1169 2789 Ἰησοῦ
1204 2722 1674 2792 ἀναγεγραμμένῳ
1700 2722 1872 2776 ταῦτα
1893 2740 1910 2754 ο

339 2830 356 2858 ι
387 2810 499 2862 Καὶ
521 2807 644 2864 εἷπε
670 2811 874 2883 Κύριος
895 2811 1032 2883 πρὸς
1059 2811 1264 2884 Ἰησοῦν
1283 2829 1296 2842 ο
1333 2813 1420 2865 Ἐν
1446 2816 1508 2884 τῇ
1540 2813 1720 2884 ἡμέρᾳ
1742 2813 1911 2886 ταύτῃ

331 2901 566 2972 ἄρξομαι
592 2903 803 2972 ὑψῶσαί
839 2921 896 2958 σε
936 2904 1264 2960 κατενώπιον
1295 2904 1400 2959 τῶν
1438 2905 1567 2958 υἱῶν
1597 2905 1840 2976 Ἰσραήλο
1884 2925 1902 2957 ι

335 2991 430 3042 καὶ
461 2992 749 3046 ἀκουστέον
775 2992 868 3046 τοῦ
902 2993 1104 3065 Κυρίου
1137 2993 1289 3064 ήμῶν
1330 2995 1499 3064 Ἰησοῦ
1525 2995 1772 3062 λέγοντος
1795 2997 1909 3060 τοῖς

333 3084 471 3146 υἱοῖς
509 3083 755 3154 Ἰσραήλο
795 3104 812 3136 ι
849 3086 1159 3156 Προσάγετε
1216 3079 1316 3139 ὦδε
1339 3126 1353 3150 ,
1399 3087 1492 3140 καὶ
1542 3086 1800 3140 ἀκούσετε
1847 3087 1909 3142 τὸ
1932 3113 1975 3173 c

334 3173 484 3242 ῥῆμα
517 3175 722 3245 Κυρίου
764 3173 858 3229 τοῦ
893 3175 1028 3230 Θεοῦ
1071 3177 1228 3247 ήμῶν
1251 3193 1264 3206 °
1301 3178 1357 3232 ἐν
1406 3177 1578 3247 τούτῳ
1612 3176 1904 3246 γνώσεσθε,

331 3264 412 3315 ὅτι
445 3263 577 3326 Θεὸς
604 3261 711 3328 ζῶν
743 3267 802 3318 ἐν
835 3267 962 3337 ὑμῖν
995 3268 1158 3321 ἐστιν.
1191 3268 1277 3322 Ἐν
1303 3267 1410 3338 γὰρ
1442 3268 1519 3338 τῷ
1546 3268 1904 3338 βαπτίσασοαι

331 3355 412 3416 ei;
451 3354 657 3425 Ἰησοῦν
693 3357 1033 3427 γνωσόμεθα,
1073 3359 1154 3411 ὅτι
1196 3359 1327 3421 Θεὸς
1361 3358 1469 3422 ζῶν
1506 3363 1563 3413 ἐν
1596 3362 1726 3430 ἡμῖν
1769 3362 1902 3413 ἐστι.

333 3447 509 3498 Κάκεῖ
543 3447 642 3516 μὲν
686 3448 748 3500 τὸ
793 3449 983 3518 Πάσχα
1014 3451 1354 3520 ποιήσαντες,
1389 3453 1446 3505 ἐν
1488 3451 1762 3521 Αἰγύπτῳ,
1808 3453 1906 3524 ἁρ-

331 3533 433 3602 χὴν
462 3533 558 3603 τῆς
585 3534 762 3600 ἐξόδου
809 3535 1115 3592 ποιοῦνταισ
1165 3537 1311 3610 παρὰ
1347 3539 1406 3591 δὲ
1439 3538 1516 3608 τῷ
1553 3539 1724 3610 Ἰησοῦ
1769 3541 1906 3610 μετά

329 3624 432 3694 τὴν
485 3623 652 3680 δίοδον
706 3624 799 3678 τοῦ
839 3625 1122 3697 Ἰορδάνου,
1177 3631 1242 3699 τῇ
1291 3628 1491 3701 δεκάτῃ
1534 3627 1628 3681 τοῦ
1688 3629 1904 3700 πρώτου

333 3715 503 3785 μηνὸς
528 3719 1122 3788 κατεστρατοπέδευσαν
1151 3721 1208 3772 ἐν
1237 3720 1550 3789 Γαλγάλοις,
1579 3723 1665 3774 ὅτε
1693 3721 1906 3792 πρῶτον

332 3802 440 3854 ἔδει
470 3801 703 3857 λαϐόντα
744 3803 804 3857 τὸ
847 3806 1114 3876 πρόϐατον
1149 3807 1254 3874 (93)
1305 3809 1636 3878 ἐπονομάσαι
1667 3811 1791 3872 τοὺς
1814 3810 1904 3861 εὑ-

332 3892 779 3964 ιιιχηθησομένους
819 3897 956 3965 μετὰ
1003 3897 1064 3948 τὸ
1109 3897 1282 3967 Ἰησοῦ
1337 3898 1636 3968 βάπτισμα.
1688 3901 1796 3952 Καὶ
1837 3903 1902 3969 τῇ

328 3985 619 4056 ἀκροτόμῳ
667 3987 842 4058 πέτρᾳ
897 3988 1004 4057 (94)
1057 3988 1162 4041 ὑπὸ
1206 3989 1378 4059 Ἰησοῦ
1431 3993 1479 4042 οἱ
1527 3991 1632 4042 υἱοὶ
1673 3991 1903 4062 Ἰσραὴλ,

328 4077 453 4128 ὅποι
497 4077 624 4130 ποτέ
677 4080 1040 4151 ἀπερίτμητοι
1085 4076 1226 4152 ἦσαν
1269 4080 1376 4132 τῶν
1413 4080 1806 4152 ἐξεληλυθότων
1847 4083 1904 4148 ἐξ

322 4169 622 4235 Αἰγύπτου,
653 4172 1063 4243 περιτέμνονται
1082 4189 1095 4202 ο
1129 4173 1219 4226 τὸν
1260 4172 1314 4224 δὲ
1346 4173 1646 4244 ὀνειδισμὸν
1677 4174 1776 4242 τῆς
1807 4175 1902 4228 Αἱ-

327 4259 534 4324 γύπτου
578 4262 793 4330 ἀφελεῖν
836 4263 1037 4335 Κύριος
1080 4265 1330 4336 ὁμολογεῖ
1367 4268 1430 4336 τῇ
1474 4264 1656 4338 ἡμέρᾳ
1693 4265 1785 4318 τοῦ
1826 4268 1902 4329 εἰς

340 4347 548 4420 Ἰησοῦν
573 4351 964 4424 βαπτίσματος,
983 4356 1072 4410 ὅτε
1109 4356 1314 4426 Ἰησοῦς
1336 4357 1754 4428 περιεκάθαιρεν
1779 4358 1901 4418 τοὺς

2015 555 2147 608 gnra
2185 535 2278 588 fuit
2311 535 2435 590 Jesu
2469 534 2668 590 Christi
2690 573 2704 597 ,
2735 535 2826 604 qui
2862 531 3170 601 evangelica
3200 527 3580 598 praedicatione

2015 629 2088 682 illi
2136 628 2494 691 oeconomiae,
2535 641 2656 696 qua:
2699 641 2798 696 per
2848 624 3015 694 legem
3067 631 3184 676 erat
3213 659 3228 683 ,
3283 620 3576 686 successit;

2013 717 2260 790 quam‘ob
2281 731 2524 782 causam,
2550 716 2764 773 etiamsi
2793 731 2980 770 omnes
3010 714 3060 768 in
3095 712 3272 783 Moyse
3301 711 3580 778 baptizan-

2017 821 2104 866 tur
2145 811 2195 866 in
2228 807 2368 863 nube
2411 819 2465 864 et
2493 811 2546 864 in
2577 811 2738 875 mari,
2772 822 3018 862 amarum
3063 817 3300 860 attamen
3336 801 3608 860 nonnihil,

2013 911 2069 956 et
2099 903 2293 960 falsum
2325 904 2488 958 habet
2519 902 2732 958 illorum
2760 899 3047 970 baptisma,
3073 897 3249 950 adlmc
3277 893 3577 948 timentium

2015 997 2269 1053 inimicos
2303 996 2370 1052 ab
2399 996 2554 1065 ipsis,
2589 1004 2645 1050 et
2673 993 3021 1048 clamantium
3057 992 3121 1043 ad
3171 989 3451 1041 Dominum
3499 985 3579 1039 di-

2013 1091 2367 1160 centiumque
2399 1087 2565 1157 Moysi
2596 1088 2640 1118 ¹⁹
2666 1103 2679 1138 :
2719 1103 2736 1134 ι
2762 1084 3049 1154 P—mptere-a
3083 1080 3222 1151 quod
3261 1093 3364 1134 non
3395 1089 3580 1132 essent

2015 1190 2358 1234 monumenta
2387 1180 2438 1233 in
2473 1178 2730 1247 IEgypto,
2759 1173 2989 1230 eduxisti
3015 1187 3131 1235 nos,
3160 1180 3219 1224 ut
3245 1167 3580 1226 interﬁceres

2015 1271 2068 1328 in
2101 1286 2318 1324 eremo:
2349 1269 2499 1341 [quid
2529 1269 2629 1322 hoc
2653 1267 2834 1320 facere
2862 1264 3094 1326 voluiszi,
3125 1271 3182 1314 ιιι
3207 1261 3461 1314 educeres
3485 1274 3581 1312 nos

2016 1374 2081 1412 ex
2101 1357 2367 1429 Egypto?
2397 1357 2445 1430 ι]
2479 1358 2548 1412 At
2581 1370 2707 1411 vero
2755 1354 3017 1422 baptisma
3058 1353 3111 1406 in
3157 1349 3307 1415 Jesn,
3337 1348 3389 1401 in
3418 1346 3580 1402 ﬂuvio

2016 1463 2142 1501 vere
2171 1448 2310 1502 dulci
2346 1458 2400 1502 et
2433 1446 2676 1518 potabili,
2708 1444 2872 1497 ntulta
2905 1444 3100 1496 eximia
3138 1457 3249 1511 pra:
3285 1440 3372 1493 illo
3401 1439 3576 1507 bapti~

2013 1547 2187 1593 smale
2220 1540 2416 1605 habet,
2449 1539 2702 1591 nimirum
2734 1538 2855 1608 quia
2877 1538 2989 1607 jam
3021 1534 3252 1589 clareret
3280 1531 3577 1598 acciperet-

2013 1644 2116 1697 que
2142 1629 2420 1682 decentem
2443 1629 2687 1682 ordinem
2717 1629 2807 1681 Dei
2831 1627 3028 1682 cultus.
3049 1626 3185 1679 Area
3213 1623 3356 1678 enim
3383 1621 3574 1676 Testa-

2013 1719 2177 1772 menti
2219 1717 2426 1772 Domini
2475 1717 2566 1772 Dei
2625 1717 2818 1782 nostri,
2853 1726 2906 1771 et
2941 1715 3247 1769 sacerdotes
3295 1721 3350 1767 et
3399 1712 3576 1766 ievita:

2015 1808 2340 1876 przrceduut,
2377 1815 2639 1875 sequente
2679 1807 2891 1876 populo,
2925 1813 3294 1874 sequenteque
3329 1803 3420 1858 illo
3465 1802 3577 1856 cul-

2014 1907 2155 1952 tores
2203 1897 2316 1950 Dei.
2364 1897 2628 1952 Cteterurn
2674 1897 2764 1952 his
2793 1899 2881 1967 qui
2921 1897 3227 1967 percipiunt
3263 1894 3574 1948 mandatum

2013 1987 2077 2038 de
2113 1986 2560 2051 sanctiﬁcatione,
2609 1986 2744 2041 dicit
2791 1985 2968 2051 Jesus,
3019 1999 3212 2050 nempe
3265 1985 3462 2054 popqu
3493 1983 3573 2036 ³ος

2018 2095 2035 2125 ι
2083 2075 2510 2130 Sanctiﬁcamini
2561 2077 2613 2130 in
2647 2077 2965 2142 crastinum,
3003 2077 3162 2131 faciet
3202 2078 3254 2130 iu
3288 2077 3439 2130 vobis
3467 2075 3573 2128 Do-

2015 2166 2192 2220 minus
2227 2166 2520 2220 mirabilia.
2558 2185 2576 2219 ι
2613 2165 2751 2232 Quin
2783 2167 3153 2222 sacerdotibus
3186 2168 3348 2220 etiam
3388 2167 3576 2234 ρι’ωοί-

2013 2261 2088 2326 pit
2116 2274 2234 2312 cum
2268 2275 2394 2314 arca
2424 2259 2756 2314 Testamenti
2801 2260 3106 2329 praecedere
3139 2274 3320 2312 coram
3355 2257 3573 2326 populo.

2012 2349 2226 2418 quando
2251 2351 2416 2403 etiam
2449 2350 2761 2422 mysterium
2796 2347 3100 2402 ostenditur
3127 2348 3443 2400 meouomiae
3475 2346 3576 2398 Pa-

2013 2443 2110 2496 tris
2148 2443 2213 2494 ad
2263 2442 2454 2495 Filium
2503 2439 2958 2510 superexaltatum
3010 2437 3077 2492 ab
3111 2439 3225 2512 ipso
3251 2478 3267 2504 ,
3301 2439 3390 2509 qui
3427 2437 3575 2495 dedit

2012 2533 2085 2586 illi
2117 2531 2221 2586 hoc
2251 2546 2465 2596 nmnus,
2504 2549 2523 2582 ι
2555 2539 2614 2584 ιιι
2643 2531 2696 2586 in
2729 2529 2948 2588 nomine
2975 2532 3100 2588 Jesu
3127 2549 3288 2586 omne
3317 2547 3453 2602 genu
3484 2531 3575 2585 lle-

2011 2632 2212 2688 ctatur,
2246 2623 2568 2689 coelestium,
2622 2627 2962 2680 terrestrium
3013 2633 3069 2679 et
3115 2624 3490 2690 inleruorum,
3521 2634 3576 2678 et

2009 2718 2186 2773 omnis
2237 2719 2413 2787 lingua
2449 2709 2782 2772 conﬁteatur
2818 2717 2962 2788 quod
2994 2716 3151 2772 Jesus
3185 2715 3572 2771 ChristusDo-

2013 2809 2190 2863 minus
2220 2816 2301 2862 est
2330 2811 2395 2862 ad
2431 2809 2658 2878 gloriam
2689 2807 2780 2862 Dei
2809 2808 2982 2862 Patris
3013 2807 3078 2861 ⁸¹.
3110 2825 3127 2858 ι
3159 2805 3261 2860 Per
3292 2807 3403 2860 haec
3429 2806 3572 2859 eriim

2011 2900 2351 2954 declarantur
2381 2901 2468 2954 illa
2498 2941 2512 2965 ,
2549 2915 2669 2969 qua:
2703 2909 2827 2953 sunt
2874 2901 2926 2952 in
2969 2900 3106 2953 libro
3140 2898 3230 2967 qui
3272 2898 3576 2966 inscriptus

2009 3000 2094 3044 est
2123 2988 2251 3043 Iesu
2281 2987 2458 3044 Nave:
2485 3009 2504 3042 ι
2533 2990 2599 3044 Ει
2627 2991 2761 3044 dixit
2785 2990 3043 3044 Dominus
3065 2989 3129 3043 ad
3155 2989 3368 3045 Iesum:
3405 2989 3458 3042 Ιι·
3489 2989 3575 3042 diu

2009 3083 2114 3138 hac
2148 3083 2397 3152 incipiam
2425 3083 2668 3138 exaltare
2697 3092 2747 3136 te
2779 3097 2962 3136 coram
2999 3082 3120 3135 (iliis
3158 3081 3320 3136 Israel
3354 3082 3420 3134 ³⁸.
3454 3100 3472 3132 ι
3507 3080 3574 3135 Ει

2008 3174 2307 3228 audiendus
2332 3183 2414 3229 est
2445 3173 2702 3228 Dominus
2732 3184 2920 3228 noster
2945 3175 3126 3228 dicens
3151 3173 3274 3226 (iliis
3303 3171 3467 3226 Israel
3493 3171 3568 3224 ³³;

2014 3283 2032 3314 ι
2065 3265 2322 3322 Accedite
2354 3266 2478 3327 huc,
2509 3275 2562 3319 et
2589 3266 2819 3321 audietis
2855 3267 3076 3320 verlmm
3111 3265 3318 3319 Domini
3351 3264 3440 3316 Dei
3476 3280 3572 3316 no-

2006 3357 2147 3410 stri:
2199 3356 2249 3409 iu
2293 3357 2394 3410 hoc
2436 3359 2738 3427 agnoscetis
2790 3358 2954 3410 Deum
3004 3357 3275 3411 viventem
3325 3357 3374 3409 in
3420 3357 3572 3410 vobis

2005 3462 2146 3502 esse.
2181 3466 2200 3500 ι
2235 3447 2368 3502 Cum
2406 3447 2549 3502 enim
2588 3449 2928 3516 baptizamur
2958 3450 3008 3502 in
3043 3443 3192 3512 Jesu,
3229 3447 3572 3516 agnoscimus

2007 3537 2173 3591 Deum
2208 3538 2475 3590 viventem
2505 3539 2555 3590 iu
2590 3539 2744 3591 nobis
2769 3553 2908 3591 esse.
2942 3539 3006 3591 Et
3032 3538 3136 3592 illic
3161 3538 3397 3605 quidem,
3423 3552 3572 3589 nem-

2007 3644 2072 3698 pe
2123 3627 2176 3679 in
2229 3623 2460 3696 [Egypto
2487 3666 2501 3688 ,
2540 3627 2802 3680 facientes
2835 3627 3061 3688 l’ascha,
3106 3625 3427 3694 priucipiutn
3457 3626 3573 3679 exi-

2010 3701 2112 3771 tus.
2145 3717 2384 3782 faciunt;
2420 3727 2474 3770 at
2523 3733 2652 3770 vero
2701 3718 2839 3784 apud
2894 3715 3091 3769 Jesum'
3114 3725 3234 3783 post
3287 3715 3570 3768 transitum

2006 3807 2259 3866 Jordanis
2288 3808 2333 3838 "‘
2360 3810 2565 3862 decima
2605 3811 2761 3877 primi
2797 3812 2997 3863 mensis
3029 3809 3395 3862 castrametati
3446 3821 3572 3863 sunt

2009 3901 2060 3952 iu
2089 3899 2360 3968 Galgalis:
2417 3899 2572 3976 145
2605 3900 2816 3967 quando
2848 3901 3081 3968 primmn
3113 3904 3430 3969 oportebat,
3478 3903 3568 3971 qui

2008 3993 2306 4059 accepisset
2336 4009 2516 4056 ovem,
2550 4009 2853 4048 convocare
2885 3995 3268 4050 convivaturos
3318 4007 3439 4066 post
3482 3999 3570 4052 ba-

2005 4085 2200 4150 ptisma
2237 4082 2383 4137 Jesu.
2423 4085 2580 4138 Petra
2605 4095 2786 4140 autem
2815 4087 3128 4142 acutissima
3172 4089 3568 4143 circmncidun-

2009 4185 2092 4227 tur
2124 4174 2216 4228 ﬁlii
2267 4175 2428 4230 Israel
2462 4193 2488 4228 a
2523 4175 2650 4231 Jesu
2684 4177 2751 4242 ³⁵,
2787 4178 3038 4232 nimirum
3069 4184 3210 4248 quod
3239 4195 3428 4235 omnes
3473 4183 3566 4236 lilii

2003 4279 2190 4318 eorum
2221 4266 2310 4342 qui
2343 4269 2542 4338 egressi
2589 4268 2797 4324 fuerant
2827 4285 2892 4323 ex
2923 4269 3172 4340 Egypto,
3203 4271 3564 4326 incircumcisi

2004 4366 2182 4409 essent
2210 4394 2226 4421 ,
2275 4367 2329 4410 et
2367 4360 2712 4425 Opprobrium
2743 4359 2958 4429 Egypti
3000 4363 3198 4414 fatetur
3229 4362 3484 4415 Dominus
3511 4378 3567 4415 se

328 4441 479 4508 υἱοὺς
515 4442 746 4512 Ἰσραήλ.
799 4445 1103 4516 Γέγραπται
1156 4447 1292 4518 γάρ’
1327 4465 1342 4496 ι
1379 4447 1487 4498 Καὶ
1531 4443 1651 4498 εἷπε
1697 4446 1898 4519 Κύριος

2009 4445 2218 4498 aul‘erre
2268 4446 2318 4499 in
2353 4446 2439 4500 die
2488 4448 2824 4514 baptismatis
2859 4448 2912 4501 in
2946 4447 3071 4502 Jesu
3101 4488 3116 4511 ,
3168 4451 3383 4518 quando
3412 4447 3568 4503 Jesus

323 4532 407 4600 τῷ
435 4533 606 4604 Ἰησοῦ
634 4534 734 4604 υἱῷ
762 4536 936 4607 Ναυῆ·
980 4537 1066 4589 Ἑν
1102 4540 1166 4608 τῇ
1208 4539 1442 4608 σήμερον
1473 4537 1655 4608 ήμέρᾳ
1683 4536 1898 4606 ἀφεῖλον

325 4624 418 4675 τὸν
445 4623 746 4696 ὀνειδισμὸν
785 4627 1060 4695 Αἰγύπτου
1084 4630 1176 4697 ἀφ’
1209 4628 1380 4698 ὑμῶν.
1417 4647 1439 4680 ι
1473 4627 1605 4680 Τότε
1640 4627 1900 4696 ἐποίησαν

327 4715 380 4767 οἱ
431 4717 538 4770 υίοὶ
589 4718 802 4790 Ἰσραὴλ
867 4719 927 4771 τὸ
975 4721 1166 4790 Πάσχα
1213 4723 1279 4790 τῇ
1338 4719 1903 4790 τεσσαρεσκαιδεκάτῃ

324 4807 507 4878 ἡμέρᾳ
530 4808 624 4864 τοῦ
657 4810 822 4879 μηνὸς
860 4811 1036 4881 πολλῷ
1061 4812 1153 4864 τοῦ
1181 4813 1237 4865 ἐν
1269 4809 1526 4880 Αἰγύπτῳ
1557 4810 1900 4882 ἱλαρώτερον.

323 4899 414 4951 ὅτε
452 4901 546 4954 καὶ
576 4901 775 4970 ἔφαγον
809 4904 914 4957 ἀπὸ
941 4904 1031 4960 τοῦ
1070 4905 1217 4957 σίτου
1250 4904 1348 4972 τῆς
1371 4903 1528 4972 ἁγίας
1562 4903 1666 4974 γῆς
1696 4903 1898 4975 ἄζυμα,

395 5018 437 5048 ³⁸
463 5018 634 5092 livoris
687 5035 795 5079 xiv,
821 5021 935 5092 με
985 5022 1030 5052 ³ο
1065 5021 1287 5092 λοιμιιι,
1333 5024 1386 5087 5,
1413 5023 1467 5078 6.
1545 5024 1585 5055 ³⁸
1623 5024 1854 5092 Philipp.
1886 5041 1944 5089 It,
1971 5026 2025 5091 9,
2061 5027 2144 5080 ll.

330 5088 410 5142 19.
490 5087 535 5118 ³⁵
568 5087 683 5143 Jos.
721 5105 772 5153 ν,
813 5089 869 5152 2,
911 5089 964 5144 8.
1039 5092 1085 5123 ³⁸
1125 5091 1256 5146 ibid.
1305 5094 1358 5147 9.
1434 5092 1478 5123 ³⁷
1519 5092 1650 5146 ibid.
1711 5087 1891 5148 10:12.

398 5203 530 5284 ρι’)
562 5204 968 5284 Paraphrastice
996 5209 1265 5284 interpres
1303 5212 1468 5267 vertit
1502 5211 1661 5284 hunc,
1693 5213 1894 5280 locum,

322 5275 417 5351 qui
445 5275 521 5328 sic
552 5275 617 5330 ad
649 5275 880 5331 litteram
917 5280 1065 5351 reddi
1107 5275 1284 5351 potest
1313 5299 1324 5334 :
1461 5291 1511 5334 et
1540 5281 1738 5336 Levilw
1761 5275 1900 5351 prae;

323 5341 548 5423 cedunt,
597 5357 836 5423 sequente
865 5349 1069 5423 popqu
1107 5341 1332 5423 cultores
1377 5351 1508 5423 Dei,
1557 5341 1900 5423 sequertieque

325 5411 531 5490 igneos
562 5411 970 5490 qui'pfrciipiim't
1015 5422 1324 5490 magdatum
1357 5421 1420 5474 de
1453 5411 1898 5490 sanctiﬁcatione;

324 5480 479 5558 Βὶςξε
492 5480 850 5558 ἀνῄρητ’]εριιε
871 5489 1064 5558 popqu
1109 5488 1266 5542 EDIT.

395 5553 507 5632 (92)
554 5555 711 5609 Υιόν.
756 5556 832 5610 Ita
872 5553 1046 5614 codex
1099 5557 1458 5624 Bodleianus;
1511 5560 1746 5633 Regius,
1788 5561 1898 5636 ’l'q-

327 5623 471 5674 σοῦν.

395 5693 508 5751 (93}
569 5695 706 5748 "Ore
775 5695 1010 5764 πρῶτον
1061 5697 1182 5752 ἔδει
1237 5699 1500 5778 λαϐόντα
1555 5702 1621 5754 τὸ
1680 5703 1896 5772 πρόσα-

2007 4536 2362 4604 undequaque
2413 4537 2722 4604 purificavit
2771 4538 2910 4591 ﬁlios
2954 4537 3136 4590 Israel.
3176 4539 3446 4606 Scriptum
3482 4552 3568 4594 est

1997 4626 2140 4677 enim
2169 4626 2244 4678 3‘;
2283 4644 2302 4677 ι
2334 4625 2399 4678 Ει
2428 4627 2566 4680 dixit
2593 4629 2851 4682 Dominus
2885 4629 2948 4681 ad
2977 4627 3160 4681 Jesum
3191 4628 3354 4681 ﬁlium
3385 4628 3562 4685 Nave:

1999 4716 2052 4769 In
2091 4718 2175 4770 die
2203 4718 2303 4771 hac
2338 4718 2543 4771 devolvi
2567 4734 2596 4771 a
2621 4720 2769 4772 vobis
2799 4719 3054 4786 probrum
3079 4719 3311 4788 :‘Egypti.
3354 4739 3372 4772 ι
3413 4720 3565 4776 Tune

1999 4809 2240 4863 fecerunt
2271 4808 2364 4862 filii
2407 4808 2570 4864 Israel
2604 4811 2802 4878 pascha
2845 4810 3251 4878 quartadecima
3285 4814 3370 4866 die
3411 4830 3562 4868 mcu-

2001 4905 2075 4958 sis
2104 4903 2170 4967 ³⁷,
2199 4903 2356 4972 longe
2379 4918 2541 4972 quam
2567 4904 2618 4957 in
2644 4902 2878 4974 Egypto
2903 4905 3148 4971 hilarius,
3166 4907 3382 4976 quando
3401 4908 3565 4962 etiam

2221 5026 2264 5057 ³¹
2308 5024 2422 5080 Jos.
2465 5041 2547 5092 ιιι,
2588 5027 2640 5080 7.
2717 5027 2760 5058 ³³
2792 5027 2924 5082 ibid.
2973 5027 3027 5094 9,
3071 5028 3155 5082 10.
3233 5028 3279 5060 ³⁵
3327 5027 3440 5084 Jcs.
3488 5044 3561 5095 tv,

2002 5233 2126 5279 tor,
2160 5226 2262 5270 etc.
2298 5215 2505 5287 Pascha
2529 5218 2794 5287 intelligit,
2829 5218 2940 5274 Jos.
2965 5233 3016 5284 ν,
3049 5217 3135 5272 10.

2071 5287 2179 5354 (9i)
2211 5286 2314 5339 Καὶ
2346 5286 2419 5354 τῇ
2445 5286 2748 5356 ἁκροτόμῲ
2783 5289 2987 5356 πέτρᾳ.
3038 5288 3102 5340 ιιι
3153 5287 3266 5344 Jos.
3297 5305 3350 5350 ν.
3405 5290 3458 5354 2,
3506 5301 3562 5348 et

1999 5353 2168 5429 Exod.
2198 5371 2270 5418 tv,
2303 5353 2773 5420 25,7ltalieturv'13,
2801 5353 3046 5429 quasi)!“
3065 5367 3118 5410 et
3141 5371 3336 5424 petram
3363 5370 3421 5414 et
3447 5361 3563 5429 gla-

1996 5425 2140 5476 dium
2164 5437 2340 5494 sonat.
2387 5429 2552 5490 Quem
2581 5437 2759 5494 autem
2809 5425 3142 5481 intellectum
3198 5429 3286 5481 hic
3337 5425 3554 5494 habeat,

1995 5493 2336 5564 gratnmatiei
2376 5505 2608 5548 certant.
2637 5493 2833 5564 Varius
2868 5497 3082 5564 quidem
3112 5508 3195 5550 est
3251 5499 3408 5552 irodie
3451 5493 3560 5554 cirj-

1995 5562 2340 5634 cumc‘isiouis
2375 5565 2508 5616 ritus
2541 5564 2681 5634 apud
2706 5562 2944 5627 Judmo‘s,
2967 5567 3060 5620 sed
3091 5567 3238 5621 ferro
3267 5566 3379 5622 fere
3403 5577 3561 5622 utun-

1999 5640 2106 5711 tur.
2133 5630 2442 5752 Atﬁilicent
2478 5630 2659 5689 tanien
2681 5635 2809 5689 olim
2837 5635 3151 5692 adhibuisse
3201 5651 3400 5707 negare
3451 5654 3558 5692 non

1999 5716 2184 5752 31151111.
2265 5714 2469 5752 υΕΪΙυΒ.

1995 5716 2184 5754 31151111.
2218 5714 2469 5754 ΙΙυΕιἸυΒ.
