3962 6206
205 353 306 408 εει

1303 353 1658 411 (ΣΟΜΜΕΝΤ.
1703 356 1768 410 ΙΝ
1805 354 1997 410 JOAN.
2036 355 2278 413 TOMUS
2321 353 2407 407 Vl.

3361 355 3464 411 29.2.

202 466 630 541 προφερομένων
685 465 762 536 τῷ
821 463 915 516 τοῦ
967 464 1126 531 λόγου
1192 465 1617 535 συμπεράσματι
1646 503 1660 526 ,
1716 455 1780 514 ὧν

1895 462 2098 529 profert
2129 464 2400 518 sermonis
2433 460 2793 525 conclusioni,
2821 478 2847 515 a
2880 463 3074 532 quibus
3099 465 3334 521 liberans
3365 485 3461 520 nos

201 560 560 617 ἀταιλλάττων
597 560 751 630 ἡμᾶς
793 558 822 610 6
862 555 1015 619 Θεὸς.
1051 557 1184 608 ὅπου
1240 557 1336 627 μὲν
1375 556 1568 626 διψῶσι
1611 557 1790 610 δίδωσι

204 651 383 714 ποτὸν,
431 652 568 704 ὅπου
597 649 655 702 δὲ
686 649 746 702 τὸ
779 648 979 703 ἄϐατον
1006 647 1080 717 (5)
1107 648 1237 716 ἡμῖν
1271 648 1365 700 καὶ
1396 646 1678 718 ἁχὼρητον
1705 647 1792 700 διὰ

201 737 261 790 τὸ
279 736 465 806 βάθος,
496 735 765 788 διόδευτον
781 738 848 806 τῇ
865 733 1123 807 διαιρέσει
1147 733 1239 787 τοῦ
1263 733 1420 802 λόγου
1445 735 1791 804 παρασκευά-

204 829 307 892 ζει.
333 827 445 880 τῶν
479 826 747 878 πλείστων
791 825 868 896 τῷ
904 825 1216 897 διαιρετικῷ
1243 826 1386 896 λόγῳ
1409 827 1537 896 ἡμῖν
1568 844 1789 896 σαφηνι-

204 917 468 988 ζομένων.
495 917 610 970 Ἔτι
654 916 711 969 δὲ
749 919 829 982 είς
876 916 939 970 τὸ
969 916 1370 988 παραδέξασθαι
1400 917 1498 988 τὴν
1537 918 1663 990 περὶ
1692 918 1784 972 τοῦ

205 1010 581 1079 ποτιμωτάτου
628 1008 725 1063 καὶ
773 1007 1236 1080 χαριστικωτάτου
1295 1007 1555 1079 Ἰορδάνου
1615 1010 1786 1082 ἑρμη-

207 1102 371 1164 νείαν,
405 1101 672 1171 χρήσιμον
706 1097 1048 1170 παραθέσθαι
1076 1099 1168 1152 τόν
1212 1116 1271 1151 τε
1311 1099 1418 1152 ἀπὸ
1455 1101 1552 1170 τῆς
1579 1099 1785 1172 λέπρας

211 1189 631 1261 καθαριζόμενον
665 1187 886 1258 Ναιμὰν
917 1189 1009 1242 τὸν
1047 1189 1236 1262 Σύρον,
1280 1191 1370 1244 καὶ
1416 1189 1485 1243 τὰ
1521 1190 1784 1262 λεγόμενα

212 1281 463 1352 περὶτῶν
497 1281 647 1351 παρὰ
683 1283 794 1343 τοῖς
826 1278 1102 1350 πολεμίοις
1146 1281 1244 1350 τῆς
1279 1280 1586 1344 θεοσεϐείας
1619 1299 1784 1335 ποται

217 1373 344 1444 μῶν.
392 1374 524 1442 Περὶ
569 1373 666 1442 μὲν
711 1367 804 1423 οὖν
847 1371 1064 1440 Ναιμὰν
1109 1371 1452 1443 γέγραπται,
1493 1373 1574 1426 δτι
1621 1368 1782 1443 ἦλθεν

215 1467 357 1534 ἵππῳ
387 1463 476 1516 καὶ
520 1463 752 1533 ἅρματι,
780 1461 876 1514 καὶ
917 1460 1043 1532 ἔστη
1083 1462 1175 1514 ἐπὶ
1208 1461 1400 1533 θύραις
1447 1461 1594 1516 οἴκου
1645 1461 1781 1514 Ἐλι-

217 1557 342 1616 σαιὲ,
384 1553 474 1607 καὶ
521 1552 846 1606 ἀπέστειλεν
883 1550 1116 1604 Ἐλισαιὲ
1158 1550 1388 1619 ἄγγελον
1429 1551 1563 1624 πρὸς
1597 1551 1779 1618 αὐτὸν,

215 1644 403 1714 λέγων’
440 1664 457 1696 ι
496 1643 792 1715 Πορευθεὶς
820 1643 1006 1698 λοῦσαι
1048 1643 1274 1706 ἑπτάκις
1316 1644 1374 1696 ὲν
1401 1643 1480 1714 τῷ
1518 1642 1776 1714 Ἰορδάνῃ,

217 1737 302 1790 καὶ
320 1735 627 1808 ἐπιστρέψει
650 1738 683 1806 ἠ
711 1734 849 1806 σάρξ
875 1752 968 1788 σου
993 1735 1098 1797 σοι,
1123 1735 1217 1787 καὶ
1238 1729 1612 1805 καθαρισθήσῃ
1639 1734 1734 1804 (4).
1755 1753 1772 1786 ι

219 1826 336 1878 Ὅτε
363 1827 451 1877 καὶ
477 1806 744 1895 θυμοῦται
788 1823 1006 1894 Ναιμὰν
1043 1825 1104 1876 οὺ
1150 1824 1305 1885 νοῶν.
1331 1826 1412 1878 ὃτι
1440 1826 1468 1877 6
1510 1824 1780 1896 Ἰορδάνης
1815 1806 1852 1860 Β

217 1915 361 1985 ήμῶν
386 1918 530 1969 ἐστιν
559 1919 587 1969 6
621 1915 875 1969 ἀπολύων
900 1917 1023 1980 τοὺς
1053 1915 1141 1969 διὰ
1170 1916 1266 1988 τὴν
1298 1915 1504 1987 λέπραν
1535 1915 1780 1988 ἀκαθάρ-

217 2019 331 2064 tua;
355 2005 444 2074 τῆς
471 2003 814 2075 ἀκαθαρσίας
831 2004 925 2057 καὶ
947 2002 1189 2074 ἰώμενος,
1207 2005 1326 2075 οὐχὶ
1348 2005 1403 2058 δὲ
1423 2007 1451 2058 6
1475 2006 1776 2077 προφήτης

220 2097 476 2167 προφήτου
519 2097 629 2169 γὰρ
658 2096 817 2166 ἔργον
852 2095 1062 2167 πέμψαι
1101 2097 1194 2149 ἐπὶ
1241 2096 1300 2149 τὸ
1337 2096 1655 2168 θεραπεῦον.
1688 2098 1779 2168 Μὴ

218 2188 402 2251 συνιεὶς
419 2189 593 2241 τοίνυν
617 2188 680 2240 τὸ
698 2187 793 2240 τοῦ
821 2186 1079 2258 Ἰορδάνου
1113 2185 1257 2258 μέγα
1285 2191 1579 2258 μυστήριον
1599 2190 1627 2241 6
1648 2188 1780 2242 Ναι-

217 2275 318 2346 μὰν
341 2294 522 2348 φησιν·
547 2296 565 2328 ι
588 2277 718 2330 Ἰδοὺ
741 2277 804 2346 δὴ
821 2275 1006 2344 ἔλεγον
1030 2275 1127 2346 (5),
1161 2277 1244 2328 ὅτι
1269 2276 1485 2339 πάντως
1513 2275 1782 2340 ἐξελεύσε-

212 2358 294 2420 ται
456 2369 543 2434 μὲ,
561 2369 658 2422 καὶ
677 2370 954 2439 στήσεται,
968 2369 1060 2422 καὶ
1083 2367 1462 2422 ὲπικαλέσεται
1483 2369 1540 2420 ὲν
1556 2369 1777 2440 ὀνόματι

212 2461 403 2530 Κυρίου
430 2459 566 2514 Θεοῦ
607 2459 806 2524 αὑτοῦ,
852 2461 945 2514 καὶ
983 2460 1232 2532 ἐπιθήσει
1271 2461 1369 2532 τὴν
1413 2465 1571 2534 χεῖρα
1613 2462 1776 2515 αὑτοῦ

211 2552 296 2603 ἐπὶ
323 2552 408 2605 τὸν
445 2551 626 2616 τόπον,
664 2553 758 2605 καὶ
787 2553 1111 2618 ἀποσυνάξει
1155 2553 1218 2606 τὸ
1266 2553 1496 2624 λεπρόν·
1538 2571 1556 2605 ι
1586 2553 1646 2606 τὸ
1669 2553 1778 2624 γὰρ

210 2642 457 2696 ζπιθεῖναι
492 2643 592 2714 τὴν
633 2645 792 2715 χεῖρα
816 2646 881 2714 τῇ
908 2643 1104 2714 λέπρᾳ,
1132 2643 1226 2696 καὶ
1266 2643 1582 2715 καθαρίσαι,
1614 2643 1776 2714 μόνου

209 2735 295 2787 τοῦ
317 2735 510 2806 Κυρίου
543 2752 648 2805 μου
673 2735 847 2805 Ἰησοῦ
870 2733 1029 2806 ἔργον
1054 2731 1143 2805 ἦν,
1165 2736 1227 2788 οὐ
1253 2735 1410 2805 μόνον
1433 2735 1672 2798 εἰπόντος
1699 2733 1777 2804 τῷ

217 2823 342 2892 μετὰ
363 2827 594 2889 πίστεως
611 2823 904 2888 ἀξιώσαντι
919 2842 932 2856 ·
955 2849 973 2876 ι
998 2826 1124 2881 Ἐὰν
1153 2826 1332 2900 θέλῃς,
1347 2825 1572 2880 δύνασαί
1597 2843 1664 2897 με
1685 2843 1777 2879 κα-

215 2914 432 2985 θαρίσαι,
454 2934 472 2966 ι
489 2916 550 2969 τό
566 2933 579 2945 °
593 2916 792 2979 «Θέλω,
810 2916 1188 2988 καθαρίσθητι.
1215 2937 1232 2970 ι
1255 2918 1398 2988 Πρὸς
1412 2917 1518 2987 γὰρ
1538 2916 1616 2992 τῷ
1633 2914 1775 2988 λόγῳ

216 3007 300 3083 καὶ
326 3007 494 3075 ἥψατο
542 3006 730 3069 αὑτοῦ,
777 3007 869 3060 καὶ
913 3007 1245 3079 ἐκαθαρίσθη
1275 3007 1383 3061 ἀπὸ
1440 3008 1536 3078 τῆς
1566 3007 1772 3080 λέπρας

1895 552 2036 607 Deus
2070 554 2342 608 interdum
2417 553 2636 621 quidem
2669 553 2983 609 sitientibus
3011 557 3104 608 dat
3129 565 3340 626 potum,
3376 559 3460 611 iu-

1894 643 2103 698 terdum
2147 660 2278 700 vero
2318 646 2459 713 quod
2510 645 2712 697 invium
2752 645 2908 699 nobis
2943 656 3000 700 et
3034 648 3464 718 imperceptibile

1889 747 1970 792 est
2004 745 2228 805 propter
2255 734 2718 804 profunditatem,
2752 734 2998 801 pervium
3035 735 3161 789 illud
3197 751 3464 807 prazparat

1889 827 2153 882 divisione
2200 825 2501 890 sermonis,
2553 841 2674 878 cum
2707 825 3104 895 quamplurima
3135 841 3201 881 ex
3253 830 3461 882 ratione

1889 916 2162 972 dividendi
2215 916 2370 970 nobis
2405 914 2839 970 manifestentur.
2894 917 2974 970 Ad
3008 918 3122 972 lia-c
3171 929 3230 972 ut
3261 921 3459 974 admit-

1891 1018 2065 1063 tamus
2117 1008 2614 1074 interpretationem
2647 1006 2713 1060 de
2753 1005 3144 1076 potabilissimo
3176 1018 3228 1064 et
3259 1011 3460 1078 gratia-

1889 1115 2004 1154 rum
2035 1100 2194 1168 pleno
2220 1099 2480 1165 Iordane,
2518 1099 2648 1153 utile
2695 1099 2852 1152 nobis
2879 1098 2985 1152 erit
3022 1115 3291 1170 apponere
3317 1101 3457 1156 Nan.

1887 1205 2008 1242 man
2047 1190 2193 1243 illum
2238 1189 2434 1260 Syrum
2483 1206 2511 1242 a
2565 1189 2711 1259 lepra
2771 1190 3110 1255 inmutatum,
3153 1204 3206 1245 et
3239 1208 3356 1261 qua:
3381 1194 3460 1247 d'r-

1885 1291 2083 1333 cuntur
2119 1281 2185 1334 de
2217 1281 2527 1333 "Ull'iittiblls
2561 1280 2700 1347 apud
2728 1279 2911 1334 hostes
2938 1280 3114 1333 cultus
3146 1281 3329 1333 divini.
3362 1284 3457 1335 Λι-

1884 1385 1988 1438 que
2009 1371 2082 1423 ‘de
2099 1368 2341 1423 Naaman
2367 1371 2583 1437 quidem
2611 1372 2868 1438 scriptum
2905 1382 2986 1422 est
3011 1370 3076 1432 ⁸⁷,
3114 1371 3256 1438 quod
3300 1386 3458 1422 vene-

1885 1462 1955 1514 rit
1988 1478 2109 1514 cum
2153 1463 2398 1532 equitatu
2445 1471 2498 1514 et
2551 1477 2740 1522 curru,
2789 1471 2846 1514 et-
2889 1462 3102 1514 steterit
3142 1473 3267 1514 ante
3315 1463 3456 1517 fores

1883 1551 2072 1605 domus
2117 1552 2307 1616 Elisei,
2345 1554 2598 1622 quodque
2635 1553 2842 1606 miserit
2878 1553 3086 1606 Elisens
3111 1554 3356 1606 nuntium
3391 1555 3456 1607 ad

1883 1640 2053 1706 illum,
2079 1643 2299 1698 dicens:
2331 1662 2348 1694 ι
2384 1643 2665 1698 Profectus
2692 1643 2872 1697 lavare
2895 1645 2945 1696 in
2974 1642 3211 1698 Iordane
3237 1645 3454 1713 septies.

1881 1741 1936 1786 et
1961 1734 2280 1787 restituetur
2338 1734 2432 1787 tibi
2478 1749 2606 1788 caro
2654 1746 2742 1786 tua
2771 1774 2786 1797 ,
2829 1743 2885 1789 et
2937 1733 3289 1788 mundaberis
3330 1733 3397 1787 ⁸³.
3432 1753 3449 1784 ι

1884 1813 2108 1890 Quando
2126 1823 2288 1877 etiam
2318 1834 2685 1878 commovetur
2715 1825 3088 1894 indignatione
3114 1823 3353 1878 Naamm
3383 1825 3453 1888 η,

1885 1930 1988 1968 non
2023 1915 2330 1986 intelligens
2362 1917 2503 1984 quod
2539 1915 2790 1970 Jordauis
2821 1925 3008 1969 noster
3043 1917 3088 1970 is
3116 1917 3188 1969 sit
3221 1917 3312 1984 qui
3357 1917 3456 1969 in»-

1884 2006 2111 2058 mundos
2142 2006 2212 2060 ob
2241 2007 2447 2074 lepram
2480 2006 2674 2060 liberat
2701 2009 2769 2060 ab
2803 2007 3141 2060 immunditia
3167 2017 3452 2075 sanatqne,

1883 2112 1988 2150 non
2014 2096 2101 2151 ille
2122 2097 2381 2166 propheta
2407 2113 2422 2160 ;
2451 2099 2891 2168 quandoquidem
2917 2099 3192 2168 propheta:
3219 2097 3454 2151 olileinm

1880 2196 1963 2238 est
2014 2187 2231 2240 mittere
2265 2186 2331 2240 ad
2371 2187 2497 2239 illud
2528 2191 2668 2256 quod
2698 2189 2987 2242 sanitatem
3021 2188 3196 2242 ali‘ert.
3229 2189 3343 2244 Non
3378 2191 3458 2242 in-

1881 2275 2125 2345 teliigens
2159 2274 2322 2344 igitur
2358 2275 2611 2330 Jordanis
2643 2293 2890 2346 magnum
2937 2279 3275 2346 mysterium,
3321 2277 3449 2332 Naa-

1881 2381 2004 2418 man
2046 2366 2216 2434 inquit
2259 2367 2337 2420 ηε
2405 2387 2424 2418 ι
2456 2367 2532 2421 En
2581 2369 2794 2436 quidem
2836 2371 3173 2438 cogitaram:
3223 2371 3455 2424 Omnino

1879 2456 2044 2508 exibit.
2077 2457 2142 2509 ad
2181 2473 2283 2522 tne,
2312 2466 2365 2512 cl.
2398 2468 2550 2512 stans
2579 2459 2844 2512 invocabit
2885 2475 3076 2514 nomen
3110 2459 3321 2514 Domini
3359 2461 3451 2516 Dei

1879 2549 1983 2612 sui,
2019 2548 2360 2618 imponetque
2391 2565 2608 2604 manum
2644 2565 2794 2606 suam
2827 2553 2893 2604 ad
2921 2551 3099 2606 locum
3141 2562 3193 2606 et
3237 2555 3454 2607 curabit

1879 2637 2100 2708 lepram.
2136 2657 2155 2690 ι
2189 2640 2401 2694 Etenim
2433 2657 2651 2694 manmn
2677 2642 2839 2712 lepra;
2870 2643 3148 2712 imponere
3178 2654 3231 2698 et
3257 2661 3455 2700 curare

1877 2730 2045 2785 solius
2069 2731 2276 2785 Domini
2303 2733 2406 2787 mei
2433 2732 2560 2788 Jesu
2587 2733 2820 2788 otiicium
2849 2745 2950 2800 est,
2977 2735 3063 2804 qui
3093 2751 3196 2790 non
3241 2746 3454 2798 tantum

1876 2823 2012 2877 dixit
2039 2839 2160 2878 enin
2188 2825 2292 2879 lide
2321 2827 2724 2894 pronuntianti:
2761 2845 2780 2878 ι
2813 2826 2986 2893 Sivis,
3020 2836 3172 2896 potes
3191 2845 3274 2884 me
3296 2846 3450 2885 mun-

1879 2915 2059 2980 dare,»
2078 2945 2148 2956 --
2174 2914 2356 2983 «Volo,
2385 2917 2615 2970 mundus
2640 2927 2756 2972 esto
2777 2916 2820 2948 "
2844 2933 2858 2970 :
2885 2937 2902 2968 ›
2933 2929 3286 2986 praeterquam
3309 2922 3456 2989 quod

1875 3006 2017 3066 enim
2037 3007 2252 3062 locutus
2267 3017 2370 3074 est,
2389 3007 2545 3079 147
2568 3008 2739 3078 tetigit
2753 3008 2914 3062 etiam
2934 3024 3082 3074 eum,
3099 3020 3152 3064 et
3167 3011 3454 3065 mundatus

218 3093 380 3151 αὐτοῦ.
417 3084 534 3154 Ἔτι
678 3094 1024 3166 πλανώμενος
1054 3100 1083 3150 6
1109 3097 1345 3165 Ναιμὰν,
1384 3097 1478 3153 καὶ
1510 3097 1607 3168 οὐχ
1633 3098 1773 3170 ὀρῶν

1884 3097 1977 3154 fuit
2005 3114 2034 3152 a
2071 3099 2218 3168 lepra
2259 3114 2378 3153 sua.
2409 3098 2612 3162 Errans
2638 3098 2799 3153 etiam
2833 3098 3098 3164 Naaman,
3127 3115 3226 3154 nec
3255 3100 3454 3158 videns.

217 3181 326 3234 ὅσον
352 3184 733 3247 ἀπολείπονται
773 3187 825 3245 oi
855 3186 1030 3258 ἕτεροι
1071 3184 1166 3238 τοῦ
1226 3185 1488 3256 Ἰορδάνου
1541 3187 1774 3258 ποταμοὶ

220 3274 339 3351 πρὸς
363 3275 658 3348 θεραπείαν
691 3278 800 3343 τῶν
845 3278 1210 3341 πεπονθότων,
1258 3279 1470 3332 ἐπαινεῖ
1518 3281 1642 3343 τοὺς
1677 3280 1775 3352 τῆς

221 3367 486 3435 Δαμασκοῦ
519 3355 797 3438 ποταμοὺς
839 3369 1074 3441 ’Δρϐανά
1101 3369 1174 3439 (6)
1205 3371 1299 3422 καὶ
1329 3369 1542 3441 Φαρφὰ,
1576 3370 1769 3438 λέγων·

227 3473 240 3504 ι
268 3456 386 3526 Οὐχὶ
411 3457 614 3526 ἀγαθὸς
648 3456 882 3530 Ἀρὸανὰ
895 3458 987 3511 καὶ
1007 3457 1201 3528 Φαρφά
1223 3458 1456 3528 ποταμοὶ
1482 3458 1772 3528 Δαμασκοῦ

222 3547 345 3618 ὑπὲρ
376 3550 549 3602 πάντα
573 3548 642 3602 τὰ
665 3548 834 3602 ὕδατα
874 3549 1124 3620 Ἰσραήλ;
1160 3550 1293 3620 Οὐχὶ
1319 3549 1624 3622 πορευθεὶς,
1653 3549 1775 3604 λού-

220 3653 362 3707 σομαι
385 3641 441 3691 ὲν
465 3639 670 3703 αὐτοῖς,
703 3641 795 3693 καὶ
828 3639 1338 3712 καθαρισθήσομαι;
1383 3641 1640 3713 ι”Ὡσπερ
1667 3643 1783 3713 γάρ’

217 3730 370 3794 9365i;
409 3731 611 3799 ἀγαθὸς
660 3734 708 3784 εί
742 3732 815 3804 μὴ
849 3719 931 3794 εἷς
959 3735 986 3786 6
1019 3731 1153 3797 Θεὸς
1181 3735 1208 3786 6
1239 3733 1448 3805 Πατὴρ,
1503 3733 1675 3798 οὕτως
1719 3736 1777 3786 ὲν

216 3825 458 3892 maximi;
477 3823 649 3887 οὐδεὶς
666 3822 868 3892 ἀγαθὸς
889 3825 938 3876 εἰ
973 3824 1048 3896 μὴ
1072 3826 1101 3877 6
1129 3825 1415 3895 Ἰορδάνης,
1444 3825 1536 3878 καὶ
1569 3825 1778 3896 λέπρας

218 3911 506 3976 ἀπαλλάξαι
548 3911 842 3983 δυνάμενος
869 3913 958 3965 τὸν
1006 3911 1144 3983 μετὰ
1192 3913 1425 3977 πίστεως
1455 3913 1553 3984 τὴν
1599 3913 1777 3984 ψυχὴν

216 4001 486 4072 λουόμενον
501 4005 580 4067 εἰς
609 4003 699 4057 τὸν
736 4001 960 4073 Ἰησοῦν.
979 3998 1151 4073 Οἶμαι,
1167 4003 1224 4064 δὲ
1245 4003 1334 4057 διὰ
1361 4001 1548 4082 τοῦτον
1571 4001 1778 4083 κλαίειν

215 4115 615 4186 ἀναγεγράφθαι
648 4117 780 4169 πᾶσι
811 4118 924 4180 τοῖς
965 4114 1284 4178 Βαϐυλῶνος
1325 4117 1586 4185 ποταμοῖς
1617 4114 1779 4168 καθε-

218 4204 460 4276 ζομένους
485 4207 611 4269 τοὺς
645 4205 980 4277 μνησθέντας
1007 4208 1104 4278 τῆς
1132 4205 1289 4266 Σιών·
1322 4203 1494 4258 ἄλλων
1523 4205 1631 4275 γὰρ
1653 4205 1779 4260 ὑδά-

216 4314 306 4350 των
336 4299 662 4369 γευσάμενοι
695 4299 832 4370 μετὰ
865 4299 956 4352 τὸν
1004 4299 1157 4368 ἅγιον
1193 4299 1460 4371 Ἰορδάνην
1489 4299 1537 4352 οί
1567 4297 1654 4351 διὰ
1681 4298 1779 4369 τὴν

217 4390 395 4441 κακίαν
428 4389 980 4458 αἰχμαλωτευθέντες,
1016 4392 1094 4454 είς
1143 4390 1448 4460 ὑπόμνησιν
1479 4389 1573 4442 καὶ
1609 4387 1778 4459 ποθὴν

1877 3202 2140 3261 quantum
2216 3191 2402 3246 czeteri
2475 3190 2622 3245 ﬂutii
2699 3189 2934 3246 Iordane
3011 3193 3120 3246 sint
3166 3191 3452 3248 inferiores

1877 3294 2138 3352 quantum
2170 3282 2448 3336 attinetad
2481 3281 2777 3334 curandum
2811 3295 2905 3335 eos
2930 3283 3020 3352 qui
3060 3283 3248 3337 morbo
3265 3281 3450 3338 affecti

1877 3384 2024 3435 sunt,
2042 3374 2223 3428 laudat
2243 3373 2486 3426 Damasci
2505 3370 2716 3435 ﬂuvios,
2743 3371 2984 3436 Arbana,
3006 3381 3059 3426 et
3083 3371 3354 3441 Pharpba,
3377 3375 3452 3427 di-

1876 3480 2007 3520 cens
2035 3465 2081 3496 ”
2117 3482 2131 3518 :
2173 3483 2192 3516 ι
2229 3463 2419 3524 Annon
2461 3462 2636 3520 bonus
2673 3472 2756 3517 est
2815 3462 3030 3516 Arbana
3055 3503 3069 3526 ,
3110 3473 3162 3517 et
3195 3463 3444 3534 Pharpba

1877 3555 2027 3608 ﬂuvii
2061 3555 2310 3608 Damasci
2344 3567 2456 3622 pra:
2486 3552 2739 3606 omnibus
2763 3553 2921 3621 aquis
2952 3553 3222 3606 lsraelis‘i
3259 3553 3448 3608 Nonne

1879 3647 2148 3714 profectus
2190 3646 2413 3704 lavabar
2450 3643 2503 3696 in
2535 3643 2612 3696 eis
2650 3653 2703 3696 et
2736 3643 3089 3696 mnndabor?
3125 3660 3144 3694 ι
3203 3642 3272 3698 Ut
3297 3643 3445 3696 enim

1880 3737 2055 3791 nullus
2087 3738 2280 3801 bonus,
2329 3733 2433 3788 nisi
2465 3746 2626 3794 unus.
2665 3745 2856 3800 nempe
2897 3731 3036 3786 Deus
3065 3731 3232 3785 Pater
3267 3732 3334 3792 ⁸³,
3366 3732 3445 3786 sic

1879 3827 2021 3879 inter
2055 3823 2245 3878 ﬂuvios
2270 3823 2444 3876 nullus
2473 3831 2559 3875 est
2607 3820 2808 3882 bonus,
2852 3820 2953 3873 nisi
2983 3819 3256 3882 Jordanis.
3283 3821 3443 3875 etiam

1881 3933 1909 3970 a
1945 3916 2090 3984 lepra
2129 3915 2366 3968 liberare
2396 3911 2580 3970 valens
2607 3926 2729 3964 eum
2763 3911 2993 3980 quicum
3025 3911 3128 3965 [ide
3157 3911 3299 3964 lavat
3327 3912 3450 3965 ani-

1882 4027 2022 4078 mam
2079 4011 2132 4062 in
2161 4007 2318 4078 Jesu.
2363 4005 2594 4060 Proinde
2649 4020 2826 4066 meum
2861 4014 2943 4074 est
2987 4003 3270 4070 judicium,
3309 4005 3446 4059 seri-

1881 4113 2028 4172 ptum
2058 4100 2224 4154 fuisse
2249 4113 2440 4156 omnes
2473 4097 2728 4151 sedentes
2763 4110 2926 4164 super
2967 4095 3187 4148 ﬂumina
3217 4095 3449 4166 Babylo-

1881 4199 1964 4268 nis
1992 4197 2039 4230 ”
2073 4203 2292 4265 propter
2318 4194 2459 4266 hunc
2495 4190 2647 4252 ﬂere,
2680 4189 2937 4243 memoria
2967 4199 3273 4257 repetentes
3294 4189 3448 4246 Sion.

1883 4290 2106 4351 Deducti
2147 4288 2292 4357 enim
2327 4287 2396 4340 ob
2423 4286 2610 4338 vitium
2637 4283 2688 4338 in
2723 4281 3091 4350 captivitatem
3119 4321 3134 4344 ,
3160 4297 3281 4346 cum
3313 4279 3448 4334 alias

1881 4383 2258 4450 degustassent
2286 4391 2456 4444 aquas
2488 4386 2605 4445 post
2634 4383 2881 4427 sanctum
2915 4369 3230 4430 Jordanem,
3255 4372 3306 4422 in
3339 4386 3449 4424 me-

221 4485 445 4553 ξρχονται
468 4481 544 4553 (7)
564 4480 656 4535 τοῦ
698 4481 899 4534 οἰκείου
933 4482 1028 4537 καὶ
1060 4481 1328 4553 σωτηρίου
1363 4479 1627 4551 ποταμοῦ.
1663 4479 1780 4532 Διό-

1884 4477 2110 4529 moriam
2140 4473 2575 4540 desideriumque
2604 4468 2832 4522 veniunt
2875 4466 3084 4535 proprii
3111 4474 3164 4518 et
3193 4463 3449 4528 salutaris

219 4585 304 4639 περ
325 4569 416 4626 ἐπὶ
439 4569 550 4622 τῶν
574 4568 831 4639 ποταμῶν
862 4569 1176 4634 Βαϐυλῶνός
1202 4587 1383 4640 φασιν·
1421 4589 1440 4622 ι
1476 4571 1624 4624 Ἐκεῖ
1649 4573 1776 4630 ἐκα-

217 4659 428 4730 θῖσαμεν
451 4679 471 4711 ι
503 4661 616 4730 (καὶ
650 4660 808 4731 δῆλον
835 4661 919 4714 ὄτι
947 4660 1036 4714 διὰ
1063 4661 1123 4713 τὸ
1175 4661 1247 4732 μὴ
1275 4659 1532 4714 δύνασθαι
1563 4659 1773 4730 στῆναι)

221 4771 234 4800 ι
270 4753 358 4809 καὶ
401 4752 768 4823 ἐκλαύσαμεν.
813 4771 832 4804 ι
874 4754 982 4807 Καὶ
1010 4755 1039 4806 6
1076 4752 1340 4825 Ἱερεμίας
1367 4753 1424 4807 δὲ
1454 4751 1774 4824 ἐπιπλήσσει

217 4845 310 4906 τοίς
346 4843 591 4896 θέλουσιν
613 4843 904 4912 Αἰγύπτιον
933 4843 1076 4917 ῦδωρ
1097 4847 1258 4910 πιεῖν,
1278 4845 1370 4898 καὶ
1389 4843 1776 4898 καταλείπουσι

215 4933 266 4985 τὸ
288 4935 342 5000 ἐξ
369 4934 604 5008 οὐρανοῦ
649 4936 987 5000 καταϐαῖνον,
1033 4937 1125 4990 καὶ
1150 4935 1330 4991 ὲπώνυ
1338 4953 1436 5007 μον
1481 4935 1580 5006 τῆς
1609 4951 1768 4989 κατα-

214 5025 410 5090 εάσεως
457 5025 745 5096 τυγχάνον,
793 5025 885 5078 τὸν
935 5026 1224 5100 Ἰορδάνην,
1272 5025 1468 5095 λέγων’
1528 5044 1547 5077 ι
1589 5025 1655 5078 Τί
1693 5027 1776 5080 σοὶ

214 5115 300 5168 καὶ
328 5118 395 5186 τῇ
420 5115 529 5186 ὁδῷ
560 5115 834 5185 Δίγιξπτου
868 5115 960 5170 τοῦ
996 5118 1137 5178 πιεῖν
1171 5116 1314 5188 ὕδωρ
1354 5113 1530 5186 Γηῶν,
1562 5113 1654 5174 καὶ
1683 5114 1777 5180 τοῦ

278 5271 319 5302 ⁸⁷
348 5269 415 5340 ιγ
449 5269 564 5340 “es

274 5451 350 5522 (ὃ)
380 5452 593 5524 Editio_
616 5450 818 5524 ﬂuetji,
848 5453 965 5524 ip:
986 5497 1000 5520 ,
1055 5451 1224 5508 codex
1269 5451 1616 5524 Bodleianus,
1645 5449 1776 5505 ᾶὸαο

215 5538 319 5582 τον.
347 5523 546 5592 sicque
581 5521 707 5592 legit
737 5521 1044 5592 Ferrarius.

279 5592 350 5714 gi)
383 5590 566 5646 Editio
596 5590 798 5656 Huetii,
832 5591 1162 5680 καθαρισθῇ,
1215 5593 1390 5646 codex
1430 5590 1774 5655 Bodleianus,

218 5678 276 5712 κα
307 5661 601 5731 αρισθήσῃ.
767 5729 796 5731 μ
1441 5730 1448 5731 ί
1683 5730 1690 5731 ί
1745 5730 1748 5731 ν

223 5796 239 5846 ᾗ
278 5719 456 5800 (⁵)Ἀὴ
485 5719 722 5802 ἓλὲγονο
745 5729 836 5790 Sic
861 5733 1026 5790 codex
1053 5731 1410 5796 Bodleianus;
1439 5730 1654 5803 Regius,
1673 5730 1776 5783 διέ.

232 5815 377 5867 ἰεγον.
939 5859 952 5867 Α

570 5313 582 5325 .
623 5286 674 5334 v,
710 5271 762 5325 9.
842 5271 886 5327 ῃ
916 5271 1046 5325 ibid.
1081 5269 1216 5325 l0."
1248 5269 1380 5322 ibid.
1412 5269 1497 5322 il.
1576 5269 1621 5299 ’θ
1654 5267 1780 5320 ibid.

1886 5267 1899 5298 ¹
1937 5266 2129 5332 Matth.
2159 5281 2274 5327 vnt.
2304 5263 2359 5317 2.
2436 5265 2480 5296 ⁵³
2517 5261 2581 5316 IV
2613 5261 2746 5331 Reg.
2787 5273 2832 5326 ν,
2873 5258 2958 5313 12.

218 5340 308 5404 l7;
346 5337 732 5407 MarcfoS;
774 5340 904 5396 Luc.
929 5356 1046 5403 vnt,
1080 5339 1163 5395 i9.
1258 5339 1303 5396 ιι
1334 5337 1475 5394 Psal.
1503 5351 1726 5398 CXXXVI.
1769 5337 1814 5388 1ο

1881 4565 2050 4620 ﬂuvii.
2114 4564 2410 4632 Propterea
2465 4561 2532 4614 de
2583 4558 2762 4612 ﬂuviis
2794 4556 3081 4627 Babylonis
3132 4554 3382 4620 inquiunt
3431 4569 3446 4606 :

1887 4677 1905 4709 ε
1943 4657 2056 4712 lllic
2099 4657 2340 4718 sedimus
2375 4674 2394 4706 ι
2430 4652 2706 4725 (nimirum
2758 4662 2902 4705 stare
2953 4649 3280 4716 nequentes)
3311 4661 3336 4696 ί
3395 4655 3450 4703 et

1881 4748 2145 4803 ﬂevitnus.
2187 4767 2205 4799 ι
2244 4747 2470 4812 Quando
2496 4747 2659 4800 etiam
2705 4741 2973 4796 Jercmias
3002 4739 3238 4792 minatur
3264 4736 3450 4807 volen-

1885 4841 2028 4907 tibus
2057 4837 2365 4909 [Egyptiam
2401 4850 2598 4904 aquam
2629 4834 2817 4901 bibere
2849 4871 2864 4894 ,
2912 4840 2968 4890 et
3019 4825 3448 4904 relinquentibns

1883 4947 2078 5000 aquam
2115 4946 2145 4984 e
2183 4929 2320 4983 coelo
2352 4927 2768 4982 descendentem
2797 4964 2810 4984 .
2857 4932 2912 4977 et
2961 4923 3256 4975 descensus
3290 4933 3450 4985 agno-

1883 5001 2004 5077 men
2054 5022 2340 5076 habentem
2389 5017 2705 5080 Jordanem,
2755 5016 2942 5069 dicens
2982 5012 3028 5044 ⁵³
3063 5031 3076 5066 :
3113 5031 3132 5063 ι
3173 5010 3321 5063 Nunc
3349 5007 3448 5089 igi-

1887 5123 1976 5176 tur
2002 5111 2130 5182 quid
2185 5121 2268 5172 est
2319 5109 2413 5164 tibi
2462 5109 2516 5162 in
2569 5108 2654 5164 via
2687 5104 2926 5176 Egypti,
2959 5113 3016 5156 ut
3066 5101 3218 5156 bibas
3248 5112 3450 5168 aquam

3035 5255 3082 5287 ⁸⁸
3108 5253 3306 5318 Matth.
3328 5269 3444 5319 ιιχ,

1914 5336 1958 5369 ⁸⁵
1985 5335 2190 5402 ιιοιιοιη.
2226 5351 2284 5398 ιι,
2318 5335 2405 5388 18.

1943 5451 2018 5521 (6)
2045 5449 2241 5521 Codex
2262 5447 2589 5521 Bodleianus
2612 5444 2694 5498 bis
2729 5443 2891 5497 habet
2933 5439 3191 5512 Ἀρόανά,
3247 5438 3446 5514 Regius

1876 5515 2198 5584 utrobique,
2231 5515 2452 5588 ‘Aﬁavd.
2682 5582 2692 5588 _
2833 5583 2849 5588 ,
2864 5580 2876 5588 _
3003 5579 3026 5588 _
3356 5576 3411 5588 η.

1937 5591 2012 5658 (7)
2061 5576 2560 5658 ὲὶς--ὺρτοζμνηςινης⁵
2601 5582 2697 5658 καὶ
2733 5580 2934 5648 ,ποθὴν
2995 5579 3288 5658 ἔρχονται.
3313 5576 3448 5658 “Sic

1877 5646 2021 5713 recte
2044 5646 2203 5710 habet
2235 5646 2400 5709 codex
2426 5646 2782 5711 “Bodleianus.
2817 5646 2980 5719 atque
3020 5646 3094 5704 ita
3131 5650 3258 5725 legit
3291 5646 3443 5725 “Fer?

1875 5729 2083 5784 rarius:
2122 5725 2410 5780 i't-rionius
2443 5738 2604 5789 vero,
2643 5738 2707 5777 ex
2739 5715 2995 5791 perversa
3030 5715 3234 5775 endicis
3288 5715 3441 5790 lica}!

1871 5799 2160 5868 scriptura,
2186 5793 2367 5849 ποθέν.
