4020 6216
231 359 341 416 (285

1316 361 1673 418 COMMENT.
1709 359 1774 414 ΙΝ
1813 355 2005 416 JOAN.
2045 361 2284 420 TOMUS
2323 361 2410 417 Vl.

3360 358 3465 416 £86

234 477 330 529 ttat
364 474 473 529 ἀπὸ
497 476 594 547 τῆς
631 476 972 548 μιαρωτάτης
1006 473 1212 548 λέπρας
1255 475 1662 548 καθαρίζονται.
1710 477 1804 529 καὶ

1915 475 2135 544 cipiunt,
2168 485 2331 545 atque
2356 474 2521 532 etiam
2551 473 2686 528 fiunt
2716 473 2782 526 ad
2817 474 3052 544 Spiritus
3085 475 3258 529 sancti
3310 475 3462 528 rece-

231 566 629 638 διπλασιασμὸν
657 566 888 638 χωροῦσι
922 565 1296 637 χαρισμάτων,
1319 568 1413 620 καὶ
1433 568 1641 638 ἕτοιμοι
1667 567 1802 638 πρὸς

234 653 552 728 Πνεῦματος
583 655 733 725 ἁγίου
767 656 1074 729 παραδοχὴν
1107 658 1366 726 γίνονται,
1403 659 1548 729 ἄλλῳ
1576 657 1804 729 ποταμῷ

231 747 335 801 οὐκ
362 747 739 818 ὲφιπταμένης
769 746 868 818 τῆς
915 749 1287 820 πνευματικῆς
1319 751 1663 821 περιστερᾶς.
1695 747 1804 800 Διό-

233 853 342 908 περ
379 835 838 908 θεοπρεπέστερον
861 838 1152 908 νοήσαντες
1183 838 1274 892 τὸν
1309 839 1597 910 Ἰορδάνην,
1625 839 1718 892 καὶ
1744 839 1803 892 τὸ

232 929 293 980 ὲν
317 929 466 999 αὐτῷ
485 928 725 999 λουτρὸν,
755 929 850 982 καὶ
881 929 970 982 τὸν
1008 929 1212 1001 Ἰησοῦν
1245 933 1302 984 ὲν
1324 929 1470 1000 αὐτῷ
1496 930 1800 1000 λουόμενον,

234 1021 332 1074 καὶ
371 1021 462 1074 τὸν
513 1021 611 1091 τῆς
649 1021 997 1091 κατασκευῆς
1047 1018 1212 1086 οἷκον,
1268 1023 1386 1078 ὅσον
1439 1022 1672 1093 δεόμεθα
1706 1022 1804 1093 τῆς

230 1111 490 1184 τοιαύτης
515 1112 778 1182 ὠφελείας
805 1114 912 1168 ἀπὸ
926 1113 1016 1168 τοῦ
1048 1112 1288 1186 ποταμοῦ
1314 1112 1663 1186 ἀρυσὼμεθα.

305 1202 396 1258 50.
434 1201 514 1270 Τῇ
539 1203 828 1272 ἐπαύριον
850 1204 1066 1267 βλέπει
1091 1205 1196 1258 τὸν
1224 1203 1459 1271 Ἰησοῦν
1487 1203 1821 1274 ἐρχόμενον

231 1291 388 1361 πρὸς
414 1294 616 1347 αὐτόν.
658 1294 925 1367 Πρότερον
953 1297 984 1365 ὴ
1024 1297 1204 1366 μήτηρ
1237 1293 1328 1348 τοῦ
1357 1293 1555 1363 Ἰησοῦ,
1589 1295 1706 1366 ἅμα
1737 1297 1815 1368 τῷ

231 1379 518 1433 συλλαϐεῖν
572 1381 753 1446 αὑτὸν,
803 1384 868 1453 τῇ
915 1383 1080 1454 μητρὶ
1125 1382 1220 1436 τοῦ
1260 1383 1505 1436 Ἰωάννου
1542 1382 1638 1436 καὶ
1670 1384 1807 1454 αὐτῇ
1848 1425 1859 1436 .

231 1469 498 1542 ὲγκύμονι
526 1471 884 1546 τυγχανούσῃ,
909 1473 1192 1545 ἐπεδήμει,
1216 1474 1306 1527 ὅτε
1336 1473 1707 1545 μορφούμενος
1733 1473 1809 1544 τῷ

237 1564 598 1634 μορφουμένῳ
627 1564 1009 1637 ἀκριϐέστερον
1050 1565 1148 1636 τὴν
1198 1566 1475 1638 μόρφωσιν
1508 1564 1806 1636 χαρίζεται,

235 1651 560 1724 σύμμορφον
609 1655 845 1727 ἐνεργῶν
878 1655 1040 1709 αὐτόν
1073 1655 1323 1724 γενέσθαι
1369 1659 1432 1727 τῇ
1466 1655 1590 1728 δόξῃ
1620 1655 1804 1720 αὑτοῦ,

234 1743 380 1798 ὥστε
419 1744 504 1798 διὰ
537 1745 598 1798 τὸ
631 1747 807 1800 κοινὸν
865 1746 965 1818 τῆς
1026 1745 1240 1818 μορφῆς
1301 1747 1408 1817 (15)
1456 1747 1704 1816 Ἰωάννην
1746 1762 1804 1798 τε

233 1838 470 1908 Χριστὸν
499 1837 840 1892 ὑπονοεῖσθαι
864 1837 1169 1908 τυγχάνειν,
1198 1836 1288 1890 καὶ
1319 1835 1518 1905 Ἰησοῦν
1555 1836 1806 1907 Ἰωάννην

232 1929 544 1983 ἀναστάντα
576 1930 641 1983 ὲκ
673 1930 878 2002 νεκρῶν
913 1929 1238 2001 νομίζεσθαι,
1262 1927 1410 1998 παρὰ
1441 1929 1553 1992 τοῖς
1589 1929 1663 2000 μὴ
1701 1928 1810 1982 δια-

235 2025 479 2095 κρίνουσι
503 2024 602 2096 τὴν
631 2026 811 2079 είκόνα
832 2025 938 2079 ἁπδ
964 2022 1058 2077 τοῦ
1094 2023 1232 2078 κατὰ
1263 2024 1361 2094 τὴν
1392 2023 1594 2076 εἰκόναο
1623 2021 1717 2075 νῦν
1744 2021 1808 2093 δὴ

232 2118 262 2170 6
307 2115 518 2188 Ἰησοῦς
553 2115 691 2188 μετὰ
720 2116 787 2170 τά
821 2115 1284 2188 προεξετασθέντα
1315 2114 1587 2187 μαρτύρια
1632 2113 1812 2166 Ἰωάν-

231 2228 331 2264 νου
359 2210 490 2282 περὶ
533 2210 719 2274 αὑτοῦ,
755 2210 917 2274 αὐτὸς
952 2210 1206 2281 βλέπεται
1251 2209 1356 2263 ὑπὸ
1385 2209 1477 2262 τοῦ
1511 2206 1808 2261 Βαπτιστοῦ

233 2301 531 2372 ἐρχόμενος
563 2302 698 2373 πρὸς
735 2302 916 2355 αὐτόν.
977 2303 1400 2374 Παρατηρητέον
1431 2303 1507 2365 δὲ,
1563 2303 1644 2355 ὅτι
1697 2303 1814 2353 ἐκεῖ

237 2391 340 2460 μὲν
369 2390 457 2444 διὰ
480 2389 576 2461 τὴν
605 2390 698 2444 τοῦ
728 2391 946 2461 Μαρίας
979 2391 1271 2462 ἀσπασμοῦ
1295 2391 1476 2462 φωνὴν
1494 2390 1810 2462 ἐληλυθυῖαν

235 2485 321 2545 είς
344 2483 412 2536 τὰ
452 2476 564 2536 ὦτα
598 2482 698 2552 τῆς
738 2481 1041 2546 Ἐλισάϐετ,
1081 2485 1275 2554 σκιρτᾷ
1313 2483 1372 2536 τὸ
1400 2482 1595 2552 βρέφος
1632 2484 1810 2537 Ἰωάν-

237 2592 339 2646 νης
381 2576 439 2627 ὲν
487 2577 552 2645 τῇ
611 2575 788 2646 κοιλίᾳ
833 2575 932 2645 τῆς
983 2575 1208 2647 μητρὸς,
1253 2576 1394 2636 τότε,
1438 2575 1512 2638 ὡς
1553 2575 1661 2628 ἀπὸ
1712 2575 1810 2646 τῆς

235 2665 345 2734 γῆς
375 2665 508 2735 (14),
525 2664 904 2737 λαμϐανούσης
919 2663 1146 2736 Πνεῦμα
1162 2666 1330 2734 ἅγιονσ
1355 2684 1374 2715 ι
1412 2664 1655 2733 Ἐγένετο
1678 2663 1807 2736 γὰρ,

236 2754 425 2824 φησὶν,
455 2755 530 2818 ὡς
561 2756 760 2825 ἤκουσε
787 2755 878 2808 τὸν
900 2754 1188 2824 ἀσπασμὸν
1217 2754 1315 2824 τῆς
1347 2755 1562 2826 Μαρίας
1599 2755 1634 2822 η
1683 2752 1818 2806 Ἐλι-

237 2843 426 2908 σάϐετ,
452 2842 734 2915 ἐσκίρτησε
755 2841 812 2896 τὺ
835 2841 1030 2916 βρέφος
1081 2849 1140 2900 ὲν
1171 2849 1236 2918 τῇ
1273 2846 1448 2916 κοιλίᾳ
1492 2847 1678 2916 αὐτῆς,
1719 2846 1812 2900 καὶ

237 2937 483 3008 ἐπλήσθη
516 2937 832 3009 Πνεῦματος
881 2938 1036 3007 ἁγίου
1081 2939 1114 3009 ἡ
1148 2937 1444 2996 Ἐλιισάϐετ,
1482 2938 1573 2990 καὶ
1608 2937 1814 3006 ἀνεφώ-

237 3044 373 3099 νησε
403 3033 613 3101 κραυγῇ
651 3029 880 3102 μεγάλῃ,
919 3029 1011 3083 καὶ
1045 3025 1214 3083 εἶπεν.
1259 3049 1276 3080 ι
1318 3029 1487 3082 Ἔνθα
1534 3029 1588 3081 δὲ
1623 3048 1640 3080 t
1686 3028 1814 3082 Βλέ-

1904 569 2142 637 ptionetn
2182 565 2382 636 parati,
2411 565 2668 618 nimirum
2719 566 2787 618 ad
2817 564 2958 617 aliud
2999 564 3194 618 ﬂutueu
3234 579 3337 618 non
3371 565 3466 617 ad-

1904 659 2117 712 volante
2171 657 2442 711 columba.
2477 655 2836 722 Quamobrem
2877 656 3306 724 magnificentius
3332 672 3464 709 con-

1905 751 2143 806 siderato
2171 749 2431 814 Jordane,
2467 749 2742 818 ipsiusque
2769 749 2985 802 lavacro
3020 763 3080 800 ac
3110 744 3237 802 Jcsu
3266 747 3356 816 qui
3409 748 3462 800 in

1906 841 2022 909 ipso
2071 839 2302 902 lavatur,
2352 847 2462 891 tum
2495 836 2816 908 [Bethahara
2856 836 2958 888 hoc
2991 833 3100 903 est]
3171 833 3334 885 domo
3386 831 3469 883 in-

1905 931 2241 994 structionis,
2289 939 2496 982 tantum
2551 927 2800 982 utilitatis
2829 942 2858 980 a
2900 925 3064 980 ﬂuvio
3112 926 3468 988 hauriamus,

1906 1031 2167 1091 quantum
2195 1034 2432 1089 egemus.

1980 1204 2068 1258 '50.
2105 1201 2320 1256 Postero
2347 1204 2430 1255 die
2460 1205 2593 1258 videt
2626 1203 2858 1257 Joannes
2882 1204 3060 1254 Jesum
3090 1204 3372 1255 venientem
3400 1204 3469 1255 ad

1909 1312 1962 1349 se
1990 1295 2054 1348 ”.
2087 1294 2242 1350 Prius
2272 1295 2396 1350 Jesu
2440 1307 2630 1360 mater,
2679 1297 2839 1349 simul
2882 1310 3040 1366 atque
3074 1298 3244 1365 ipsum
3273 1310 3470 1349 conce-

1911 1385 2006 1454 pit,
2029 1387 2092 1440 ad
2115 1386 2338 1441 Joannis
2367 1398 2592 1442 matrem
2621 1428 2636 1451 ,
2666 1404 2892 1455 eamque
2953 1398 3162 1442 uterum
3213 1386 3470 1440 ferentem

1909 1479 2108 1548 pergit,
2139 1483 2358 1548 quando
2390 1480 2476 1548 qui
2521 1480 2781 1533 formatur
2819 1481 3206 1532 accuratiorem
3272 1477 3474 1530 forma-

1913 1572 2110 1624 tioneut
2139 1573 2304 1624 donat
2334 1573 2382 1624 ei
2415 1572 2504 1638 qui
2545 1571 2900 1632 formabatur,
2950 1569 3286 1623 conformem
3323 1569 3471 1620 illum

1909 1659 2144 1713 efﬁciens
2175 1675 2285 1713 sua?
2325 1659 2530 1729 gloriae,
2564 1661 2698 1712 adeo
2751 1670 2805 1711 ut
2845 1658 2913 1712 ob
2968 1658 3193 1710 formam
3229 1673 3473 1709 commu-

1910 1766 2051 1811 nem,
2105 1748 2341 1803 Joannes
2388 1750 2705 1803 crederetur
2754 1764 2872 1804 esse
2915 1748 3188 1810 Christus,
3237 1757 3290 1801 et
3344 1747 3471 1800 item

1907 1839 2154 1894 Christus
2202 1838 2440 1892 Joannes
2483 1854 2604 1892 esse
2657 1856 2684 1891 a
2742 1840 2971 1892 mortuis
3002 1839 3210 1891 excitus
3255 1847 3476 1906 putare-

1909 1931 2055 1984 tur‘o
2084 1932 2222 1998 apud
2252 1945 2346 1985 eos
2371 1932 2460 1999 qui
2495 1948 2601 1984 nun
2651 1932 2968 1984 discernunt
2998 1930 3138 1986 inter
3181 1929 3472 1996 imaginem

1910 2029 1959 2072 et
1994 2020 2134 2073 inter
2185 2033 2306 2073 eum
2358 2019 2448 2088 qui
2481 2003 2909 2072 est-secundum
2964 2016 3283 2084 imaginem;
3333 2033 3473 2069 nunc

1911 2119 2091 2162 autem
2125 2109 2240 2175 ipse
2267 2108 2424 2161 Jesus
2447 2118 2568 2177 post
2611 2123 2696 2171 ea,
2731 2123 2849 2176 quae
2877 2117 3034 2160 antea
3069 2115 3325 2160 accurate
3347 2122 3477 2160 exa-

1912 2199 2264 2260 miuavimus,
2297 2197 2604 2251 testimonia
2636 2194 2861 2250 Joannis
2895 2195 2960 2249 de
3010 2194 3146 2262 ipso,
3178 2195 3390 2248 videtur
3446 2211 3475 2248 a

1911 2292 2150 2363 Baptista
2188 2294 2413 2347 veniens
2437 2295 2503 2346 ad
2548 2293 2718 2348 illum.
2750 2289 2854 2345 Sed
2878 2292 3054 2344 obiter
3078 2289 3490 2342 observandum.

1911 2397 1994 2442 est
2025 2388 2165 2454 quod
2200 2386 2305 2440 illic
2335 2401 2428 2452 per
2455 2401 2640 2439 vocem
2687 2385 3032 2438 salutationis
3087 2383 3266 2436 Marizn
3289 2423 3305 2448 ,
3357 2399 3478 2453 qua:

1911 2477 2157 2546 pervenit
2191 2477 2257 2529 ad
2303 2492 2464 2530 aures
2494 2475 2796 2540 Elisabeth,
2828 2475 3009 2530 exsilit
3035 2471 3276 2527 Joannes
3301 2474 3480 2528 infans

1913 2571 1966 2623 in
1998 2577 2152 2623 utero
2177 2569 2388 2631 matris,
2416 2578 2524 2621 tum
2560 2568 2722 2622 veluti
2759 2585 2786 2621 a
2823 2577 3010 2622 sancta
3038 2566 3204 2621 Maria
3252 2581 3477 2622 sumen-

1914 2660 1982 2713 tis
2029 2659 2290 2728 Spiritum
2333 2667 2581 2713 sanctum
2611 2675 2624 2712 :
2659 2677 2678 2709 ι
2725 2659 2917 2712 Evenit
2968 2658 3110 2711 cnim
3137 2695 3153 2721 ,
3200 2658 3373 2726 inquit
3406 2657 3478 2722 ⁸³,

1913 2758 1966 2800 ut
1992 2748 2194 2801 audivit
2223 2747 2601 2801 salutationem
2627 2747 2804 2800 Maria:
2833 2747 3134 2808 Elisahcth,
3159 2745 3320 2817 149
3342 2745 3478 2800 sub-

1913 2845 2075 2899 silivit
2124 2844 2304 2898 infans
2349 2845 2400 2897 in
2454 2853 2612 2897 utero
2657 2841 2792 2910 ejus,
2840 2851 2894 2896 et
2926 2841 3127 2908 repleta
3161 2851 3243 2895 est
3273 2839 3484 2910 Spiritu

1913 2944 2104 2988 sancto
2128 2933 2424 2996 Elisabeth,
2461 2942 2512 2986 et
2540 2932 2868 2987 exclamavit
2895 2947 3026 2986 voce
3073 2947 3290 3001 magna,
3320 2943 3375 2985 et
3400 2932 3482 2984 di-

1915 3025 2013 3079 xit.
2072 3045 2090 3076 »
2147 3023 2244 3078 llic
2290 3033 2464 3078 autem
2507 3041 2525 3075 ι
2584 3022 2737 3077 Videt
2778 3021 3013 3078 Joannes
3046 3021 3228 3076 Jesum
3281 3025 3347 3076 ad
3392 3039 3480 3076 se-

241 3136 333 3173 πει
362 3123 390 3173 6
435 3121 687 3191 Ἰωάννης
707 3121 796 3175 τὸν
828 3121 1034 3193 Ἰησοῦν
1057 3121 1347 3194 ἐρχόμενον
1369 3120 1502 3191 προς
1516 3121 1696 3184 αὑτὸν,
1715 3119 1809 3174 καὶ

1915 3114 2085 3185 ipsum
2121 3115 2444 3180 venientem,
2471 3124 2527 3169 et
2555 3115 2685 3168 dicit
2709 3131 2723 3170 :
2751 3115 2886 3170 Ecce
2919 3117 3007 3171 ille
3034 3116 3220 3186 Agnus
3247 3115 3359 3178 Dei,
3388 3115 3481 3184 qui

237 3207 412 3278 λέγει’
447 3210 551 3262 Ἴδε
571 3212 600 3264 6
619 3209 812 3280 Ἀμνὸς
839 3211 932 3264 τοῦ
964 3209 1121 3275 Θεοῦ,
1153 3213 1181 3264 6
1215 3211 1382 3282 αἴρων
1419 3210 1515 3280 τὴν
1538 3211 1812 3282 ἁμαρτίαν

237 3299 336 3353 τοῦ
367 3299 592 3371 κόσμου’
638 3320 655 3351 ›
689 3303 823 3372 ἀκοῇ
857 3301 912 3354 δὲ
943 3305 1008 3374 τῇ
1052 3302 1303 3374 περὶτῶν
1334 3302 1652 3374 κρειττόνων
1677 3302 1812 3374 πρό-

239 3391 400 3461 τερόν
428 3408 511 3454 τις
549 3391 882 3458 παιδεύεται,
912 3394 1006 3448 καὶ
1051 3393 1186 3464 μετὰ
1216 3393 1388 3448 ταῦτα
1421 3396 1691 3466 αὐτόπτης
1719 3395 1816 3448 αὑ·-

241 3479 354 3534 τῶν
378 3482 602 3550 γίνεται.
642 3483 764 3536 Ὀτι
795 3483 1043 3554 μέντοιγε
1067 3486 1146 3547 είς
1171 3483 1269 3555 τὴν
1308 3484 1586 3558 μόρςξωσιν
1611 3484 1816 3556 ὠφέλη-

241 3588 333 3626 ται
359 3575 388 3626 6
428 3573 678 3645 Ἰωάννης
693 3575 801 3629 ἀπὸ
828 3575 922 3628 τοῦ
954 3576 1031 3629 ἔτι
1067 3577 1438 3648 μορφουμένου
1463 3575 1557 3629 τοῦ
1587 3577 1812 3647 Κυρίου,

241 3665 536 3736 γενομένου
582 3669 638 3720 ὲν
671 3669 735 3738 τῇ
774 3668 942 3740 μητρὶ
975 3668 1110 3740 πρός
1133 3668 1232 3740 τὴν
1278 3667 1576 3731 Ἐλισάϐετ,
1625 3669 1701 3738 τῷ
1725 3686 1816 3722 κε-

243 3757 543 3827 κρατηκότι
571 3758 679 3810 τῶν
716 3759 1020 3830 εἰρημένων
1049 3760 1177 3831 περὶ
1209 3758 1300 3813 τοῦ
1332 3760 1514 3830 φωνὴν
1551 3761 1646 3830 μὲν
1678 3755 1815 3814 εἶναι

243 3849 337 3904 τον
379 3850 650 3922 Ἰωάννην,
679 3851 834 3920 λόγον
866 3851 921 3904 δὲ
945 3851 1035 3904 τὸν
1071 3851 1296 3922 Ἰησοῦν,
1326 3852 1482 3922 δῆλον
1516 3852 1686 3905 ἔσται’
1723 3869 1817 3922 με-

245 3941 383 4013 γάλη
403 3942 511 4014 γὰρ
539 3943 686 4013 φωνὴ
711 3943 918 4012 γίνεται
953 3945 1010 3997 ἐν
1047 3945 1111 4015 τῇ
1158 3942 1438 3996 Ἐλισάϐετ
1467 3943 1817 4016 πληρωθείσῃ

245 4032 565 4103 ῐῐνεύματος
595 4033 749 4102 ἁγίου
775 4034 861 4088 διὰ
900 4032 989 4088 τὸν
1018 4034 1304 4105 ἀσπασμὸν
1335 4035 1432 4103 τῆς
1462 4034 1698 4105 Μαρίας,
1743 4033 1818 4098 ὼς

245 4121 382 4194 αὐτὴ
408 4124 440 4193 ἡ
473 4122 614 4189 λέξις
648 4123 976 4195 παρίστησιν
994 4123 1166 4186 οὕτως
1187 4123 1398 4192 ἔχουσα·
1427 4142 1444 4174 ι
1480 4125 1589 4177 Καὶ
1611 4122 1820 4193 ἀνεφώ-

247 4229 376 4282 νησε
407 4215 620 4283 κραυγῇ
651 4212 878 4283 μεγάλῃ,
921 4231 942 4263 ι
965 4211 1124 4282 δῆλον
1153 4211 1235 4265 ὅτι
1269 4213 1302 4283 ἡ
1347 4212 1646 4275 Ἐλισάϐετ,
1685 4231 1702 4263 r
1727 4213 1819 4266 καὶ

245 4300 419 4358 εἶπεν.
454 4323 473 4355 ι
515 4305 579 4356 Ἦ
606 4305 714 4375 γὰρ
761 4303 911 4374 φωνὴ
958 4301 1052 4356 τοῦ
1102 4301 1394 4374 ἀσπασμοῦ
1440 4303 1537 4376 τῆς
1579 4303 1815 4374 Μαρίας,

246 4394 508 4468 γενομένη
554 4397 612 4448 έν
640 4398 751 4459 τοῖς
776 4395 877 4448 ὠσὶ
908 4394 1007 4464 τῆς
1058 4393 1364 4458 Ἐλισάϐετ,
1403 4395 1687 4466 ἐπλήρωσε
1727 4393 1820 4447 τὸν

260 4485 512 4556 Ἰωάννην
533 4487 751 4557 ἑαυτῆς·
784 4486 968 4558 διόπερ
1002 4487 1195 4556 σκιρτᾷ
1217 4487 1244 4537 6
1283 4486 1556 4558 Ἰωάννης,
1584 4486 1678 4540 καὶ
1709 4487 1817 4540 olo-

248 4579 329 4630 νεὶ
355 4579 528 4649 στόμα
569 4578 662 4630 τοῦ
692 4577 809 4632 υἱοῦ
860 4580 955 4632 καὶ
997 4579 1322 4652 προφῆτιςη
1369 4580 1551 4650 μήτηρ
1585 4579 1817 4647 γίνεται,

247 4669 604 4737 ἀναφωνοῦσα
635 4671 846 4742 κραυγῇ
877 4671 1106 4742 μεγάλῃ,
1135 4671 1226 4724 καὶ
1241 4669 1492 4739 λέγουσαο
1530 4689 1547 4720 ι
1583 4669 1854 4741 Εὐλογη-,

252 4759 389 4830 μένη
425 4762 489 4814 σὺ
530 4763 589 4814 ὲν
619 4761 851 4830 γυναιξὶ,
888 4763 981 4816 καὶ
1017 4763 1374 4834 εὐλογημένος
1411 4765 1438 4815 6
1465 4761 1674 4834 καρπὸς
1721 4761 1821 4831 τῆς

250 4851 458 4915 κοιλίας
492 4869 604 4906 σου.
649 4873 667 4904 ι
701 4854 838 4926 Ἤδη
872 4849 964 4907 οῦν
995 4853 1214 4907 δύναται
1240 4853 1394 4924 δῆλος
1427 4854 1556 4924 ἡμῖν
1577 4850 1824 4922 γίνεσθαι

251 4943 345 4996 καὶ
376 4943 408 5014 η
447 4944 584 5014 μετὰ
613 4944 847 5015 σπουδῆς
871 4945 1068 5018 πορεία
1089 4946 1186 5017 τῆς
1213 4946 1428 5017 Μαρίας
1455 4947 1532 5007 είς
1563 4944 1659 5015 τὴν
1682 4945 1817 5014 tipat-

249 5033 372 5104 νῆν,
425 5036 517 5088 καὶ
550 5037 582 5106 ἡ
632 5035 836 5100 εἴσοδος
878 5039 957 5101 εἰς
1007 5036 1098 5100 τὸν
1149 5033 1294 5089 οἷκον
1337 5035 1628 5104 Ζαχαρίου,
1671 5034 1764 5087 καὶ
1795 5033 1824 5086 6

253 5126 544 5198 ἀσπασμὸς
571 5127 630 5181 ὃν
652 5127 954 5192 ἀσπάζεται
974 5129 1072 5199 τὴν
1107 5127 1408 5182 Ἐλισάϐετ.
1436 5129 1555 5180 Ἵνα
1585 5125 1694 5196 γὰρ
1728 5142 1825 5197 με-

251 5219 396 5288 ταδῷ
425 5219 516 5288 ἀφ’
564 5214 634 5291 ἧς
677 5219 810 5291 ἔχει,
855 5218 914 5285 ἐξ
963 5217 1022 5275 οὗ
1065 5221 1372 5292 συνείληφε,
1420 5218 1701 5289 δυνάμεως
1747 5215 1826 5287 τῷ

1919 3207 2054 3262 tollit
2086 3217 2367 3276 peceatum
2405 3209 2588 3262 mutuli
2615 3209 2701 3266 ⁶²ς
2739 3227 2757 3261 ι
2800 3208 2850 3262 in
2897 3210 3060 3264 rebus
3101 3207 3302 3262 etenim
3344 3223 3478 3276 prte-

1915 3299 2207 3363 stantibus,
2255 3316 2351 3368 per
2391 3300 2632 3354 auditum
2669 3301 2904 3370 primum
2937 3300 3059 3370 quis
3087 3300 3355 3363 eruditur,
3388 3299 3485 3352 de-

1917 3393 2040 3448 inde
2071 3393 2321 3448 oculatus
2345 3395 2496 3448 testis
2531 3394 2767 3462 ipsarum
2809 3409 2990 3447 rerum
3035 3394 3114 3448 fit.
3164 3391 3270 3446 Sed
3301 3391 3478 3460 profe-

1916 3494 2004 3540 cto
2051 3484 2290 3552 adjuvari
2342 3485 2603 3541 Joannem
2652 3487 2717 3540 ad
2756 3485 3130 3540 formationem
3160 3502 3187 3538 a
3221 3484 3483 3544 Domino,

1915 3577 2007 3644 qui
2066 3578 2245 3632 adhuc
2276 3592 2398 3632 cum
2456 3577 2783 3632 formaretur
2831 3577 3074 3645 perrexit
3121 3578 3172 3630 in
3205 3588 3375 3628 matre
3419 3574 3485 3626 ad

1917 3665 2312 3731 Elisabelham,
2343 3668 2392 3721 ei
2423 3669 2770 3737 perspicuum
2799 3667 2904 3720 erit
2936 3667 3028 3734 qui
3079 3666 3312 3718 tetmerit
3367 3676 3500 3729 quas

1917 3754 2297 3819 disseruimus,
2340 3756 2465 3808 dum
2501 3756 2808 3810 diceremus
2833 3755 3092 3810 Joannem
3122 3768 3242 3805 esse
3274 3765 3488 3821 vocem,

1916 3844 2104 3900 Jesum
2141 3861 2269 3899 vero
2291 3861 2601 3900 sermonem
2632 3863 2651 3902 :
2679 3863 2870 3918 magna
2901 3849 3044 3900 enim
3077 3862 3176 3900 vos
3203 3845 3260 3898 fit
3290 3846 3343 3898 in
3379 3843 3492 3897 li'i-

1920 3941 2112 3997 sabeth
2160 3941 2363 4010 repleta
2418 3941 2620 4012 Spiritu
2651 3953 2844 3997 saneto
2873 3945 2941 3997 oh
2976 3941 3162 3996 Mariae
3201 3941 3482 3995 salutatio-

1921 4047 2071 4098 nem,
2100 4041 2159 4086 ut
2189 4032 2349 4088 lectio
2384 4034 2498 4104 ipsa
2528 4035 2686 4088 docet
2717 4034 2864 4088 hunc
2896 4035 2947 4087 in
2983 4034 3197 4088 modum
3235 4034 3438 4086 habens
3469 4047 3488 4086 :

1924 4142 1942 4176 ι
1981 4123 2046 4178 Et
2068 4123 2393 4178 exclamavit
2416 4141 2545 4180 voce
2567 4140 2760 4192 magna
2795 4125 2862 4188 ”,
2895 4142 2916 4175 ι
2943 4125 3151 4178 scilicet
3187 4123 3484 4186 Elisaheth.

1925 4230 1945 4265 ι
1995 4223 2051 4270 et
2092 4215 2247 4269 dixit.
2299 4233 2319 4266 ι
2357 4213 2474 4268 Vox
2523 4216 2665 4268 enim
2705 4214 3046 4268 salutationis
3094 4213 3275 4267 alariae
3305 4253 3320 4277 ,
3367 4230 3494 4283 qua:

1919 4306 2165 4374 pervenit
2205 4309 2270 4360 ad
2303 4321 2462 4360 aures
2503 4305 2782 4359 Elisabeth
2811 4345 2826 4368 ,
2873 4305 3097 4374 replevit
3128 4303 3390 4358 Joannem
3430 4321 3504 4358 sc

1921 4398 2070 4466 ipsa;
2107 4413 2268 4467 quam
2303 4398 2374 4452 ob
2412 4413 2627 4453 causam
2653 4395 2887 4451 subsalth
2913 4397 3170 4459 Joannes,
3209 4407 3500 4462 materque-

1922 4489 2085 4542 veluti
2118 4502 2182 4542 os
2214 4489 2309 4542 filii
2357 4499 2412 4542 et
2457 4491 2805 4559 prophetissa
2838 4486 3086 4550 efﬁcitur,
3122 4503 3254 4541 vuee
3297 4501 3504 4554 magna

1921 4579 2240 4634 exclamans
2273 4595 2336 4635 ac
2369 4581 2556 4635 dicens
2587 4598 2602 4635 :
2657 4598 2676 4629 ς
2698 4579 2986 4634 Benedicta
3041 4589 3092 4632 tu
3140 4580 3278 4631 inter
3311 4577 3502 4647 mulio:

1925 4687 2032 4735 res,
2064 4681 2113 4727 el
2148 4673 2466 4728 benedictus
2499 4674 2589 4728 ille
2637 4673 2846 4726 fructus
2880 4675 3083 4727 ventris
3111 4675 3186 4725 lui
3213 4672 3280 4728 “.
3317 4689 3334 4722 ι
3370 4667 3502 4722 Jan»

1925 4776 2058 4816 vero
2095 4777 2124 4815 a
2154 4763 2310 4817 nobis
2339 4775 2524 4832 aperte
2553 4767 2785 4834 perspici
2818 4776 2992 4835 potest
3028 4775 3136 4820 tum
3175 4762 3356 4817 Maria:
3390 4762 3506 4814 iter

1926 4851 1992 4906 ad
2022 4861 2272 4906 montana
2303 4868 2424 4907 cum
2450 4855 2792 4911 festinatione
2817 4858 3002 4921 ",tum
3029 4857 3299 4926 ingressus
3323 4855 3374 4906 in
3399 4852 3508 4904 do--

1926 4957 2073 4995 mum
2127 4941 2533 5008 Zacharia,ac
2584 4947 2781 5001 deinde
2823 4946 3078 5002 salutatio
3130 4961 3234 5015 qua
3291 4943 3508 4998 salutas

1927 5032 2224 5088 Elisabelh.
2255 5036 2382 5090 Haec
2423 5039 2566 5092 enim
2597 5040 2776 5095 omnia
2805 5041 3086 5104 eveniunt,
3123 5048 3182 5092 ut
3209 5036 3374 5091 Maria
3412 5033 3498 5088 fa-

1927 5125 2040 5180 ciat
2071 5127 2395 5196 participem
2429 5127 2692 5184 Joannem
2729 5131 3044 5202 (etiamnum
3079 5130 3128 5182 in
3177 5136 3334 5179 utero
3378 5139 3508 5178 ma-

1931 5217 2029 5272 tris
2049 5220 2436 5294 exsistentem)
2480 5221 2599 5292 ejus
2630 5223 2882 5292 potentia:
2911 5235 3074 5291 quam
3120 5219 3282 5272 habet
3312 5217 3381 5269 ah
3428 5229 3514 5269 eo

327 5354 375 5430 ‘_’
397 5351 557 5408 Joan.
590 5356 797 5430 ι-,ΑθέθηΔ
820 5357 864 5430 ’ξ’
888 5357 1102 5417 Luem,
1138 5360 1236 5422 15;
1265 5359 1474 5430 Matth.
1513 5373 1627 5430 xiv,
1655 5356 1705 5430 2
1725 5372 1739 5420 ;
1759 5353 1814 5430 _ll

1915 5370 1961 5430 (ζ.
2017 5373 2094 5423 Vl,
2148 5359 2238 5428 16,
2283 5361 2384 5423 16ε
2449 5362 2580 5419 Luc.
2628 5379 2704 5430 ιχ,
2760 5362 2815 5416 8.
2892 5362 2932 5392 ⁶¹
2984 5358 3118 5413 Luc.
3169 5373 3208 5421 ι,
3257 5357 3350 5422 41,
3401 5348 3506 5407 49...

256 5423 302 5456 ⁸⁸
333 5421 491 5480 Joan.
527 5440 568 5490 ι,
591 5426 681 5480 29.
755 5427 802 5460 ⁸⁸
837 5426 966 5489 Luc.
1002 5445 1038 5494 ι,
1069 5430 1157 5482 62.
1227 5421 1283 5460 ⁷⁸⁵⁵
1317 5431 1448 5482 ibid.
1521 5428 1568 5460 “
1597 5427 1726 5480 ibid.
1759 5424 1850 5488 '59,
1885 5424 1974 5478 40.

257 5560 591 5701 ﬁglilmﬁfo
615 5565 834 5636 μορφῆς
880 5566 1049 5621 codex
1092 5565 1408 5622 llodleiauus
1461 5568 1624 5622 habet
1680 5569 1818 5639 Γρα-

334 5701 446 5772 (7M)
487 5702 620 5772 Ἀπῤ
659 5703 766 5770 τῆς
795 5722 924 5772 me.
959 5705 1013 5756 In
1041 5705 1279 5772 margine
1311 5706 1515 5758 codicis
1542 5705 1820 5767 Bodleiaui

261 5769 457 5838 legitur
488 5789 502 5826 :
531 5769 684 5826 Οὕτω
707 5769 813 5826 καῖ
839 5769 895 5826 έν
920 5773 996 5842 τῷ
1022 5769 1336 5844 ἀντιγράφω
1364 5775 1627 5844 γράφεται
1647 5815 1664 5838 ,
1694 5778 1814 5846 γῆς.

1925 5543 2045 5620 Alia
2080 5563 2238 5603 manu
2284 5568 2296 5603 :
2340 5549 2478 5620 τάχα
2503 5551 2610 5605 ἀπὺ
2659 5551 2758 5620 τῆς
2811 5547 2969 5616 ἁγίας
3030 5544 3270 5616 Μαρίας.
3319 5548 3506 5620 Quane

1928 5618 2291 5698 conjecturam
2321 5611 2543 5676 secutus
2569 5631 2650 5674 est
2687 5611 2737 5675 iu
2763 5611 2868 5674 sua
2891 5611 3334 5686 interpretatione
3361 5611 3505 5666 Fer--

1929 5701 2121 5742 rartus.
