  <div class='ocr_page' id='page_1' title='image "/cluster/home/n/w/nwhite01/storage/ocr_20150623/14/hvd.32044073501363/153.png"; bbox 0 0 3962 6206; ppageno 0'>
   <div class='ocr_carea' id='block_1_1' title="bbox 513 273 616 330">
    <p class='ocr_par' dir='ltr' id='par_1_1' title="bbox 513 273 616 330">
     <span class='ocr_line' id='line_1_1' title="bbox 513 273 616 330; baseline -0.019 0"><span class='ocrx_word' id='word_1_1' title='bbox 513 273 616 330; x_wconf 67' lang='grc' dir='ltr'><strong>ἓθῦ</strong></span> 
     </span>
    </p>
   </div>
   <div class='ocr_carea' id='block_1_2' title="bbox 1925 245 2267 319">
    <p class='ocr_par' dir='ltr' id='par_1_2' title="bbox 1925 245 2267 319">
     <span class='ocr_line' id='line_1_2' title="bbox 1925 245 2267 319; baseline -0.006 -1"><span class='ocrx_word' id='word_1_2' title='bbox 1925 245 2267 319; x_wconf 62' lang='lat' dir='ltr'><strong>ontc&#39;tz&#39;a&#39;is</strong></span> 
     </span>
    </p>
   </div>
   <div class='ocr_carea' id='block_1_3' title="bbox 3659 253 3774 316">
    <p class='ocr_par' dir='ltr' id='par_1_3' title="bbox 3659 253 3774 316">
     <span class='ocr_line' id='line_1_3' title="bbox 3659 253 3774 316; baseline 0 -1"><span class='ocrx_word' id='word_1_3' title='bbox 3659 253 3774 316; x_wconf 64' lang='grc' dir='ltr'><strong>ρος</strong></span> 
     </span>
    </p>
   </div>
   <div class='ocr_carea' id='block_1_4' title="bbox 524 353 2080 451">
    <p class='ocr_par' dir='ltr' id='par_1_4' title="bbox 524 370 2080 451">
     <span class='ocr_line' id='line_1_4' title="bbox 524 370 2080 451; baseline -0.004 -17"><span class='ocrx_word' id='word_1_4' title='bbox 524 397 632 451; x_wconf 91' lang='lat' dir='ltr'><strong>quo</strong></span> <span class='ocrx_word' id='word_1_5' title='bbox 660 381 908 451; x_wconf 75' lang='lat' dir='ltr'><strong>potentia:</strong></span> <span class='ocrx_word' id='word_1_6' title='bbox 937 380 1074 436; x_wconf 87' lang='lat' dir='ltr'><strong>male</strong></span> <span class='ocrx_word' id='word_1_7' title='bbox 1109 370 1368 437; x_wconf 71' lang='lat' dir='ltr'><strong>instantes</strong></span> <span class='ocrx_word' id='word_1_8' title='bbox 1387 393 1486 436; x_wconf 82' lang='lat' dir='ltr'><strong>eos</strong></span> <span class='ocrx_word' id='word_1_9' title='bbox 1524 379 1888 450; x_wconf 82' lang='lat' dir='ltr'><strong>gravabantet</strong></span> <span class='ocrx_word' id='word_1_10' title='bbox 1923 378 2080 430; x_wconf 74' lang='lat' dir='ltr'><strong>laede-</strong></span> 
     </span>
    </p>
   </div>
   <div class='ocr_carea' id='block_1_5' title="bbox 2186 353 3771 451">
    <p class='ocr_par' dir='ltr' id='par_1_5' title="bbox 2195 353 3771 448">
     <span class='ocr_line' id='line_1_5' title="bbox 2195 353 3771 448; baseline 0.001 -19"><span class='ocrx_word' id='word_1_11' title='bbox 2195 375 2553 448; x_wconf 80' lang='grc' dir='ltr'>Θερουμένους</span> <span class='ocrx_word' id='word_1_12' title='bbox 2596 372 2687 426; x_wconf 89' lang='grc' dir='ltr'><strong>τοῦ</strong></span> <span class='ocrx_word' id='word_1_13' title='bbox 2737 371 2965 444; x_wconf 80' lang='grc' dir='ltr'><strong>βάρους,</strong></span> <span class='ocrx_word' id='word_1_14' title='bbox 3001 365 3062 424; x_wconf 82' lang='grc' dir='ltr'><strong>οῦ</strong></span> <span class='ocrx_word' id='word_1_15' title='bbox 3097 353 3332 445; x_wconf 77' lang='grc' dir='ltr'>πονηραὶ</span> <span class='ocrx_word' id='word_1_16' title='bbox 3357 372 3615 444; x_wconf 71' lang='grc' dir='ltr'>δυνάμεις</span> <span class='ocrx_word' id='word_1_17' title='bbox 3651 379 3771 430; x_wconf 77' lang='grc' dir='ltr'>ἐπι-</span> 
     </span>
    </p>
   </div>
   <div class='ocr_carea' id='block_1_6' title="bbox 523 469 2083 543">
    <p class='ocr_par' dir='ltr' id='par_1_6' title="bbox 523 469 2083 543">
     <span class='ocr_line' id='line_1_6' title="bbox 523 469 2083 543; baseline -0.006 -13"><span class='ocrx_word' id='word_1_18' title='bbox 523 473 672 530; x_wconf 86' lang='lat' dir='ltr'><strong>bant.</strong></span> <span class='ocrx_word' id='word_1_19' title='bbox 696 474 832 540; x_wconf 83' lang='lat' dir='ltr'><strong>Quin</strong></span> <span class='ocrx_word' id='word_1_20' title='bbox 857 474 1022 527; x_wconf 77' lang='lat' dir='ltr'><strong>etiam</strong></span> <span class='ocrx_word' id='word_1_21' title='bbox 1055 483 1321 543; x_wconf 78' lang='lat' dir='ltr'><strong>martyres</strong></span> <span class='ocrx_word' id='word_1_22' title='bbox 1351 473 1448 540; x_wconf 92' lang='lat' dir='ltr'><strong>ipsi</strong></span> <span class='ocrx_word' id='word_1_23' title='bbox 1486 472 1575 541; x_wconf 91' lang='lat' dir='ltr'><strong>qui</strong></span> <span class='ocrx_word' id='word_1_24' title='bbox 1607 469 1747 535; x_wconf 82' lang='lat' dir='ltr'><strong>passi</strong></span> <span class='ocrx_word' id='word_1_25' title='bbox 1772 477 2083 536; x_wconf 83' lang='lat' dir='ltr'><strong>sunt,post-</strong></span> 
     </span>
    </p>
   </div>
   <div class='ocr_carea' id='block_1_7' title="bbox 514 565 2093 635">
    <p class='ocr_par' dir='ltr' id='par_1_7' title="bbox 514 565 2093 635">
     <span class='ocr_line' id='line_1_7' title="bbox 514 565 2093 635; baseline -0.001 -14"><span class='ocrx_word' id='word_1_26' title='bbox 514 579 580 621; x_wconf 76' lang='lat' dir='ltr'><strong>ea</strong></span> <span class='ocrx_word' id='word_1_27' title='bbox 619 581 725 620; x_wconf 78' lang='lat' dir='ltr'><strong>non</strong></span> <span class='ocrx_word' id='word_1_28' title='bbox 775 565 1022 620; x_wconf 77' lang='lat' dir='ltr'><strong>incidunt</strong></span> <span class='ocrx_word' id='word_1_29' title='bbox 1063 565 1114 618; x_wconf 92' lang='lat' dir='ltr'><strong>in</strong></span> <span class='ocrx_word' id='word_1_30' title='bbox 1149 565 1434 635; x_wconf 84' lang='lat' dir='ltr'><strong>supplicia,</strong></span> <span class='ocrx_word' id='word_1_31' title='bbox 1466 566 1719 635; x_wconf 82' lang='lat' dir='ltr'><strong>quamvis</strong></span> <span class='ocrx_word' id='word_1_32' title='bbox 1756 580 1861 620; x_wconf 91' lang='lat' dir='ltr'><strong>non</strong></span> <span class='ocrx_word' id='word_1_33' title='bbox 1899 565 2093 620; x_wconf 78' lang='lat' dir='ltr'><strong>debili-</strong></span> 
     </span>
    </p>
   </div>
   <div class='ocr_carea' id='block_1_8' title="bbox 515 657 2091 728">
    <p class='ocr_par' dir='ltr' id='par_1_8' title="bbox 515 657 2091 728">
     <span class='ocr_line' id='line_1_8' title="bbox 515 657 2091 728; baseline 0.001 -17"><span class='ocrx_word' id='word_1_34' title='bbox 515 657 640 711; x_wconf 83' lang='lat' dir='ltr'><strong>tatis</strong></span> <span class='ocrx_word' id='word_1_35' title='bbox 686 672 750 710; x_wconf 84' lang='lat' dir='ltr'><strong>ac</strong></span> <span class='ocrx_word' id='word_1_36' title='bbox 797 657 1082 710; x_wconf 81' lang='lat' dir='ltr'><strong>delassatis</strong></span> <span class='ocrx_word' id='word_1_37' title='bbox 1129 658 1217 712; x_wconf 85' lang='lat' dir='ltr'><strong>his</strong></span> <span class='ocrx_word' id='word_1_38' title='bbox 1263 660 1354 728; x_wconf 87' lang='lat' dir='ltr'><strong>qui</strong></span> <span class='ocrx_word' id='word_1_39' title='bbox 1399 659 1536 713; x_wconf 69' lang='lat' dir='ltr'><strong>alios</strong></span> <span class='ocrx_word' id='word_1_40' title='bbox 1600 659 1757 714; x_wconf 92' lang='lat' dir='ltr'><strong>malis</strong></span> <span class='ocrx_word' id='word_1_41' title='bbox 1807 659 2091 724; x_wconf 79' lang='lat' dir='ltr'><strong>alliciunt,</strong></span> 
     </span>
    </p>
   </div>
   <div class='ocr_carea' id='block_1_9' title="bbox 512 748 2093 816">
    <p class='ocr_par' dir='ltr' id='par_1_9' title="bbox 512 748 2093 816">
     <span class='ocr_line' id='line_1_9' title="bbox 512 748 2093 816; baseline 0 -14"><span class='ocrx_word' id='word_1_42' title='bbox 512 749 767 802; x_wconf 87' lang='lat' dir='ltr'><strong>nimirum</strong></span> <span class='ocrx_word' id='word_1_43' title='bbox 799 748 923 816; x_wconf 97' lang='lat' dir='ltr'><strong>quia</strong></span> <span class='ocrx_word' id='word_1_44' title='bbox 961 749 1003 802; x_wconf 89' lang='lat' dir='ltr'><strong>is</strong></span> <span class='ocrx_word' id='word_1_45' title='bbox 1032 749 1120 816; x_wconf 91' lang='lat' dir='ltr'><strong>qui</strong></span> <span class='ocrx_word' id='word_1_46' title='bbox 1165 750 1327 802; x_wconf 94' lang='lat' dir='ltr'><strong>talem</strong></span> <span class='ocrx_word' id='word_1_47' title='bbox 1374 750 1651 804; x_wconf 87' lang='lat' dir='ltr'><strong>victimam</strong></span> <span class='ocrx_word' id='word_1_48' title='bbox 1697 751 1912 814; x_wconf 80' lang='lat' dir='ltr'><strong>obtulit,</strong></span> <span class='ocrx_word' id='word_1_49' title='bbox 1961 751 2093 805; x_wconf 83' lang='lat' dir='ltr'><strong>vicit</strong></span> 
     </span>
    </p>
   </div>
   <div class='ocr_carea' id='block_1_10' title="bbox 513 835 2093 908">
    <p class='ocr_par' dir='ltr' id='par_1_10' title="bbox 513 835 2093 908">
     <span class='ocr_line' id='line_1_10' title="bbox 513 835 2093 908; baseline 0.005 -22"><span class='ocrx_word' id='word_1_50' title='bbox 513 835 655 888; x_wconf 87' lang='lat' dir='ltr'><strong>hanc</strong></span> <span class='ocrx_word' id='word_1_51' title='bbox 706 837 1038 890; x_wconf 82' lang='lat' dir='ltr'><strong>contrariam</strong></span> <span class='ocrx_word' id='word_1_52' title='bbox 1095 839 1411 905; x_wconf 82' lang='lat' dir='ltr'><strong>potentiam,</strong></span> <span class='ocrx_word' id='word_1_53' title='bbox 1444 849 1696 908; x_wconf 88' lang='lat' dir='ltr'><strong>tanquam</strong></span> <span class='ocrx_word' id='word_1_54' title='bbox 1734 841 1777 894; x_wconf 84' lang='lat' dir='ltr'><strong>si</strong></span> <span class='ocrx_word' id='word_1_55' title='bbox 1832 857 1897 894; x_wconf 80' lang='lat' dir='ltr'><strong>ex</strong></span> <span class='ocrx_word' id='word_1_56' title='bbox 1934 851 2093 908; x_wconf 90' lang='lat' dir='ltr'><strong>parte</strong></span> 
     </span>
    </p>
   </div>
   <div class='ocr_carea' id='block_1_11' title="bbox 512 923 2088 1001">
    <p class='ocr_par' dir='ltr' id='par_1_11' title="bbox 512 923 2088 1001">
     <span class='ocr_line' id='line_1_11' title="bbox 512 923 2088 1001; baseline 0.008 -26"><span class='ocrx_word' id='word_1_57' title='bbox 512 923 615 977; x_wconf 86' lang='lat' dir='ltr'><strong>hac</strong></span> <span class='ocrx_word' id='word_1_58' title='bbox 636 932 818 979; x_wconf 71' lang='lat' dir='ltr'><strong>uterer</strong></span> <span class='ocrx_word' id='word_1_59' title='bbox 847 927 1198 982; x_wconf 80' lang='lat' dir='ltr'><strong>similitudine</strong></span> <span class='ocrx_word' id='word_1_60' title='bbox 1228 930 1342 983; x_wconf 89' lang='lat' dir='ltr'><strong>utili</strong></span> <span class='ocrx_word' id='word_1_61' title='bbox 1369 931 1434 983; x_wconf 88' lang='lat' dir='ltr'><strong>ad</strong></span> <span class='ocrx_word' id='word_1_62' title='bbox 1461 947 1523 984; x_wconf 89' lang='lat' dir='ltr'><strong>ea</strong></span> <span class='ocrx_word' id='word_1_63' title='bbox 1549 935 1614 985; x_wconf 91' lang='lat' dir='ltr'><strong>de</strong></span> <span class='ocrx_word' id='word_1_64' title='bbox 1639 933 1837 1001; x_wconf 86' lang='lat' dir='ltr'><strong>quibus</strong></span> <span class='ocrx_word' id='word_1_65' title='bbox 1872 933 2088 999; x_wconf 81' lang='lat' dir='ltr'><strong>agitur:</strong></span> 
     </span>
    </p>
   </div>
   <div class='ocr_carea' id='block_1_12' title="bbox 509 1011 2087 1088">
    <p class='ocr_par' dir='ltr' id='par_1_12' title="bbox 509 1011 2087 1088">
     <span class='ocr_line' id='line_1_12' title="bbox 509 1011 2087 1088; baseline 0.008 -24"><span class='ocrx_word' id='word_1_66' title='bbox 509 1011 613 1079; x_wconf 86' lang='lat' dir='ltr'><strong>Qui</strong></span> <span class='ocrx_word' id='word_1_67' title='bbox 647 1015 897 1070; x_wconf 76' lang='lat' dir='ltr'><strong>interficit</strong></span> <span class='ocrx_word' id='word_1_68' title='bbox 938 1026 1035 1070; x_wconf 86' lang='lat' dir='ltr'><strong>aut</strong></span> <span class='ocrx_word' id='word_1_69' title='bbox 1071 1019 1316 1074; x_wconf 81' lang='lat' dir='ltr'><strong>carmine</strong></span> <span class='ocrx_word' id='word_1_70' title='bbox 1345 1021 1481 1088; x_wconf 87' lang='lat' dir='ltr'><strong>sopit</strong></span> <span class='ocrx_word' id='word_1_71' title='bbox 1512 1021 1714 1075; x_wconf 86' lang='lat' dir='ltr'><strong>animal</strong></span> <span class='ocrx_word' id='word_1_72' title='bbox 1743 1034 2087 1088; x_wconf 86' lang='lat' dir='ltr'><strong>venenatum,</strong></span> 
     </span>
    </p>
   </div>
   <div class='ocr_carea' id='block_1_13' title="bbox 511 1106 2090 1179">
    <p class='ocr_par' dir='ltr' id='par_1_13' title="bbox 511 1106 2090 1179">
     <span class='ocr_line' id='line_1_13' title="bbox 511 1106 2090 1179; baseline 0.008 -24"><span class='ocrx_word' id='word_1_73' title='bbox 511 1115 604 1156; x_wconf 80' lang='lat' dir='ltr'><strong>aut</strong></span> <span class='ocrx_word' id='word_1_74' title='bbox 643 1106 814 1173; x_wconf 87' lang='lat' dir='ltr'><strong>ipsum</strong></span> <span class='ocrx_word' id='word_1_75' title='bbox 844 1107 891 1158; x_wconf 88' lang='lat' dir='ltr'><strong>vi</strong></span> <span class='ocrx_word' id='word_1_76' title='bbox 923 1109 1172 1176; x_wconf 84' lang='lat' dir='ltr'><strong>quapiam</strong></span> <span class='ocrx_word' id='word_1_77' title='bbox 1222 1123 1448 1164; x_wconf 90' lang='lat' dir='ltr'><strong>vacuum</strong></span> <span class='ocrx_word' id='word_1_78' title='bbox 1499 1113 1673 1167; x_wconf 82' lang='lat' dir='ltr'><strong>reddit</strong></span> <span class='ocrx_word' id='word_1_79' title='bbox 1703 1129 1731 1166; x_wconf 87' lang='lat' dir='ltr'><strong>a</strong></span> <span class='ocrx_word' id='word_1_80' title='bbox 1767 1129 2000 1179; x_wconf 88' lang='lat' dir='ltr'><strong>veneno,</strong></span> <span class='ocrx_word' id='word_1_81' title='bbox 2045 1117 2090 1168; x_wconf 91' lang='lat' dir='ltr'><strong>is</strong></span> 
     </span>
    </p>
   </div>
   <div class='ocr_carea' id='block_1_14' title="bbox 511 1194 2090 1275">
    <p class='ocr_par' dir='ltr' id='par_1_14' title="bbox 511 1194 2090 1275">
     <span class='ocr_line' id='line_1_14' title="bbox 511 1194 2090 1275; baseline 0.011 -31"><span class='ocrx_word' id='word_1_82' title='bbox 511 1194 562 1247; x_wconf 89' lang='lat' dir='ltr'><strong>in</strong></span> <span class='ocrx_word' id='word_1_83' title='bbox 592 1196 786 1251; x_wconf 88' lang='lat' dir='ltr'><strong>multos</strong></span> <span class='ocrx_word' id='word_1_84' title='bbox 819 1199 1081 1252; x_wconf 77' lang='lat' dir='ltr'><strong>beneficia</strong></span> <span class='ocrx_word' id='word_1_85' title='bbox 1109 1199 1342 1265; x_wconf 79' lang='lat' dir='ltr'><strong>confert,</strong></span> <span class='ocrx_word' id='word_1_86' title='bbox 1371 1203 1460 1270; x_wconf 89' lang='lat' dir='ltr'><strong>qui</strong></span> <span class='ocrx_word' id='word_1_87' title='bbox 1489 1201 1542 1255; x_wconf 93' lang='lat' dir='ltr'><strong>in</strong></span> <span class='ocrx_word' id='word_1_88' title='bbox 1569 1213 1842 1270; x_wconf 86' lang='lat' dir='ltr'><strong>posterum</strong></span> <span class='ocrx_word' id='word_1_89' title='bbox 1878 1205 2090 1275; x_wconf 76' lang='lat' dir='ltr'><strong>aliquid</strong></span> 
     </span>
    </p>
   </div>
   <div class='ocr_carea' id='block_1_15' title="bbox 510 1286 2089 1365">
    <p class='ocr_par' dir='ltr' id='par_1_15' title="bbox 510 1286 2089 1365">
     <span class='ocr_line' id='line_1_15' title="bbox 510 1286 2089 1365; baseline 0.009 -29"><span class='ocrx_word' id='word_1_90' title='bbox 510 1286 719 1350; x_wconf 81' lang='lat' dir='ltr'><strong>passuri</strong></span> <span class='ocrx_word' id='word_1_91' title='bbox 767 1299 948 1350; x_wconf 80' lang='lat' dir='ltr'><strong>erant,</strong></span> <span class='ocrx_word' id='word_1_92' title='bbox 981 1289 1081 1342; x_wconf 75' lang='lat' dir='ltr'><strong>nisi</strong></span> <span class='ocrx_word' id='word_1_93' title='bbox 1141 1290 1485 1344; x_wconf 88' lang='lat' dir='ltr'><strong>interfectmn</strong></span> <span class='ocrx_word' id='word_1_94' title='bbox 1533 1293 1663 1346; x_wconf 89' lang='lat' dir='ltr'><strong>illud</strong></span> <span class='ocrx_word' id='word_1_95' title='bbox 1715 1293 1800 1348; x_wconf 79' lang='lat' dir='ltr'><strong>vel</strong></span> <span class='ocrx_word' id='word_1_96' title='bbox 1855 1296 2089 1365; x_wconf 70' lang='lat' dir='ltr'><strong>stipitum</strong></span> 
     </span>
    </p>
   </div>
   <div class='ocr_carea' id='block_1_16' title="bbox 509 1375 2091 1453">
    <p class='ocr_par' dir='ltr' id='par_1_16' title="bbox 509 1375 2091 1453">
     <span class='ocr_line' id='line_1_16' title="bbox 509 1375 2091 1453; baseline 0.009 -26"><span class='ocrx_word' id='word_1_97' title='bbox 509 1375 703 1431; x_wconf 82' lang='lat' dir='ltr'><strong>fuisset</strong></span> <span class='ocrx_word' id='word_1_98' title='bbox 733 1379 812 1431; x_wconf 87' lang='lat' dir='ltr'><strong>vel</strong></span> <span class='ocrx_word' id='word_1_99' title='bbox 847 1394 1055 1434; x_wconf 86' lang='lat' dir='ltr'><strong>veneno</strong></span> <span class='ocrx_word' id='word_1_100' title='bbox 1102 1393 1452 1436; x_wconf 84' lang='lat' dir='ltr'><strong>cvacuatum.</strong></span> <span class='ocrx_word' id='word_1_101' title='bbox 1484 1383 1661 1453; x_wconf 84' lang='lat' dir='ltr'><strong>Atque</strong></span> <span class='ocrx_word' id='word_1_102' title='bbox 1700 1385 1865 1439; x_wconf 89' lang='lat' dir='ltr'><strong>etiam</strong></span> <span class='ocrx_word' id='word_1_103' title='bbox 1899 1387 1944 1441; x_wconf 88' lang='lat' dir='ltr'><strong>si</strong></span> <span class='ocrx_word' id='word_1_104' title='bbox 1989 1388 2091 1441; x_wconf 80' lang='lat' dir='ltr'><strong>ali-</strong></span> 
     </span>
    </p>
   </div>
   <div class='ocr_carea' id='block_1_17' title="bbox 506 1467 2089 1538">
    <p class='ocr_par' dir='ltr' id='par_1_17' title="bbox 506 1467 2089 1538">
     <span class='ocr_line' id='line_1_17' title="bbox 506 1467 2089 1538; baseline 0.008 -17"><span class='ocrx_word' id='word_1_105' title='bbox 506 1467 595 1521; x_wconf 89' lang='lat' dir='ltr'><strong>cui</strong></span> <span class='ocrx_word' id='word_1_106' title='bbox 625 1485 809 1523; x_wconf 82' lang='lat' dir='ltr'><strong>morso</strong></span> <span class='ocrx_word' id='word_1_107' title='bbox 838 1472 1180 1527; x_wconf 81' lang='lat' dir='ltr'><strong>manifestum</strong></span> <span class='ocrx_word' id='word_1_108' title='bbox 1223 1473 1341 1538; x_wconf 86' lang='lat' dir='ltr'><strong>ﬁat,</strong></span> <span class='ocrx_word' id='word_1_109' title='bbox 1368 1485 1423 1529; x_wconf 90' lang='lat' dir='ltr'><strong>et</strong></span> <span class='ocrx_word' id='word_1_110' title='bbox 1451 1475 1715 1530; x_wconf 84' lang='lat' dir='ltr'><strong>liberatus</strong></span> <span class='ocrx_word' id='word_1_111' title='bbox 1737 1477 1824 1532; x_wconf 86' lang='lat' dir='ltr'><strong>ille</strong></span> <span class='ocrx_word' id='word_1_112' title='bbox 1851 1493 1878 1530; x_wconf 86' lang='lat' dir='ltr'><strong>a</strong></span> <span class='ocrx_word' id='word_1_113' title='bbox 1919 1493 2089 1533; x_wconf 91' lang='lat' dir='ltr'><strong>nocu-</strong></span> 
     </span>
    </p>
   </div>
   <div class='ocr_carea' id='block_1_18' title="bbox 510 1567 2089 1638">
    <p class='ocr_par' dir='ltr' id='par_1_18' title="bbox 510 1567 2089 1638">
     <span class='ocr_line' id='line_1_18' title="bbox 510 1567 2089 1638; baseline 0.009 -28"><span class='ocrx_word' id='word_1_114' title='bbox 510 1569 695 1613; x_wconf 83' lang='lat' dir='ltr'><strong>mento</strong></span> <span class='ocrx_word' id='word_1_115' title='bbox 723 1575 821 1629; x_wconf 89' lang='lat' dir='ltr'><strong>per</strong></span> <span class='ocrx_word' id='word_1_116' title='bbox 844 1579 1078 1618; x_wconf 87' lang='lat' dir='ltr'><strong>morsum</strong></span> <span class='ocrx_word' id='word_1_117' title='bbox 1103 1576 1403 1632; x_wconf 83' lang='lat' dir='ltr'><strong>contracto,</strong></span> <span class='ocrx_word' id='word_1_118' title='bbox 1424 1567 1624 1638; x_wconf 85' lang='lat' dir='ltr'><strong>deligat</strong></span> <span class='ocrx_word' id='word_1_119' title='bbox 1643 1569 1830 1624; x_wconf 90' lang='lat' dir='ltr'><strong>oculos</strong></span> <span class='ocrx_word' id='word_1_120' title='bbox 1855 1569 1906 1622; x_wconf 93' lang='lat' dir='ltr'><strong>in</strong></span> <span class='ocrx_word' id='word_1_121' title='bbox 1942 1586 2089 1624; x_wconf 87' lang='lat' dir='ltr'><strong>mor-</strong></span> 
     </span>
    </p>
   </div>
   <div class='ocr_carea' id='block_1_19' title="bbox 511 1653 2122 1731">
    <p class='ocr_par' dir='ltr' id='par_1_19' title="bbox 511 1653 2122 1731">
     <span class='ocr_line' id='line_1_19' title="bbox 511 1653 2122 1731; baseline 0.007 -28"><span class='ocrx_word' id='word_1_122' title='bbox 511 1660 658 1705; x_wconf 89' lang='lat' dir='ltr'><strong>tuum</strong></span> <span class='ocrx_word' id='word_1_123' title='bbox 706 1654 796 1720; x_wconf 88' lang='lat' dir='ltr'><strong>qui</strong></span> <span class='ocrx_word' id='word_1_124' title='bbox 824 1653 1086 1716; x_wconf 68' lang='lat' dir='ltr'><strong>ltesit,vel</strong></span> <span class='ocrx_word' id='word_1_125' title='bbox 1118 1657 1400 1712; x_wconf 86' lang='lat' dir='ltr'><strong>inscendat</strong></span> <span class='ocrx_word' id='word_1_126' title='bbox 1435 1668 1728 1724; x_wconf 90' lang='lat' dir='ltr'><strong>mortuum,</strong></span> <span class='ocrx_word' id='word_1_127' title='bbox 1750 1659 1832 1712; x_wconf 90' lang='lat' dir='ltr'><strong>vel</strong></span> <span class='ocrx_word' id='word_1_128' title='bbox 1859 1661 2088 1731; x_wconf 77' lang='lat' dir='ltr'><strong>attingat</strong></span> <span class='ocrx_word' id='word_1_129' title='bbox 2117 1704 2122 1731; x_wconf 34' lang='grc' dir='ltr'><strong>ἶ</strong></span> 
     </span>
    </p>
   </div>
   <div class='ocr_carea' id='block_1_20' title="bbox 507 1744 2082 1817">
    <p class='ocr_par' dir='ltr' id='par_1_20' title="bbox 507 1744 2082 1817">
     <span class='ocr_line' id='line_1_20' title="bbox 507 1744 2082 1817; baseline 0.004 -21"><span class='ocrx_word' id='word_1_130' title='bbox 507 1751 808 1809; x_wconf 84' lang='lat' dir='ltr'><strong>mortuum,</strong></span> <span class='ocrx_word' id='word_1_131' title='bbox 832 1744 917 1798; x_wconf 88' lang='lat' dir='ltr'><strong>vel</strong></span> <span class='ocrx_word' id='word_1_132' title='bbox 949 1756 1131 1816; x_wconf 89' lang='lat' dir='ltr'><strong>gustet</strong></span> <span class='ocrx_word' id='word_1_133' title='bbox 1155 1747 1316 1816; x_wconf 81' lang='lat' dir='ltr'><strong>hujus</strong></span> <span class='ocrx_word' id='word_1_134' title='bbox 1351 1759 1584 1817; x_wconf 84' lang='lat' dir='ltr'><strong>partem,</strong></span> <span class='ocrx_word' id='word_1_135' title='bbox 1626 1751 1716 1802; x_wconf 86' lang='lat' dir='ltr'><strong>fiet</strong></span> <span class='ocrx_word' id='word_1_136' title='bbox 1750 1765 1881 1803; x_wconf 86' lang='lat' dir='ltr'><strong>sane</strong></span> <span class='ocrx_word' id='word_1_137' title='bbox 1927 1765 2082 1804; x_wconf 74' lang='grc' dir='ltr'>τιιιισιςι</span> 
     </span>
    </p>
   </div>
   <div class='ocr_carea' id='block_1_21' title="bbox 508 1835 2087 1906">
    <p class='ocr_par' dir='ltr' id='par_1_21' title="bbox 508 1835 2087 1906">
     <span class='ocr_line' id='line_1_21' title="bbox 508 1835 2087 1906; baseline 0.001 -16"><span class='ocrx_word' id='word_1_138' title='bbox 508 1849 670 1902; x_wconf 89' lang='lat' dir='ltr'><strong>passo</strong></span> <span class='ocrx_word' id='word_1_139' title='bbox 700 1835 987 1900; x_wconf 88' lang='lat' dir='ltr'><strong>medicina,</strong></span> <span class='ocrx_word' id='word_1_140' title='bbox 1011 1845 1066 1890; x_wconf 91' lang='lat' dir='ltr'><strong>et</strong></span> <span class='ocrx_word' id='word_1_141' title='bbox 1086 1835 1406 1890; x_wconf 81' lang='lat' dir='ltr'><strong>beneﬁcium</strong></span> <span class='ocrx_word' id='word_1_142' title='bbox 1441 1837 1508 1891; x_wconf 88' lang='lat' dir='ltr'><strong>ab</strong></span> <span class='ocrx_word' id='word_1_143' title='bbox 1527 1851 1594 1892; x_wconf 85' lang='lat' dir='ltr'><strong>eo</strong></span> <span class='ocrx_word' id='word_1_144' title='bbox 1613 1836 1704 1906; x_wconf 90' lang='lat' dir='ltr'><strong>qui</strong></span> <span class='ocrx_word' id='word_1_145' title='bbox 1727 1835 2087 1892; x_wconf 84' lang='lat' dir='ltr'><strong>interfecisset</strong></span> 
     </span>
    </p>
   </div>
   <div class='ocr_carea' id='block_1_22' title="bbox 510 1923 2090 1996">
    <p class='ocr_par' dir='ltr' id='par_1_22' title="bbox 510 1923 2090 1996">
     <span class='ocr_line' id='line_1_22' title="bbox 510 1923 2090 1996; baseline -0.001 -16"><span class='ocrx_word' id='word_1_146' title='bbox 510 1923 563 1980; x_wconf 85' lang='lat' dir='ltr'><strong>id</strong></span> <span class='ocrx_word' id='word_1_147' title='bbox 586 1925 728 1993; x_wconf 92' lang='lat' dir='ltr'><strong>quod</strong></span> <span class='ocrx_word' id='word_1_148' title='bbox 751 1924 996 1979; x_wconf 70' lang='lat' dir='ltr'><strong>laedebat.</strong></span> <span class='ocrx_word' id='word_1_149' title='bbox 1013 1925 1198 1980; x_wconf 87' lang='lat' dir='ltr'><strong>Simile</strong></span> <span class='ocrx_word' id='word_1_150' title='bbox 1219 1927 1470 1996; x_wconf 89' lang='lat' dir='ltr'><strong>quiddam</strong></span> <span class='ocrx_word' id='word_1_151' title='bbox 1497 1927 1610 1981; x_wconf 82' lang='lat' dir='ltr'><strong>ﬁeri</strong></span> <span class='ocrx_word' id='word_1_152' title='bbox 1633 1936 1806 1981; x_wconf 89' lang='lat' dir='ltr'><strong>morte</strong></span> <span class='ocrx_word' id='word_1_153' title='bbox 1827 1927 2090 1996; x_wconf 89' lang='lat' dir='ltr'><strong>piissimo-</strong></span> 
     </span>
    </p>
   </div>
   <div class='ocr_carea' id='block_1_23' title="bbox 508 2013 2087 2084">
    <p class='ocr_par' dir='ltr' id='par_1_23' title="bbox 508 2013 2087 2084">
     <span class='ocr_line' id='line_1_23' title="bbox 508 2013 2087 2084; baseline 0.003 -18"><span class='ocrx_word' id='word_1_154' title='bbox 508 2029 629 2066; x_wconf 86' lang='lat' dir='ltr'><strong>rum</strong></span> <span class='ocrx_word' id='word_1_155' title='bbox 657 2023 950 2084; x_wconf 76' lang='lat' dir='ltr'><strong>martyrum</strong></span> <span class='ocrx_word' id='word_1_156' title='bbox 979 2013 1394 2068; x_wconf 74' lang='lat' dir='ltr'><strong>existimandum</strong></span> <span class='ocrx_word' id='word_1_157' title='bbox 1423 2025 1524 2076; x_wconf 89' lang='lat' dir='ltr'><strong>est,</strong></span> <span class='ocrx_word' id='word_1_158' title='bbox 1554 2015 1737 2069; x_wconf 89' lang='lat' dir='ltr'><strong>multis</strong></span> <span class='ocrx_word' id='word_1_159' title='bbox 1759 2032 1822 2069; x_wconf 83' lang='lat' dir='ltr'><strong>ex</strong></span> <span class='ocrx_word' id='word_1_160' title='bbox 1849 2016 2087 2084; x_wconf 85' lang='lat' dir='ltr'><strong>ipsorum</strong></span> 
     </span>
    </p>
   </div>
   <div class='ocr_carea' id='block_1_24' title="bbox 509 2104 2084 2174">
    <p class='ocr_par' dir='ltr' id='par_1_24' title="bbox 509 2104 2084 2174">
     <span class='ocr_line' id='line_1_24' title="bbox 509 2104 2084 2174; baseline 0.002 -18"><span class='ocrx_word' id='word_1_161' title='bbox 509 2113 684 2158; x_wconf 63' lang='lat' dir='ltr'><strong>n‘iorte</strong></span> <span class='ocrx_word' id='word_1_162' title='bbox 713 2104 971 2158; x_wconf 89' lang='lat' dir='ltr'><strong>indicibili</strong></span> <span class='ocrx_word' id='word_1_163' title='bbox 995 2105 1225 2173; x_wconf 86' lang='lat' dir='ltr'><strong>quadam</strong></span> <span class='ocrx_word' id='word_1_164' title='bbox 1249 2106 1298 2158; x_wconf 87' lang='lat' dir='ltr'><strong>vi</strong></span> <span class='ocrx_word' id='word_1_165' title='bbox 1325 2106 1694 2174; x_wconf 85' lang='lat' dir='ltr'><strong>adjumentum</strong></span> <span class='ocrx_word' id='word_1_166' title='bbox 1724 2106 2084 2162; x_wconf 79' lang='lat' dir='ltr'><strong>sumentibus.</strong></span> 
     </span>
    </p>
   </div>
   <div class='ocr_carea' id='block_1_25' title="bbox 580 2208 2089 2265">
    <p class='ocr_par' dir='ltr' id='par_1_25' title="bbox 580 2208 2089 2265">
     <span class='ocr_line' id='line_1_25' title="bbox 580 2208 2089 2265; baseline -0.003 -2"><span class='ocrx_word' id='word_1_167' title='bbox 580 2211 670 2264; x_wconf 80' lang='lat'><strong>37.</strong></span> <span class='ocrx_word' id='word_1_168' title='bbox 710 2209 979 2265; x_wconf 65' lang='lat' dir='ltr'><strong>Ca&#39;terum</strong></span> <span class='ocrx_word' id='word_1_169' title='bbox 1023 2209 1252 2264; x_wconf 92' lang='lat' dir='ltr'><strong>multum</strong></span> <span class='ocrx_word' id='word_1_170' title='bbox 1305 2209 1574 2264; x_wconf 89' lang='lat' dir='ltr'><strong>immorati</strong></span> <span class='ocrx_word' id='word_1_171' title='bbox 1623 2224 1810 2262; x_wconf 90' lang='lat' dir='ltr'><strong>sumus</strong></span> <span class='ocrx_word' id='word_1_172' title='bbox 1840 2208 1906 2262; x_wconf 87' lang='lat' dir='ltr'><strong>de</strong></span> <span class='ocrx_word' id='word_1_173' title='bbox 1945 2220 2089 2261; x_wconf 83' lang='lat' dir='ltr'><strong>mar-</strong></span> 
     </span>
    </p>
   </div>
   <div class='ocr_carea' id='block_1_26' title="bbox 513 2300 2086 2374">
    <p class='ocr_par' dir='ltr' id='par_1_26' title="bbox 513 2300 2086 2374">
     <span class='ocr_line' id='line_1_26' title="bbox 513 2300 2086 2374; baseline -0.001 -19"><span class='ocrx_word' id='word_1_174' title='bbox 513 2304 720 2374; x_wconf 80' lang='lat' dir='ltr'><strong>tyribus</strong></span> <span class='ocrx_word' id='word_1_175' title='bbox 753 2305 913 2357; x_wconf 87' lang='lat' dir='ltr'><strong>verba</strong></span> <span class='ocrx_word' id='word_1_176' title='bbox 944 2303 1229 2362; x_wconf 86' lang='lat' dir='ltr'><strong>facientes,</strong></span> <span class='ocrx_word' id='word_1_177' title='bbox 1257 2313 1418 2369; x_wconf 87' lang='lat' dir='ltr'><strong>atque</strong></span> <span class='ocrx_word' id='word_1_178' title='bbox 1447 2311 1766 2355; x_wconf 89' lang='lat' dir='ltr'><strong>enarrantes</strong></span> <span class='ocrx_word' id='word_1_179' title='bbox 1796 2300 1967 2354; x_wconf 91' lang='lat' dir='ltr'><strong>dehis</strong></span> <span class='ocrx_word' id='word_1_180' title='bbox 1997 2301 2086 2368; x_wconf 87' lang='lat' dir='ltr'><strong>qui</strong></span> 
     </span>
    </p>
   </div>
   <div class='ocr_carea' id='block_1_27' title="bbox 511 2389 2086 2464">
    <p class='ocr_par' dir='ltr' id='par_1_27' title="bbox 511 2389 2086 2464">
     <span class='ocr_line' id='line_1_27' title="bbox 511 2389 2086 2464; baseline -0.003 -15"><span class='ocrx_word' id='word_1_181' title='bbox 511 2397 792 2464; x_wconf 85' lang='lat' dir='ltr'><strong>perierunt</strong></span> <span class='ocrx_word' id='word_1_182' title='bbox 834 2394 903 2448; x_wconf 92' lang='lat' dir='ltr'><strong>ob</strong></span> <span class='ocrx_word' id='word_1_183' title='bbox 937 2393 1252 2464; x_wconf 89' lang='lat' dir='ltr'><strong>pestilentes</strong></span> <span class='ocrx_word' id='word_1_184' title='bbox 1295 2389 1748 2454; x_wconf 62' lang='lat' dir='ltr'><strong>constitutiones;</strong></span> <span class='ocrx_word' id='word_1_185' title='bbox 1783 2402 1841 2443; x_wconf 93' lang='lat' dir='ltr'><strong>ut</strong></span> <span class='ocrx_word' id='word_1_186' title='bbox 1871 2391 2086 2445; x_wconf 88' lang='lat' dir='ltr'><strong>videre-</strong></span> 
     </span>
    </p>
   </div>
   <div class='ocr_carea' id='block_1_28' title="bbox 511 2481 2086 2552">
    <p class='ocr_par' dir='ltr' id='par_1_28' title="bbox 511 2481 2086 2552">
     <span class='ocr_line' id='line_1_28' title="bbox 511 2481 2086 2552; baseline -0.003 -13"><span class='ocrx_word' id='word_1_187' title='bbox 511 2503 628 2540; x_wconf 83' lang='lat' dir='ltr'><strong>mus</strong></span> <span class='ocrx_word' id='word_1_188' title='bbox 652 2485 1031 2540; x_wconf 83' lang='lat' dir='ltr'><strong>excellentiam</strong></span> <span class='ocrx_word' id='word_1_189' title='bbox 1066 2484 1207 2537; x_wconf 88' lang='lat' dir='ltr'><strong>illius</strong></span> <span class='ocrx_word' id='word_1_190' title='bbox 1245 2485 1336 2552; x_wconf 90' lang='lat' dir='ltr'><strong>qui</strong></span> <span class='ocrx_word' id='word_1_191' title='bbox 1370 2483 1568 2536; x_wconf 86' lang='lat' dir='ltr'><strong>ductus</strong></span> <span class='ocrx_word' id='word_1_192' title='bbox 1594 2492 1675 2536; x_wconf 90' lang='lat' dir='ltr'><strong>est</strong></span> <span class='ocrx_word' id='word_1_193' title='bbox 1705 2481 1851 2537; x_wconf 91' lang='lat' dir='ltr'><strong>velut</strong></span> <span class='ocrx_word' id='word_1_194' title='bbox 1871 2481 1988 2536; x_wconf 89' lang='lat' dir='ltr'><strong>ovis</strong></span> <span class='ocrx_word' id='word_1_195' title='bbox 2018 2482 2086 2535; x_wconf 88' lang='lat' dir='ltr'><strong>ad</strong></span> 
     </span>
    </p>
   </div>
   <div class='ocr_carea' id='block_1_29' title="bbox 507 2573 2087 2642">
    <p class='ocr_par' dir='ltr' id='par_1_29' title="bbox 507 2573 2087 2642">
     <span class='ocr_line' id='line_1_29' title="bbox 507 2573 2087 2642; baseline -0.002 -15"><span class='ocrx_word' id='word_1_196' title='bbox 507 2575 733 2636; x_wconf 66' lang='lat' dir='ltr'><strong>caedem,</strong></span> <span class='ocrx_word' id='word_1_197' title='bbox 758 2575 958 2642; x_wconf 88' lang='lat' dir='ltr'><strong>quique</strong></span> <span class='ocrx_word' id='word_1_198' title='bbox 987 2575 1124 2626; x_wconf 90' lang='lat' dir='ltr'><strong>sicut</strong></span> <span class='ocrx_word' id='word_1_199' title='bbox 1152 2589 1322 2642; x_wconf 81' lang='lat' dir='ltr'><strong>agnus</strong></span> <span class='ocrx_word' id='word_1_200' title='bbox 1346 2588 1528 2626; x_wconf 87' lang='lat' dir='ltr'><strong>coram</strong></span> <span class='ocrx_word' id='word_1_201' title='bbox 1555 2574 1815 2626; x_wconf 83' lang='lat' dir='ltr'><strong>tondente</strong></span> <span class='ocrx_word' id='word_1_202' title='bbox 1844 2573 1940 2624; x_wconf 91' lang='lat' dir='ltr'><strong>fuit</strong></span> <span class='ocrx_word' id='word_1_203' title='bbox 1971 2587 2087 2624; x_wconf 89' lang='grc' dir='ltr'>ιιιιι-</span> 
     </span>
    </p>
   </div>
   <div class='ocr_carea' id='block_1_30' title="bbox 512 2662 2088 2732">
    <p class='ocr_par' dir='ltr' id='par_1_30' title="bbox 512 2662 2088 2732">
     <span class='ocr_line' id='line_1_30' title="bbox 512 2662 2088 2732; baseline -0.003 -12"><span class='ocrx_word' id='word_1_204' title='bbox 512 2679 596 2720; x_wconf 93' lang='lat' dir='ltr'><strong>tus</strong></span> <span class='ocrx_word' id='word_1_205' title='bbox 631 2665 696 2719; x_wconf 86' lang='lat'><strong>“.</strong></span> <span class='ocrx_word' id='word_1_206' title='bbox 732 2663 974 2732; x_wconf 77' lang='lat' dir='ltr'><strong>Namque</strong></span> <span class='ocrx_word' id='word_1_207' title='bbox 1021 2664 1066 2716; x_wconf 89' lang='lat' dir='ltr'><strong>si</strong></span> <span class='ocrx_word' id='word_1_208' title='bbox 1117 2663 1296 2730; x_wconf 86' lang='lat' dir='ltr'><strong>aliqua</strong></span> <span class='ocrx_word' id='word_1_209' title='bbox 1330 2665 1580 2732; x_wconf 83' lang='lat' dir='ltr'><strong>gentibus</strong></span> <span class='ocrx_word' id='word_1_210' title='bbox 1613 2679 1717 2717; x_wconf 92' lang='lat' dir='ltr'><strong>non</strong></span> <span class='ocrx_word' id='word_1_211' title='bbox 1753 2663 1894 2718; x_wconf 85' lang='lat' dir='ltr'><strong>falso</strong></span> <span class='ocrx_word' id='word_1_212' title='bbox 1926 2662 2088 2716; x_wconf 83' lang='lat' dir='ltr'><strong>histo-</strong></span> 
     </span>
    </p>
   </div>
   <div class='ocr_carea' id='block_1_31' title="bbox 509 2754 2085 2825">
    <p class='ocr_par' dir='ltr' id='par_1_31' title="bbox 509 2754 2085 2825">
     <span class='ocr_line' id='line_1_31' title="bbox 509 2754 2085 2825; baseline 0 -17"><span class='ocrx_word' id='word_1_213' title='bbox 509 2756 604 2808; x_wconf 90' lang='lat' dir='ltr'><strong>riis</strong></span> <span class='ocrx_word' id='word_1_214' title='bbox 647 2755 895 2808; x_wconf 78' lang='lat' dir='ltr'><strong>mandata</strong></span> <span class='ocrx_word' id='word_1_215' title='bbox 930 2762 1076 2817; x_wconf 85' lang='lat' dir='ltr'><strong>sunt,</strong></span> <span class='ocrx_word' id='word_1_216' title='bbox 1117 2754 1295 2822; x_wconf 73' lang='lat' dir='ltr'><strong>aliqua</strong></span> <span class='ocrx_word' id='word_1_217' title='bbox 1324 2769 1451 2809; x_wconf 86' lang='lat' dir='ltr'><strong>vero</strong></span> <span class='ocrx_word' id='word_1_218' title='bbox 1497 2766 1608 2808; x_wconf 89' lang='lat' dir='ltr'><strong>tum</strong></span> <span class='ocrx_word' id='word_1_219' title='bbox 1651 2754 1717 2808; x_wconf 89' lang='lat' dir='ltr'><strong>de</strong></span> <span class='ocrx_word' id='word_1_220' title='bbox 1753 2755 2085 2825; x_wconf 78' lang='lat' dir='ltr'><strong>martyribus</strong></span> 
     </span>
    </p>
   </div>
   <div class='ocr_carea' id='block_1_32' title="bbox 507 2843 2084 2916">
    <p class='ocr_par' dir='ltr' id='par_1_32' title="bbox 507 2843 2084 2916">
     <span class='ocr_line' id='line_1_32' title="bbox 507 2843 2084 2916; baseline 0.001 -18"><span class='ocrx_word' id='word_1_221' title='bbox 507 2853 633 2898; x_wconf 89' lang='lat' dir='ltr'><strong>sunt</strong></span> <span class='ocrx_word' id='word_1_222' title='bbox 667 2845 829 2909; x_wconf 71' lang='lat' dir='ltr'><strong>dicta,</strong></span> <span class='ocrx_word' id='word_1_223' title='bbox 854 2845 944 2914; x_wconf 76' lang='lat' dir='ltr'><strong>qui</strong></span> <span class='ocrx_word' id='word_1_224' title='bbox 972 2843 1184 2898; x_wconf 81' lang='lat' dir='ltr'><strong>fuerunt</strong></span> <span class='ocrx_word' id='word_1_225' title='bbox 1213 2847 1395 2900; x_wconf 90' lang='lat' dir='ltr'><strong>mundi</strong></span> <span class='ocrx_word' id='word_1_226' title='bbox 1419 2856 1775 2916; x_wconf 85' lang='lat' dir='ltr'><strong>purgamenta</strong></span> <span class='ocrx_word' id='word_1_227' title='bbox 1804 2845 1870 2910; x_wconf 82' lang='lat'><strong>&quot;,</strong></span> <span class='ocrx_word' id='word_1_228' title='bbox 1889 2857 2000 2899; x_wconf 90' lang='lat' dir='ltr'><strong>tum</strong></span> <span class='ocrx_word' id='word_1_229' title='bbox 2018 2847 2084 2900; x_wconf 90' lang='lat' dir='ltr'><strong>de</strong></span> 
     </span>
    </p>
   </div>
   <div class='ocr_carea' id='block_1_33' title="bbox 507 2933 2082 3006">
    <p class='ocr_par' dir='ltr' id='par_1_33' title="bbox 507 2933 2082 3006">
     <span class='ocr_line' id='line_1_33' title="bbox 507 2933 2082 3006; baseline -0.001 -18"><span class='ocrx_word' id='word_1_230' title='bbox 507 2933 784 3002; x_wconf 82' lang='lat' dir='ltr'><strong>apostolis,</strong></span> <span class='ocrx_word' id='word_1_231' title='bbox 803 2935 894 3004; x_wconf 88' lang='lat' dir='ltr'><strong>qui</strong></span> <span class='ocrx_word' id='word_1_232' title='bbox 929 2937 1174 2989; x_wconf 86' lang='lat' dir='ltr'><strong>omnium</strong></span> <span class='ocrx_word' id='word_1_233' title='bbox 1206 2936 1589 3006; x_wconf 86' lang='lat' dir='ltr'><strong>rejeetamenta</strong></span> <span class='ocrx_word' id='word_1_234' title='bbox 1609 2937 1678 2991; x_wconf 83' lang='lat' dir='ltr'><strong>ob</strong></span> <span class='ocrx_word' id='word_1_235' title='bbox 1703 2938 1841 2992; x_wconf 86' lang='lat' dir='ltr'><strong>hanc</strong></span> <span class='ocrx_word' id='word_1_236' title='bbox 1859 2949 2082 2990; x_wconf 83' lang='lat' dir='ltr'><strong>causam</strong></span> 
     </span>
    </p>
   </div>
   <div class='ocr_carea' id='block_1_34' title="bbox 2193 453 3770 539">
    <p class='ocr_par' dir='ltr' id='par_1_34' title="bbox 2193 453 3770 539">
     <span class='ocr_line' id='line_1_34' title="bbox 2193 453 3770 539; baseline 0.001 -19"><span class='ocrx_word' id='word_1_237' title='bbox 2193 467 2437 536; x_wconf 79' lang='grc' dir='ltr'><strong>κείμεναι</strong></span> <span class='ocrx_word' id='word_1_238' title='bbox 2470 465 2751 539; x_wconf 73' lang='grc' dir='ltr'><strong>ἐφόρτιζον</strong></span> <span class='ocrx_word' id='word_1_239' title='bbox 2792 464 2903 534; x_wconf 79' lang='grc'><strong>(57)</strong></span> <span class='ocrx_word' id='word_1_240' title='bbox 2945 465 3038 518; x_wconf 81' lang='grc' dir='ltr'><strong>καὶ</strong></span> <span class='ocrx_word' id='word_1_241' title='bbox 3065 464 3354 521; x_wconf 81' lang='grc' dir='ltr'>ἔϐλαπτον.</span> <span class='ocrx_word' id='word_1_242' title='bbox 3413 466 3572 520; x_wconf 76' lang='grc' dir='ltr'>Ἀλλά</span> <span class='ocrx_word' id='word_1_243' title='bbox 3605 469 3699 520; x_wconf 72' lang='grc' dir='ltr'><strong>καὶ</strong></span> <span class='ocrx_word' id='word_1_244' title='bbox 3724 453 3770 522; x_wconf 71' lang='lat' dir='ltr'><strong>oi</strong></span> 
     </span>
    </p>
   </div>
   <div class='ocr_carea' id='block_1_35' title="bbox 2192 555 3770 634">
    <p class='ocr_par' dir='ltr' id='par_1_35' title="bbox 2192 555 3770 634">
     <span class='ocr_line' id='line_1_35' title="bbox 2192 555 3770 634; baseline 0.003 -25"><span class='ocrx_word' id='word_1_245' title='bbox 2192 557 2460 620; x_wconf 78' lang='grc' dir='ltr'><strong>παθόντες</strong></span> <span class='ocrx_word' id='word_1_246' title='bbox 2489 556 2589 620; x_wconf 86' lang='grc' dir='ltr'><strong>ἂν,</strong></span> <span class='ocrx_word' id='word_1_247' title='bbox 2650 555 2724 627; x_wconf 84' lang='grc' dir='ltr'>μὴ</span> <span class='ocrx_word' id='word_1_248' title='bbox 2776 555 3154 626; x_wconf 85' lang='grc' dir='ltr'>ἀτονησάντων</span> <span class='ocrx_word' id='word_1_249' title='bbox 3206 556 3315 609; x_wconf 90' lang='grc' dir='ltr'><strong>τῶν</strong></span> <span class='ocrx_word' id='word_1_250' title='bbox 3363 559 3770 634; x_wconf 71' lang='grc' dir='ltr'><strong>ἐνεργησάντων</strong></span> 
     </span>
    </p>
   </div>
   <div class='ocr_carea' id='block_1_36' title="bbox 2192 645 3771 721">
    <p class='ocr_par' dir='ltr' id='par_1_36' title="bbox 2192 645 3771 721">
     <span class='ocr_line' id='line_1_36' title="bbox 2192 645 3771 721; baseline 0.001 -19"><span class='ocrx_word' id='word_1_251' title='bbox 2192 651 2272 712; x_wconf 88' lang='grc' dir='ltr'>εἰς</span> <span class='ocrx_word' id='word_1_252' title='bbox 2303 649 2523 721; x_wconf 81' lang='grc' dir='ltr'>ἐτέρους</span> <span class='ocrx_word' id='word_1_253' title='bbox 2553 648 2622 700; x_wconf 84' lang='grc' dir='ltr'>τὰ</span> <span class='ocrx_word' id='word_1_254' title='bbox 2654 648 2891 718; x_wconf 83' lang='grc' dir='ltr'><strong>χείρονα,</strong></span> <span class='ocrx_word' id='word_1_255' title='bbox 2927 647 3112 700; x_wconf 78' lang='grc' dir='ltr'>οὐκέτι</span> <span class='ocrx_word' id='word_1_256' title='bbox 3142 645 3534 715; x_wconf 74' lang='grc' dir='ltr'><strong>περιπίπτουσι</strong></span> <span class='ocrx_word' id='word_1_257' title='bbox 3568 649 3644 720; x_wconf 83' lang='grc' dir='ltr'>τῷ</span> <span class='ocrx_word' id='word_1_258' title='bbox 3673 651 3771 704; x_wconf 75' lang='grc' dir='ltr'>πάο</span> 
     </span>
    </p>
   </div>
   <div class='ocr_carea' id='block_1_37' title="bbox 2194 737 3774 812">
    <p class='ocr_par' dir='ltr' id='par_1_37' title="bbox 2194 737 3774 812">
     <span class='ocr_line' id='line_1_37' title="bbox 2194 737 3774 812; baseline 0.002 -20"><span class='ocrx_word' id='word_1_259' title='bbox 2194 740 2296 802; x_wconf 90' lang='grc' dir='ltr'>Θει,</span> <span class='ocrx_word' id='word_1_260' title='bbox 2332 739 2657 810; x_wconf 83' lang='grc' dir='ltr'>νικήσαντος</span> <span class='ocrx_word' id='word_1_261' title='bbox 2711 737 2804 790; x_wconf 90' lang='grc' dir='ltr'><strong>τοῦ</strong></span> <span class='ocrx_word' id='word_1_262' title='bbox 2838 738 2936 809; x_wconf 78' lang='grc' dir='ltr'>τὴν</span> <span class='ocrx_word' id='word_1_263' title='bbox 2961 737 3218 809; x_wconf 83' lang='grc' dir='ltr'>τοιαύτην</span> <span class='ocrx_word' id='word_1_264' title='bbox 3253 739 3447 793; x_wconf 81' lang='grc' dir='ltr'><strong>Θυσίαν</strong></span> <span class='ocrx_word' id='word_1_265' title='bbox 3497 758 3774 812; x_wconf 77' lang='grc' dir='ltr'>προσαγαι-</span> 
     </span>
    </p>
   </div>
   <div class='ocr_carea' id='block_1_38' title="bbox 2192 827 3773 900">
    <p class='ocr_par' dir='ltr' id='par_1_38' title="bbox 2192 827 3773 900">
     <span class='ocr_line' id='line_1_38' title="bbox 2192 827 3773 900; baseline 0.002 -18"><span class='ocrx_word' id='word_1_266' title='bbox 2192 830 2382 898; x_wconf 86' lang='grc' dir='ltr'>γόντος</span> <span class='ocrx_word' id='word_1_267' title='bbox 2414 827 2571 899; x_wconf 80' lang='grc' dir='ltr'>τήνδε</span> <span class='ocrx_word' id='word_1_268' title='bbox 2604 827 2704 898; x_wconf 83' lang='grc' dir='ltr'>τὴν</span> <span class='ocrx_word' id='word_1_269' title='bbox 2737 827 3121 899; x_wconf 76' lang='grc' dir='ltr'>ἀντικειμένην</span> <span class='ocrx_word' id='word_1_270' title='bbox 3149 829 3406 900; x_wconf 87' lang='grc' dir='ltr'>δύναμιν,</span> <span class='ocrx_word' id='word_1_271' title='bbox 3459 831 3534 894; x_wconf 84' lang='grc' dir='ltr'>ὠς</span> <span class='ocrx_word' id='word_1_272' title='bbox 3578 835 3627 884; x_wconf 87' lang='grc' dir='ltr'><strong>εί</strong></span> <span class='ocrx_word' id='word_1_273' title='bbox 3667 833 3773 886; x_wconf 79' lang='grc' dir='ltr'>ἀπὸ</span> 
     </span>
    </p>
   </div>
   <div class='ocr_carea' id='block_1_39' title="bbox 2197 902 3775 994">
    <p class='ocr_par' dir='ltr' id='par_1_39' title="bbox 2197 902 3775 994">
     <span class='ocr_line' id='line_1_39' title="bbox 2197 902 3775 994; baseline 0.003 -22"><span class='ocrx_word' id='word_1_274' title='bbox 2197 921 2394 992; x_wconf 83' lang='grc' dir='ltr'>μέρους</span> <span class='ocrx_word' id='word_1_275' title='bbox 2422 919 2744 990; x_wconf 80' lang='grc' dir='ltr'>ἐχρησάμην</span> <span class='ocrx_word' id='word_1_276' title='bbox 2777 919 2944 972; x_wconf 86' lang='grc' dir='ltr'>εἰκόνι</span> <span class='ocrx_word' id='word_1_277' title='bbox 2976 919 3230 991; x_wconf 80' lang='grc' dir='ltr'>χρησίμῳ</span> <span class='ocrx_word' id='word_1_278' title='bbox 3276 920 3414 992; x_wconf 85' lang='grc' dir='ltr'>πρὸς</span> <span class='ocrx_word' id='word_1_279' title='bbox 3460 920 3529 974; x_wconf 75' lang='grc' dir='ltr'><strong>τά</strong></span> <span class='ocrx_word' id='word_1_280' title='bbox 3566 902 3775 994; x_wconf 69' lang='grc' dir='ltr'>προκεία</span> 
     </span>
    </p>
   </div>
   <div class='ocr_carea' id='block_1_40' title="bbox 2197 1011 3775 1086">
    <p class='ocr_par' dir='ltr' id='par_1_40' title="bbox 2197 1011 3775 1086">
     <span class='ocr_line' id='line_1_40' title="bbox 2197 1011 3775 1086; baseline 0.002 -20"><span class='ocrx_word' id='word_1_281' title='bbox 2197 1030 2333 1084; x_wconf 89' lang='grc' dir='ltr'>μενα</span> <span class='ocrx_word' id='word_1_282' title='bbox 2371 1011 2624 1084; x_wconf 81' lang='grc' dir='ltr'>τοιαύτῃ·</span> <span class='ocrx_word' id='word_1_283' title='bbox 2670 1011 2727 1065; x_wconf 88' lang='lat'><strong>&#39;0</strong></span> <span class='ocrx_word' id='word_1_284' title='bbox 2781 1012 2835 1065; x_wconf 78' lang='grc' dir='ltr'>τὶ</span> <span class='ocrx_word' id='word_1_285' title='bbox 2868 1012 3107 1084; x_wconf 84' lang='grc' dir='ltr'>ἀναιρῶν</span> <span class='ocrx_word' id='word_1_286' title='bbox 3140 1012 3200 1066; x_wconf 85' lang='grc' dir='ltr'>τὸ</span> <span class='ocrx_word' id='word_1_287' title='bbox 3243 1012 3479 1078; x_wconf 88' lang='grc' dir='ltr'>ίοϐόλον,</span> <span class='ocrx_word' id='word_1_288' title='bbox 3538 1015 3573 1086; x_wconf 82' lang='grc' dir='ltr'>ἢ</span> <span class='ocrx_word' id='word_1_289' title='bbox 3609 1029 3775 1069; x_wconf 52' lang='grc' dir='ltr'>καται</span> 
     </span>
    </p>
   </div>
   <div class='ocr_carea' id='block_1_41' title="bbox 2193 1103 3769 1175">
    <p class='ocr_par' dir='ltr' id='par_1_41' title="bbox 2193 1103 3769 1175">
     <span class='ocr_line' id='line_1_41' title="bbox 2193 1103 3769 1175; baseline 0.003 -18"><span class='ocrx_word' id='word_1_290' title='bbox 2193 1104 2452 1174; x_wconf 74' lang='grc' dir='ltr'>κοιμίζων</span> <span class='ocrx_word' id='word_1_291' title='bbox 2484 1103 2663 1174; x_wconf 79' lang='grc' dir='ltr'>ἐπῳδῇ</span> <span class='ocrx_word' id='word_1_292' title='bbox 2690 1104 2722 1174; x_wconf 81' lang='grc' dir='ltr'>ἢ</span> <span class='ocrx_word' id='word_1_293' title='bbox 2762 1103 2986 1175; x_wconf 86' lang='grc' dir='ltr'>δυνάμει</span> <span class='ocrx_word' id='word_1_294' title='bbox 3011 1105 3138 1163; x_wconf 75' lang='grc' dir='ltr'>τινὶ.</span> <span class='ocrx_word' id='word_1_295' title='bbox 3172 1104 3345 1157; x_wconf 82' lang='grc' dir='ltr'>κενῶν</span> <span class='ocrx_word' id='word_1_296' title='bbox 3370 1106 3505 1159; x_wconf 76' lang='grc' dir='ltr'>αὐτὸ</span> <span class='ocrx_word' id='word_1_297' title='bbox 3536 1107 3634 1160; x_wconf 84' lang='grc' dir='ltr'><strong>τοῦ</strong></span> <span class='ocrx_word' id='word_1_298' title='bbox 3671 1109 3769 1172; x_wconf 80' lang='grc' dir='ltr'>ίοῦ,</span> 
     </span>
    </p>
   </div>
   <div class='ocr_carea' id='block_1_42' title="bbox 2194 1181 3775 1268">
    <p class='ocr_par' dir='ltr' id='par_1_42' title="bbox 2194 1195 3775 1268">
     <span class='ocr_line' id='line_1_42' title="bbox 2194 1195 3775 1268; baseline 0.003 -20"><span class='ocrx_word' id='word_1_299' title='bbox 2194 1195 2420 1259; x_wconf 69' lang='grc' dir='ltr'>πολλοὺς</span> <span class='ocrx_word' id='word_1_300' title='bbox 2454 1198 2732 1267; x_wconf 80' lang='grc' dir='ltr'>εὐεργετεῖ</span> <span class='ocrx_word' id='word_1_301' title='bbox 2778 1196 2886 1248; x_wconf 88' lang='grc' dir='ltr'><strong>τῶν</strong></span> <span class='ocrx_word' id='word_1_302' title='bbox 2918 1195 3142 1268; x_wconf 81' lang='grc' dir='ltr'>ὓστερον</span> <span class='ocrx_word' id='word_1_303' title='bbox 3191 1198 3534 1268; x_wconf 82' lang='grc' dir='ltr'>πεισομένων</span> <span class='ocrx_word' id='word_1_304' title='bbox 3576 1217 3631 1252; x_wconf 91' lang='grc' dir='ltr'><strong>τι</strong></span> <span class='ocrx_word' id='word_1_305' title='bbox 3679 1197 3775 1253; x_wconf 81' lang='grc' dir='ltr'>ἀπ’</span> 
     </span>
    </p>
   </div>
   <div class='ocr_carea' id='block_1_43' title="bbox 2194 1271 3776 1360">
    <p class='ocr_par' dir='ltr' id='par_1_43' title="bbox 2194 1287 3776 1360">
     <span class='ocr_line' id='line_1_43' title="bbox 2194 1287 3776 1360; baseline 0.003 -19"><span class='ocrx_word' id='word_1_306' title='bbox 2194 1287 2359 1341; x_wconf 75' lang='grc' dir='ltr'>αὑτοῦ</span> <span class='ocrx_word' id='word_1_307' title='bbox 2380 1331 2394 1353; x_wconf 87' lang='grc'><strong>,</strong></span> <span class='ocrx_word' id='word_1_308' title='bbox 2429 1291 2477 1340; x_wconf 86' lang='grc' dir='ltr'><strong>εί</strong></span> <span class='ocrx_word' id='word_1_309' title='bbox 2507 1289 2580 1359; x_wconf 82' lang='grc' dir='ltr'>μὴ</span> <span class='ocrx_word' id='word_1_310' title='bbox 2609 1288 2846 1358; x_wconf 77' lang='grc' dir='ltr'>ἀνῄρητο</span> <span class='ocrx_word' id='word_1_311' title='bbox 2865 1329 2879 1352; x_wconf 93' lang='grc'><strong>,</strong></span> <span class='ocrx_word' id='word_1_312' title='bbox 2921 1289 2953 1359; x_wconf 77' lang='grc' dir='ltr'><strong>ἥ</strong></span> <span class='ocrx_word' id='word_1_313' title='bbox 2987 1291 3472 1360; x_wconf 89' lang='grc' dir='ltr'>κατακεκοίμιστο,</span> <span class='ocrx_word' id='word_1_314' title='bbox 3504 1290 3538 1360; x_wconf 77' lang='grc' dir='ltr'>ἢ</span> <span class='ocrx_word' id='word_1_315' title='bbox 3566 1291 3663 1344; x_wconf 87' lang='grc' dir='ltr'><strong>τοῦ</strong></span> <span class='ocrx_word' id='word_1_316' title='bbox 3699 1293 3776 1345; x_wconf 80' lang='grc' dir='ltr'>ἰοῦ</span> 
     </span>
    </p>
   </div>
   <div class='ocr_carea' id='block_1_44' title="bbox 2195 1380 3778 1455">
    <p class='ocr_par' dir='ltr' id='par_1_44' title="bbox 2195 1380 3778 1455">
     <span class='ocr_line' id='line_1_44' title="bbox 2195 1380 3778 1455; baseline 0.001 -20"><span class='ocrx_word' id='word_1_317' title='bbox 2195 1381 2486 1435; x_wconf 85' lang='grc' dir='ltr'>κεκένωτο.</span> <span class='ocrx_word' id='word_1_318' title='bbox 2525 1382 2587 1434; x_wconf 82' lang='grc' dir='ltr'><strong>ΕΞ</strong></span> <span class='ocrx_word' id='word_1_319' title='bbox 2609 1381 2665 1433; x_wconf 86' lang='grc' dir='ltr'>δὲ</span> <span class='ocrx_word' id='word_1_320' title='bbox 2691 1383 2782 1434; x_wconf 68' lang='grc' dir='ltr'><strong>καὶ</strong></span> <span class='ocrx_word' id='word_1_321' title='bbox 2807 1381 2914 1433; x_wconf 90' lang='grc' dir='ltr'><strong>τῶν</strong></span> <span class='ocrx_word' id='word_1_322' title='bbox 2941 1382 3248 1452; x_wconf 85' lang='grc' dir='ltr'>δηχθέντων</span> <span class='ocrx_word' id='word_1_323' title='bbox 3279 1384 3385 1435; x_wconf 81' lang='grc' dir='ltr'>τινὶ</span> <span class='ocrx_word' id='word_1_324' title='bbox 3421 1380 3660 1455; x_wconf 78' lang='grc' dir='ltr'>φανερὸν</span> <span class='ocrx_word' id='word_1_325' title='bbox 3687 1386 3778 1452; x_wconf 87' lang='grc' dir='ltr'>γέ-</span> 
     </span>
    </p>
   </div>
   <div class='ocr_carea' id='block_1_45' title="bbox 2195 1473 3777 1546">
    <p class='ocr_par' dir='ltr' id='par_1_45' title="bbox 2195 1473 3777 1546">
     <span class='ocr_line' id='line_1_45' title="bbox 2195 1473 3777 1546; baseline 0.004 -20"><span class='ocrx_word' id='word_1_326' title='bbox 2195 1491 2337 1526; x_wconf 89' lang='grc' dir='ltr'>νοιτο</span> <span class='ocrx_word' id='word_1_327' title='bbox 2377 1474 2507 1545; x_wconf 78' lang='grc' dir='ltr'>περὶ</span> <span class='ocrx_word' id='word_1_328' title='bbox 2534 1475 2631 1544; x_wconf 82' lang='grc' dir='ltr'><strong>τῆς</strong></span> <span class='ocrx_word' id='word_1_329' title='bbox 2668 1474 2761 1526; x_wconf 80' lang='grc' dir='ltr'>ἐπὶ</span> <span class='ocrx_word' id='word_1_330' title='bbox 2790 1473 2867 1544; x_wconf 78' lang='grc' dir='ltr'><strong>τῷ</strong></span> <span class='ocrx_word' id='word_1_331' title='bbox 2893 1475 3131 1546; x_wconf 84' lang='grc' dir='ltr'>δήγματι</span> <span class='ocrx_word' id='word_1_332' title='bbox 3170 1475 3372 1546; x_wconf 82' lang='grc' dir='ltr'>βλάϐης</span> <span class='ocrx_word' id='word_1_333' title='bbox 3392 1515 3407 1539; x_wconf 95' lang='grc'><strong>,</strong></span> <span class='ocrx_word' id='word_1_334' title='bbox 3438 1478 3777 1546; x_wconf 83' lang='grc' dir='ltr'>ἀπαλλαγείς</span> 
     </span>
    </p>
   </div>
   <div class='ocr_carea' id='block_1_46' title="bbox 2193 1564 3775 1642">
    <p class='ocr_par' dir='ltr' id='par_1_46' title="bbox 2193 1564 3775 1642">
     <span class='ocr_line' id='line_1_46' title="bbox 2193 1564 3775 1642; baseline 0.003 -23"><span class='ocrx_word' id='word_1_335' title='bbox 2193 1583 2252 1620; x_wconf 84' lang='grc' dir='ltr'><strong>τε</strong></span> <span class='ocrx_word' id='word_1_336' title='bbox 2294 1565 2595 1618; x_wconf 81' lang='grc' dir='ltr'>ὲνατενίσαι</span> <span class='ocrx_word' id='word_1_337' title='bbox 2650 1564 2972 1620; x_wconf 83' lang='grc' dir='ltr'>ἀποθανόντι</span> <span class='ocrx_word' id='word_1_338' title='bbox 3011 1565 3088 1637; x_wconf 81' lang='grc' dir='ltr'>τῷ</span> <span class='ocrx_word' id='word_1_339' title='bbox 3131 1566 3429 1636; x_wconf 64' lang='grc' dir='ltr'>βλάψαντι,</span> <span class='ocrx_word' id='word_1_340' title='bbox 3471 1569 3504 1639; x_wconf 79' lang='grc' dir='ltr'><strong>ἢ</strong></span> <span class='ocrx_word' id='word_1_341' title='bbox 3542 1572 3775 1642; x_wconf 80' lang='grc' dir='ltr'>ἐπιϐαίη</span> 
     </span>
    </p>
   </div>
   <div class='ocr_carea' id='block_1_47' title="bbox 2195 1658 3784 1732">
    <p class='ocr_par' dir='ltr' id='par_1_47' title="bbox 2195 1658 3784 1732">
     <span class='ocr_line' id='line_1_47' title="bbox 2195 1658 3784 1732; baseline 0.003 -21"><span class='ocrx_word' id='word_1_342' title='bbox 2195 1658 2414 1730; x_wconf 80' lang='grc' dir='ltr'>νεκροῦ,</span> <span class='ocrx_word' id='word_1_343' title='bbox 2447 1659 2478 1729; x_wconf 80' lang='grc' dir='ltr'>ἦ</span> <span class='ocrx_word' id='word_1_344' title='bbox 2511 1658 2776 1728; x_wconf 75' lang='grc' dir='ltr'>ἐφάψαιτο</span> <span class='ocrx_word' id='word_1_345' title='bbox 2807 1658 3128 1729; x_wconf 85' lang='grc' dir='ltr'>τεθνηκότος</span> <span class='ocrx_word' id='word_1_346' title='bbox 3163 1658 3295 1728; x_wconf 79' lang='grc'>(58),</span> <span class='ocrx_word' id='word_1_347' title='bbox 3331 1660 3363 1730; x_wconf 81' lang='grc' dir='ltr'><strong>ἢ</strong></span> <span class='ocrx_word' id='word_1_348' title='bbox 3397 1659 3662 1728; x_wconf 83' lang='grc' dir='ltr'>γεύσαιτο</span> <span class='ocrx_word' id='word_1_349' title='bbox 3694 1662 3784 1732; x_wconf 70' lang='grc' dir='ltr'>μέ-</span> 
     </span>
    </p>
   </div>
   <div class='ocr_carea' id='block_1_48' title="bbox 2193 1749 3782 1826">
    <p class='ocr_par' dir='ltr' id='par_1_48' title="bbox 2193 1749 3782 1826">
     <span class='ocr_line' id='line_1_48' title="bbox 2193 1749 3782 1826; baseline 0.006 -25"><span class='ocrx_word' id='word_1_350' title='bbox 2193 1766 2321 1822; x_wconf 86' lang='grc' dir='ltr'>ρους</span> <span class='ocrx_word' id='word_1_351' title='bbox 2350 1749 2526 1812; x_wconf 86' lang='grc' dir='ltr'>τοῦδε,</span> <span class='ocrx_word' id='word_1_352' title='bbox 2554 1750 2752 1817; x_wconf 87' lang='grc' dir='ltr'>γένοιτ’</span> <span class='ocrx_word' id='word_1_353' title='bbox 2781 1749 2846 1826; x_wconf 83' lang='grc' dir='ltr'><strong>ἂν</strong></span> <span class='ocrx_word' id='word_1_354' title='bbox 2875 1750 2969 1803; x_wconf 68' lang='grc' dir='ltr'><strong>καὶ</strong></span> <span class='ocrx_word' id='word_1_355' title='bbox 2989 1749 3067 1820; x_wconf 82' lang='grc' dir='ltr'>τῷ</span> <span class='ocrx_word' id='word_1_356' title='bbox 3091 1751 3490 1821; x_wconf 80' lang='grc' dir='ltr'>προπεπονθότι</span> <span class='ocrx_word' id='word_1_357' title='bbox 3516 1752 3662 1816; x_wconf 82' lang='grc' dir='ltr'>ἴασις</span> <span class='ocrx_word' id='word_1_358' title='bbox 3689 1754 3782 1810; x_wconf 82' lang='grc' dir='ltr'>καὶ</span> 
     </span>
    </p>
   </div>
   <div class='ocr_carea' id='block_1_49' title="bbox 2192 1840 3779 1912">
    <p class='ocr_par' dir='ltr' id='par_1_49' title="bbox 2192 1840 3779 1912">
     <span class='ocr_line' id='line_1_49' title="bbox 2192 1840 3779 1912; baseline 0.004 -19"><span class='ocrx_word' id='word_1_359' title='bbox 2192 1841 2481 1912; x_wconf 84' lang='grc' dir='ltr'>εὐεργεσία</span> <span class='ocrx_word' id='word_1_360' title='bbox 2509 1842 2619 1894; x_wconf 83' lang='grc' dir='ltr'><strong>ἀπὸ</strong></span> <span class='ocrx_word' id='word_1_361' title='bbox 2652 1840 2746 1893; x_wconf 73' lang='grc' dir='ltr'><strong>τοῦ</strong></span> <span class='ocrx_word' id='word_1_362' title='bbox 2788 1841 2846 1893; x_wconf 77' lang='grc' dir='ltr'>τὸ</span> <span class='ocrx_word' id='word_1_363' title='bbox 2880 1841 3088 1911; x_wconf 51' lang='grc' dir='ltr'>βλάψαν</span> <span class='ocrx_word' id='word_1_364' title='bbox 3116 1842 3452 1912; x_wconf 75' lang='grc' dir='ltr'>ἀνῃρηκότος</span> <span class='ocrx_word' id='word_1_365' title='bbox 3473 1861 3487 1874; x_wconf 76' lang='grc' dir='ltr'><strong>ο</strong></span> <span class='ocrx_word' id='word_1_366' title='bbox 3532 1845 3779 1900; x_wconf 83' lang='grc' dir='ltr'>τοιοῦτόν</span> 
     </span>
    </p>
   </div>
   <div class='ocr_carea' id='block_1_50' title="bbox 2190 1917 3780 2007">
    <p class='ocr_par' dir='ltr' id='par_1_50' title="bbox 2190 1932 3780 2007">
     <span class='ocr_line' id='line_1_50' title="bbox 2190 1932 3780 2007; baseline 0.004 -23"><span class='ocrx_word' id='word_1_367' title='bbox 2190 1949 2243 1984; x_wconf 83' lang='grc' dir='ltr'><strong>τι</strong></span> <span class='ocrx_word' id='word_1_368' title='bbox 2271 1932 2334 2003; x_wconf 82' lang='grc' dir='ltr'>δὴ</span> <span class='ocrx_word' id='word_1_369' title='bbox 2365 1933 2582 2002; x_wconf 79' lang='grc' dir='ltr'>νοητέον</span> <span class='ocrx_word' id='word_1_370' title='bbox 2615 1932 2694 2002; x_wconf 81' lang='grc' dir='ltr'><strong>τῷ</strong></span> <span class='ocrx_word' id='word_1_371' title='bbox 2724 1933 2938 2004; x_wconf 82' lang='grc' dir='ltr'>Θανάτῳ</span> <span class='ocrx_word' id='word_1_372' title='bbox 2971 1934 3079 1985; x_wconf 88' lang='grc' dir='ltr'><strong>τῶν</strong></span> <span class='ocrx_word' id='word_1_373' title='bbox 3123 1933 3532 1988; x_wconf 86' lang='grc' dir='ltr'>εὐσεϐεστάτων</span> <span class='ocrx_word' id='word_1_374' title='bbox 3569 1936 3780 2007; x_wconf 63' lang='grc' dir='ltr'>μαρτύέ-</span> 
     </span>
    </p>
   </div>
   <div class='ocr_carea' id='block_1_51' title="bbox 2192 2023 3780 2102">
    <p class='ocr_par' dir='ltr' id='par_1_51' title="bbox 2192 2023 3780 2102">
     <span class='ocr_line' id='line_1_51' title="bbox 2192 2023 3780 2102; baseline 0.004 -27"><span class='ocrx_word' id='word_1_375' title='bbox 2192 2039 2303 2091; x_wconf 85' lang='grc' dir='ltr'><strong>ρων</strong></span> <span class='ocrx_word' id='word_1_376' title='bbox 2325 2023 2592 2090; x_wconf 79' lang='grc' dir='ltr'>γίνεσθαι,</span> <span class='ocrx_word' id='word_1_377' title='bbox 2625 2023 2834 2076; x_wconf 85' lang='grc' dir='ltr'>πολλῶν</span> <span class='ocrx_word' id='word_1_378' title='bbox 2860 2025 3050 2096; x_wconf 48' lang='lat' dir='ltr'><strong>dati-rip</strong></span> <span class='ocrx_word' id='word_1_379' title='bbox 3084 2024 3190 2078; x_wconf 71' lang='grc' dir='ltr'>τινὶ</span> <span class='ocrx_word' id='word_1_380' title='bbox 3215 2025 3440 2095; x_wconf 68' lang='grc' dir='ltr'>δυνάμει</span> <span class='ocrx_word' id='word_1_381' title='bbox 3462 2028 3780 2102; x_wconf 68' lang='grc' dir='ltr'>ὠφελουμὲ</span> 
     </span>
    </p>
   </div>
   <div class='ocr_carea' id='block_1_52' title="bbox 2192 2113 3044 2170">
    <p class='ocr_par' dir='ltr' id='par_1_52' title="bbox 2192 2113 3044 2170">
     <span class='ocr_line' id='line_1_52' title="bbox 2192 2113 3044 2170; baseline 0.005 -4"><span class='ocrx_word' id='word_1_382' title='bbox 2192 2131 2296 2166; x_wconf 87' lang='grc' dir='ltr'><strong>νων</strong></span> <span class='ocrx_word' id='word_1_383' title='bbox 2329 2115 2436 2166; x_wconf 82' lang='grc' dir='ltr'><strong>ἀπὸ</strong></span> <span class='ocrx_word' id='word_1_384' title='bbox 2469 2114 2562 2167; x_wconf 88' lang='grc' dir='ltr'><strong>τοῦ</strong></span> <span class='ocrx_word' id='word_1_385' title='bbox 2589 2113 2819 2169; x_wconf 84' lang='grc' dir='ltr'>Θανάτου</span> <span class='ocrx_word' id='word_1_386' title='bbox 2846 2117 3044 2170; x_wconf 80' lang='grc' dir='ltr'>αὐτῶν.</span> 
     </span>
    </p>
   </div>
   <div class='ocr_carea' id='block_1_53' title="bbox 2262 2195 3782 2280">
    <p class='ocr_par' dir='ltr' id='par_1_53' title="bbox 2262 2195 3782 2280">
     <span class='ocr_line' id='line_1_53' title="bbox 2262 2195 3782 2280; baseline 0.006 -26"><span class='ocrx_word' id='word_1_387' title='bbox 2262 2202 2351 2255; x_wconf 81' lang='grc'><strong>57.</strong></span> <span class='ocrx_word' id='word_1_388' title='bbox 2393 2203 2888 2275; x_wconf 76' lang='grc' dir='ltr'>Προσδιετρίψαμεν</span> <span class='ocrx_word' id='word_1_389' title='bbox 2917 2206 2994 2266; x_wconf 77' lang='grc' dir='ltr'><strong>δέ,</strong></span> <span class='ocrx_word' id='word_1_390' title='bbox 3031 2205 3174 2278; x_wconf 76' lang='grc' dir='ltr'>ὑπὲρ</span> <span class='ocrx_word' id='word_1_391' title='bbox 3206 2205 3301 2260; x_wconf 92' lang='grc' dir='ltr'><strong>τοῦ</strong></span> <span class='ocrx_word' id='word_1_392' title='bbox 3335 2207 3397 2260; x_wconf 84' lang='grc' dir='ltr'>τὸ</span> <span class='ocrx_word' id='word_1_393' title='bbox 3429 2207 3541 2278; x_wconf 74' lang='grc'><strong>(39)</strong></span> <span class='ocrx_word' id='word_1_394' title='bbox 3573 2195 3782 2280; x_wconf 79' lang='grc' dir='ltr'>ἐξαίρε-</span> 
     </span>
    </p>
   </div>
   <div class='ocr_carea' id='block_1_54' title="bbox 2190 2294 3784 2368">
    <p class='ocr_par' dir='ltr' id='par_1_54' title="bbox 2190 2294 3784 2368">
     <span class='ocr_line' id='line_1_54' title="bbox 2190 2294 3784 2368; baseline 0.005 -22"><span class='ocrx_word' id='word_1_395' title='bbox 2190 2311 2280 2346; x_wconf 91' lang='grc' dir='ltr'><strong>τον</strong></span> <span class='ocrx_word' id='word_1_396' title='bbox 2311 2294 2438 2347; x_wconf 85' lang='grc' dir='ltr'>ίδεῖν</span> <span class='ocrx_word' id='word_1_397' title='bbox 2465 2295 2558 2347; x_wconf 90' lang='grc' dir='ltr'><strong>τοῦ</strong></span> <span class='ocrx_word' id='word_1_398' title='bbox 2588 2296 2663 2358; x_wconf 78' lang='grc' dir='ltr'><strong>ῶς</strong></span> <span class='ocrx_word' id='word_1_399' title='bbox 2687 2296 2954 2366; x_wconf 83' lang='grc' dir='ltr'>πρόϐατον</span> <span class='ocrx_word' id='word_1_400' title='bbox 2991 2297 3084 2349; x_wconf 74' lang='grc' dir='ltr'>ἐπὶ</span> <span class='ocrx_word' id='word_1_401' title='bbox 3113 2297 3324 2368; x_wconf 78' lang='grc' dir='ltr'>σφαγὴν</span> <span class='ocrx_word' id='word_1_402' title='bbox 3363 2298 3642 2368; x_wconf 82' lang='grc' dir='ltr'>ἀχθέντος,</span> <span class='ocrx_word' id='word_1_403' title='bbox 3685 2303 3784 2354; x_wconf 77' lang='grc' dir='ltr'>καὶ</span> 
     </span>
    </p>
   </div>
   <div class='ocr_carea' id='block_1_55' title="bbox 2189 2385 3784 2466">
    <p class='ocr_par' dir='ltr' id='par_1_55' title="bbox 2189 2385 3784 2466">
     <span class='ocr_line' id='line_1_55' title="bbox 2189 2385 3784 2466; baseline 0.006 -30"><span class='ocrx_word' id='word_1_404' title='bbox 2189 2385 2264 2450; x_wconf 81' lang='grc' dir='ltr'><strong>ὡς</strong></span> <span class='ocrx_word' id='word_1_405' title='bbox 2297 2387 2472 2456; x_wconf 91' lang='grc' dir='ltr'>ἀμνοῦ</span> <span class='ocrx_word' id='word_1_406' title='bbox 2507 2387 2737 2441; x_wconf 84' lang='grc' dir='ltr'>ἐνώπιον</span> <span class='ocrx_word' id='word_1_407' title='bbox 2779 2389 2870 2442; x_wconf 90' lang='grc' dir='ltr'><strong>τοῦ</strong></span> <span class='ocrx_word' id='word_1_408' title='bbox 2917 2389 3200 2461; x_wconf 86' lang='grc' dir='ltr'>κείραντος</span> <span class='ocrx_word' id='word_1_409' title='bbox 3241 2389 3489 2459; x_wconf 80' lang='grc' dir='ltr'>ἀφώνου,</span> <span class='ocrx_word' id='word_1_410' title='bbox 3536 2391 3618 2462; x_wconf 84' lang='grc' dir='ltr'>τῷ</span> <span class='ocrx_word' id='word_1_411' title='bbox 3650 2395 3784 2466; x_wconf 71' lang='grc' dir='ltr'>περὶ</span> 
     </span>
    </p>
   </div>
   <div class='ocr_carea' id='block_1_56' title="bbox 2192 2474 3784 2552">
    <p class='ocr_par' dir='ltr' id='par_1_56' title="bbox 2192 2474 3784 2552">
     <span class='ocr_line' id='line_1_56' title="bbox 2192 2474 3784 2552; baseline 0.005 -24"><span class='ocrx_word' id='word_1_412' title='bbox 2192 2475 2301 2529; x_wconf 87' lang='grc' dir='ltr'><strong>τῶν</strong></span> <span class='ocrx_word' id='word_1_413' title='bbox 2337 2474 2631 2546; x_wconf 88' lang='grc' dir='ltr'>μαρτύρων</span> <span class='ocrx_word' id='word_1_414' title='bbox 2663 2475 2838 2548; x_wconf 83' lang='grc' dir='ltr'>λόγῳ,</span> <span class='ocrx_word' id='word_1_415' title='bbox 2871 2478 2966 2530; x_wconf 81' lang='grc' dir='ltr'>καὶ</span> <span class='ocrx_word' id='word_1_416' title='bbox 2997 2478 3074 2549; x_wconf 80' lang='grc' dir='ltr'>τῷ</span> <span class='ocrx_word' id='word_1_417' title='bbox 3105 2479 3248 2550; x_wconf 82' lang='grc' dir='ltr'>ὑπὲρ</span> <span class='ocrx_word' id='word_1_418' title='bbox 3291 2480 3399 2534; x_wconf 86' lang='grc' dir='ltr'><strong>τῶν</strong></span> <span class='ocrx_word' id='word_1_419' title='bbox 3427 2480 3784 2552; x_wconf 80' lang='grc' dir='ltr'>τεθνηκότων</span> 
     </span>
    </p>
   </div>
   <div class='ocr_carea' id='block_1_57' title="bbox 2197 2567 3780 2643">
    <p class='ocr_par' dir='ltr' id='par_1_57' title="bbox 2197 2567 3780 2643">
     <span class='ocr_line' id='line_1_57' title="bbox 2197 2567 3780 2643; baseline 0.004 -22"><span class='ocrx_word' id='word_1_420' title='bbox 2197 2569 2286 2622; x_wconf 86' lang='grc' dir='ltr'>διὰ</span> <span class='ocrx_word' id='word_1_421' title='bbox 2339 2567 2562 2639; x_wconf 87' lang='grc' dir='ltr'>λοιμικὰ</span> <span class='ocrx_word' id='word_1_422' title='bbox 2614 2571 3010 2640; x_wconf 81' lang='grc' dir='ltr'>καταστήματα</span> <span class='ocrx_word' id='word_1_423' title='bbox 3053 2570 3370 2641; x_wconf 87' lang='grc' dir='ltr'>διηγήματι.</span> <span class='ocrx_word' id='word_1_424' title='bbox 3404 2572 3466 2625; x_wconf 81' lang='lat' dir='ltr'><strong>El</strong></span> <span class='ocrx_word' id='word_1_425' title='bbox 3509 2574 3620 2643; x_wconf 82' lang='grc' dir='ltr'><strong>γὰρ</strong></span> <span class='ocrx_word' id='word_1_426' title='bbox 3645 2575 3780 2628; x_wconf 79' lang='grc' dir='ltr'>τάδε</span> 
     </span>
    </p>
   </div>
   <div class='ocr_carea' id='block_1_58' title="bbox 2191 2662 3782 2736">
    <p class='ocr_par' dir='ltr' id='par_1_58' title="bbox 2191 2662 3782 2736">
     <span class='ocr_line' id='line_1_58' title="bbox 2191 2662 3782 2736; baseline 0.003 -21"><span class='ocrx_word' id='word_1_427' title='bbox 2191 2663 2290 2732; x_wconf 82' lang='grc' dir='ltr'>μὲν</span> <span class='ocrx_word' id='word_1_428' title='bbox 2319 2662 2425 2715; x_wconf 83' lang='grc' dir='ltr'><strong>ὑπὸ</strong></span> <span class='ocrx_word' id='word_1_429' title='bbox 2462 2662 2726 2732; x_wconf 82' lang='grc' dir='ltr'>Ἑλλήνων</span> <span class='ocrx_word' id='word_1_430' title='bbox 2757 2663 2818 2716; x_wconf 83' lang='grc' dir='ltr'><strong>οῦ</strong></span> <span class='ocrx_word' id='word_1_431' title='bbox 2847 2664 3022 2734; x_wconf 87' lang='grc' dir='ltr'>μάτην</span> <span class='ocrx_word' id='word_1_432' title='bbox 3049 2665 3364 2736; x_wconf 86' lang='grc' dir='ltr'>ἱστόρηται,</span> <span class='ocrx_word' id='word_1_433' title='bbox 3406 2665 3474 2719; x_wconf 83' lang='grc' dir='ltr'>τὰ</span> <span class='ocrx_word' id='word_1_434' title='bbox 3497 2667 3553 2720; x_wconf 87' lang='grc' dir='ltr'><strong>δέ</strong></span> <span class='ocrx_word' id='word_1_435' title='bbox 3586 2668 3782 2732; x_wconf 82' lang='grc' dir='ltr'>καλῶς</span> 
     </span>
    </p>
   </div>
   <div class='ocr_carea' id='block_1_59' title="bbox 2191 2757 3781 2831">
    <p class='ocr_par' dir='ltr' id='par_1_59' title="bbox 2191 2757 3781 2831">
     <span class='ocr_line' id='line_1_59' title="bbox 2191 2757 3781 2831; baseline -0.001 -19"><span class='ocrx_word' id='word_1_436' title='bbox 2191 2758 2466 2831; x_wconf 75' lang='grc' dir='ltr'>περὶτῶν</span> <span class='ocrx_word' id='word_1_437' title='bbox 2520 2757 2810 2830; x_wconf 82' lang='grc' dir='ltr'>μαρτύρων</span> <span class='ocrx_word' id='word_1_438' title='bbox 2855 2757 3069 2829; x_wconf 77' lang='grc' dir='ltr'>εἴρηται</span> <span class='ocrx_word' id='word_1_439' title='bbox 3121 2757 3625 2830; x_wconf 85' lang='grc' dir='ltr'>περικαθαρμάτων</span> <span class='ocrx_word' id='word_1_440' title='bbox 3677 2758 3781 2811; x_wconf 78' lang='grc' dir='ltr'><strong>τοῦ</strong></span> 
     </span>
    </p>
   </div>
   <div class='ocr_carea' id='block_1_60' title="bbox 2189 2848 3783 2921">
    <p class='ocr_par' dir='ltr' id='par_1_60' title="bbox 2189 2848 3783 2921">
     <span class='ocr_line' id='line_1_60' title="bbox 2189 2848 3783 2921; baseline -0.002 -17"><span class='ocrx_word' id='word_1_441' title='bbox 2189 2850 2396 2921; x_wconf 89' lang='grc' dir='ltr'>κόσμου</span> <span class='ocrx_word' id='word_1_442' title='bbox 2430 2849 2728 2919; x_wconf 86' lang='grc' dir='ltr'>γινομένων</span> <span class='ocrx_word' id='word_1_443' title='bbox 2757 2850 2850 2902; x_wconf 56' lang='grc' dir='ltr'><strong>καὶ⁹</strong></span> <span class='ocrx_word' id='word_1_444' title='bbox 2889 2849 3103 2902; x_wconf 89' lang='grc' dir='ltr'>πάντων</span> <span class='ocrx_word' id='word_1_445' title='bbox 3132 2848 3418 2921; x_wconf 75' lang='grc' dir='ltr'>περίψημα</span> <span class='ocrx_word' id='word_1_446' title='bbox 3462 2849 3783 2920; x_wconf 87' lang='grc' dir='ltr'>λεγομένων</span> 
     </span>
    </p>
   </div>
   <div class='ocr_carea' id='block_1_61' title="bbox 2187 2939 3782 3012">
    <p class='ocr_par' dir='ltr' id='par_1_61' title="bbox 2187 2939 3782 3012">
     <span class='ocr_line' id='line_1_61' title="bbox 2187 2939 3782 3012; baseline -0.001 -17"><span class='ocrx_word' id='word_1_447' title='bbox 2187 2940 2275 2995; x_wconf 81' lang='grc' dir='ltr'>διὰ</span> <span class='ocrx_word' id='word_1_448' title='bbox 2301 2939 2474 2995; x_wconf 90' lang='grc' dir='ltr'>ταῦτα</span> <span class='ocrx_word' id='word_1_449' title='bbox 2505 2941 2612 2993; x_wconf 87' lang='grc' dir='ltr'><strong>τῶν</strong></span> <span class='ocrx_word' id='word_1_450' title='bbox 2639 2939 2984 3004; x_wconf 88' lang='grc' dir='ltr'>ἀποστόλων,</span> <span class='ocrx_word' id='word_1_451' title='bbox 3031 2941 3083 2992; x_wconf 89' lang='grc' dir='ltr'><strong>τί</strong></span> <span class='ocrx_word' id='word_1_452' title='bbox 3112 2941 3450 3010; x_wconf 75' lang='grc' dir='ltr'>ὑποληπτέον</span> <span class='ocrx_word' id='word_1_453' title='bbox 3479 2941 3573 2994; x_wconf 79' lang='grc' dir='ltr'>καὶ</span> <span class='ocrx_word' id='word_1_454' title='bbox 3607 2941 3782 3012; x_wconf 80' lang='grc' dir='ltr'>πηλί-</span> 
     </span>
    </p>
   </div>
   <div class='ocr_carea' id='block_1_62' title="bbox 508 3027 2080 3107">
    <p class='ocr_par' dir='ltr' id='par_1_62' title="bbox 508 3027 2080 3098">
     <span class='ocr_line' id='line_1_62' title="bbox 508 3027 2080 3098; baseline 0.003 -21"><span class='ocrx_word' id='word_1_455' title='bbox 508 3027 784 3082; x_wconf 87' lang='lat' dir='ltr'><strong>dicuntur.</strong></span> <span class='ocrx_word' id='word_1_456' title='bbox 809 3027 937 3095; x_wconf 86' lang='lat' dir='ltr'><strong>quid</strong></span> <span class='ocrx_word' id='word_1_457' title='bbox 967 3035 1020 3080; x_wconf 87' lang='lat' dir='ltr'><strong>et</strong></span> <span class='ocrx_word' id='word_1_458' title='bbox 1047 3040 1316 3096; x_wconf 85' lang='lat' dir='ltr'><strong>quantum</strong></span> <span class='ocrx_word' id='word_1_459' title='bbox 1351 3030 1694 3084; x_wconf 86' lang='lat' dir='ltr'><strong>sentiendum</strong></span> <span class='ocrx_word' id='word_1_460' title='bbox 1721 3040 1804 3084; x_wconf 86' lang='lat' dir='ltr'><strong>est</strong></span> <span class='ocrx_word' id='word_1_461' title='bbox 1837 3032 1904 3083; x_wconf 88' lang='lat' dir='ltr'><strong>de</strong></span> <span class='ocrx_word' id='word_1_462' title='bbox 1929 3029 2080 3098; x_wconf 73' lang='lat' dir='ltr'><strong>Agilo</strong></span> 
     </span>
    </p>
   </div>
   <div class='ocr_carea' id='block_1_63' title="bbox 2186 3027 3779 3107">
    <p class='ocr_par' dir='ltr' id='par_1_63' title="bbox 2186 3032 3779 3106">
     <span class='ocr_line' id='line_1_63' title="bbox 2186 3032 3779 3106; baseline -0.001 -19"><span class='ocrx_word' id='word_1_463' title='bbox 2186 3051 2282 3087; x_wconf 83' lang='lat' dir='ltr'><strong>xov</strong></span> <span class='ocrx_word' id='word_1_464' title='bbox 2312 3035 2440 3106; x_wconf 74' lang='grc' dir='ltr'>περὶ</span> <span class='ocrx_word' id='word_1_465' title='bbox 2473 3033 2568 3086; x_wconf 84' lang='grc' dir='ltr'><strong>τοῦ</strong></span> <span class='ocrx_word' id='word_1_466' title='bbox 2608 3033 2804 3104; x_wconf 87' lang='grc' dir='ltr'>Ἀμνοῦ</span> <span class='ocrx_word' id='word_1_467' title='bbox 2837 3033 2930 3086; x_wconf 88' lang='grc' dir='ltr'><strong>τοῦ</strong></span> <span class='ocrx_word' id='word_1_468' title='bbox 2959 3033 3096 3086; x_wconf 82' lang='grc' dir='ltr'>Θεοῦ</span> <span class='ocrx_word' id='word_1_469' title='bbox 3118 3072 3132 3096; x_wconf 90' lang='grc'><strong>,</strong></span> <span class='ocrx_word' id='word_1_470' title='bbox 3162 3032 3251 3086; x_wconf 83' lang='grc' dir='ltr'><strong>διὰ</strong></span> <span class='ocrx_word' id='word_1_471' title='bbox 3291 3032 3448 3086; x_wconf 89' lang='grc' dir='ltr'>τοῦτο</span> <span class='ocrx_word' id='word_1_472' title='bbox 3481 3033 3779 3103; x_wconf 80' lang='grc' dir='ltr'>θυομένου,</span> 
     </span>
    </p>
   </div>
   <div class='ocr_carea' id='block_1_64' title="bbox 510 3118 2083 3188">
    <p class='ocr_par' dir='ltr' id='par_1_64' title="bbox 510 3118 2083 3188">
     <span class='ocr_line' id='line_1_64' title="bbox 510 3118 2083 3188; baseline 0.001 -18"><span class='ocrx_word' id='word_1_473' title='bbox 510 3119 600 3171; x_wconf 91' lang='lat' dir='ltr'><strong>illo</strong></span> <span class='ocrx_word' id='word_1_474' title='bbox 627 3118 743 3181; x_wconf 91' lang='lat' dir='ltr'><strong>Dei,</strong></span> <span class='ocrx_word' id='word_1_475' title='bbox 775 3121 866 3188; x_wconf 91' lang='lat' dir='ltr'><strong>qui</strong></span> <span class='ocrx_word' id='word_1_476' title='bbox 896 3122 964 3174; x_wconf 88' lang='lat' dir='ltr'><strong>ob</strong></span> <span class='ocrx_word' id='word_1_477' title='bbox 998 3120 1137 3174; x_wconf 84' lang='lat' dir='ltr'><strong>hanc</strong></span> <span class='ocrx_word' id='word_1_478' title='bbox 1167 3135 1390 3173; x_wconf 86' lang='lat' dir='ltr'><strong>causam</strong></span> <span class='ocrx_word' id='word_1_479' title='bbox 1428 3121 1772 3174; x_wconf 76' lang='lat' dir='ltr'><strong>sacriticatur</strong></span> <span class='ocrx_word' id='word_1_480' title='bbox 1796 3160 1809 3184; x_wconf 96' lang='lat'><strong>,</strong></span> <span class='ocrx_word' id='word_1_481' title='bbox 1835 3130 1893 3172; x_wconf 94' lang='lat' dir='ltr'><strong>ut</strong></span> <span class='ocrx_word' id='word_1_482' title='bbox 1931 3119 2083 3173; x_wconf 86' lang='lat' dir='ltr'><strong>tollat</strong></span> 
     </span>
    </p>
   </div>
   <div class='ocr_carea' id='block_1_65' title="bbox 509 3210 2081 3278">
    <p class='ocr_par' dir='ltr' id='par_1_65' title="bbox 509 3210 2081 3278">
     <span class='ocr_line' id='line_1_65' title="bbox 509 3210 2081 3278; baseline 0.001 -18"><span class='ocrx_word' id='word_1_483' title='bbox 509 3217 934 3276; x_wconf 85' lang='lat' dir='ltr'><strong>peccatum,nou</strong></span> <span class='ocrx_word' id='word_1_484' title='bbox 962 3210 1389 3278; x_wconf 83' lang='lat' dir='ltr'><strong>paucorum,sed</strong></span> <span class='ocrx_word' id='word_1_485' title='bbox 1413 3211 1577 3265; x_wconf 87' lang='lat' dir='ltr'><strong>totius</strong></span> <span class='ocrx_word' id='word_1_486' title='bbox 1601 3212 1782 3264; x_wconf 90' lang='lat' dir='ltr'><strong>mundi</strong></span> <span class='ocrx_word' id='word_1_487' title='bbox 1803 3252 1815 3270; x_wconf 85' lang='lat'><strong><em>.</em></strong></span> <span class='ocrx_word' id='word_1_488' title='bbox 1849 3226 1946 3278; x_wconf 89' lang='lat' dir='ltr'><strong>pro</strong></span> <span class='ocrx_word' id='word_1_489' title='bbox 1975 3226 2081 3277; x_wconf 91' lang='lat' dir='ltr'><strong>quo</strong></span> 
     </span>
    </p>
   </div>
   <div class='ocr_carea' id='block_1_66' title="bbox 506 3302 2084 3372">
    <p class='ocr_par' dir='ltr' id='par_1_66' title="bbox 506 3302 2084 3372">
     <span class='ocr_line' id='line_1_66' title="bbox 506 3302 2084 3372; baseline 0.001 -16"><span class='ocrx_word' id='word_1_490' title='bbox 506 3314 560 3356; x_wconf 85' lang='lat' dir='ltr'><strong>et</strong></span> <span class='ocrx_word' id='word_1_491' title='bbox 590 3318 776 3371; x_wconf 89' lang='lat' dir='ltr'><strong>passus</strong></span> <span class='ocrx_word' id='word_1_492' title='bbox 807 3303 924 3357; x_wconf 87' lang='lat' dir='ltr'><strong>est?</strong></span> <span class='ocrx_word' id='word_1_493' title='bbox 963 3323 980 3354; x_wconf 83' lang='grc' dir='ltr'>ι</span> <span class='ocrx_word' id='word_1_494' title='bbox 1015 3302 1272 3369; x_wconf 80' lang='lat' dir='ltr'><strong>Quamvis</strong></span> <span class='ocrx_word' id='word_1_495' title='bbox 1308 3304 1448 3356; x_wconf 84' lang='lat' dir='ltr'><strong>enim</strong></span> <span class='ocrx_word' id='word_1_496' title='bbox 1509 3315 1692 3372; x_wconf 84' lang='lat' dir='ltr'><strong>peccet</strong></span> <span class='ocrx_word' id='word_1_497' title='bbox 1728 3303 1944 3372; x_wconf 77' lang='lat' dir='ltr'><strong>aliquis,</strong></span> <span class='ocrx_word' id='word_1_498' title='bbox 1989 3305 2084 3357; x_wconf 87' lang='lat' dir='ltr'><strong>ad-</strong></span> 
     </span>
    </p>
   </div>
   <div class='ocr_carea' id='block_1_67' title="bbox 507 3391 2079 3464">
    <p class='ocr_par' dir='ltr' id='par_1_67' title="bbox 507 3391 2079 3464">
     <span class='ocr_line' id='line_1_67' title="bbox 507 3391 2079 3464; baseline -0.001 -18"><span class='ocrx_word' id='word_1_499' title='bbox 507 3405 752 3448; x_wconf 83' lang='lat' dir='ltr'><strong>vocatum</strong></span> <span class='ocrx_word' id='word_1_500' title='bbox 785 3395 1046 3449; x_wconf 84' lang='lat' dir='ltr'><strong>habemus</strong></span> <span class='ocrx_word' id='word_1_501' title='bbox 1063 3395 1203 3464; x_wconf 91' lang='lat' dir='ltr'><strong>apud</strong></span> <span class='ocrx_word' id='word_1_502' title='bbox 1238 3393 1454 3448; x_wconf 81' lang='lat' dir='ltr'><strong>Patrem</strong></span> <span class='ocrx_word' id='word_1_503' title='bbox 1481 3391 1960 3449; x_wconf 81' lang='lat' dir='ltr'><strong>JesumChristum</strong></span> <span class='ocrx_word' id='word_1_504' title='bbox 1987 3395 2079 3462; x_wconf 87' lang='lat' dir='ltr'><strong>ju-</strong></span> 
     </span>
    </p>
   </div>
   <div class='ocr_carea' id='block_1_68' title="bbox 507 3485 2082 3556">
    <p class='ocr_par' dir='ltr' id='par_1_68' title="bbox 507 3485 2082 3556">
     <span class='ocr_line' id='line_1_68' title="bbox 507 3485 2082 3556; baseline -0.002 -16"><span class='ocrx_word' id='word_1_505' title='bbox 507 3497 647 3540; x_wconf 89' lang='lat' dir='ltr'><strong>stum</strong></span> <span class='ocrx_word' id='word_1_506' title='bbox 671 3503 685 3552; x_wconf 90' lang='lat'><strong>;</strong></span> <span class='ocrx_word' id='word_1_507' title='bbox 729 3485 884 3556; x_wconf 78' lang='lat'><strong>155</strong></span> <span class='ocrx_word' id='word_1_508' title='bbox 915 3497 969 3540; x_wconf 90' lang='lat' dir='ltr'><strong>et</strong></span> <span class='ocrx_word' id='word_1_509' title='bbox 996 3488 1108 3555; x_wconf 89' lang='lat' dir='ltr'><strong>ipse</strong></span> <span class='ocrx_word' id='word_1_510' title='bbox 1135 3487 1446 3556; x_wconf 88' lang='lat' dir='ltr'><strong>propitiatio</strong></span> <span class='ocrx_word' id='word_1_511' title='bbox 1471 3497 1554 3540; x_wconf 84' lang='lat' dir='ltr'><strong>est</strong></span> <span class='ocrx_word' id='word_1_512' title='bbox 1585 3501 1682 3555; x_wconf 91' lang='lat' dir='ltr'><strong>pro</strong></span> <span class='ocrx_word' id='word_1_513' title='bbox 1715 3485 1952 3555; x_wconf 88' lang='lat' dir='ltr'><strong>peccatis</strong></span> <span class='ocrx_word' id='word_1_514' title='bbox 1981 3503 2082 3538; x_wconf 82' lang='lat' dir='ltr'><strong>uu-</strong></span> 
     </span>
    </p>
   </div>
   <div class='ocr_carea' id='block_1_69' title="bbox 505 3579 2082 3647">
    <p class='ocr_par' dir='ltr' id='par_1_69' title="bbox 505 3579 2082 3647">
     <span class='ocr_line' id='line_1_69' title="bbox 505 3579 2082 3647; baseline 0.001 -15"><span class='ocrx_word' id='word_1_515' title='bbox 505 3580 634 3633; x_wconf 86' lang='lat' dir='ltr'><strong>stris</strong></span> <span class='ocrx_word' id='word_1_516' title='bbox 667 3595 682 3634; x_wconf 86' lang='lat'><strong>:</strong></span> <span class='ocrx_word' id='word_1_517' title='bbox 709 3597 813 3632; x_wconf 87' lang='lat' dir='ltr'><strong>non</strong></span> <span class='ocrx_word' id='word_1_518' title='bbox 845 3594 943 3647; x_wconf 89' lang='lat' dir='ltr'><strong>pro</strong></span> <span class='ocrx_word' id='word_1_519' title='bbox 974 3581 1173 3633; x_wconf 90' lang='lat' dir='ltr'><strong>nostris</strong></span> <span class='ocrx_word' id='word_1_520' title='bbox 1206 3591 1386 3634; x_wconf 87' lang='lat' dir='ltr'><strong>autem</strong></span> <span class='ocrx_word' id='word_1_521' title='bbox 1413 3589 1642 3641; x_wconf 87' lang='lat' dir='ltr'><strong>tantum.</strong></span> <span class='ocrx_word' id='word_1_522' title='bbox 1668 3579 1761 3632; x_wconf 87' lang='lat' dir='ltr'><strong>sed</strong></span> <span class='ocrx_word' id='word_1_523' title='bbox 1788 3579 1947 3631; x_wconf 84' lang='lat' dir='ltr'><strong>etiam</strong></span> <span class='ocrx_word' id='word_1_524' title='bbox 1984 3595 2082 3646; x_wconf 88' lang='lat' dir='ltr'><strong>pro</strong></span> 
     </span>
    </p>
   </div>
   <div class='ocr_carea' id='block_1_70' title="bbox 509 3668 2078 3739">
    <p class='ocr_par' dir='ltr' id='par_1_70' title="bbox 509 3668 2078 3739">
     <span class='ocr_line' id='line_1_70' title="bbox 509 3668 2078 3739; baseline 0.001 -18"><span class='ocrx_word' id='word_1_525' title='bbox 509 3668 673 3722; x_wconf 65' lang='lat' dir='ltr'><strong>torius</strong></span> <span class='ocrx_word' id='word_1_526' title='bbox 725 3669 906 3722; x_wconf 85' lang='lat' dir='ltr'><strong>nutndi</strong></span> <span class='ocrx_word' id='word_1_527' title='bbox 935 3668 1016 3735; x_wconf 67' lang='grc' dir='ltr'>ης</span> <span class='ocrx_word' id='word_1_528' title='bbox 1050 3688 1067 3721; x_wconf 85' lang='grc' dir='ltr'>ι</span> <span class='ocrx_word' id='word_1_529' title='bbox 1105 3671 1359 3739; x_wconf 91' lang='lat' dir='ltr'><strong>quoniam</strong></span> <span class='ocrx_word' id='word_1_530' title='bbox 1396 3689 1414 3720; x_wconf 77' lang='grc' dir='ltr'>ι</span> <span class='ocrx_word' id='word_1_531' title='bbox 1442 3670 1703 3724; x_wconf 81' lang='lat' dir='ltr'><strong>Set-valor</strong></span> <span class='ocrx_word' id='word_1_532' title='bbox 1727 3679 1806 3724; x_wconf 89' lang='lat' dir='ltr'><strong>est</strong></span> <span class='ocrx_word' id='word_1_533' title='bbox 1838 3670 2078 3723; x_wconf 87' lang='lat' dir='ltr'><strong>omnimn</strong></span> 
     </span>
    </p>
   </div>
   <div class='ocr_carea' id='block_1_71' title="bbox 508 3759 2079 3829">
    <p class='ocr_par' dir='ltr' id='par_1_71' title="bbox 508 3759 2079 3829">
     <span class='ocr_line' id='line_1_71' title="bbox 508 3759 2079 3829; baseline 0.003 -19"><span class='ocrx_word' id='word_1_534' title='bbox 508 3760 786 3813; x_wconf 86' lang='lat' dir='ltr'><strong>hominum</strong></span> <span class='ocrx_word' id='word_1_535' title='bbox 817 3800 832 3824; x_wconf 92' lang='lat'><strong>,</strong></span> <span class='ocrx_word' id='word_1_536' title='bbox 863 3769 915 3813; x_wconf 88' lang='lat' dir='ltr'><strong>et</strong></span> <span class='ocrx_word' id='word_1_537' title='bbox 945 3761 1179 3814; x_wconf 76' lang='lat' dir='ltr'><strong>maxime</strong></span> <span class='ocrx_word' id='word_1_538' title='bbox 1206 3759 1442 3816; x_wconf 82' lang='lat' dir='ltr'><strong>fidelium</strong></span> <span class='ocrx_word' id='word_1_539' title='bbox 1471 3761 1512 3793; x_wconf 83' lang='grc'><strong>¹⁹</strong></span> <span class='ocrx_word' id='word_1_540' title='bbox 1547 3779 1562 3815; x_wconf 88' lang='lat'>:</span> <span class='ocrx_word' id='word_1_541' title='bbox 1599 3780 1617 3812; x_wconf 85' lang='grc' dir='ltr'>ι</span> <span class='ocrx_word' id='word_1_542' title='bbox 1659 3761 1746 3829; x_wconf 90' lang='lat' dir='ltr'><strong>qui</strong></span> <span class='ocrx_word' id='word_1_543' title='bbox 1777 3775 1876 3815; x_wconf 89' lang='lat' dir='ltr'><strong>suo</strong></span> <span class='ocrx_word' id='word_1_544' title='bbox 1913 3761 2079 3829; x_wconf 86' lang='lat' dir='ltr'><strong>ipsius</strong></span> 
     </span>
    </p>
   </div>
   <div class='ocr_carea' id='block_1_72' title="bbox 505 3845 2072 3928">
    <p class='ocr_par' dir='ltr' id='par_1_72' title="bbox 505 3845 2072 3928">
     <span class='ocr_line' id='line_1_72' title="bbox 505 3845 2072 3928; baseline 0 -26"><span class='ocrx_word' id='word_1_545' title='bbox 505 3851 766 3916; x_wconf 77' lang='lat' dir='ltr'><strong>sanguine</strong></span> <span class='ocrx_word' id='word_1_546' title='bbox 803 3869 820 3900; x_wconf 82' lang='grc' dir='ltr'>ι</span> <span class='ocrx_word' id='word_1_547' title='bbox 857 3845 1302 3928; x_wconf 73' lang='lat' dir='ltr'><strong>chirographum,</strong></span> <span class='ocrx_word' id='word_1_548' title='bbox 1325 3851 1468 3920; x_wconf 91' lang='lat' dir='ltr'><strong>quod</strong></span> <span class='ocrx_word' id='word_1_549' title='bbox 1505 3853 1767 3904; x_wconf 84' lang='lat' dir='ltr'><strong>adversus</strong></span> <span class='ocrx_word' id='word_1_550' title='bbox 1810 3864 1907 3904; x_wconf 90' lang='lat' dir='ltr'><strong>nos</strong></span> <span class='ocrx_word' id='word_1_551' title='bbox 1931 3860 2072 3911; x_wconf 83' lang='lat' dir='ltr'><strong>erat.</strong></span> 
     </span>
    </p>
   </div>
   <div class='ocr_carea' id='block_1_73' title="bbox 505 3939 2072 4008">
    <p class='ocr_par' dir='ltr' id='par_1_73' title="bbox 505 3939 2072 4008">
     <span class='ocr_line' id='line_1_73' title="bbox 505 3939 2072 4008; baseline 0.003 -18"><span class='ocrx_word' id='word_1_552' title='bbox 505 3939 731 4000; x_wconf 87' lang='lat' dir='ltr'><strong>delevit,</strong></span> <span class='ocrx_word' id='word_1_553' title='bbox 765 3949 819 3991; x_wconf 84' lang='lat' dir='ltr'><strong>et</strong></span> <span class='ocrx_word' id='word_1_554' title='bbox 853 3939 980 3992; x_wconf 91' lang='lat' dir='ltr'><strong>illud</strong></span> <span class='ocrx_word' id='word_1_555' title='bbox 1007 3940 1227 3993; x_wconf 81' lang='lat' dir='ltr'><strong>sustulit</strong></span> <span class='ocrx_word' id='word_1_556' title='bbox 1253 3956 1284 3994; x_wconf 91' lang='lat' dir='ltr'><strong>e</strong></span> <span class='ocrx_word' id='word_1_557' title='bbox 1307 3941 1501 4007; x_wconf 90' lang='lat' dir='ltr'><strong>medio,</strong></span> <span class='ocrx_word' id='word_1_558' title='bbox 1525 3953 1577 3998; x_wconf 86' lang='lat' dir='ltr'><strong>et</strong></span> <span class='ocrx_word' id='word_1_559' title='bbox 1599 3941 1763 3997; x_wconf 77' lang='lat' dir='ltr'><strong>aiiixit</strong></span> <span class='ocrx_word' id='word_1_560' title='bbox 1784 3943 1929 3998; x_wconf 91' lang='lat' dir='ltr'><strong>cruci</strong></span> <span class='ocrx_word' id='word_1_561' title='bbox 1955 3942 2022 4008; x_wconf 73' lang='grc'><strong>³⁸,</strong></span> <span class='ocrx_word' id='word_1_562' title='bbox 2054 3962 2072 3994; x_wconf 73' lang='grc' dir='ltr'>ι</span> 
     </span>
    </p>
   </div>
   <div class='ocr_carea' id='block_1_74' title="bbox 506 4029 2072 4100">
    <p class='ocr_par' dir='ltr' id='par_1_74' title="bbox 506 4029 2072 4100">
     <span class='ocr_line' id='line_1_74' title="bbox 506 4029 2072 4100; baseline 0.001 -18"><span class='ocrx_word' id='word_1_563' title='bbox 506 4038 564 4082; x_wconf 85' lang='grc' dir='ltr'><strong>ιιι</strong></span> <span class='ocrx_word' id='word_1_564' title='bbox 593 4043 660 4082; x_wconf 87' lang='lat' dir='ltr'><strong>ue</strong></span> <span class='ocrx_word' id='word_1_565' title='bbox 690 4029 914 4098; x_wconf 86' lang='lat' dir='ltr'><strong>vestigia</strong></span> <span class='ocrx_word' id='word_1_566' title='bbox 963 4029 1186 4099; x_wconf 87' lang='lat' dir='ltr'><strong>quidem</strong></span> <span class='ocrx_word' id='word_1_567' title='bbox 1243 4039 1591 4092; x_wconf 83' lang='lat' dir='ltr'><strong>peccatorum</strong></span> <span class='ocrx_word' id='word_1_568' title='bbox 1645 4040 2072 4100; x_wconf 86' lang='lat' dir='ltr'><strong>perpetratorum</strong></span> 
     </span>
    </p>
   </div>
   <div class='ocr_carea' id='block_1_75' title="bbox 511 4119 2077 4191">
    <p class='ocr_par' dir='ltr' id='par_1_75' title="bbox 511 4119 2077 4191">
     <span class='ocr_line' id='line_1_75' title="bbox 511 4119 2077 4191; baseline 0.002 -16"><span class='ocrx_word' id='word_1_569' title='bbox 511 4122 857 4176; x_wconf 88' lang='lat' dir='ltr'><strong>inveniantur</strong></span> <span class='ocrx_word' id='word_1_570' title='bbox 890 4138 904 4174; x_wconf 89' lang='lat'><strong>:</strong></span> <span class='ocrx_word' id='word_1_571' title='bbox 939 4122 1028 4190; x_wconf 93' lang='lat' dir='ltr'><strong>qui</strong></span> <span class='ocrx_word' id='word_1_572' title='bbox 1064 4139 1082 4172; x_wconf 77' lang='grc' dir='ltr'>ι</span> <span class='ocrx_word' id='word_1_573' title='bbox 1117 4119 1430 4190; x_wconf 73' lang='lat' dir='ltr'><strong>exspolians</strong></span> <span class='ocrx_word' id='word_1_574' title='bbox 1459 4122 1798 4189; x_wconf 84' lang='lat' dir='ltr'><strong>principatus</strong></span> <span class='ocrx_word' id='word_1_575' title='bbox 1829 4140 1890 4176; x_wconf 89' lang='lat' dir='ltr'><strong>ac</strong></span> <span class='ocrx_word' id='word_1_576' title='bbox 1922 4135 2077 4191; x_wconf 87' lang='lat' dir='ltr'><strong>pote-</strong></span> 
     </span>
    </p>
   </div>
   <div class='ocr_carea' id='block_1_76' title="bbox 609 4273 1594 4346">
    <p class='ocr_par' dir='ltr' id='par_1_76' title="bbox 609 4273 1594 4346">
     <span class='ocr_line' id='line_1_76' title="bbox 609 4273 1594 4346; baseline -0.016 -6"><span class='ocrx_word' id='word_1_577' title='bbox 609 4287 652 4317; x_wconf 80' lang='lat'><strong>&quot;</strong></span> <span class='ocrx_word' id='word_1_578' title='bbox 681 4285 782 4339; x_wconf 85' lang='lat' dir='ltr'><strong>lsa.</strong></span> <span class='ocrx_word' id='word_1_579' title='bbox 813 4299 862 4346; x_wconf 79' lang='grc' dir='ltr'><strong>ι,</strong></span> <span class='ocrx_word' id='word_1_580' title='bbox 892 4296 970 4341; x_wconf 84' lang='grc' dir='ltr'>ιιι,</span> <span class='ocrx_word' id='word_1_581' title='bbox 1005 4280 1056 4332; x_wconf 87' lang='lat'><strong>7.</strong></span> <span class='ocrx_word' id='word_1_582' title='bbox 1133 4275 1174 4308; x_wconf 82' lang='lat'>”</span> <span class='ocrx_word' id='word_1_583' title='bbox 1201 4275 1222 4328; x_wconf 83' lang='grc' dir='ltr'>Ι</span> <span class='ocrx_word' id='word_1_584' title='bbox 1247 4273 1371 4329; x_wconf 89' lang='lat' dir='ltr'><strong>Cor.</strong></span> <span class='ocrx_word' id='word_1_585' title='bbox 1406 4289 1475 4339; x_wconf 88' lang='lat' dir='ltr'><strong>tv,</strong></span> <span class='ocrx_word' id='word_1_586' title='bbox 1509 4273 1594 4326; x_wconf 73' lang='lat' dir='ltr'><strong>i3.</strong></span> 
     </span>
    </p>
   </div>
   <div class='ocr_carea' id='block_1_77' title="bbox 1674 4269 2200 4341">
    <p class='ocr_par' dir='ltr' id='par_1_77' title="bbox 1674 4269 2200 4341">
     <span class='ocr_line' id='line_1_77' title="bbox 1674 4269 2200 4341; baseline 0.004 -16"><span class='ocrx_word' id='word_1_587' title='bbox 1674 4272 1716 4302; x_wconf 79' lang='grc'><strong>⁸⁸</strong></span> <span class='ocrx_word' id='word_1_588' title='bbox 1739 4279 1759 4325; x_wconf 86' lang='grc' dir='ltr'><strong>ι</strong></span> <span class='ocrx_word' id='word_1_589' title='bbox 1781 4275 1934 4326; x_wconf 84' lang='lat' dir='ltr'><strong>Joan.</strong></span> <span class='ocrx_word' id='word_1_590' title='bbox 1977 4289 2036 4340; x_wconf 88' lang='grc' dir='ltr'>ιι,</span> <span class='ocrx_word' id='word_1_591' title='bbox 2067 4269 2118 4341; x_wconf 73' lang='grc' dir='ltr'>Ι,</span> <span class='ocrx_word' id='word_1_592' title='bbox 2145 4275 2200 4329; x_wconf 77' lang='lat'><strong>2.</strong></span> 
     </span>
    </p>
   </div>
   <div class='ocr_carea' id='block_1_78' title="bbox 2189 3121 3779 3196">
    <p class='ocr_par' dir='ltr' id='par_1_78' title="bbox 2189 3121 3779 3196">
     <span class='ocr_line' id='line_1_78' title="bbox 2189 3121 3779 3196; baseline 0.001 -20"><span class='ocrx_word' id='word_1_593' title='bbox 2189 3124 2272 3178; x_wconf 79' lang='grc' dir='ltr'><strong>ἵνα</strong></span> <span class='ocrx_word' id='word_1_594' title='bbox 2306 3124 2413 3196; x_wconf 78' lang='grc' dir='ltr'><strong>ἄρῃ</strong></span> <span class='ocrx_word' id='word_1_595' title='bbox 2442 3123 2716 3193; x_wconf 86' lang='grc' dir='ltr'>ἁμαρτίαν</span> <span class='ocrx_word' id='word_1_596' title='bbox 2746 3124 2847 3176; x_wconf 81' lang='grc' dir='ltr'><strong>οὐκ</strong></span> <span class='ocrx_word' id='word_1_597' title='bbox 2873 3122 3091 3192; x_wconf 87' lang='grc' dir='ltr'>όλίγων,</span> <span class='ocrx_word' id='word_1_598' title='bbox 3119 3122 3232 3176; x_wconf 86' lang='grc' dir='ltr'>ἀλλ’</span> <span class='ocrx_word' id='word_1_599' title='bbox 3266 3122 3388 3176; x_wconf 82' lang='grc' dir='ltr'>ὅλου</span> <span class='ocrx_word' id='word_1_600' title='bbox 3415 3121 3509 3176; x_wconf 90' lang='grc' dir='ltr'><strong>τοῦ</strong></span> <span class='ocrx_word' id='word_1_601' title='bbox 3537 3123 3779 3191; x_wconf 79' lang='grc' dir='ltr'>κόσμου,</span> 
     </span>
    </p>
   </div>
   <div class='ocr_carea' id='block_1_79' title="bbox 2188 3209 3783 3288">
    <p class='ocr_par' dir='ltr' id='par_1_79' title="bbox 2188 3209 3783 3288">
     <span class='ocr_line' id='line_1_79' title="bbox 2188 3209 3783 3288; baseline -0.001 -20"><span class='ocrx_word' id='word_1_602' title='bbox 2188 3215 2330 3288; x_wconf 77' lang='grc' dir='ltr'>ὑπὲρ</span> <span class='ocrx_word' id='word_1_603' title='bbox 2347 3209 2408 3268; x_wconf 81' lang='grc' dir='ltr'><strong>οῦ</strong></span> <span class='ocrx_word' id='word_1_604' title='bbox 2425 3215 2517 3269; x_wconf 81' lang='grc' dir='ltr'>καὶ</span> <span class='ocrx_word' id='word_1_605' title='bbox 2529 3214 2763 3268; x_wconf 86' lang='grc' dir='ltr'>πέπονθε</span> <span class='ocrx_word' id='word_1_606' title='bbox 2783 3231 2798 3279; x_wconf 89' lang='grc'>;</span> <span class='ocrx_word' id='word_1_607' title='bbox 2825 3233 2842 3264; x_wconf 81' lang='grc' dir='ltr'>ι</span> <span class='ocrx_word' id='word_1_608' title='bbox 2870 3213 2987 3267; x_wconf 78' lang='grc' dir='ltr'><strong>Κᾶν</strong></span> <span class='ocrx_word' id='word_1_609' title='bbox 3009 3213 3117 3284; x_wconf 88' lang='grc' dir='ltr'><strong>γάρ</strong></span> <span class='ocrx_word' id='word_1_610' title='bbox 3132 3231 3215 3277; x_wconf 82' lang='grc' dir='ltr'><strong>τις</strong></span> <span class='ocrx_word' id='word_1_611' title='bbox 3235 3214 3478 3288; x_wconf 77' lang='grc' dir='ltr'>ἁμάρτῃ,</span> <span class='ocrx_word' id='word_1_612' title='bbox 3492 3216 3708 3286; x_wconf 72' lang='grc' dir='ltr'>παράκῖ</span> <span class='ocrx_word' id='word_1_613' title='bbox 3723 3233 3783 3288; x_wconf 68' lang='lat' dir='ltr'><strong>q-</strong></span> 
     </span>
    </p>
   </div>
   <div class='ocr_carea' id='block_1_80' title="bbox 2187 3304 3775 3377">
    <p class='ocr_par' dir='ltr' id='par_1_80' title="bbox 2187 3304 3775 3377">
     <span class='ocr_line' id='line_1_80' title="bbox 2187 3304 3775 3377; baseline -0.001 -17"><span class='ocrx_word' id='word_1_614' title='bbox 2187 3324 2276 3360; x_wconf 90' lang='grc' dir='ltr'><strong>τον</strong></span> <span class='ocrx_word' id='word_1_615' title='bbox 2305 3305 2502 3376; x_wconf 79' lang='grc' dir='ltr'>ἔχομεν</span> <span class='ocrx_word' id='word_1_616' title='bbox 2526 3305 2662 3376; x_wconf 84' lang='grc' dir='ltr'>πρὸς</span> <span class='ocrx_word' id='word_1_617' title='bbox 2680 3305 2770 3358; x_wconf 80' lang='grc' dir='ltr'><strong>τὸν</strong></span> <span class='ocrx_word' id='word_1_618' title='bbox 2792 3305 3011 3376; x_wconf 79' lang='grc' dir='ltr'>Πατέρα</span> <span class='ocrx_word' id='word_1_619' title='bbox 3051 3304 3256 3375; x_wconf 87' lang='grc' dir='ltr'>Ἰησοῦν</span> <span class='ocrx_word' id='word_1_620' title='bbox 3271 3304 3501 3377; x_wconf 70' lang='grc' dir='ltr'>Χριστὸν</span> <span class='ocrx_word' id='word_1_621' title='bbox 3535 3306 3775 3370; x_wconf 80' lang='grc' dir='ltr'>δίκαιον,</span> 
     </span>
    </p>
   </div>
   <div class='ocr_carea' id='block_1_81' title="bbox 2189 3394 3777 3466">
    <p class='ocr_par' dir='ltr' id='par_1_81' title="bbox 2189 3394 3777 3466">
     <span class='ocr_line' id='line_1_81' title="bbox 2189 3394 3777 3466; baseline -0.001 -16"><span class='ocrx_word' id='word_1_622' title='bbox 2189 3398 2282 3450; x_wconf 61' lang='grc' dir='ltr'><strong>κοιλ¹</strong></span> <span class='ocrx_word' id='word_1_623' title='bbox 2331 3396 2492 3460; x_wconf 68' lang='grc' dir='ltr'>αὐτὸς</span> <span class='ocrx_word' id='word_1_624' title='bbox 2528 3395 2749 3466; x_wconf 81' lang='grc' dir='ltr'>ἱλασμός</span> <span class='ocrx_word' id='word_1_625' title='bbox 2783 3396 2898 3448; x_wconf 87' lang='grc' dir='ltr'>ἐστι</span> <span class='ocrx_word' id='word_1_626' title='bbox 2950 3395 3077 3465; x_wconf 75' lang='grc' dir='ltr'>περὶ</span> <span class='ocrx_word' id='word_1_627' title='bbox 3116 3394 3226 3447; x_wconf 89' lang='grc' dir='ltr'><strong>τῶν</strong></span> <span class='ocrx_word' id='word_1_628' title='bbox 3257 3394 3541 3464; x_wconf 82' lang='grc' dir='ltr'>ἁμαρτιῶν</span> <span class='ocrx_word' id='word_1_629' title='bbox 3572 3397 3777 3466; x_wconf 62' lang='grc' dir='ltr'>ἡμῶν</span> 
     </span>
    </p>
   </div>
   <div class='ocr_carea' id='block_1_82' title="bbox 2184 3485 3778 3556">
    <p class='ocr_par' dir='ltr' id='par_1_82' title="bbox 2184 3485 3778 3556">
     <span class='ocr_line' id='line_1_82' title="bbox 2184 3485 3778 3556; baseline 0 -16"><span class='ocrx_word' id='word_1_630' title='bbox 2184 3487 2284 3540; x_wconf 83' lang='grc' dir='ltr'><strong>οὐκ</strong></span> <span class='ocrx_word' id='word_1_631' title='bbox 2313 3487 2405 3540; x_wconf 76' lang='grc' dir='ltr'>ἐπὶ</span> <span class='ocrx_word' id='word_1_632' title='bbox 2435 3486 2541 3539; x_wconf 89' lang='grc' dir='ltr'><strong>τῶν</strong></span> <span class='ocrx_word' id='word_1_633' title='bbox 2574 3485 2856 3556; x_wconf 80' lang='grc' dir='ltr'>ἡμετέρων</span> <span class='ocrx_word' id='word_1_634' title='bbox 2884 3485 2940 3538; x_wconf 81' lang='grc' dir='ltr'>δὲ</span> <span class='ocrx_word' id='word_1_635' title='bbox 2971 3485 3148 3555; x_wconf 90' lang='grc' dir='ltr'>μόνον,</span> <span class='ocrx_word' id='word_1_636' title='bbox 3189 3485 3323 3538; x_wconf 85' lang='grc' dir='ltr'><strong>ἀλλά</strong></span> <span class='ocrx_word' id='word_1_637' title='bbox 3358 3485 3607 3556; x_wconf 71' lang='grc' dir='ltr'>καὶπερὶ</span> <span class='ocrx_word' id='word_1_638' title='bbox 3648 3487 3778 3540; x_wconf 83' lang='grc' dir='ltr'>ὅλου</span> 
     </span>
    </p>
   </div>
   <div class='ocr_carea' id='block_1_83' title="bbox 2182 3576 3776 3648">
    <p class='ocr_par' dir='ltr' id='par_1_83' title="bbox 2182 3576 3776 3648">
     <span class='ocr_line' id='line_1_83' title="bbox 2182 3576 3776 3648; baseline 0.003 -21"><span class='ocrx_word' id='word_1_639' title='bbox 2182 3576 2278 3628; x_wconf 88' lang='grc' dir='ltr'><strong>τοῦ</strong></span> <span class='ocrx_word' id='word_1_640' title='bbox 2313 3577 2549 3646; x_wconf 79' lang='grc' dir='ltr'>κόσμου’</span> <span class='ocrx_word' id='word_1_641' title='bbox 2585 3595 2602 3628; x_wconf 84' lang='grc' dir='ltr'>ι</span> <span class='ocrx_word' id='word_1_642' title='bbox 2638 3577 2760 3629; x_wconf 78' lang='grc' dir='ltr'>ἐπεὶ</span> <span class='ocrx_word' id='word_1_643' title='bbox 2793 3595 2810 3626; x_wconf 81' lang='grc' dir='ltr'>ι</span> <span class='ocrx_word' id='word_1_644' title='bbox 2847 3577 3037 3647; x_wconf 85' lang='grc' dir='ltr'>Σωτήρ</span> <span class='ocrx_word' id='word_1_645' title='bbox 3068 3577 3182 3628; x_wconf 80' lang='grc' dir='ltr'>ἐστι</span> <span class='ocrx_word' id='word_1_646' title='bbox 3208 3577 3422 3630; x_wconf 81' lang='grc' dir='ltr'>πάντων</span> <span class='ocrx_word' id='word_1_647' title='bbox 3437 3576 3776 3648; x_wconf 80' lang='grc' dir='ltr'>ἀνθρώπων,</span> 
     </span>
    </p>
   </div>
   <div class='ocr_carea' id='block_1_84' title="bbox 2185 3665 3779 3739">
    <p class='ocr_par' dir='ltr' id='par_1_84' title="bbox 2185 3665 3779 3739">
     <span class='ocr_line' id='line_1_84' title="bbox 2185 3665 3779 3739; baseline 0.001 -19"><span class='ocrx_word' id='word_1_648' title='bbox 2185 3667 2278 3720; x_wconf 74' lang='grc' dir='ltr'>καὶ</span> <span class='ocrx_word' id='word_1_649' title='bbox 2314 3667 2549 3738; x_wconf 88' lang='grc' dir='ltr'>μάλιστα</span> <span class='ocrx_word' id='word_1_650' title='bbox 2579 3665 2784 3720; x_wconf 81' lang='grc' dir='ltr'>πιστῶν</span> <span class='ocrx_word' id='word_1_651' title='bbox 2802 3683 2814 3696; x_wconf 87' lang='grc'><strong>·</strong></span> <span class='ocrx_word' id='word_1_652' title='bbox 2847 3667 2876 3719; x_wconf 85' lang='grc' dir='ltr'><strong>ό</strong></span> <span class='ocrx_word' id='word_1_653' title='bbox 2910 3665 3195 3736; x_wconf 76' lang='grc' dir='ltr'>ἐξαλείψας</span> <span class='ocrx_word' id='word_1_654' title='bbox 3231 3668 3293 3720; x_wconf 84' lang='grc' dir='ltr'><strong>τὸ</strong></span> <span class='ocrx_word' id='word_1_655' title='bbox 3321 3667 3442 3721; x_wconf 81' lang='grc' dir='ltr'>καθ’</span> <span class='ocrx_word' id='word_1_656' title='bbox 3468 3669 3627 3738; x_wconf 74' lang='grc' dir='ltr'>ἡμῶν</span> <span class='ocrx_word' id='word_1_657' title='bbox 3655 3687 3779 3739; x_wconf 81' lang='grc' dir='ltr'>χει-</span> 
     </span>
    </p>
   </div>
   <div class='ocr_carea' id='block_1_85' title="bbox 2185 3759 3779 3832">
    <p class='ocr_par' dir='ltr' id='par_1_85' title="bbox 2185 3759 3779 3832">
     <span class='ocr_line' id='line_1_85' title="bbox 2185 3759 3779 3832; baseline 0.001 -19"><span class='ocrx_word' id='word_1_658' title='bbox 2185 3760 2459 3832; x_wconf 81' lang='grc' dir='ltr'>ρόγραφον</span> <span class='ocrx_word' id='word_1_659' title='bbox 2484 3780 2501 3811; x_wconf 82' lang='grc' dir='ltr'>ι</span> <span class='ocrx_word' id='word_1_660' title='bbox 2539 3759 2618 3830; x_wconf 83' lang='grc' dir='ltr'>τῷ</span> <span class='ocrx_word' id='word_1_661' title='bbox 2651 3760 2844 3814; x_wconf 77' lang='grc' dir='ltr'>ἑαυτοῦ</span> <span class='ocrx_word' id='word_1_662' title='bbox 2897 3760 3130 3831; x_wconf 82' lang='grc' dir='ltr'>αἵματι,</span> <span class='ocrx_word' id='word_1_663' title='bbox 3171 3779 3189 3810; x_wconf 80' lang='grc' dir='ltr'>ι</span> <span class='ocrx_word' id='word_1_664' title='bbox 3221 3761 3318 3814; x_wconf 77' lang='grc' dir='ltr'>καὶ</span> <span class='ocrx_word' id='word_1_665' title='bbox 3361 3760 3500 3832; x_wconf 80' lang='grc' dir='ltr'>ἄρας</span> <span class='ocrx_word' id='word_1_666' title='bbox 3531 3760 3666 3815; x_wconf 80' lang='grc' dir='ltr'>αὐτὸ</span> <span class='ocrx_word' id='word_1_667' title='bbox 3707 3765 3779 3816; x_wconf 83' lang='grc' dir='ltr'><strong>ἐκ</strong></span> 
     </span>
    </p>
   </div>
   <div class='ocr_carea' id='block_1_86' title="bbox 2180 3850 3780 3922">
    <p class='ocr_par' dir='ltr' id='par_1_86' title="bbox 2180 3850 3780 3922">
     <span class='ocr_line' id='line_1_86' title="bbox 2180 3850 3780 3922; baseline 0.003 -20"><span class='ocrx_word' id='word_1_668' title='bbox 2180 3850 2273 3903; x_wconf 87' lang='grc' dir='ltr'><strong>τοῦ</strong></span> <span class='ocrx_word' id='word_1_669' title='bbox 2318 3851 2484 3921; x_wconf 80' lang='grc' dir='ltr'>μέσου</span> <span class='ocrx_word' id='word_1_670' title='bbox 2505 3891 2520 3914; x_wconf 92' lang='grc'><strong>,</strong></span> <span class='ocrx_word' id='word_1_671' title='bbox 2563 3871 2580 3904; x_wconf 85' lang='grc' dir='ltr'>ι</span> <span class='ocrx_word' id='word_1_672' title='bbox 2603 3851 2691 3906; x_wconf 74' lang='grc' dir='ltr'><strong>ἵνα</strong></span> <span class='ocrx_word' id='word_1_673' title='bbox 2722 3851 2855 3922; x_wconf 83' lang='grc' dir='ltr'>μηδὲ</span> <span class='ocrx_word' id='word_1_674' title='bbox 2885 3851 3004 3921; x_wconf 77' lang='grc' dir='ltr'>ἴχνη</span> <span class='ocrx_word' id='word_1_675' title='bbox 3036 3850 3138 3905; x_wconf 70' lang='grc' dir='ltr'>κᾶν</span> <span class='ocrx_word' id='word_1_676' title='bbox 3172 3852 3620 3922; x_wconf 68' lang='grc' dir='ltr'>ἀπαληλιμμέι-ωι</span> <span class='ocrx_word' id='word_1_677' title='bbox 3656 3853 3780 3907; x_wconf 77' lang='grc' dir='ltr'><strong>τῶν</strong></span> 
     </span>
    </p>
   </div>
   <div class='ocr_carea' id='block_1_87' title="bbox 2181 3943 3779 4017">
    <p class='ocr_par' dir='ltr' id='par_1_87' title="bbox 2181 3943 3779 4017">
     <span class='ocr_line' id='line_1_87' title="bbox 2181 3943 3779 4017; baseline 0.002 -22"><span class='ocrx_word' id='word_1_678' title='bbox 2181 3944 2592 4015; x_wconf 84' lang='grc' dir='ltr'>ἁμαρτημάτων</span> <span class='ocrx_word' id='word_1_679' title='bbox 2639 3945 2995 4015; x_wconf 82' lang='grc' dir='ltr'>εὑρίσκηται,</span> <span class='ocrx_word' id='word_1_680' title='bbox 3051 3964 3068 3994; x_wconf 70' lang='grc' dir='ltr'>ι</span> <span class='ocrx_word' id='word_1_681' title='bbox 3113 3946 3206 3997; x_wconf 74' lang='grc' dir='ltr'><strong>καὶ</strong></span> <span class='ocrx_word' id='word_1_682' title='bbox 3257 3943 3616 4015; x_wconf 73' lang='grc' dir='ltr'>προσηλώσας</span> <span class='ocrx_word' id='word_1_683' title='bbox 3686 3945 3779 4017; x_wconf 81' lang='grc' dir='ltr'>τῷ</span> 
     </span>
    </p>
   </div>
   <div class='ocr_carea' id='block_1_88' title="bbox 2183 4035 3776 4109">
    <p class='ocr_par' dir='ltr' id='par_1_88' title="bbox 2183 4035 3776 4109">
     <span class='ocr_line' id='line_1_88' title="bbox 2183 4035 3776 4109; baseline 0.003 -22"><span class='ocrx_word' id='word_1_684' title='bbox 2183 4035 2403 4107; x_wconf 89' lang='grc' dir='ltr'>σταυρῷ</span> <span class='ocrx_word' id='word_1_685' title='bbox 2423 4054 2434 4066; x_wconf 81' lang='lat'><strong><em>-</em></strong></span> <span class='ocrx_word' id='word_1_686' title='bbox 2472 4055 2490 4085; x_wconf 81' lang='grc' dir='ltr'>ι</span> <span class='ocrx_word' id='word_1_687' title='bbox 2519 4063 2586 4073; x_wconf 84' lang='lat'><strong>—-</strong></span> <span class='ocrx_word' id='word_1_688' title='bbox 2609 4035 2667 4098; x_wconf 83' lang='grc' dir='ltr'>ὃς</span> <span class='ocrx_word' id='word_1_689' title='bbox 2693 4035 3138 4105; x_wconf 82' lang='grc' dir='ltr'>ἀπεκδυσάμενος</span> <span class='ocrx_word' id='word_1_690' title='bbox 3167 4037 3264 4100; x_wconf 86' lang='grc' dir='ltr'><strong>τάς</strong></span> <span class='ocrx_word' id='word_1_691' title='bbox 3301 4036 3473 4109; x_wconf 78' lang='grc' dir='ltr'>ἀρχὰς</span> <span class='ocrx_word' id='word_1_692' title='bbox 3499 4076 3514 4096; x_wconf 83' lang='grc'><strong>,</strong></span> <span class='ocrx_word' id='word_1_693' title='bbox 3547 4038 3641 4090; x_wconf 80' lang='grc' dir='ltr'>καὶ</span> <span class='ocrx_word' id='word_1_694' title='bbox 3666 4038 3776 4102; x_wconf 69' lang='grc' dir='ltr'>τὰς</span> 
     </span>
    </p>
   </div>
   <div class='ocr_carea' id='block_1_89' title="bbox 2184 4126 3774 4199">
    <p class='ocr_par' dir='ltr' id='par_1_89' title="bbox 2184 4126 3774 4199">
     <span class='ocr_line' id='line_1_89' title="bbox 2184 4126 3774 4199; baseline 0.001 -20"><span class='ocrx_word' id='word_1_695' title='bbox 2184 4127 2431 4191; x_wconf 78' lang='grc' dir='ltr'>ἐξουσίας</span> <span class='ocrx_word' id='word_1_696' title='bbox 2461 4126 2837 4196; x_wconf 82' lang='grc' dir='ltr'>ἐδειγμάτισεν</span> <span class='ocrx_word' id='word_1_697' title='bbox 2880 4127 2938 4178; x_wconf 85' lang='grc' dir='ltr'><strong>ἐν</strong></span> <span class='ocrx_word' id='word_1_698' title='bbox 2975 4130 3040 4197; x_wconf 80' lang='grc' dir='ltr'><strong>τῇ</strong></span> <span class='ocrx_word' id='word_1_699' title='bbox 3076 4128 3356 4198; x_wconf 61' lang='grc' dir='ltr'>παρρησία</span> <span class='ocrx_word' id='word_1_700' title='bbox 3386 4127 3774 4199; x_wconf 75' lang='grc' dir='ltr'>θριαμϐεύσας</span> 
     </span>
    </p>
   </div>
   <div class='ocr_carea' id='block_1_90' title="bbox 2280 4265 3307 4338">
    <p class='ocr_par' dir='ltr' id='par_1_90' title="bbox 2280 4265 3307 4338">
     <span class='ocr_line' id='line_1_90' title="bbox 2280 4265 3307 4338; baseline -0.004 -9"><span class='ocrx_word' id='word_1_701' title='bbox 2280 4275 2320 4306; x_wconf 82' lang='grc'><strong>²⁹</strong></span> <span class='ocrx_word' id='word_1_702' title='bbox 2349 4274 2369 4328; x_wconf 85' lang='grc'><strong>1</strong></span> <span class='ocrx_word' id='word_1_703' title='bbox 2400 4267 2538 4328; x_wconf 82' lang='lat' dir='ltr'><strong>Tim.</strong></span> <span class='ocrx_word' id='word_1_704' title='bbox 2571 4290 2642 4338; x_wconf 85' lang='lat' dir='ltr'><strong>tv,</strong></span> <span class='ocrx_word' id='word_1_705' title='bbox 2683 4273 2766 4328; x_wconf 79' lang='grc'><strong>10.</strong></span> <span class='ocrx_word' id='word_1_706' title='bbox 2844 4265 2889 4303; x_wconf 69' lang='lat'><strong>*°</strong></span> <span class='ocrx_word' id='word_1_707' title='bbox 2925 4271 3100 4326; x_wconf 89' lang='lat' dir='ltr'><strong>Colos.</strong></span> <span class='ocrx_word' id='word_1_708' title='bbox 3138 4287 3196 4337; x_wconf 88' lang='grc' dir='ltr'>ιι,</span> <span class='ocrx_word' id='word_1_709' title='bbox 3227 4269 3307 4325; x_wconf 57' lang='grc' dir='ltr'>ιε</span> 
     </span>
    </p>
   </div>
   <div class='ocr_carea' id='block_1_91' title="bbox 575 4388 2080 4471">
    <p class='ocr_par' dir='ltr' id='par_1_91' title="bbox 575 4389 2066 4471">
     <span class='ocr_line' id='line_1_91' title="bbox 575 4389 2066 4471; baseline 0.001 -28"><span class='ocrx_word' id='word_1_710' title='bbox 575 4392 710 4471; x_wconf 53' lang='grc' dir='ltr'><strong>(δη</strong></span> <span class='ocrx_word' id='word_1_711' title='bbox 743 4391 1098 4461; x_wconf 69' lang='grc' dir='ltr'>Ἐφόρτιζον.</span> <span class='ocrx_word' id='word_1_712' title='bbox 1133 4392 1223 4445; x_wconf 86' lang='lat' dir='ltr'><strong>Sic</strong></span> <span class='ocrx_word' id='word_1_713' title='bbox 1249 4392 1418 4462; x_wconf 78' lang='lat' dir='ltr'><strong>codex</strong></span> <span class='ocrx_word' id='word_1_714' title='bbox 1455 4389 1813 4449; x_wconf 73' lang='lat' dir='ltr'><strong>Bodleianus;</strong></span> <span class='ocrx_word' id='word_1_715' title='bbox 1847 4389 2066 4459; x_wconf 75' lang='lat' dir='ltr'><strong>Regius,</strong></span> 
     </span>
    </p>
   </div>
   <div class='ocr_carea' id='block_1_92' title="bbox 2186 4388 3768 4471">
    <p class='ocr_par' dir='ltr' id='par_1_92' title="bbox 2186 4388 3768 4471">
     <span class='ocr_line' id='line_1_92' title="bbox 2186 4388 3768 4471; baseline -0.001 -27"><span class='ocrx_word' id='word_1_716' title='bbox 2186 4407 2310 4471; x_wconf 42' lang='lat' dir='ltr'><strong>nes‘:</strong></span> <span class='ocrx_word' id='word_1_717' title='bbox 2349 4388 2896 4471; x_wconf 51' lang='lat' dir='ltr'><strong>Mspaptppqtat~6é_</strong></span> <span class='ocrx_word' id='word_1_718' title='bbox 2919 4390 3012 4443; x_wconf 80' lang='grc' dir='ltr'><strong>καὶ</strong></span> <span class='ocrx_word' id='word_1_719' title='bbox 3061 4388 3212 4471; x_wconf 75' lang='grc' dir='ltr'>παρὰ</span> <span class='ocrx_word' id='word_1_720' title='bbox 3243 4393 3355 4471; x_wconf 55' lang='grc' dir='ltr'>τοῖς</span> <span class='ocrx_word' id='word_1_721' title='bbox 3393 4390 3624 4471; x_wconf 70' lang='grc' dir='ltr'>ἔθνεσιν,</span> <span class='ocrx_word' id='word_1_722' title='bbox 3672 4392 3768 4471; x_wconf 59' lang='grc' dir='ltr'><strong>ξτι</strong></span> 
     </span>
    </p>
   </div>
   <div class='ocr_carea' id='block_1_93' title="bbox 505 4462 786 4517">
    <p class='ocr_par' dir='ltr' id='par_1_93' title="bbox 505 4462 786 4517">
     <span class='ocr_line' id='line_1_93' title="bbox 505 4462 786 4517; baseline -0.018 0"><span class='ocrx_word' id='word_1_723' title='bbox 505 4462 786 4517; x_wconf 63' lang='grc' dir='ltr'>ἐτοίτιζον.</span> 
     </span>
    </p>
   </div>
   <div class='ocr_carea' id='block_1_94' title="bbox 536 4482 2065 4602">
    <p class='ocr_par' dir='ltr' id='par_1_94' title="bbox 536 4482 2065 4602">
     <span class='ocr_line' id='line_1_94' title="bbox 536 4482 786 4534; baseline -0.012 -19"><span class='ocrx_word' id='word_1_724' title='bbox 536 4482 786 4534; x_wconf 55' lang='grc' dir='ltr'>φοιτιςον.</span> 
     </span>
     <span class='ocr_line' id='line_1_95' title="bbox 576 4526 2065 4602; baseline -0.003 -17"><span class='ocrx_word' id='word_1_725' title='bbox 576 4531 685 4602; x_wconf 72' lang='grc'><strong>(58)</strong></span> <span class='ocrx_word' id='word_1_726' title='bbox 728 4529 1450 4602; x_wconf 45' lang='grc' dir='ltr'>Ἐράειίοαιτο-τεθγηκότος.</span> <span class='ocrx_word' id='word_1_727' title='bbox 1475 4529 1544 4578; x_wconf 88' lang='lat' dir='ltr'><strong>Ita</strong></span> <span class='ocrx_word' id='word_1_728' title='bbox 1570 4527 1690 4580; x_wconf 90' lang='lat' dir='ltr'><strong>cod.</strong></span> <span class='ocrx_word' id='word_1_729' title='bbox 1714 4526 2065 4590; x_wconf 80' lang='lat' dir='ltr'><strong>Bodleianus;</strong></span> 
     </span>
    </p>
   </div>
   <div class='ocr_carea' id='block_1_95' title="bbox 507 4598 1452 4668">
    <p class='ocr_par' dir='ltr' id='par_1_95' title="bbox 507 4598 1452 4668">
     <span class='ocr_line' id='line_1_96' title="bbox 507 4598 1452 4668; baseline 0.001 -17"><span class='ocrx_word' id='word_1_730' title='bbox 507 4598 677 4666; x_wconf 54' lang='lat' dir='ltr'><strong>Regni</strong></span> <span class='ocrx_word' id='word_1_731' title='bbox 693 4622 727 4663; x_wconf 68' lang='grc' dir='ltr'>ς,</span> <span class='ocrx_word' id='word_1_732' title='bbox 754 4602 957 4668; x_wconf 65' lang='grc' dir='ltr'>ἐφάψαι</span> <span class='ocrx_word' id='word_1_733' title='bbox 987 4599 1080 4650; x_wconf 78' lang='grc' dir='ltr'><strong>τοῦ</strong></span> <span class='ocrx_word' id='word_1_734' title='bbox 1114 4598 1452 4668; x_wconf 80' lang='grc' dir='ltr'>τεθνηκότος.</span> 
     </span>
    </p>
   </div>
   <div class='ocr_carea' id='block_1_96' title="bbox 577 4665 2067 4742">
    <p class='ocr_par' dir='ltr' id='par_1_96' title="bbox 577 4665 2067 4742">
     <span class='ocr_line' id='line_1_97' title="bbox 577 4665 2067 4742; baseline -0.003 -16"><span class='ocrx_word' id='word_1_735' title='bbox 577 4665 690 4742; x_wconf 76' lang='lat'><strong>(5‘))</strong></span> <span class='ocrx_word' id='word_1_736' title='bbox 731 4665 1565 4742; x_wconf 41' lang='lat' dir='ltr'><strong>Ilpoo&#39;rStStplgﬁ-aysfﬁé,sine]:</strong></span> <span class='ocrx_word' id='word_1_737' title='bbox 1589 4665 1704 4742; x_wconf 51' lang='lat' dir='ltr'><strong>toﬁ</strong></span> <span class='ocrx_word' id='word_1_738' title='bbox 1728 4669 1817 4729; x_wconf 84' lang='grc' dir='ltr'><strong>τό,</strong></span> <span class='ocrx_word' id='word_1_739' title='bbox 1849 4677 1953 4720; x_wconf 79' lang='lat' dir='ltr'><strong>etc.</strong></span> <span class='ocrx_word' id='word_1_740' title='bbox 1991 4668 2067 4721; x_wconf 80' lang='lat' dir='ltr'><strong>Ex</strong></span> 
     </span>
    </p>
   </div>
   <div class='ocr_carea' id='block_1_97' title="bbox 511 4737 2068 4806">
    <p class='ocr_par' dir='ltr' id='par_1_97' title="bbox 511 4737 2068 4806">
     <span class='ocr_line' id='line_1_98' title="bbox 511 4737 2068 4806; baseline -0.003 -11"><span class='ocrx_word' id='word_1_741' title='bbox 511 4737 595 4795; x_wconf 69' lang='lat' dir='ltr'><strong>his</strong></span> <span class='ocrx_word' id='word_1_742' title='bbox 635 4737 816 4794; x_wconf 56' lang='lat' dir='ltr'><strong>verbis</strong></span> <span class='ocrx_word' id='word_1_743' title='bbox 843 4739 1223 4793; x_wconf 57' lang='lat' dir='ltr'><strong>&#39;l‘tllmnontius</strong></span> <span class='ocrx_word' id='word_1_744' title='bbox 1250 4737 1450 4802; x_wconf 85' lang='lat' dir='ltr'><strong>aliquid</strong></span> <span class='ocrx_word' id='word_1_745' title='bbox 1485 4753 1642 4806; x_wconf 83' lang='lat' dir='ltr'><strong>supra</strong></span> <span class='ocrx_word' id='word_1_746' title='bbox 1675 4739 1865 4790; x_wconf 80' lang='lat' dir='ltr'><strong>deesse</strong></span> <span class='ocrx_word' id='word_1_747' title='bbox 1892 4741 2068 4804; x_wconf 87' lang='lat' dir='ltr'><strong>suspi-</strong></span> 
     </span>
    </p>
   </div>
   <div class='ocr_carea' id='block_1_98' title="bbox 511 4808 2065 4878">
    <p class='ocr_par' dir='ltr' id='par_1_98' title="bbox 511 4808 2065 4878">
     <span class='ocr_line' id='line_1_99' title="bbox 511 4808 2065 4878; baseline -0.003 -18"><span class='ocrx_word' id='word_1_748' title='bbox 511 4823 683 4872; x_wconf 78' lang='lat' dir='ltr'><strong>catur,</strong></span> <span class='ocrx_word' id='word_1_749' title='bbox 718 4813 805 4862; x_wconf 90' lang='lat' dir='ltr'><strong>ubi</strong></span> <span class='ocrx_word' id='word_1_750' title='bbox 856 4821 967 4860; x_wconf 91' lang='lat' dir='ltr'><strong>tum</strong></span> <span class='ocrx_word' id='word_1_751' title='bbox 1015 4812 1078 4859; x_wconf 77' lang='lat' dir='ltr'><strong>de</strong></span> <span class='ocrx_word' id='word_1_752' title='bbox 1112 4808 1456 4878; x_wconf 78' lang='lat' dir='ltr'><strong>martyribus,</strong></span> <span class='ocrx_word' id='word_1_753' title='bbox 1487 4820 1594 4860; x_wconf 88' lang='lat' dir='ltr'><strong>tum</strong></span> <span class='ocrx_word' id='word_1_754' title='bbox 1630 4808 1696 4861; x_wconf 87' lang='lat' dir='ltr'><strong>de</strong></span> <span class='ocrx_word' id='word_1_755' title='bbox 1730 4816 1878 4876; x_wconf 85' lang='lat' dir='ltr'><strong>peste</strong></span> <span class='ocrx_word' id='word_1_756' title='bbox 1926 4823 2065 4875; x_wconf 89' lang='lat' dir='ltr'><strong>qua-</strong></span> 
     </span>
    </p>
   </div>
   <div class='ocr_carea' id='block_1_99' title="bbox 511 4879 2065 4946">
    <p class='ocr_par' dir='ltr' id='par_1_99' title="bbox 511 4879 2065 4946">
     <span class='ocr_line' id='line_1_100' title="bbox 511 4879 2065 4946; baseline -0.001 -15"><span class='ocrx_word' id='word_1_757' title='bbox 511 4883 629 4932; x_wconf 85' lang='lat' dir='ltr'><strong>dam</strong></span> <span class='ocrx_word' id='word_1_758' title='bbox 683 4896 802 4946; x_wconf 72' lang='lat' dir='ltr'><strong>quae</strong></span> <span class='ocrx_word' id='word_1_759' title='bbox 858 4880 1042 4930; x_wconf 89' lang='lat' dir='ltr'><strong>nullihi</strong></span> <span class='ocrx_word' id='word_1_760' title='bbox 1090 4880 1142 4930; x_wconf 90' lang='lat' dir='ltr'><strong>in</strong></span> <span class='ocrx_word' id='word_1_761' title='bbox 1199 4879 1420 4931; x_wconf 86' lang='lat' dir='ltr'><strong>historia</strong></span> <span class='ocrx_word' id='word_1_762' title='bbox 1464 4880 1760 4944; x_wconf 83' lang='lat' dir='ltr'><strong>reperitur,</strong></span> <span class='ocrx_word' id='word_1_763' title='bbox 1817 4891 2065 4944; x_wconf 62' lang='lat' dir='ltr'><strong>quamne.</strong></span> 
     </span>
    </p>
   </div>
   <div class='ocr_carea' id='block_1_100' title="bbox 517 4946 2070 5018">
    <p class='ocr_par' dir='ltr' id='par_1_100' title="bbox 517 4946 2070 5018">
     <span class='ocr_line' id='line_1_101' title="bbox 517 4946 2070 5018; baseline -0.001 -17"><span class='ocrx_word' id='word_1_764' title='bbox 517 4950 714 5018; x_wconf 85' lang='lat' dir='ltr'><strong>inquit,</strong></span> <span class='ocrx_word' id='word_1_765' title='bbox 747 4950 887 5001; x_wconf 81' lang='lat' dir='ltr'><strong>circa</strong></span> <span class='ocrx_word' id='word_1_766' title='bbox 918 4963 1118 5018; x_wconf 68' lang='lat' dir='ltr'><strong>annum</strong></span> <span class='ocrx_word' id='word_1_767' title='bbox 1141 4946 1249 5000; x_wconf 70' lang='lat'><strong>232</strong></span> <span class='ocrx_word' id='word_1_768' title='bbox 1280 4947 1522 5018; x_wconf 61' lang='lat' dir='ltr'><strong>fortassis</strong></span> <span class='ocrx_word' id='word_1_769' title='bbox 1551 4958 1790 5015; x_wconf 76' lang='lat' dir='ltr'><strong>grassata</strong></span> <span class='ocrx_word' id='word_1_770' title='bbox 1818 4957 1920 5018; x_wconf 85' lang='lat' dir='ltr'><strong>est.</strong></span> <span class='ocrx_word' id='word_1_771' title='bbox 1949 4947 2070 5000; x_wconf 69' lang='lat' dir='ltr'><strong>Ori-</strong></span> 
     </span>
    </p>
   </div>
   <div class='ocr_carea' id='block_1_101' title="bbox 512 5015 2068 5089">
    <p class='ocr_par' dir='ltr' id='par_1_101' title="bbox 512 5015 2068 5089">
     <span class='ocr_line' id='line_1_102' title="bbox 512 5015 2068 5089; baseline -0.001 -19"><span class='ocrx_word' id='word_1_772' title='bbox 512 5015 675 5089; x_wconf 71' lang='lat' dir='ltr'><strong>genes</strong></span> <span class='ocrx_word' id='word_1_773' title='bbox 710 5019 873 5071; x_wconf 86' lang='lat' dir='ltr'><strong>multa</strong></span> <span class='ocrx_word' id='word_1_774' title='bbox 902 5020 1076 5089; x_wconf 72' lang='lat' dir='ltr'><strong>verba</strong></span> <span class='ocrx_word' id='word_1_775' title='bbox 1097 5015 1319 5071; x_wconf 81' lang='lat' dir='ltr'><strong>fecerat.</strong></span> <span class='ocrx_word' id='word_1_776' title='bbox 1355 5015 1547 5089; x_wconf 80' lang='lat' dir='ltr'><strong>Verum</strong></span> <span class='ocrx_word' id='word_1_777' title='bbox 1591 5018 1772 5089; x_wconf 10' lang='lat' dir='ltr'><strong>idrnon</strong></span> <span class='ocrx_word' id='word_1_778' title='bbox 1806 5017 1938 5069; x_wconf 88' lang='lat' dir='ltr'><strong>satis</strong></span> <span class='ocrx_word' id='word_1_779' title='bbox 1978 5032 2068 5070; x_wconf 84' lang='lat' dir='ltr'><strong>as-</strong></span> 
     </span>
    </p>
   </div>
   <div class='ocr_carea' id='block_1_102' title="bbox 514 5087 2066 5156">
    <p class='ocr_par' dir='ltr' id='par_1_102' title="bbox 514 5087 2066 5156">
     <span class='ocr_line' id='line_1_103' title="bbox 514 5087 2066 5156; baseline -0.002 -16"><span class='ocrx_word' id='word_1_780' title='bbox 514 5087 730 5156; x_wconf 72' lang='lat' dir='ltr'><strong>sequor,</strong></span> <span class='ocrx_word' id='word_1_781' title='bbox 766 5089 907 5141; x_wconf 85' lang='lat' dir='ltr'><strong>unde</strong></span> <span class='ocrx_word' id='word_1_782' title='bbox 942 5087 1210 5153; x_wconf 86' lang='lat' dir='ltr'><strong>conjicere</strong></span> <span class='ocrx_word' id='word_1_783' title='bbox 1244 5087 1478 5152; x_wconf 87' lang='lat' dir='ltr'><strong>potuerit</strong></span> <span class='ocrx_word' id='word_1_784' title='bbox 1521 5088 1915 5156; x_wconf 76' lang='lat' dir='ltr'><strong>eruditissimus</strong></span> <span class='ocrx_word' id='word_1_785' title='bbox 1963 5089 2066 5138; x_wconf 77' lang='lat' dir='ltr'><strong>vir.</strong></span> 
     </span>
    </p>
   </div>
   <div class='ocr_carea' id='block_1_103' title="bbox 517 5155 2069 5227">
    <p class='ocr_par' dir='ltr' id='par_1_103' title="bbox 517 5155 2069 5227">
     <span class='ocr_line' id='line_1_104' title="bbox 517 5155 2069 5227; baseline -0.002 -15"><span class='ocrx_word' id='word_1_786' title='bbox 517 5155 810 5227; x_wconf 84' lang='lat' dir='ltr'><strong>Utrmnquc</strong></span> <span class='ocrx_word' id='word_1_787' title='bbox 875 5158 1019 5210; x_wconf 75' lang='lat' dir='ltr'><strong>enim</strong></span> <span class='ocrx_word' id='word_1_788' title='bbox 1067 5157 1152 5227; x_wconf 83' lang='lat' dir='ltr'><strong>hie</strong></span> <span class='ocrx_word' id='word_1_789' title='bbox 1205 5156 1516 5227; x_wconf 81' lang='lat' dir='ltr'><strong>exsequitur</strong></span> <span class='ocrx_word' id='word_1_790' title='bbox 1565 5155 1959 5227; x_wconf 58' lang='lat' dir='ltr'><strong>Origenes,_et</strong></span> <span class='ocrx_word' id='word_1_791' title='bbox 2003 5158 2069 5209; x_wconf 87' lang='lat' dir='ltr'><strong>de</strong></span> 
     </span>
    </p>
   </div>
   <div class='ocr_carea' id='block_1_104' title="bbox 518 5225 2068 5298">
    <p class='ocr_par' dir='ltr' id='par_1_104' title="bbox 518 5225 2068 5298">
     <span class='ocr_line' id='line_1_105' title="bbox 518 5225 2068 5298; baseline -0.003 -20"><span class='ocrx_word' id='word_1_792' title='bbox 518 5225 861 5298; x_wconf 78' lang='lat' dir='ltr'><strong>martyribus.</strong></span> <span class='ocrx_word' id='word_1_793' title='bbox 893 5237 946 5298; x_wconf 88' lang='lat' dir='ltr'><strong>et</strong></span> <span class='ocrx_word' id='word_1_794' title='bbox 989 5227 1054 5278; x_wconf 92' lang='lat' dir='ltr'><strong>de</strong></span> <span class='ocrx_word' id='word_1_795' title='bbox 1100 5226 1164 5278; x_wconf 90' lang='lat' dir='ltr'><strong>iis</strong></span> <span class='ocrx_word' id='word_1_796' title='bbox 1203 5226 1306 5298; x_wconf 76' lang='lat' dir='ltr'><strong>qui</strong></span> <span class='ocrx_word' id='word_1_797' title='bbox 1327 5226 1602 5291; x_wconf 87' lang='lat' dir='ltr'><strong>perierunt</strong></span> <span class='ocrx_word' id='word_1_798' title='bbox 1631 5225 1702 5298; x_wconf 79' lang='lat' dir='ltr'><strong>ob</strong></span> <span class='ocrx_word' id='word_1_799' title='bbox 1735 5225 2068 5298; x_wconf 49' lang='lat' dir='ltr'><strong>pestilentia-</strong></span> 
     </span>
    </p>
   </div>
   <div class='ocr_carea' id='block_1_105' title="bbox 523 5291 2070 5363">
    <p class='ocr_par' dir='ltr' id='par_1_105' title="bbox 523 5291 2070 5363">
     <span class='ocr_line' id='line_1_106' title="bbox 523 5291 2070 5363; baseline -0.004 -14"><span class='ocrx_word' id='word_1_800' title='bbox 523 5291 1083 5363; x_wconf 59' lang='lat' dir='ltr'><strong>ru_tll_&#39;constitutiones</strong></span> <span class='ocrx_word' id='word_1_801' title='bbox 1131 5291 1378 5363; x_wconf 84' lang='lat' dir='ltr'><strong>superius</strong></span> <span class='ocrx_word' id='word_1_802' title='bbox 1427 5298 1584 5346; x_wconf 82' lang='lat' dir='ltr'><strong>verba</strong></span> <span class='ocrx_word' id='word_1_803' title='bbox 1635 5291 1882 5363; x_wconf 46' lang='lat' dir='ltr'><strong>faciens,</strong></span> <span class='ocrx_word' id='word_1_804' title='bbox 1917 5291 2070 5346; x_wconf 71' lang='lat' dir='ltr'><strong>Unde,</strong></span> 
     </span>
    </p>
   </div>
   <div class='ocr_carea' id='block_1_106' title="bbox 521 5359 2069 5433">
    <p class='ocr_par' dir='ltr' id='par_1_106' title="bbox 521 5359 2069 5433">
     <span class='ocr_line' id='line_1_107' title="bbox 521 5359 2069 5433; baseline 0.003 -23"><span class='ocrx_word' id='word_1_805' title='bbox 521 5359 734 5417; x_wconf 81' lang='lat' dir='ltr'><strong>minime</strong></span> <span class='ocrx_word' id='word_1_806' title='bbox 763 5367 1106 5418; x_wconf 71' lang='lat' dir='ltr'><strong>detruncatus</strong></span> <span class='ocrx_word' id='word_1_807' title='bbox 1134 5359 1404 5433; x_wconf 75' lang='lat' dir='ltr'><strong>putandus</strong></span> <span class='ocrx_word' id='word_1_808' title='bbox 1433 5377 1511 5415; x_wconf 82' lang='lat' dir='ltr'><strong>est</strong></span> <span class='ocrx_word' id='word_1_809' title='bbox 1548 5364 1633 5416; x_wconf 88' lang='lat' dir='ltr'><strong>ille</strong></span> <span class='ocrx_word' id='word_1_810' title='bbox 1664 5363 1831 5416; x_wconf 86' lang='lat' dir='ltr'><strong>locus.</strong></span> <span class='ocrx_word' id='word_1_811' title='bbox 1868 5362 2069 5415; x_wconf 83' lang='lat' dir='ltr'><strong>Deinde</strong></span> 
     </span>
    </p>
   </div>
   <div class='ocr_carea' id='block_1_107' title="bbox 523 5433 2071 5502">
    <p class='ocr_par' dir='ltr' id='par_1_107' title="bbox 523 5433 2071 5502">
     <span class='ocr_line' id='line_1_108' title="bbox 523 5433 2071 5502; baseline 0.002 -25"><span class='ocrx_word' id='word_1_812' title='bbox 523 5441 653 5478; x_wconf 86' lang='lat' dir='ltr'><strong>vero</strong></span> <span class='ocrx_word' id='word_1_813' title='bbox 677 5436 762 5483; x_wconf 87' lang='lat' dir='ltr'><strong>hic</strong></span> <span class='ocrx_word' id='word_1_814' title='bbox 803 5451 907 5486; x_wconf 89' lang='lat' dir='ltr'><strong>non</strong></span> <span class='ocrx_word' id='word_1_815' title='bbox 951 5437 1129 5502; x_wconf 83' lang='lat' dir='ltr'><strong>agitur</strong></span> <span class='ocrx_word' id='word_1_816' title='bbox 1155 5437 1218 5486; x_wconf 88' lang='lat' dir='ltr'><strong>de</strong></span> <span class='ocrx_word' id='word_1_817' title='bbox 1250 5437 1312 5486; x_wconf 88' lang='lat' dir='ltr'><strong>iis</strong></span> <span class='ocrx_word' id='word_1_818' title='bbox 1345 5435 1433 5501; x_wconf 90' lang='lat' dir='ltr'><strong>qui</strong></span> <span class='ocrx_word' id='word_1_819' title='bbox 1467 5448 1600 5485; x_wconf 87' lang='lat' dir='ltr'><strong>nova</strong></span> <span class='ocrx_word' id='word_1_820' title='bbox 1649 5433 1876 5501; x_wconf 86' lang='lat' dir='ltr'><strong>quadam</strong></span> <span class='ocrx_word' id='word_1_821' title='bbox 1921 5445 2071 5502; x_wconf 67' lang='grc' dir='ltr'>ιιιιςιιι</span> 
     </span>
    </p>
   </div>
   <div class='ocr_carea' id='block_1_108' title="bbox 522 5501 2066 5571">
    <p class='ocr_par' dir='ltr' id='par_1_108' title="bbox 522 5501 2066 5571">
     <span class='ocr_line' id='line_1_109' title="bbox 522 5501 2066 5571; baseline -0.001 -19"><span class='ocrx_word' id='word_1_822' title='bbox 522 5505 818 5569; x_wconf 75' lang='lat' dir='ltr'><strong>consumpti</strong></span> <span class='ocrx_word' id='word_1_823' title='bbox 851 5501 1128 5570; x_wconf 74' lang='lat' dir='ltr'><strong>perierint.</strong></span> <span class='ocrx_word' id='word_1_824' title='bbox 1158 5506 1249 5555; x_wconf 87' lang='lat' dir='ltr'><strong>sed</strong></span> <span class='ocrx_word' id='word_1_825' title='bbox 1278 5508 1342 5556; x_wconf 91' lang='lat' dir='ltr'><strong>de</strong></span> <span class='ocrx_word' id='word_1_826' title='bbox 1374 5504 1437 5556; x_wconf 85' lang='lat' dir='ltr'><strong>iis</strong></span> <span class='ocrx_word' id='word_1_827' title='bbox 1472 5504 1562 5571; x_wconf 90' lang='lat' dir='ltr'><strong>qui</strong></span> <span class='ocrx_word' id='word_1_828' title='bbox 1595 5503 1896 5570; x_wconf 82' lang='lat' dir='ltr'><strong>amiquitus</strong></span> <span class='ocrx_word' id='word_1_829' title='bbox 1924 5501 2066 5566; x_wconf 84' lang='lat' dir='ltr'><strong>apud</strong></span> 
     </span>
    </p>
   </div>
   <div class='ocr_carea' id='block_1_109' title="bbox 523 5573 2072 5639">
    <p class='ocr_par' dir='ltr' id='par_1_109' title="bbox 523 5573 2072 5639">
     <span class='ocr_line' id='line_1_110' title="bbox 523 5573 2072 5639; baseline 0.002 -22"><span class='ocrx_word' id='word_1_830' title='bbox 523 5573 767 5634; x_wconf 67' lang='lat' dir='ltr'><strong>gentiles,</strong></span> <span class='ocrx_word' id='word_1_831' title='bbox 813 5588 931 5622; x_wconf 77' lang='lat' dir='ltr'><strong>cum</strong></span> <span class='ocrx_word' id='word_1_832' title='bbox 969 5576 1277 5638; x_wconf 79' lang='lat' dir='ltr'><strong>pestilentes</strong></span> <span class='ocrx_word' id='word_1_833' title='bbox 1321 5576 1488 5625; x_wconf 88' lang='lat' dir='ltr'><strong>morhi</strong></span> <span class='ocrx_word' id='word_1_834' title='bbox 1536 5583 1933 5639; x_wconf 84' lang='lat' dir='ltr'><strong>grassarentur.</strong></span> <span class='ocrx_word' id='word_1_835' title='bbox 1986 5589 2072 5621; x_wconf 74' lang='lat' dir='ltr'><strong>se-</strong></span> 
     </span>
    </p>
   </div>
   <div class='ocr_carea' id='block_1_110' title="bbox 523 5641 2068 5709">
    <p class='ocr_par' dir='ltr' id='par_1_110' title="bbox 523 5641 2068 5709">
     <span class='ocr_line' id='line_1_111' title="bbox 523 5641 2068 5709; baseline 0.001 -20"><span class='ocrx_word' id='word_1_836' title='bbox 523 5641 665 5709; x_wconf 67' lang='lat' dir='ltr'><strong>ipsos</strong></span> <span class='ocrx_word' id='word_1_837' title='bbox 717 5641 766 5688; x_wconf 90' lang='lat' dir='ltr'><strong>in</strong></span> <span class='ocrx_word' id='word_1_838' title='bbox 820 5642 1063 5693; x_wconf 72' lang='lat' dir='ltr'><strong>victiuuts</strong></span> <span class='ocrx_word' id='word_1_839' title='bbox 1121 5657 1220 5709; x_wconf 87' lang='lat' dir='ltr'><strong>pro</strong></span> <span class='ocrx_word' id='word_1_840' title='bbox 1274 5647 1444 5708; x_wconf 82' lang='lat' dir='ltr'><strong>patria</strong></span> <span class='ocrx_word' id='word_1_841' title='bbox 1504 5642 1863 5694; x_wconf 80' lang='lat' dir='ltr'><strong>tradiderunt.</strong></span> <span class='ocrx_word' id='word_1_842' title='bbox 1919 5641 2068 5704; x_wconf 77' lang='lat' dir='ltr'><strong>Quod</strong></span> 
     </span>
    </p>
   </div>
   <div class='ocr_carea' id='block_1_111' title="bbox 521 5708 2067 5778">
    <p class='ocr_par' dir='ltr' id='par_1_111' title="bbox 521 5708 2067 5778">
     <span class='ocr_line' id='line_1_112' title="bbox 521 5708 2067 5778; baseline 0.001 -18"><span class='ocrx_word' id='word_1_843' title='bbox 521 5708 795 5760; x_wconf 72' lang='lat' dir='ltr'><strong>evidenter</strong></span> <span class='ocrx_word' id='word_1_844' title='bbox 841 5709 1003 5773; x_wconf 70' lang='lat' dir='ltr'><strong>liquet</strong></span> <span class='ocrx_word' id='word_1_845' title='bbox 1045 5708 1205 5763; x_wconf 81' lang='lat' dir='ltr'><strong>exeo</strong></span> <span class='ocrx_word' id='word_1_846' title='bbox 1238 5717 1380 5778; x_wconf 86' lang='lat' dir='ltr'><strong>quod</strong></span> <span class='ocrx_word' id='word_1_847' title='bbox 1425 5727 1585 5776; x_wconf 74' lang='lat' dir='ltr'><strong>supra</strong></span> <span class='ocrx_word' id='word_1_848' title='bbox 1626 5723 1700 5764; x_wconf 85' lang='lat' dir='ltr'><strong>att</strong></span> <span class='ocrx_word' id='word_1_849' title='bbox 1733 5713 1846 5775; x_wconf 87' lang='lat' dir='ltr'><strong>ipse</strong></span> <span class='ocrx_word' id='word_1_850' title='bbox 1881 5709 2067 5774; x_wconf 70' lang='lat' dir='ltr'><strong>Orige-</strong></span> 
     </span>
    </p>
   </div>
   <div class='ocr_carea' id='block_1_112' title="bbox 2177 4459 3770 4531">
    <p class='ocr_par' dir='ltr' id='par_1_112' title="bbox 2177 4459 3770 4531">
     <span class='ocr_line' id='line_1_113' title="bbox 2177 4459 3770 4531; baseline 0.001 -17"><span class='ocrx_word' id='word_1_851' title='bbox 2177 4461 2360 4514; x_wconf 89' lang='grc' dir='ltr'>πολλοί</span> <span class='ocrx_word' id='word_1_852' title='bbox 2391 4459 2554 4523; x_wconf 79' lang='grc' dir='ltr'>τινες,</span> <span class='ocrx_word' id='word_1_853' title='bbox 2585 4459 2849 4531; x_wconf 83' lang='grc' dir='ltr'>λοιμικῶν</span> <span class='ocrx_word' id='word_1_854' title='bbox 2881 4459 3265 4531; x_wconf 72' lang='grc' dir='ltr'>ἐνσκηψάντων</span> <span class='ocrx_word' id='word_1_855' title='bbox 3293 4461 3770 4531; x_wconf 36' lang='grc' dir='ltr'>ἐνταῖς-ὲαυτῶν</span> 
     </span>
    </p>
   </div>
   <div class='ocr_carea' id='block_1_113' title="bbox 2177 4529 3766 4602">
    <p class='ocr_par' dir='ltr' id='par_1_113' title="bbox 2177 4529 3766 4602">
     <span class='ocr_line' id='line_1_114' title="bbox 2177 4529 3766 4602; baseline 0.001 -18"><span class='ocrx_word' id='word_1_856' title='bbox 2177 4531 2404 4602; x_wconf 24' lang='grc' dir='ltr'>πατρίσι.</span> <span class='ocrx_word' id='word_1_857' title='bbox 2429 4529 2772 4602; x_wconf 71' lang='grc' dir='ltr'>νοσημάτων,</span> <span class='ocrx_word' id='word_1_858' title='bbox 2799 4529 3543 4602; x_wconf 27' lang='grc' dir='ltr'>ἑαυτοὺςσφάγιαῌὺ-πέρῌτοῦ</span> <span class='ocrx_word' id='word_1_859' title='bbox 3571 4533 3766 4586; x_wconf 79' lang='grc' dir='ltr'>κοινοῦ</span> 
     </span>
    </p>
   </div>
   <div class='ocr_carea' id='block_1_114' title="bbox 2175 4597 3766 4672">
    <p class='ocr_par' dir='ltr' id='par_1_114' title="bbox 2175 4597 3766 4672">
     <span class='ocr_line' id='line_1_115' title="bbox 2175 4597 3766 4672; baseline 0 -18"><span class='ocrx_word' id='word_1_860' title='bbox 2175 4597 2609 4672; x_wconf 68' lang='grc' dir='ltr'>παραδεδώκασι.</span> <span class='ocrx_word' id='word_1_861' title='bbox 2645 4600 2754 4652; x_wconf 68' lang='grc' dir='ltr'><strong>Καὶ</strong></span> <span class='ocrx_word' id='word_1_862' title='bbox 2792 4599 3154 4672; x_wconf 76' lang='grc' dir='ltr'>παραδέχεται</span> <span class='ocrx_word' id='word_1_863' title='bbox 3192 4597 3344 4672; x_wconf 81' lang='grc' dir='ltr'>ταῦθ’</span> <span class='ocrx_word' id='word_1_864' title='bbox 3385 4597 3547 4672; x_wconf 48' lang='grc' dir='ltr'>ςοῦτω</span> <span class='ocrx_word' id='word_1_865' title='bbox 3591 4617 3766 4667; x_wconf 85' lang='grc' dir='ltr'>γεγο-</span> 
     </span>
    </p>
   </div>
   <div class='ocr_carea' id='block_1_115' title="bbox 2174 4669 3765 4740">
    <p class='ocr_par' dir='ltr' id='par_1_115' title="bbox 2174 4669 3765 4740">
     <span class='ocr_line' id='line_1_116' title="bbox 2174 4669 3765 4740; baseline -0.002 -17"><span class='ocrx_word' id='word_1_866' title='bbox 2174 4669 2344 4733; x_wconf 80' lang='grc' dir='ltr'>νέναι,</span> <span class='ocrx_word' id='word_1_867' title='bbox 2377 4669 2476 4722; x_wconf 80' lang='grc' dir='ltr'><strong>οὐκ</strong></span> <span class='ocrx_word' id='word_1_868' title='bbox 2506 4669 2712 4740; x_wconf 82' lang='grc' dir='ltr'>ἀλόγως</span> <span class='ocrx_word' id='word_1_869' title='bbox 2745 4669 3039 4740; x_wconf 79' lang='grc' dir='ltr'>πιστεύσας</span> <span class='ocrx_word' id='word_1_870' title='bbox 3071 4673 3197 4740; x_wconf 29' lang='grc' dir='ltr'>ταῖς,</span> <span class='ocrx_word' id='word_1_871' title='bbox 3225 4670 3485 4740; x_wconf 78' lang='grc' dir='ltr'>ἱστορίαις</span> <span class='ocrx_word' id='word_1_872' title='bbox 3507 4672 3536 4740; x_wconf 71' lang='grc' dir='ltr'><strong>ό</strong></span> <span class='ocrx_word' id='word_1_873' title='bbox 3562 4672 3765 4735; x_wconf 73' lang='grc' dir='ltr'>πιστὸς</span> 
     </span>
    </p>
   </div>
   <div class='ocr_carea' id='block_1_116' title="bbox 2175 4738 3758 4811">
    <p class='ocr_par' dir='ltr' id='par_1_116' title="bbox 2175 4738 3758 4811">
     <span class='ocr_line' id='line_1_117' title="bbox 2175 4738 3758 4811; baseline -0.001 -17"><span class='ocrx_word' id='word_1_874' title='bbox 2175 4742 2439 4811; x_wconf 84' lang='grc' dir='ltr'>Κλήμης,</span> <span class='ocrx_word' id='word_1_875' title='bbox 2491 4739 2595 4791; x_wconf 73' lang='grc' dir='ltr'><strong>ὑπὸ</strong></span> <span class='ocrx_word' id='word_1_876' title='bbox 2649 4739 2860 4792; x_wconf 85' lang='grc' dir='ltr'>Παύλου</span> <span class='ocrx_word' id='word_1_877' title='bbox 2926 4738 3388 4811; x_wconf 76' lang='grc' dir='ltr'>μαρτυρούμενος.</span> <span class='ocrx_word' id='word_1_878' title='bbox 3443 4759 3460 4790; x_wconf 79' lang='grc' dir='ltr'>ι</span> <span class='ocrx_word' id='word_1_879' title='bbox 3501 4738 3758 4794; x_wconf 75' lang='lat' dir='ltr'><strong>Relatum</strong></span> 
     </span>
    </p>
   </div>
   <div class='ocr_carea' id='block_1_117' title="bbox 2173 4810 3757 4876">
    <p class='ocr_par' dir='ltr' id='par_1_117' title="bbox 2173 4810 3757 4876">
     <span class='ocr_line' id='line_1_118' title="bbox 2173 4810 3757 4876; baseline 0 -13"><span class='ocrx_word' id='word_1_880' title='bbox 2173 4810 2354 4864; x_wconf 80' lang='lat' dir='ltr'><strong>autem</strong></span> <span class='ocrx_word' id='word_1_881' title='bbox 2382 4827 2445 4860; x_wconf 83' lang='lat' dir='ltr'><strong>ac</strong></span> <span class='ocrx_word' id='word_1_882' title='bbox 2480 4818 2736 4860; x_wconf 78' lang='lat' dir='ltr'><strong>testatum</strong></span> <span class='ocrx_word' id='word_1_883' title='bbox 2774 4812 2932 4861; x_wconf 71' lang='lat' dir='ltr'><strong>etiam</strong></span> <span class='ocrx_word' id='word_1_884' title='bbox 2964 4810 3102 4876; x_wconf 90' lang='lat' dir='ltr'><strong>apud</strong></span> <span class='ocrx_word' id='word_1_885' title='bbox 3135 4813 3360 4876; x_wconf 71' lang='lat' dir='ltr'><strong>gentiles</strong></span> <span class='ocrx_word' id='word_1_886' title='bbox 3385 4820 3486 4868; x_wconf 86' lang='lat' dir='ltr'><strong>est,</strong></span> <span class='ocrx_word' id='word_1_887' title='bbox 3524 4812 3757 4874; x_wconf 79' lang='lat' dir='ltr'><strong>multos,</strong></span> 
     </span>
    </p>
   </div>
   <div class='ocr_carea' id='block_1_118' title="bbox 2173 4878 3760 4949">
    <p class='ocr_par' dir='ltr' id='par_1_118' title="bbox 2173 4878 3760 4949">
     <span class='ocr_line' id='line_1_119' title="bbox 2173 4878 3760 4949; baseline -0.001 -17"><span class='ocrx_word' id='word_1_888' title='bbox 2173 4896 2292 4932; x_wconf 86' lang='lat' dir='ltr'><strong>cum</strong></span> <span class='ocrx_word' id='word_1_889' title='bbox 2332 4879 2644 4949; x_wconf 67' lang='lat' dir='ltr'><strong>pestilentes</strong></span> <span class='ocrx_word' id='word_1_890' title='bbox 2679 4878 2849 4931; x_wconf 88' lang='lat' dir='ltr'><strong>morbi</strong></span> <span class='ocrx_word' id='word_1_891' title='bbox 2883 4892 3136 4947; x_wconf 74' lang='lat' dir='ltr'><strong>grassare</strong></span> <span class='ocrx_word' id='word_1_892' title='bbox 3161 4891 3286 4941; x_wconf 70' lang='lat' dir='ltr'><strong>itur,</strong></span> <span class='ocrx_word' id='word_1_893' title='bbox 3324 4880 3533 4946; x_wconf 77' lang='lat' dir='ltr'><strong>seipsos</strong></span> <span class='ocrx_word' id='word_1_894' title='bbox 3579 4878 3632 4932; x_wconf 93' lang='lat' dir='ltr'><strong>in</strong></span> <span class='ocrx_word' id='word_1_895' title='bbox 3669 4882 3760 4931; x_wconf 83' lang='lat' dir='ltr'><strong>vi-</strong></span> 
     </span>
    </p>
   </div>
   <div class='ocr_carea' id='block_1_119' title="bbox 2171 4949 3755 5017">
    <p class='ocr_par' dir='ltr' id='par_1_119' title="bbox 2171 4949 3755 5017">
     <span class='ocr_line' id='line_1_120' title="bbox 2171 4949 3755 5017; baseline -0.001 -14"><span class='ocrx_word' id='word_1_896' title='bbox 2171 4951 2366 5004; x_wconf 86' lang='lat' dir='ltr'><strong>ctimas</strong></span> <span class='ocrx_word' id='word_1_897' title='bbox 2404 4961 2500 5017; x_wconf 86' lang='lat' dir='ltr'><strong>pro</strong></span> <span class='ocrx_word' id='word_1_898' title='bbox 2548 4949 2722 5014; x_wconf 86' lang='lat' dir='ltr'><strong>patria</strong></span> <span class='ocrx_word' id='word_1_899' title='bbox 2776 4949 3082 5002; x_wconf 79' lang='lat' dir='ltr'><strong>tradidisse.</strong></span> <span class='ocrx_word' id='word_1_900' title='bbox 3115 4951 3293 5014; x_wconf 81' lang='lat' dir='ltr'><strong>Atque</strong></span> <span class='ocrx_word' id='word_1_901' title='bbox 3344 4949 3460 5002; x_wconf 65' lang='lat' dir='ltr'><strong>haec</strong></span> <span class='ocrx_word' id='word_1_902' title='bbox 3506 4950 3577 5002; x_wconf 84' lang='lat' dir='ltr'><strong>ita</strong></span> <span class='ocrx_word' id='word_1_903' title='bbox 3613 4964 3755 5002; x_wconf 81' lang='lat' dir='ltr'><strong>cve-</strong></span> 
     </span>
    </p>
   </div>
   <div class='ocr_carea' id='block_1_120' title="bbox 2174 5019 3755 5083">
    <p class='ocr_par' dir='ltr' id='par_1_120' title="bbox 2174 5019 3755 5083">
     <span class='ocr_line' id='line_1_121' title="bbox 2174 5019 3755 5083; baseline -0.001 -10"><span class='ocrx_word' id='word_1_904' title='bbox 2174 5021 2318 5074; x_wconf 79' lang='lat' dir='ltr'><strong>nissc</strong></span> <span class='ocrx_word' id='word_1_905' title='bbox 2371 5019 2624 5083; x_wconf 82' lang='lat' dir='ltr'><strong>admittit,</strong></span> <span class='ocrx_word' id='word_1_906' title='bbox 2676 5032 2782 5072; x_wconf 89' lang='lat' dir='ltr'><strong>non</strong></span> <span class='ocrx_word' id='word_1_907' title='bbox 2835 5019 2953 5070; x_wconf 87' lang='lat' dir='ltr'><strong>sine</strong></span> <span class='ocrx_word' id='word_1_908' title='bbox 2989 5033 3151 5071; x_wconf 86' lang='lat' dir='ltr'><strong>causa</strong></span> <span class='ocrx_word' id='word_1_909' title='bbox 3214 5019 3458 5072; x_wconf 86' lang='lat' dir='ltr'><strong>historiis</strong></span> <span class='ocrx_word' id='word_1_910' title='bbox 3515 5019 3755 5071; x_wconf 85' lang='lat' dir='ltr'><strong>credens</strong></span> 
     </span>
    </p>
   </div>
   <div class='ocr_carea' id='block_1_121' title="bbox 2171 5086 3756 5151">
    <p class='ocr_par' dir='ltr' id='par_1_121' title="bbox 2171 5086 3756 5151">
     <span class='ocr_line' id='line_1_122' title="bbox 2171 5086 3756 5151; baseline 0.001 -9"><span class='ocrx_word' id='word_1_911' title='bbox 2171 5091 2421 5144; x_wconf 75' lang='lat' dir='ltr'><strong>Clemens</strong></span> <span class='ocrx_word' id='word_1_912' title='bbox 2463 5090 2549 5141; x_wconf 89' lang='lat' dir='ltr'><strong>ille</strong></span> <span class='ocrx_word' id='word_1_913' title='bbox 2583 5087 2788 5151; x_wconf 81' lang='lat' dir='ltr'><strong>fidelis,</strong></span> <span class='ocrx_word' id='word_1_914' title='bbox 2842 5091 2927 5140; x_wconf 90' lang='lat' dir='ltr'><strong>cui</strong></span> <span class='ocrx_word' id='word_1_915' title='bbox 2987 5088 3356 5142; x_wconf 90' lang='lat' dir='ltr'><strong>testimonium</strong></span> <span class='ocrx_word' id='word_1_916' title='bbox 3409 5086 3668 5140; x_wconf 82' lang='lat' dir='ltr'><strong>trihuitu&#39;r</strong></span> <span class='ocrx_word' id='word_1_917' title='bbox 3719 5095 3756 5144; x_wconf 81' lang='lat' dir='ltr'><strong>&#39;a</strong></span> 
     </span>
    </p>
   </div>
   <div class='ocr_carea' id='block_1_122' title="bbox 2174 5157 3752 5227">
    <p class='ocr_par' dir='ltr' id='par_1_122' title="bbox 2174 5157 3752 5227">
     <span class='ocr_line' id='line_1_123' title="bbox 2174 5157 3752 5227; baseline -0.003 -16"><span class='ocrx_word' id='word_1_918' title='bbox 2174 5159 2358 5212; x_wconf 88' lang='lat' dir='ltr'><strong>Paulo.</strong></span> <span class='ocrx_word' id='word_1_919' title='bbox 2391 5178 2406 5208; x_wconf 75' lang='grc' dir='ltr'>ι</span> <span class='ocrx_word' id='word_1_920' title='bbox 2463 5159 2673 5210; x_wconf 80' lang='lat' dir='ltr'><strong>Similia</strong></span> <span class='ocrx_word' id='word_1_921' title='bbox 2710 5157 2915 5227; x_wconf 83' lang='lat' dir='ltr'><strong>profert</strong></span> <span class='ocrx_word' id='word_1_922' title='bbox 2953 5157 3005 5211; x_wconf 89' lang='lat' dir='ltr'><strong>iu</strong></span> <span class='ocrx_word' id='word_1_923' title='bbox 3061 5158 3250 5211; x_wconf 80' lang='lat' dir='ltr'><strong>iisdem</strong></span> <span class='ocrx_word' id='word_1_924' title='bbox 3299 5158 3752 5220; x_wconf 66' lang='lat' dir='ltr'><strong>Commentariis,</strong></span> 
     </span>
    </p>
   </div>
   <div class='ocr_carea' id='block_1_123' title="bbox 2174 5227 3755 5294">
    <p class='ocr_par' dir='ltr' id='par_1_123' title="bbox 2174 5227 3755 5294">
     <span class='ocr_line' id='line_1_124' title="bbox 2174 5227 3755 5294; baseline 0.001 -14"><span class='ocrx_word' id='word_1_925' title='bbox 2174 5239 2303 5281; x_wconf 87' lang='lat' dir='ltr'><strong>tom.</strong></span> <span class='ocrx_word' id='word_1_926' title='bbox 2360 5243 2556 5290; x_wconf 81' lang='lat' dir='ltr'><strong>xxvut,</strong></span> <span class='ocrx_word' id='word_1_927' title='bbox 2599 5243 2748 5280; x_wconf 89' lang='lat' dir='ltr'><strong>num.</strong></span> <span class='ocrx_word' id='word_1_928' title='bbox 2797 5228 2886 5285; x_wconf 76' lang='grc'><strong>15.</strong></span> <span class='ocrx_word' id='word_1_929' title='bbox 2919 5236 2974 5280; x_wconf 84' lang='lat' dir='ltr'><strong>et</strong></span> <span class='ocrx_word' id='word_1_930' title='bbox 3017 5227 3112 5291; x_wconf 89' lang='lat' dir='ltr'><strong>lib,</strong></span> <span class='ocrx_word' id='word_1_931' title='bbox 3136 5241 3192 5294; x_wconf 73' lang='lat' dir='ltr'><strong>tv</strong></span> <span class='ocrx_word' id='word_1_932' title='bbox 3227 5229 3279 5280; x_wconf 83' lang='lat' dir='ltr'><strong>in</strong></span> <span class='ocrx_word' id='word_1_933' title='bbox 3334 5227 3622 5294; x_wconf 71' lang='lat' dir='ltr'><strong>Epistolum</strong></span> <span class='ocrx_word' id='word_1_934' title='bbox 3678 5229 3755 5282; x_wconf 73' lang='lat' dir='ltr'><strong>ad</strong></span> 
     </span>
    </p>
   </div>
   <div class='ocr_carea' id='block_1_124' title="bbox 2175 5291 3751 5365">
    <p class='ocr_par' dir='ltr' id='par_1_124' title="bbox 2175 5291 3751 5365">
     <span class='ocr_line' id='line_1_125' title="bbox 2175 5291 3751 5365; baseline 0 -17"><span class='ocrx_word' id='word_1_935' title='bbox 2175 5297 2453 5356; x_wconf 70' lang='lat' dir='ltr'><strong>liomrmos.</strong></span> <span class='ocrx_word' id='word_1_936' title='bbox 2482 5314 2600 5362; x_wconf 87' lang='lat' dir='ltr'><strong>cap.</strong></span> <span class='ocrx_word' id='word_1_937' title='bbox 2625 5297 2678 5359; x_wconf 82' lang='lat'><strong>5,</strong></span> <span class='ocrx_word' id='word_1_938' title='bbox 2699 5313 2848 5350; x_wconf 88' lang='lat' dir='ltr'><strong>lltltll.</strong></span> <span class='ocrx_word' id='word_1_939' title='bbox 2869 5293 2933 5358; x_wconf 58' lang='grc' dir='ltr'><strong>ιε</strong></span> <span class='ocrx_word' id='word_1_940' title='bbox 2958 5291 3226 5365; x_wconf 70' lang='grc' dir='ltr'>ιιιιιιιειίι).</span> <span class='ocrx_word' id='word_1_941' title='bbox 3256 5291 3473 5351; x_wconf 74' lang='grc' dir='ltr'>ιεοιιιηι</span> <span class='ocrx_word' id='word_1_942' title='bbox 3503 5295 3751 5364; x_wconf 65' lang='lat' dir='ltr'><strong>Celsum,</strong></span> 
     </span>
    </p>
   </div>
   <div class='ocr_carea' id='block_1_125' title="bbox 2174 5367 3754 5434">
    <p class='ocr_par' dir='ltr' id='par_1_125' title="bbox 2174 5367 3754 5434">
     <span class='ocr_line' id='line_1_126' title="bbox 2174 5367 3754 5434; baseline -0.003 -16"><span class='ocrx_word' id='word_1_943' title='bbox 2174 5383 2322 5419; x_wconf 89' lang='grc' dir='ltr'>ιιιιιιι.</span> <span class='ocrx_word' id='word_1_944' title='bbox 2341 5369 2432 5420; x_wconf 76' lang='grc'><strong>51.</strong></span> <span class='ocrx_word' id='word_1_945' title='bbox 2455 5367 2592 5418; x_wconf 82' lang='lat' dir='ltr'><strong>Nihil</strong></span> <span class='ocrx_word' id='word_1_946' title='bbox 2618 5379 2781 5434; x_wconf 84' lang='lat' dir='ltr'><strong>porro</strong></span> <span class='ocrx_word' id='word_1_947' title='bbox 2806 5373 2985 5420; x_wconf 76' lang='lat' dir='ltr'><strong>notius</strong></span> <span class='ocrx_word' id='word_1_948' title='bbox 3003 5371 3201 5434; x_wconf 65' lang='lat' dir='ltr'><strong>iisquae</strong></span> <span class='ocrx_word' id='word_1_949' title='bbox 3227 5369 3620 5421; x_wconf 76' lang='lat' dir='ltr'><strong>referunlttrde</strong></span> <span class='ocrx_word' id='word_1_950' title='bbox 3638 5367 3754 5419; x_wconf 70' lang='lat' dir='ltr'><strong>Me.</strong></span> 
     </span>
    </p>
   </div>
   <div class='ocr_carea' id='block_1_126' title="bbox 2177 5435 3746 5500">
    <p class='ocr_par' dir='ltr' id='par_1_126' title="bbox 2177 5435 3746 5500">
     <span class='ocr_line' id='line_1_127' title="bbox 2177 5435 3746 5500; baseline 0 -12"><span class='ocrx_word' id='word_1_951' title='bbox 2177 5452 2387 5500; x_wconf 70' lang='grc' dir='ltr'>ιιιιειςιιυ,</span> <span class='ocrx_word' id='word_1_952' title='bbox 2445 5437 2646 5494; x_wconf 80' lang='lat' dir='ltr'><strong>Codro.</strong></span> <span class='ocrx_word' id='word_1_953' title='bbox 2683 5435 2943 5490; x_wconf 78' lang='lat' dir='ltr'><strong>Macaria.</strong></span> <span class='ocrx_word' id='word_1_954' title='bbox 2998 5436 3317 5500; x_wconf 71' lang='lat' dir='ltr'><strong>Protogenia</strong></span> <span class='ocrx_word' id='word_1_955' title='bbox 3366 5447 3422 5488; x_wconf 83' lang='lat' dir='ltr'><strong>et</strong></span> <span class='ocrx_word' id='word_1_956' title='bbox 3471 5436 3746 5500; x_wconf 79' lang='lat' dir='ltr'><strong>l’andora,</strong></span> 
     </span>
    </p>
   </div>
   <div class='ocr_carea' id='block_1_127' title="bbox 2175 5505 3750 5568">
    <p class='ocr_par' dir='ltr' id='par_1_127' title="bbox 2175 5505 3750 5568">
     <span class='ocr_line' id='line_1_128' title="bbox 2175 5505 3750 5568; baseline 0.001 -10"><span class='ocrx_word' id='word_1_957' title='bbox 2175 5506 2430 5558; x_wconf 73' lang='lat' dir='ltr'><strong>l&#39;itil.l‘tti§</strong></span> <span class='ocrx_word' id='word_1_958' title='bbox 2459 5507 2738 5568; x_wconf 86' lang='lat' dir='ltr'><strong>fratribus,</strong></span> <span class='ocrx_word' id='word_1_959' title='bbox 2768 5506 2857 5558; x_wconf 85' lang='lat' dir='ltr'><strong>Lei</strong></span> <span class='ocrx_word' id='word_1_960' title='bbox 2897 5506 3129 5568; x_wconf 83' lang='lat' dir='ltr'><strong>liliabns,</strong></span> <span class='ocrx_word' id='word_1_961' title='bbox 3157 5507 3366 5565; x_wconf 79' lang='lat' dir='ltr'><strong>Curtio.</strong></span> <span class='ocrx_word' id='word_1_962' title='bbox 3399 5505 3576 5559; x_wconf 86' lang='lat' dir='ltr'><strong>Deciis</strong></span> <span class='ocrx_word' id='word_1_963' title='bbox 3596 5507 3750 5559; x_wconf 82' lang='lat' dir='ltr'><strong>aliis-</strong></span> 
     </span>
    </p>
   </div>
   <div class='ocr_carea' id='block_1_128' title="bbox 2177 5575 3749 5645">
    <p class='ocr_par' dir='ltr' id='par_1_128' title="bbox 2177 5575 3749 5645">
     <span class='ocr_line' id='line_1_129' title="bbox 2177 5575 3749 5645; baseline 0.003 -20"><span class='ocrx_word' id='word_1_964' title='bbox 2177 5589 2302 5641; x_wconf 88' lang='lat' dir='ltr'><strong>que,</strong></span> <span class='ocrx_word' id='word_1_965' title='bbox 2325 5577 2414 5642; x_wconf 89' lang='lat' dir='ltr'><strong>qui</strong></span> <span class='ocrx_word' id='word_1_966' title='bbox 2449 5591 2508 5630; x_wconf 88' lang='lat' dir='ltr'><strong>se</strong></span> <span class='ocrx_word' id='word_1_967' title='bbox 2538 5577 2681 5630; x_wconf 90' lang='lat' dir='ltr'><strong>ultro</strong></span> <span class='ocrx_word' id='word_1_968' title='bbox 2715 5575 2871 5629; x_wconf 89' lang='lat' dir='ltr'><strong>morti</strong></span> <span class='ocrx_word' id='word_1_969' title='bbox 2910 5591 3006 5645; x_wconf 89' lang='lat' dir='ltr'><strong>pro</strong></span> <span class='ocrx_word' id='word_1_970' title='bbox 3037 5579 3308 5630; x_wconf 70' lang='grc' dir='ltr'>οοιιι-ιιιιιί</span> <span class='ocrx_word' id='word_1_971' title='bbox 3343 5578 3542 5630; x_wconf 73' lang='lat' dir='ltr'><strong>civium</strong></span> <span class='ocrx_word' id='word_1_972' title='bbox 3571 5578 3749 5629; x_wconf 81' lang='lat' dir='ltr'><strong>salute</strong></span> 
     </span>
    </p>
   </div>
   <div class='ocr_carea' id='block_1_129' title="bbox 2177 5646 2508 5699">
    <p class='ocr_par' dir='ltr' id='par_1_129' title="bbox 2177 5646 2508 5699">
     <span class='ocr_line' id='line_1_130' title="bbox 2177 5646 2508 5699; baseline 0.015 -5"><span class='ocrx_word' id='word_1_973' title='bbox 2177 5646 2508 5699; x_wconf 88' lang='lat' dir='ltr'><strong>obtulerunt.</strong></span> 
     </span>
    </p>
   </div>
  </div>
