4020 6216
340 372 444 431 30!

1320 414 1329 422 .
1403 367 1759 425 COMMENT.
1800 364 1866 424 IN
1903 364 2095 426 «ΙΟᾸΝ.
2133 368 2372 426 TOMUS
2408 368 2496 424 Vl.

3487 365 3595 421 302

336 494 439 551 τὸν
487 494 585 550 ἐπὶ
631 492 884 551 τοσοῦτον
933 478 1013 557 είς
1048 491 1210 563 βάθος
1248 491 1348 564 τῆς
1366 479 1573 547 ἑαυτοῦ
1605 492 1785 565 ψυχῆς
1825 492 1920 565 τὴν

2026 507 2192 564 supra
2221 474 2436 547 omnem
2480 476 2663 560 ignem
2696 476 3073 557 comburente,’
3094 478 3339 561 quisquis
3366 476 3434 544 eo
3464 503 3599 560 pro-

340 584 549 642 κακίαν
578 576 924 661 χωρήσαντα,
959 586 1036 649 ὡς
1067 583 1320 656 γενέσθαι
1346 585 1514 640 αὐτὸν
1547 585 1654 656 γῆν
1696 584 1927 639 ἀκανθο-

342 678 537 753 φόρον.
568 672 890 752 Καιδεήσει
923 677 1020 732 earl.
1060 676 1161 750 τὴν
1186 676 1443 750 τοιαύτην
1464 677 1644 750 ψυχὴν
1668 675 1927 749 πεμφθῆ-

342 789 434 827 ναι
458 770 522 826 τδ
548 771 796 843 εὑρίσκον
826 770 926 834 τὰς
953 768 1196 835 ἀκάνθας
1230 770 1343 844 πῦρ
1369 811 1384 834 .
1424 772 1520 825 καὶ
1557 770 1716 843 μέχρι
1748 768 1928 824 αὐτῶν

343 864 679 937 στησόμενον
708 864 796 918 διὰ
821 864 923 937 τὴν
953 863 1148 919 ἑαυτοῦ
1200 862 1469 935 θειότητα,
1516 862 1611 916 καὶ
1641 861 1703 916 ού
1758 878 1928 934 προσ-

342 956 633 1029 εμπρῆσον
681 955 957 1027 άλωναςῆ
1006 956 1244 1026 στάχυας
1283 953 1499 1008 πεδίων.
1548 951 1655 1007 Τοῦ
1683 953 1926 1024 αἴροντος

345 1047 459 1121 (49)
491 1048 550 1102 δὲ
579 1048 678 1122 τὴν
720 1046 999 1121 ἁμαρτίαν
1050 1046 1143 1102 τοῦ
1201 1047 1408 1119 κόσμου
1470 1045 1668 1117 Ἀμνοῦ
1701 1044 1788 1100 διά
1828 1047 1928 1118 τῆς

345 1139 486 1205 ιδίας
543 1140 759 1212 σφαγῆς
802 1139 1109 1212 ἀρχομένου
1163 1138 1274 1193 όδοὶ
1303 1138 1630 1209 τυγχάνουσι
1664 1137 1925 1202 πλείονες,

340 1223 421 1287 ὧν
467 1232 524 1286 αί
577 1232 679 1303 μὲν
733 1234 923 1301 σαφεῖς
948 1229 1088 1285 εἶναι
1120 1234 1233 1295 τοῖς
1282 1231 1497 1295 πολλοῖς
1544 1230 1797 1285 δύνανται
1822 1271 1837 1294 ,
1871 1232 1928 1283 αί

341 1320 402 1376 δὲ
433 1312 561 1385 τοὺς
579 1320 869 1385 τοσούτους
900 1320 1260 1377 λανθάνουσαι
1283 1324 1398 1387 τοῖς
1419 1322 1523 1393 τῆς
1558 1321 1708 1386 θείας
1736 1322 1928 1392 σοφίας

342 1408 681 1481 ἀξιουμένοις
712 1450 727 1475 ,
767 1407 849 1475 οἷς
894 1402 1075 1483 μόνοις
1115 1414 1224 1468 εἰσὶ
1269 1412 1561 1485 γνώριμοι.
1602 1413 1669 1467 Τί
1710 1413 1818 1486 γάρ
1848 1413 1931 1467 δεῖ

342 1501 525 1571 λέγειν
556 1503 624 1557 δι’
651 1494 792 1558 ὅσων
817 1503 953 1558 όδῶν
978 1522 1064 1570 τις
1095 1506 1190 1559 ἐπὶ
1212 1507 1275 1560 τὸ
1304 1506 1584 1559 πιστεύειν
1621 1504 1839 1579 ἔρχεται
1868 1508 1928 1561 ἐν

339 1590 671 1665 ἀνθρώποις,
695 1593 778 1648 ἔτι
811 1597 871 1651 ἐν
902 1596 980 1667 τῷ
1005 1597 1234 1668 τοιούτῳ
1263 1597 1480 1669 σώματι
1514 1598 1686 1671 παρὸν
1712 1599 1927 1670 ἑκάστῳ

342 1685 466 1741 καθ’
499 1685 659 1741 αὑτὸν
691 1688 1041 1755 ἐπισκοπεῖνς
1072 1689 1212 1761 πλὴν
1244 1690 1332 1744 διὰ
1366 1691 1473 1747 τῶν
1500 1690 1632 1746 ὁδῶν
1675 1693 1791 1745 ἐστι
1829 1690 1924 1745 τοῦ

340 1779 620 1835 πιστεύειν
653 1781 749 1835 καὶ
780 1781 1032 1854 αἴρεσθαι
1066 1783 1166 1853 τὴν
1196 1782 1482 1854 ἁμαρτίαν,
1502 1781 1590 1837 διά
1621 1783 1921 1855 μαστίγων,

2033 581 2317 639 funditatis
2344 596 2456 638 suae.
2503 581 2673 652 ipsius
2702 580 2900 636 anima:
2919 579 3140 636 admisit
3171 580 3394 645 vitium,
3424 587 3490 635 ut
3522 578 3606 633 fa-

2030 685 2153 732 ctus
2203 675 2276 731 sit
2309 684 2457 730 terra
2489 674 2675 745 spinas
2716 673 3056 746 germinans.
3083 671 3153 727 Et
3195 671 3439 742 proiecto
3465 687 3606 742 opus

2028 767 2134 822 erit
2165 768 2233 822 ad
2285 766 2594 839 hujusmodi
2635 767 2874 821 animam
2908 765 3087 838 ignem
3120 764 3263 820 mitti
3312 764 3604 820 invenien-

2031 869 2140 917 tem
2171 860 2378 931 spinas,
2406 852 2688 931 propeque
2718 870 2815 916 eas
2843 852 3107 923 stantem,
3133 873 3198 913 ac
3220 865 3603 929 penetrantem

2026 964 2125 1009 sua
2161 953 2332 1022 ipsius
2359 953 2679 1016 divinitate,
2711 938 2814 1007 nec
2847 952 3259 1008 combus'turum
3312 963 3475 1006 areas
3521 948 3608 1004 vel

2030 1044 2213 1115 spicas
2242 1056 2583 1115 camporum.
2620 1043 2833 1099 Verum'
2858 1044 3141 1099 enimvero
3169 1041 3315 1112 Agni
3358 1040 3611 1099 tollentis

2030 1147 2312 1207 peccatum
2358 1128 2568 1204 mundi,
2608 1136 2908 1207 idque'per
2931 1135 3207 1207 propriam
3235 1136 3440 1192 caedem
3468 1135 3609 1191 inei-

2031 1226 2250 1295 pientis,
2275 1228 2586 1298 complures
2612 1240 2740 1283 snut
2766 1228 2870 1283 viae
2894 1243 2910 1291 ;
2948 1234 3181 1299 quarum
3228 1228 3350 1284 aliae
3379 1228 3600 1300 quidem

2034 1318 2333 1374 manifestae
2378 1331 2609 1390 possunt
2637 1335 2761 1378 esse
2808 1322 2968 1393 vulgo
2996 1362 3012 1389 ,
3058 1321 3179 1377 alia:
3204 1335 3334 1378 vero
3360 1360 3376 1388 ,
3408 1325 3605 1393 vulgus

2030 1409 2261 1467 latentes
2286 1450 2302 1476 .
2340 1412 2427 1468 his
2458 1414 2550 1483 qui
2583 1414 2763 1469 divina
2797 1415 3067 1484 sapientia
3105 1413 3252 1485 digni
3287 1413 3456 1469 habiti
3490 1412 3609 1469 fue-

2032 1503 2163 1567 rint,
2197 1502 2395 1573 quibus
2428 1505 2560 1562 solis
2586 1515 2714 1560 sunt
2759 1517 2919 1562 notae.
2955 1505 3094 1574 Quid
3138 1505 3283 1560 enim
3331 1520 3471 1577 opus
3525 1516 3611 1561 est

2030 1607 2316 1651 recensere
2346 1607 2482 1667 quot
2504 1598 2620 1653 'viis
2646 1598 2713 1653 ad
2739 1600 3073 1655 credendum
3098 1600 3282 1655 veniat
3311 1599 3434 1668 quis
3470 1599 3611 1653 inter

2026 1684 2298 1755 homines,
2345 1701 2471 1743 cum
2500 1687 2670 1743 liceat
2696 1690 3015 1760 unicuique,
3045 1691 3173 1745 dum
3205 1691 3381 1745 adhuc
3412 1691 3467 1744 in
3501 1688 3610 1745 hoc

2026 1787 2110 1836 est
2137 1794 2388 1852 corpore,
2433 1795 2500 1836 ex
2552 1797 2613 1839 se
2662 1783 2716 1840 id
2762 1776 3167 1840 considerare?
3216 1781 3606 1839 Verumtamen

340 1872 436 1925 καὶ
461 1871 792 1943 πνευμάτων
823 1862 1080 1945 πονηρῶν
1094 1913 1109 1938 ,
1162 1872 1254 1926 καὶ
1301 1873 1470 1927 νόσων
1500 1872 1920 1944 χαλεπωτάτων,

2029 1886 2126 1943 per
2155 1872 2277 1928 vias
2307 1873 2563 1931 credendi
2612 1874 2736 1931 licet
2789 1886 3074 1945 peccatum
3123 1890 3345 1948 quoque
3378 1875 3567 1933 tollere
3591 1915 3608 1941 .

340 1962 435 2016 καὶ
466 1962 750 2033 μαλακιῶν
795 1964 1231 2018 ἐπιπονωτάτων.
1265 1962 1361 2028 Τίς
1396 1959 1490 2019 οῦν
1524 1963 1636 2037 (50)
1670 1959 1778 2018 οἶδε
1824 1967 1921 2019 καὶ

336 2055 407 2109 τὰ
457 2053 848 2125 μετὰ“ταῦτα;
916 2056 1232 2124 ’Δναγκαῖον
1288 2055 1346 2110 δὲ
1402 2051 1473 2128 ἦν
1505 2055 1648 2129 ὑπὲρ
1693 2054 1788 2110 τοῦ
1846 2057 1922 2128 μὴ

337 2146 693 2217 ἁναινεθῆναι
709 2147 799 2201 τὸν
822 2146 1080 2202 δοκοῦντα
1099 2150 1167 2219 τῇ
1194 2147 1441 2214 ἐξετάσει
1464 2147 1561 2203 τοῦ
1593 2148 1756 2218 λόγου
1780 2166 1925 2221 παρ-

338 2238 653 2295 ακολουθεῖν
688 2232 786 2295 τοῦ
825 2239 1074 2310 λέγοντος
1098 2259 1112 2271 ο
1159 2260 1179 2293 ι
1224 2240 1334 2294 Ἴδε
1357 2242 1386 2295 ό
1420 2241 1616 2313 ’Δμνὸς
1643 2240 1737 2295 τοῦ
1759 2240 1923 2307 Θεοῦ,

336 2331 368 2385 ὁ
400 2331 573 2404 αἴρων
595 2328 696 2405 τὴν
718 2331 992 2405 ἁμαρτίαν
1024 2331 1121 2386 τοῦ
1164 2333 1392 2404 κόσμου,
1424 2352 1445 2386 ι
1484 2331 1762 2387 ἐπιπλεῖον
1794 2334 1925 2404 περὶ

336 2421 544 2479 τούτων
574 2422 883 2489 διαλαϐεῖν,
928 2424 1016 2490 ἶν’,
1063 2421 1264 2489 εἰδότες
1309 2424 1391 2477 ὃτι
1443 2423 1540 2478 καὶ
1590 2422 1748 2494 θυμῷ
1785 2421 1922 2476 Θεοῦ

339 2516 489 2571 ἐστιν
536 2516 891 2588 ἐλεγχθῆναι,
943 2517 1037 2572 καὶ
1065 2518 1202 2589 ὀργῇ
1236 2516 1371 2571 Θεοῦ
1405 2514 1800 2588 παιδευθῆναι,
1833 2514 1922 2569 διὰ

337 2607 401 2660 τὸ
452 2609 532 2673 είς
562 2607 869 2680 ὑπερϐολὴν
909 2607 1288 2681 φιλάνθρωπον
1340 2608 1530 2662 οὐδένα
1569 2608 1745 2679 πάντη
1793 2606 1920 2661 άνέ⁸

338 2698 565 2768 λεγκτον
601 2699 699 2754 καὶ
740 2699 1062 2754 ἀπαίδευτον
1106 2699 1302 2764 ἐῶντος
1320 2740 1335 2765 ,
1386 2699 1564 2753 πάντα
1603 2699 1920 2770 ποιήσωμεν

336 2790 422 2853 είς
444 2788 506 2844 τδ
530 2789 787 2861 δεηθῆναι
823 2789 934 2861 (Si)
977 2787 1234 2844 τοιούτων
1265 2787 1503 2860 ἐλέγχων
1522 2827 1539 2853 ,
1574 2789 1671 2843 καὶ
1701 2787 1802 2859 τῆς
1833 2785 1923 2842 διὰ

335 2879 449 2934 τῶν
479 2881 900 2936 ἐπιπονωτάτων
925 2880 1193 2944 παιδείας.

2027 1978 2125 2036 per
2153 1962 2387 2035 ﬂagella,
2438 1980 2538 2037 per
2589 1967 2818 2037 spiritus
2849 1968 3043 2035 malos,
3074 1983 3175 2039 per
3216 1969 3439 2024 morbos
3464 1966 3606 2024 ditii-

2028 2049 2282 2118 cillimos,
2309 2065 2407 2123 per
2431 2052 2781 2110 inﬁrmitates
2806 2055 3284 2114 laboriosissimas.
3309 2057 3444 2126 Quis
3472 2073 3605 2130 ergo

2029 2145 2180 2200 norit
2202 2159 2325 2215 qua:
2351 2154 2485 2201 sunt
2507 2146 2675 2202 etiam
2704 2156 2826 2216 post
2854 2148 3014 2205 haec?
3047 2149 3320 2205 Craterum
3351 2163 3608 2206 necessa~

2029 2236 2169 2291 rium
2195 2236 2316 2306 fuit,
2347 2250 2420 2293 ne
2446 2252 2831 2309 respueremus
2870 2254 2992 2294 eum
3028 2241 3119 2310 qui
3146 2241 3364 2310 assequi
3395 2240 3609 2297 videtur

2027 2341 2213 2384 veram
2243 2328 2658 2402 intelligentiam
2694 2332 2967 2387 sermonis
3000 2332 3151 2389 illius
3201 2334 3297 2403 qui
3343 2333 3481 2409 dicit
3508 2333 3556 2367 “
3590 2350 3606 2387 :

2031 2437 2051 2472 ι
2081 2417 2225 2477 Ecce
2246 2422 2438 2493 Agnus
2465 2421 2556 2495 ille
2586 2423 2705 2491 Dei,
2741 2425 2832 2495 qui
2861 2424 2995 2479 tollit
3028 2433 3308 2494 peccatum
3340 2424 3550 2493 mundi,
3583 2443 3603 2477 ι
3706 2458 3711 2464 ι

2024 2514 2233 2572 diutius
2284 2516 2352 2571 de
2398 2517 2555 2573 hisce
2591 2518 2755 2573 rebus
2784 2518 3056 2574 disserere
3086 2558 3102 2585 ,
3142 2528 3203 2573 ut
3234 2517 3474 2574 scientes
3506 2532 3607 2573 nos

2026 2614 2083 2661 et
2110 2604 2296 2663 furore
2323 2608 2415 2663 Dei
2442 2608 2736 2679 aliquando
2764 2610 3037 2683 redargui,
3056 2619 3113 2667 et
3139 2611 3222 2667 ira
3250 2610 3344 2666 Dei
3377 2609 3608 2682 corripi,

2027 2698 2301 2755 neminem
2325 2701 2397 2756 ob
2433 2702 2676 2758 amorem
2709 2717 2835 2774 erga
2864 2706 3036 2774 "genus
3067 2703 3392 2769 humanum,
3420 2701 3505 2757 vel
3539 2700 3608 2757 ad

2028 2789 2357 2861 hyperbolen
2389 2806 2583 2862 usque,
2612 2793 2844 2848 sinentis
2894 2794 3116 2850 omnino
3171 2794 3601 2866 irredargutum,

2031 2890 2194 2952 atque
2227 2898 2334 2939 non
2367 2895 2678 2956 correptum
2708 2925 2723 2949 ,
2776 2887 2962 2941 omnia
2993 2884 3262 2943 faciamus
3310 2896 3366 2943 ut
3406 2887 3608 2942 talibus

337 2973 822 3047 redargutionibus
842 2966 1012 3046 atque
1046 2975 1390 3046 correptione
1417 2989 1483 3031 ea
1527 2990 1648 3047 quae
1678 2975 1782 3031 sita
1821 2983 1910 3032 est
1942 2975 1997 3032 in
2025 2977 2190 3036 rebus
2242 2980 2561 3051 asperrimis
2606 2991 2771 3053 atque
2826 2981 3246 3052 molestissimis,
3286 2998 3394 3038 non
3443 2998 3606 3056 egea-

338 3082 487 3123 mus.

335 3255 628 3327 προτέροις
663 3258 796 3327 ἡμῖν
838 3257 956 3329 είρη
967 3256 1123 3329 μένα,
1160 3258 1298 3328 μετὰ
1337 3257 1692 3329 παραθέσεως
1742 3256 1922 3311 πλειό-

334 3364 445 3399 νων
490 3346 968 3420 παραδειγμάτων,
1021 3350 1148 3421 περὶ
1186 3349 1280 3403 τοῦ
1321 3350 1375 3403 τί
1413 3349 1739 3422 σημαίνεται
1778 3348 1922 3404 κατὰ

334 3441 439 3510 τὴν
476 3439 698 3512 Γραφὴν
758 3441 824 3493 ἐκ
883 3440 985 3511 τῆς
1037 3443 1267 3511 κόσμος
1299 3443 1515 3514 φωνῆς·
1559 3441 1622 3495 ού
1665 3440 1774 3514 γὰρ
1831 3441 1924 3495 εῦ-

335 3531 498 3599 λογον
526 3532 822 3605 ἡγησάμην
858 3532 1220 3603 παλιλλογεῖν.
1249 3535 1361 3589 Ούκ
1386 3532 1691 3605 ἀγνοοῦμεν
1715 3532 1771 3587 δέ
1798 3549 1922 3587 τινα

334 3627 542 3697 κόσμον
571 3626 914 3699 ἐξειληφέναι
961 3627 1058 3701 τὴν
1101 3628 1425 3699 Ἐκκλησίαν
1473 3627 1662 3699 μόνην,
1715 3625 1921 3698 κόσμον

335 3712 505 3773 οὖσαν
538 3718 632 3772 τοῦ
671 3720 878 3791 κόσμου
898 3737 912 3749 ·
963 3721 1085 3774 ἐπεὶ
1129 3721 1224 3775 καὶ
1260 3720 1375 3790 φῶς
1416 3719 1636 3789 λέγεται
1677 3717 1771 3772 τοῦ
1828 3717 1922 3772 κό-

337 3826 507 3881 σμου·
555 3829 575 3863 ι
607 3811 794 3883 Ὑμεῖς
836 3811 946 3884 γάρ
987 3814 1140 3879 ἐστὲ,
1185 3813 1353 3883 φησι,
1426 3812 1490 3865 τδ
1538 3812 1653 3881 φῶς
1684 3810 1778 3864 τοῦ
1824 3810 1919 3864 κό-

340 3919 500 3974 σμου.
532 3922 551 3954 ι
584 3905 805 3977 Κόσμος
826 3905 882 3958 δὲ
916 3905 1009 3960 τοῦ
1056 3905 1264 3975 κόσμου
1290 3907 1324 3977 ἡ
1366 3902 1683 3974 Ἐκκλησία,
1713 3901 1918 3972 κόσμου

337 3995 508 4067 αὐτῆς
550 3996 836 4068 γινομένου
886 3995 1127 4070 Χριστοῦ
1156 4036 1171 4061 ,
1210 3995 1306 4049 τοῦ
1340 3994 1556 4066 πρώτου
1593 3992 1771 4062 φωτὸς
1824 3991 1919 4046 τοῦ

339 4089 566 4160 κόσμου.
603 4087 981 4159 Κατανοητέον
1002 4087 1068 4159 δὴ
1090 4090 1137 4142 εί
1163 4087 1236 4161 μὴ
1261 4086 1356 4141 τοῦ
1383 4083 1547 4140 αὐτοῦ
1571 4083 1780 4154 κόσμου
1804 4081 1920 4150 φῶς

337 4176 476 4235 εἶναι
509 4180 727 4250 λέγεται
757 4183 787 4235 ό
810 4178 1065 4253 Χριστὸς,
1102 4180 1198 4233 καὶ
1224 4179 1275 4232 οἱ
1305 4175 1545 4249 μαθηταὶ
1571 4171 1738 4229 αὐτοῦ
1758 4189 1771 4202 ·
1803 4170 1918 4225 ἁλλ’

337 4271 427 4324 ira
476 4273 575 4343 μὲν
619 4270 852 4344 Χριστὸς
898 4269 1015 4340 φῶς
1058 4268 1154 4322 τοῦ
1197 4268 1404 4339 κόσμου
1447 4266 1599 4331 ἐστὶ,
1645 4264 1787 4334 τάχα
1818 4263 1919 4335 τῆς

345 4363 676 4435 Ἑκκλησίας
713 4364 831 4417 ἐστὶ
870 4364 1005 4433 φῶς·
1048 4363 1138 4416 ὅτε
1168 4360 1225 4415 δὲ
1250 4364 1297 4415 οἱ
1331 4359 1570 4432 μαθηταὶ
1594 4355 1761 4412 αὑτοῦ
1800 4354 1917 4426 φῶς

335 4457 430 4512 τοῦ
454 4457 682 4529 κόσμου,
716 4458 923 4530 μήποτε
958 4454 1067 4510 τῶν
1096 4452 1599 4526 παρακαλουμένων
1620 4450 1726 4505 εισι
1754 4448 1871 4520 φῶς
1896 4488 1913 4515 ,

410 3161 501 3217 58.
540 3162 928 3219 Ἐπισκεπτέον
959 3163 1015 3217 δὲ
1049 3162 1137 3234 τῷ,
1171 3164 1553 3236 ἐντυγχάνοντι
1601 3163 1674 3217 τά
1720 3164 1780 3220 ἐν
1811 3165 1920 3227 τοῖς

2101 3163 2264 3236 158
2298 3163 2390 3219 58.
2422 3162 2747 3220 Consideret
2782 3163 3005 3234 insuper
3033 3162 3205 3220 lector
3232 3172 3449 3235 oportet
3482 3179 3603 3236 qua:

2024 3273 2190 3327 supra
2230 3266 2357 3312 sunt
2385 3272 2415 3312 a
2449 3257 2607 3314 nobis
2641 3256 2814 3321 dicta,
2840 3272 2964 3312 cum
2996 3258 3338 3329 appositione
3367 3259 3606 3328 complu-

2022 3348 2164 3404 rium
2197 3346 2576 3418 exemplorum
2607 3346 2674 3403 de
2698 3362 2764 3404 eo
2796 3349 2940 3418 quod
2971 3356 3076 3415 est,
3111 3343 3239 3419 quid
3268 3349 3606 3420 signiﬁcetur

2018 3438 2174 3509 juxta
2204 3437 2548 3509 Scripturam
2580 3453 2679 3508 per
2702 3453 2890 3495 vocem
2921 3440 3153 3495 mundus
3197 3440 3274 3507 ‘7;
3312 3455 3415 3497 nec
3454 3441 3602 3497 enim

2023 3542 2450 3587 consentaneum
2502 3546 2624 3587 esse
2663 3532 2849 3601 putavi
2888 3541 3154 3600 repetere.
3207 3531 3325 3588 Non
3386 3533 3605 3603 ignora-

2022 3640 2142 3680 mus
2173 3633 2355 3680 autem
2393 3623 2686 3693 quemdam
2723 3624 3047 3692 exposuisse
3081 3637 3180 3691 per
3210 3626 3468 3676 mundum
3497 3620 3603 3677 Ec-

2022 3715 2245 3773 clesiam
2278 3714 2451 3772 solam
2474 3752 2490 3777 ,
2536 3713 2799 3767 mundum
2827 3722 2887 3768 et
2911 3700 3298 3767 ornamentum
3330 3713 3605 3769 exsisten-

2024 3816 2131 3862 tem
2161 3805 2392 3870 mundi;
2429 3802 2877 3874 quandoquidem
2911 3802 3000 3857 lux
3035 3802 3201 3858 etiam
3254 3802 3441 3858 mundi
3469 3802 3606 3859 dici-

2025 3908 2154 3953 tur:
2191 3915 2212 3950 ι
2254 3896 2367 3953 Vos
2413 3896 2562 3951 enim
2598 3895 2772 3960 estis,
2828 3895 3007 3965 inquit
3053 3894 3122 3961 η,
3162 3890 3255 3949 lux‘
3309 3894 3519 3950 mundi.
3574 3911 3597 3948 ι

2020 3988 2251 4043 Mundus
2280 3996 2463 4043 autem
2489 3999 2546 4043 et
2576 3998 2962 4043 ornamentum
2982 3986 3181 4041 ‘mundi
3215 3994 3300 4042 est
3334 3985 3598 4056 Ecclesia,

2021 4077 2237 4135 Christo
2283 4076 2583 4134 exsistente
2616 4079 2820 4133 mundo
2852 4087 2908 4132 et
2940 4086 3262 4132 ornamento
3315 4074 3600 4142 Ecclesia),

2021 4171 2220 4243 quippe
2245 4170 2335 4241 qui
2370 4170 2444 4225 sit
2474 4172 2646 4238 prima
2670 4169 2761 4224 lux
2795 4169 3079 4226 mundi".
3102 4167 3599 4225 Considerandum

2019 4274 2202 4320 autem
2249 4271 2333 4318 est
2369 4277 2499 4316 num
2547 4261 2791 4331 ejusdem
2848 4263 3033 4317 mundi
3095 4260 3189 4316 lux
3231 4275 3354 4316 esse
3381 4260 3604 4316 dicatur

2018 4353 2276 4413 Christus
2302 4363 2357 4409 et
2383 4353 2632 4424 discipuli
2659 4352 2799 4423 ejus.
2832 4352 3072 4408 Proinde
3097 4353 3243 4420 vide,
3267 4365 3360 4418 ne,
3382 4352 3601 4420 quando

2018 4447 2268 4506 Christus
2299 4449 2389 4505 lux
2418 4457 2505 4505 est
2533 4448 2747 4513 mundi,
2778 4445 3035 4502 fortassis
3064 4444 3157 4500 lux
3187 4448 3259 4502 sit
3298 4442 3599 4513 Ecclesiae;

334 4552 540 4624 ἐτέρων
590 4551 759 4606 όντων
817 4549 969 4622 παρὰ
1012 4547 1109 4620 τὴν
1170 4544 1496 4617 Ἐκκλησίαν
1524 4583 1540 4609 ,
1597 4543 1787 4613 ὥσπερ
1837 4538 1916 4612 τῷ

2024 4543 2238 4614 quando
2268 4557 2397 4599 vero
2445 4542 2696 4613 discipuli
2730 4541 2848 4611 ejus
2876 4540 2968 4595 lux
3014 4530 3145 4594 sunt
3171 4535 3385 4603 mundi,
3437 4536 3602 4592 invo-

336 4643 534 4715 Παύλῳ
580 4643 711 4716 περὶ
755 4641 959 4696 τούτων
1013 4640 1226 4711 εἴρηται
1272 4640 1330 4692 ἐν
1382 4635 1462 4708 τῷ
1500 4633 1770 4708 προοιμίῳ
1811 4631 1914 4703 τῆς

335 4736 606 4809 προτέρας
635 4734 774 4809 πρὸς
803 4737 929 4799 τοὺς
947 4731 1268 4808 Κορινθίους
1310 4724 1629 4798 Ἐπιστολῆς
1648 4725 1914 4798 γράφοντι

339 4849 360 4883 ι
386 4833 455 4902 τῇ
488 4827 784 4900 Ἐκκλησία
818 4826 915 4881 τοῦ
946 4825 1082 4882 Θεοῦ
1102 4866 1117 4891 ,
1152 4826 1250 4881 σὺν
1289 4824 1426 4877 πᾶσι
1479 4824 1592 4886 τοῖς
1632 4819 1916 4875 ἐπικαλου-

337 4922 523 4993 μένοις
550 4923 612 4976 τὸ
640 4921 812 4994 ὄνομα
836 4919 931 4974 τοῦ
962 4919 1171 4991 Κυρίου
1212 4915 1385 4988 Ἰησοῦ
1423 4913 1681 4987 Χριστοῦ.
1721 4931 1741 4965 ι
1787 4911 1913 4965 Ἐάν

332 5032 418 5080 τις
471 5015 670 5088 tamn
703 5015 798 5070 τοῦ
833 5013 1039 5084 κόσμου
1094 5010 1210 5081 φῶς
1249 5006 1504 5079 λέγεσθαι
1544 5006 1645 5077 τὴν
1687 5002 1915 5075 Ἐκκλη·

331 5108 481 5175 σίαν,
513 5110 675 5165 οίονεὶ
707 5107 802 5164 τοῦ
835 5106 1024 5162 λοιποῦ
1057 5106 1249 5175 γένους
1286 5103 1395 5158 τῶν
1433 5094 1735 5172 ἀνθρώπων
1758 5139 1772 5163 ,
1818 5096 1914 5152 κα)⁸

328 5197 443 5256 τῶν
464 5200 732 5266 ἀπίστων,
758 5201 807 5254 εί
841 5200 940 5272 μὲν
983 5193 1337 5271 προφητικῶς
1378 5193 1537 5248 τοῦτο
1556 5191 1645 5247 διὰ
1668 5190 1759 5244 τὸν
1783 5188 1912 5260 περὶ

327 5292 520 5357 τέλους
542 5292 698 5362 λόγον
726 5290 1020 5364 ἐκλήψεται
1039 5330 1054 5354 ,
1089 5287 1229 5359 τάχα
1262 5286 1376 5358 ἔχει
1421 5285 1605 5357 χώραν
1643 5282 1708 5337 τὺ
1751 5280 1909 5351 λεγό-

333 5402 523 5459 μενον·
572 5387 623 5440 εί
653 5384 711 5441 δὲ
744 5385 820 5449 ὡς
852 5384 953 5458 ήδη
1009 5382 1292 5454 γινόμενον
1335 5379 1481 5451 (ἐπεὶ
1510 5378 1573 5432 τὸ
1604 5375 1719 5447 φῶς
1766 5392 1910 5439 τινος

329 5477 557 5549 φωτίζει
604 5481 783 5534 ἐκεῖνο
808 5472 871 5533 οὗ
898 5478 1016 5530 ἐστι
1060 5474 1176 5546 φῶς
1200 5473 1250 5544 ),
1290 5472 1652 5527 δεικνύτωσαν
1685 5470 1803 5536 πῶς
1847 5471 1909 5525 τὸ

2019 4634 2259 4690 cautium
2292 4635 2404 4689 sint
2435 4633 2523 4689 lux
2555 4676 2570 4702 ,
2624 4633 2717 4704 qui
2773 4631 2975 4685 diversi
3024 4637 3157 4685 sunt
3208 4629 3281 4684 ab
3309 4626 3550 4683 Ecclesia
3579 4668 3598 4697 ,

2019 4725 2481 4798 quemadmodum
2531 4740 2562 4779 a
2616 4723 2786 4780 Paulo
2839 4723 3046 4778 dictum
3093 4732 3180 4777 est
3227 4721 3281 4776 in
3310 4724 3598 4793 'prommio

2020 4817 2221 4891 prioris
2263 4815 2518 4886 Epistolae
2558 4815 2626 4871 ad
2670 4813 2982 4871 Corinthios
3016 4812 3297 4871 scribente
3334 4833 3355 4867 ι
3398 4814 3466 4869 ad
3494 4815 3600 4871 Ee-

2022 4909 2244 4967 clesiam
2297 4906 2418 4977 Dei,
2472 4921 2598 4964 cum
2651 4905 2907 4981 omnibus
2958 4905 3053 4977 qui
3109 4905 3369 4962 invocant
3399 4920 3597 4962 nomen

2022 5002 2237 5059 Domini
2273 5000 2447 5057 nostri
2480 4999 2610 5056 .lesu
2653 4999 2857 5056 Christi
2880 4999 2950 5056 ⁸⁰.
2986 5017 3006 5053 ι
3038 4999 3095 5055 Si
3123 4999 3248 5070 quis
3287 4999 3601 5068 suspicetur

2017 5084 2318 5152 Ecclesiam
2359 5092 2463 5149 dici
2496 5090 2671 5147 lucem
2704 5092 2915 5159 mundi,
2952 5090 3057 5148 hoc
3085 5100 3169 5146 est
3209 5087 3405 5158 reliqui
3432 5101 3600 5158 gene-

2016 5190 2092 5242 ris
2113 5184 2391 5242 hominum
2419 5192 2473 5239 et
2501 5180 2825 5248 inlidelium,
2856 5182 3121 5253 siquidem
3153 5178 3471 5251 prophetice
3491 5176 3597 5235 hoe

2016 5275 2468 5349 interpretabilur
2515 5282 2739 5344 propter
2790 5285 3103 5328 sermonem
3147 5271 3215 5325 de
3240 5284 3594 5327 consumma-

2017 5365 2184 5433 tione,
2220 5363 2457 5420 fortasse
2485 5362 2664 5419 locum
2697 5359 3016 5417 habetillud
3047 5358 3195 5430 quod
3227 5359 3470 5429 dicitur;
3504 5362 3591 5418 sin

2020 5471 2150 5513 vero
2176 5465 2434 5528 tanquam
2453 5452 2566 5523 jam
2598 5452 2803 5508 factum
2834 5450 2889 5507 id
2919 5448 3291 5507 considerabit
3312 5452 3593 5524 (quoniam

399 5619 449 5652 “
483 5617 639 5679 Joan.
662 5636 704 5689 ι,
726 5620 817 5678 29.
892 5619 938 5654 "
968 5619 1127 5701 Joan.
1160 5634 1198 5685 ι,
1226 5616 1358 5697 ιθ.χ
1391 5614 1438 5647 ⁸⁸
1477 5614 1672 5671 Matth.
1704 5628 1760 5679 ν,
1802 5612 1886 5668 ιι.

2039 5609 2321 5674 Joan.vtn,
2343 5604 2430 5659 l2.
2506 5604 2552 5636 '°
2583 5602 2750 5660 lCor.
2780 5618 2820 5667 ι,
2849 5601 2905 5658 2.

402 5740 515 5812 (59)
555 5739 677 5798 Τοῦ
703 5742 1000 5813 αἴροντος,
1041 5748 1161 5813 ete._
1186 5738 1281 5795 Sic
1332 5735 1496 5793 habet
1529 5734 1702 5791 codex
1755 5733 1902 5791 Bod-

328 5807 652 5885 leiauusain
684 5807 853 5885 Regio
882 5807 1036 5885 deest
1068 5809 1185 5885 τοῦἶ

403 5880 517 5954 (50)
554 5868 739 5941 Codex
765 5868 1124 5939 uBudleianus
1173 5879 1269 5945 Τίς
1310 5872 1403 5953 ἦν,
1451 5875 1659 5950 Regius
1697 5873 1776 5952 Ti
1810 5868 1901 5949 ἦν,

2015 5732 2201 5873 nulla)
2243 5801 2347 5873 Εἷς
2379 5791 2782 5873 τιέίδεηθῆιτιι.
2825 5795 3109 5855 Ferrarius
3142 5794 3359 5867 videtur
3398 5788 3598 5858 legisse

2015 5869 2109 5937 εἰς’
2124 5869 2189 5926 τδ
2223 5870 2298 5943 μὴ
2324 5869 2601 5947 δεηθῆναι.
