3962 6206
458 376 568 434 503

1913 367 2232 426 ORIGENIS

3607 377 3716 433 503

460 488 548 544 lux
583 485 818 558 alicujus
850 484 1088 542 illustrat
1134 482 1267 541 illud
1295 523 1312 552 ,
1343 480 1502 556 cuius
1527 493 1611 541 est
1652 481 1791 557 lux),
1838 490 2020 540 osten-

2130 483 2316 539 λοιπὸν
2353 482 2510 554 γένος
2546 483 2842 555 φωτίζεται
2869 483 2973 540 ύπδ
2999 485 3100 561 τῆς
3123 487 3615 562 παρεπιδημούσης
3636 491 3716 563 τῷ

455 585 590 639 dant
631 579 902 651 quomodo
932 577 1200 650 reliquum
1248 592 1420 650 genus
1452 578 1761 635 illustratur
1807 576 1878 636 ab
1923 577 2028 634 Ec-

456 675 624 731 clesia
673 671 1056 745 peregrinante
1079 671 1134 728 in
1167 672 1390 746 mundo.
1419 669 1573 740 Quod
1604 672 1652 729 si
1684 671 1789 729 hoc
1842 681 2030 730 osten-

455 769 587 824 dere
625 773 928 837 nequeunt,
965 764 1250 822 advertant
1280 780 1409 823 num
1438 774 1584 822 recte
1611 764 2028 838 exposuerimus

455 861 632 917 lucem
657 872 782 916 esse
811 856 1138 926 Ecclesium,
1170 866 1227 914 et
1257 857 1519 914 mundum
1551 857 1894 914 invocantes.
1920 857 2030 914 Sed

455 949 646 1008 vocula
669 967 794 1022 quae
817 950 1088 1021 sequitur,
1111 947 1292 1019 posita
1320 946 1376 1004 in
1397 947 1694 1020 Evangelio
1716 962 1748 1004 a
1778 947 2028 1005 Matthiae

455 1044 656 1102 tradito
696 1042 968 1114 exprimet
1017 1041 1420 1099 enarrationem
1452 1040 1502 1097 ei
1549 1040 1642 1112 qui
1673 1039 2030 1113 diligentissi-

453 1149 542 1190 me
589 1142 867 1190 scrutatur
916 1131 1276 1204 Scripturas:
1311 1150 1330 1186 ι
1367 1130 1476 1187 Vos
1521 1133 1670 1190 enim
1694 1171 1712 1200 ,
1747 1131 1924 1203 inquit
1955 1133 2024 1198 ",

455 1227 589 1282 estis
613 1225 696 1282 sal
731 1233 933 1291 terrm;
987 1243 1010 1278 ι
1062 1223 1295 1282 fortasse
1335 1238 1434 1294 per
1462 1233 1669 1281 terram
1720 1224 2030 1297 intelligens

456 1318 697 1388 reliquos
717 1317 1243 1386 homines,quorum
1274 1315 1356 1371 sal
1378 1324 1508 1372 sunt
1530 1315 1623 1387 qui
1647 1315 2025 1378 crediderunt.

456 1419 710 1465 auctores
737 1409 1068 1466 exsistentes
1093 1418 1154 1464 ut
1194 1404 1440 1465 mundus
1461 1414 1717 1466 servetur
1741 1415 2027 1478 propterea

454 1503 596 1572 quod
619 1502 846 1560 credant
872 1517 889 1568 ;
925 1511 1057 1558 tunc
1082 1502 1230 1558 enim
1260 1502 1662 1560 consummatio
1686 1500 1816 1566 erit,
1861 1500 1909 1558 si
1939 1499 2024 1557 sal

455 1596 756 1652 infatuatus
785 1592 977 1660 fuerit,
1003 1603 1060 1651 et
1089 1609 1200 1650 non
1230 1595 1302 1651 sit
1325 1593 1558 1664 amplius
1588 1595 1683 1666 qui
1713 1594 1874 1651 saliat
1900 1609 2030 1652 con-

456 1694 746 1757 servetque
775 1692 977 1740 terram
1011 1701 1026 1738 :
1055 1683 1315 1754 quoniam
1341 1683 1535 1754 liquet,
1565 1687 1614 1740 sl
1649 1683 1876 1754 impleta
1907 1685 2028 1740 fue-

457 1777 528 1832 rit
554 1775 840 1846 iniquitas,
860 1782 915 1830 et
940 1771 1257 1844 refriguerit
1287 1773 1532 1830 charitas
1567 1789 1736 1846 super
1761 1783 1962 1832 terram
1979 1776 2027 1810 ⁸³

457 1864 475 1936 (
502 1873 558 1920 ut
583 1864 752 1920 etiam
783 1861 1052 1920 Servator
1081 1861 1199 1932 ipse
1229 1862 1450 1920 dubiam
1488 1861 1704 1934 profert
1735 1879 1924 1922 vocem
1961 1865 2028 1921 de

458 1957 544 2013 his
569 1956 663 2028 qui
703 1955 758 2012 in
787 1969 888 2012 suo
941 1953 1118 2026 ipsius
1171 1954 1407 2011 adventu
1459 1965 1658 2023 erunt,
1713 1957 1905 2014 dicens
1935 1959 2025 2019 "t

460 2063 481 2098 ι
516 2044 897 2102 Verumtamen
917 2059 1044 2100 cum
1083 2044 1294 2100 venerit
1316 2043 1485 2102 Filius
1510 2046 1773 2113 hominis,
1795 2064 1919 2104 num
1953 2049 2031 2106 ln-

457 2134 640 2192 veniet
664 2134 824 2194 (idem
851 2149 1018 2207 super
1049 2145 1248 2192 terram
1275 2137 1299 2190 τ
1324 2137 1373 2208 ι)
1397 2136 1640 2194 futuram
1687 2155 2030 2199 consumma-

456 2228 657 2284 tionem
715 2226 919 2284 sazculi.
960 2227 1180 2284 Dicatur
1227 2228 1414 2300 itaque
1465 2230 1713 2288 Ecclesia
1771 2234 2025 2304 mundus,

455 2316 672 2389 quando
687 2330 718 2372 a
738 2314 1032 2374 Servatore
1053 2316 1385 2387 illustratur;
1407 2335 1508 2378 nos
1519 2332 1700 2379 autem
1712 2327 2028 2394 quaerimus,

455 2427 522 2466 an
559 2418 779 2480 propter
810 2409 981 2466 illud:
1013 2427 1033 2462 ι
1070 2409 1208 2466 Ecce
1251 2411 1439 2483 Agnus
1466 2413 1557 2469 ille
1597 2414 1715 2482 Dei,
1761 2416 1856 2486 qui
1894 2416 2032 2474 tollit

457 2504 924 2577 159peccatum
967 2503 1150 2560 mundi
1181 2503 1248 2572 “,
1278 2523 1299 2558 ι
1339 2505 1706 2577 interpretari,
1733 2509 2029 2569 debeamus

457 2599 716 2654 mundum
775 2593 1134 2667 spiritualiter
1180 2609 1308 2653 esse
1355 2597 1658 2658 Ecclesiam
1711 2599 2030 2670 (ablatione

456 2698 806 2760 peccatorum
841 2687 1200 2744 circnmclusa
1252 2689 1306 2744 in
1356 2687 1470 2744 sola
1514 2690 1824 2763 Ecclesia).
1884 2694 2031 2760 Quo-

456 2781 617 2838 modo
645 2781 792 2835 enim
821 2779 968 2850 quod
996 2794 1027 2834 a
1049 2779 1314 2850 discipulo
1348 2795 1448 2837 suo
1475 2781 1533 2838 in
1565 2781 1803 2853 Epistola
1830 2783 2032 2842 dicitur

455 2875 523 2930 de
559 2871 870 2940 Servatore,
895 2870 984 2944 qui
1004 2870 1314 2942 propitiatio
1338 2883 1422 2931 est
1441 2889 1540 2946 pro
1565 2876 1829 2946 peccatis,
1860 2876 2030 2934 inter-

455 2963 814 3036 pretabimur,
845 2965 926 3020 sic
951 2965 1161 3022 habens
1193 2983 1209 3022 :
1250 2983 1270 3020 ι
1300 2964 1410 3022 Sed
1431 2975 1488 3022 et
1528 2967 1578 3022 si
1607 2967 1733 3036 quis
1763 2983 2026 3040 peccave-

456 3059 546 3126 rit,
617 3057 940 3114 advocatum
1001 3059 1268 3115 habemus
1339 3060 1482 3131 apud
1555 3059 1772 3116 Patrem
1839 3059 2026 3119 Iesum

2130 576 2322 650 κόσμῳ
2349 577 2697 650 Ἐκκλησίας.
2740 577 2804 632 Ei
2837 578 2895 632 δὲ
2924 577 3082 634 τοῦτο
3109 578 3384 635 δεικνύναι
3425 581 3486 635 οὐ
3531 581 3718 639 δύναν-

2129 687 2240 735 ται,
2271 669 2723 742 ἐπιστησάτωσαν
2753 671 2962 743 μήποτε
2988 671 3158 741 ὑγιῶς
3195 672 3562 746 ἐξειληφαμεν
3599 675 3720 747 φῶς

2133 763 2232 834 μὲν
2281 758 2418 816 εἶναι
2450 761 2551 835 τὴν
2597 762 2953 836 Ἐκκλησίαν,
3005 762 3210 834 κόσμον
3244 763 3304 819 δέ
3358 765 3489 830 τοὺς
3520 767 3720 822 ἐπικα-

2129 852 2444 925 λουμένους.
2490 855 2554 908 Ἦ
2606 854 2664 909 δὲ
2696 853 2824 927 ἐξῆς
2880 853 3032 928 φωνὴ
3074 855 3302 928 κειμένη
3344 855 3404 910 ἐν
3436 855 3516 929 τῷ
3570 857 3721 912 κατὰ

2129 943 2410 999 Ματθαῖον
2447 943 2527 1017 τῷ
2574 944 2972 1017 ἐπιμελέστατα
3018 946 3312 1018 ἐρευνῶντι
3349 947 3450 1013 τὰς
3487 948 3718 1022 Γραφὰς

2131 1034 2478 1108 παραστήσει
2532 1035 2631 1108 τὴν
2686 1035 2969 1110 διήγησιν·
3023 1054 3042 1089 ι
3085 1035 3280 1110 Ὑμεῖς
3315 1038 3449 1112 γάρ,
3500 1041 3715 1113 φησὶν,

2130 1127 2257 1181 ἐστέ
2305 1127 2368 1181 τὸ
2405 1127 2540 1192 άλας
2571 1128 2672 1201 τῆς
2711 1128 2848 1200 γῆς·
2882 1147 2902 1182 ι
2955 1127 3098 1200 τάχα
3149 1129 3250 1201 τῆς
3289 1129 3396 1203 γῆς
3437 1131 3551 1188 τῶν
3601 1131 3718 1187 λοι-

2129 1219 2250 1277 πῶν
2312 1220 2618 1294 ἀνθρώπων
2671 1221 3000 1294 νοουμένων,
3047 1215 3124 1278 ὧν
3169 1223 3302 1287 άλας
3339 1225 3477 1278 εἰσιν
3513 1227 3568 1279 ei
3617 1243 3718 1280 πε-

2127 1313 2501 1380 πιστευκότες,
2532 1313 2694 1370 αῐτιοι
2719 1314 2815 1369 τοῦ
2843 1312 3127 1387 τηρεῖσθαι
3156 1313 3250 1368 τὸν
3281 1313 3484 1386 κόσμον
3507 1315 3600 1372 διὰ
3620 1317 3718 1371 τοῦ

2127 1403 2408 1459 πιστεύειν
2433 1404 2820 1476 τυγχάνοντες·
2853 1404 2976 1459 τότε
3001 1403 3112 1476 γὰρ
3138 1406 3173 1477 ἠ
3215 1406 3494 1462 συντέλεια
3522 1407 3678 1462 ἔσται
3694 1445 3715 1474 ,

2129 1497 2226 1552 ἐὰν
2257 1495 2318 1551 τὸ
2344 1497 2483 1564 ἃλας
2509 1497 2792 1570 μωρανθῇ,
2827 1498 2922 1552 καὶ
2958 1498 3155 1570 μηκέτι
3264 1499 3328 1553 τὸ
3373 1499 3580 1566 άλίζον,
3618 1502 3720 1557 καὶ

2130 1590 2436 1664 συντηροῦν
2489 1591 2590 1664 τὴν
2633 1592 2767 1664 γῆν·
2819 1592 2942 1648 ἐπεὶ
2992 1592 3193 1663 σαφὲς,
3242 1593 3359 1658 ὃτι,
3422 1593 3520 1648 ἐὰν
3580 1595 3724 1669 πλη-

2130 1682 2296 1757 θυνθῇ
2341 1687 2376 1757 η
2413 1684 2645 1756 άνομία,
2685 1684 2782 1738 καὶ
2828 1683 2974 1756 ψυχῇ
3013 1686 3048 1757 ἡ
3077 1684 3267 1757 ἀγάπη
3317 1685 3410 1742 ἐπὶ
3455 1686 3556 1757 τῆς
3607 1687 3721 1758 γῆς

2131 1775 2242 1848 (ῶς
2264 1777 2358 1832 καὶ
2393 1777 2556 1832 αὐτὸν
2601 1777 2698 1832 τὸν
2738 1778 2972 1850 Σωτῆρα
3003 1777 3356 1850 διστακτικὴν
3386 1778 3725 1850 προενέγκα-

2133 1867 2256 1923 σθαι
2303 1868 2432 1940 περὶ
2498 1866 2608 1922 τῶν
2659 1867 2719 1922 ἐν
2765 1871 2834 1940 τῇ
2893 1866 3161 1939 ἐπιδημίᾳ⁸
3221 1867 3418 1922 ἐαυτοῦ
3479 1869 3668 1942 φωνὴν
3699 1911 3718 1934 ,

2127 1959 2351 2029 λέγοντα
2373 1974 2388 1988 ·
2426 1977 2446 2012 t
2482 1958 2649 2030 Πλὴν.
2678 1961 2708 2013 ό
2756 1959 2885 2023 Υἱὸς
2936 1957 3032 2012 τοῦ
3065 1957 3355 2030 ἀνθρώπου
3388 1957 3557 2014 ἐλθὼν
3606 1955 3720 2031 ἆρα

2129 2051 2351 2124 εὕρησει
2380 2050 2480 2124 τὴν
2527 2050 2710 2105 πίστιν
2739 2051 2834 2104 ἐπὶ
2863 2050 2964 2122 τῆς
2989 2050 3136 2122 γῆς;
3167 2049 3187 2122 )
3229 2070 3249 2104 ι
3281 2051 3406 2108 τότε
3435 2051 3718 2106 συντέλεια

2130 2143 2281 2198 ἐσται
2297 2143 2390 2198 τοῦ
2415 2143 2629 2209 αἰῶνος.
2643 2142 2898 2214 Λεγέσθω
2916 2142 3095 2198 τοίνυν
3116 2145 3151 2216 ἡ
3174 2143 3470 2215 Ἐκκλησία
3489 2144 3716 2216 κόσμος,

2129 2239 2220 2297 ὅτε
2251 2237 2356 2292 ὑπὸ
2389 2237 2485 2291 τοῦ
2519 2236 2770 2310 Σωτῆρος
2809 2236 3127 2307 φωτίζεταν
3159 2239 3320 2310 ¹ἡμεῖς
3352 2237 3411 2291 δὲ
3443 2237 3720 2309 ζητοῦμεν

2129 2332 2179 2388 εί
2203 2331 2348 2388 κατὰ
2373 2331 2462 2386 τό·
2503 2351 2522 2383 ι
2559 2331 2667 2385 Ἴδε
2693 2333 2722 2385 ό
2760 2330 2955 2402 ’Δμνδς
2988 2329 3083 2384 τοῦ
3127 2329 3265 2384 Θεοῦ
3287 2369 3302 2396 ,
3343 2333 3373 2385 ὁ
3397 2331 3573 2403 αἴρων
3616 2330 3723 2401 τὴν

2130 2423 2404 2496 ἁμαρτίαν
2430 2423 2524 2478 τοῦ
2555 2423 2784 2495 κόσμου,
2817 2443 2838 2476 ι
2869 2423 3072 2494 κόσμον
3103 2424 3334 2495 ἡγητέον
3364 2422 3570 2494 νοητῶς
3597 2423 3722 2493 (59..)

2128 2518 2228 2590 τὴν
2277 2515 2604 2588 Ἐκκλησίαν
2653 2514 3122 2589 (περικλειομένου
3169 2514 3267 2570 τοῦ
3313 2514 3561 2588 αἴρεσθαι
3611 2515 3720 2586 τὴν

2129 2611 2406 2684 ἁμαρτίαν
2430 2612 2511 2675 είς
2542 2610 2710 2682 μόνην
2735 2608 2833 2681 τὴν
2870 2607 3243 2680 Ἐκκλησίαν).
3272 2601 3398 2672 Πῶς
3427 2608 3537 2679 γάρ
3566 2607 3632 2662 τὸ
3658 2609 3718 2661 ἐν

2129 2703 2196 2773 τῇ
2227 2700 2516 2772 Ἐπιστολῇ
2539 2698 2645 2754 ὑπὸ
2671 2698 2767 2753 τοῦ
2799 2699 2964 2754 αὑτοῦ
2998 2697 3239 2771 μαθητοῦ
3270 2699 3560 2770 είρημένον
3581 2700 3717 2771 περὶ

2129 2791 2224 2848 τοῦ
2247 2793 2503 2865 Σωτῆρος
2539 2790 2773 2864 ίλασμοῦ
2803 2791 2934 2862 περὶ
2964 2790 3072 2844 τῶν
3106 2790 3389 2863 ἁμαρτιῶν
3416 2791 3719 2861 τυγχάνον-

2128 2901 2220 2950 τος
2237 2883 2634 2956 διηγησόμεθα,
2667 2882 2841 2948 οὓτως
2870 2882 2992 2954 ἕχον
3015 2897 3030 2914 °
3061 2901 3081 2935 ι
3110 2881 3221 2938 Καὶ
3240 2881 3336 2936 ἐάν
3366 2899 3450 2946 τις
3463 2880 3715 2952 ἁμάρτῃ,

2131 2976 2480 3050 παράκλητον
2522 2975 2717 3048 ἔχομεν
2750 2975 2889 3047 πρὸς
2935 2975 3030 3030 τὸν
3068 2973 3293 3046 Πατέρα
3325 2971 3533 3046 Ἰησοῦν
3574 2973 3719 3042 Χρισ-

2133 3071 2257 3125 στὸν
2304 3070 2548 3125 δίκαιον·
2613 3068 2709 3124 καὶ
2766 3067 2930 3132 αὐτὸς
2981 3065 3208 3138 ἱλασμός
3256 3067 3374 3120 ἐστι
3419 3065 3550 3136 περὶ
3599 3062 3716 3117 τῶν

453 3153 733 3209 Christum
757 3151 964 3222 justum
985 3170 1000 3221 ;
1025 3161 1083 3210 et
1109 3151 1224 3224 ipse
1246 3160 1330 3209 est
1357 3152 1672 3223 propitiatio
1698 3169 1798 3225 pro
1827 3169 2024 3225 pecca-

2129 3163 2416 3238 άμαρτιῶν
2449 3162 2606 3236 ὴμῶν
2628 3179 2642 3193 ο
2681 3162 2744 3216 ού
2782 3161 2914 3234 περι⁵
2957 3160 3066 3216 τῶν
3096 3158 3383 3232 ἡμετέρων
3431 3157 3492 3212 δὲ
3525 3155 3716 3229 μόνον,

455 3247 528 3301 tis
579 3245 817 3311 nostris;
873 3261 982 3302 non
1031 3258 1131 3318 pro
1165 3245 1372 3300 nostris
1417 3254 1601 3302 autem
1649 3255 1883 3316 tantum,
1931 3250 2028 3305 sed

454 3338 619 3394 etiam
652 3352 750 3408 pro
779 3337 944 3395 totius
988 3339 1175 3394 mundi
1207 3339 1296 3395 ιιι
1321 3357 1342 3392 ι
1369 3337 1436 3395 Et
1459 3339 1606 3410 quod
1633 3341 1776 3412 apud
1801 3341 2026 3399 Paulum

450 3441 559 3501 est,
581 3431 709 3488 huic
752 3446 878 3488 reor
911 3445 1033 3489 esse
1067 3432 1244 3489 simile
1265 3472 1280 3500 ,
1334 3433 1413 3490 sic
1468 3433 1678 3490 habens
1712 3452 1726 3492 :
1763 3453 1782 3486 ι
1813 3435 1912 3503 Qui
1943 3446 2028 3494 est

456 3523 717 3581 Servatur
743 3525 984 3580 omnium
1017 3523 1321 3592 hominum,
1364 3525 1602 3582 maxime
1628 3525 1867 3584 ﬁdelium
1893 3528 1962 3588 “.
2000 3547 2021 3582 ι

456 3618 667 3674 ltursus
684 3617 751 3670 ad
777 3616 923 3672 hunc
958 3615 1138 3671 locum
1176 3614 1474 3671 lleracleon
1515 3617 1740 3676 veniens
1761 3659 1778 3686 ,
1821 3618 2028 3690 absque

455 3711 635 3780 aliqua
669 3708 1058 3780 approbatione
1104 3716 1160 3764 et
1195 3708 1536 3778 appositione
1567 3709 2024 3778 testimoniorum,

452 3804 702 3860 enuntiat
761 3801 1025 3860 Joannem
1096 3810 1355 3878 tanquam
1418 3804 1736 3874 prophetam
1792 3803 2024 3860 dicere:

457 3923 478 3957 ε
508 3906 692 3974 Agnus
725 3901 819 3957 Dei
865 3902 910 3934 ³⁷
936 3919 951 3968 ;
983 3919 1004 3953 ι
1057 3911 1115 3959 et
1140 3912 1202 3958 ut
1225 3899 1662 3959 excellentiorem
1690 3900 2010 3971 prophetam

2131 3257 2267 3312 ἀλλὰ
2313 3257 2409 3312 καὶ
2454 3256 2584 3328 περὶ
2612 3254 2736 3310 ὅλου
2771 3253 2866 3308 τοῦ
2897 3251 3138 3324 κόσμου;
3179 3269 3200 3304 ι
3235 3251 3331 3305 καὶ
3366 3250 3428 3304 τδ
3460 3249 3615 3321 παρὰ
3634 3248 3719 3321 τῷ

2131 3347 2330 3420 Παύλῳ
2356 3349 2414 3403 δὲ
2443 3347 2648 3403 τούτων
2677 3346 2885 3418 νομίζω
2913 3341 3053 3399 εἶναι
3097 3341 3500 3415 παραπλήσιον,
3537 3338 3716 3404 οὕτως

2127 3441 2250 3512 ἐχον
2268 3456 2282 3471 ³
2320 3457 2339 3492 ι
2385 3440 2482 3504 Ὄς
2509 3441 2627 3492 ἐστι
2655 3437 2848 3510 Σωτὴρ
2879 3436 3095 3492 πάντων
3118 3432 3442 3505 ἀνθρώπων,
3475 3431 3718 3503 μάλιστα

2128 3533 2356 3589 πιστῶν.
2392 3551 2411 3585 ι
2449 3531 2620 3587 Πάλιν
2645 3531 2704 3586 ἐν
2723 3528 2803 3602 τῷ
2831 3529 3028 3601 τόπῳὸ
3062 3526 3378 3598 ’Πρακλέων
3397 3523 3714 3595 γενόμενος,

2127 3625 2298 3697 χωρὶς
2323 3623 2506 3695 πάσης
2553 3621 2919 3691 κατασκευῆς,
2952 3619 3048 3673 καὶ
3097 3616 3458 3690 παραθέσεως
3491 3631 3711 3687 μαρτυ-

2125 3711 2281 3787 ριῶν,
2305 3712 2690 3782 ἀποφαίνεται,
2710 3711 2877 3767 ὅτιτὸ
2900 3709 3001 3780 μέν
3027 3726 3040 3740 ·
3071 3727 3091 3761 ι
3140 3707 3333 3778 Ἀμνδς
3366 3704 3460 3760 τοῦ
3492 3700 3654 3767 Θεοῦ,
3685 3722 3706 3755 a

2126 3805 2203 3870 ὡς
2242 3806 2527 3878 προφήτης
2555 3803 2722 3875 φησὶν
2743 3802 2778 3856 ό
2815 3802 3097 3873 Ἰωάννης·
3131 3801 3192 3854 τὺ
3218 3799 3278 3852 δέ
3303 3815 3317 3831 ο
3359 3817 3377 3851 ι
3434 3799 3494 3852 '0
3535 3797 3710 3867 αἴρων

2125 3894 2226 3968 τὴν
2262 3893 2534 3966 ἁμαρτίαν
2575 3891 2670 3947 τοῦ
2707 3891 2934 3964 κόσμου,
2979 3909 2997 3944 ι
3037 3890 3110 3955 ὡς
3143 3887 3525 3962 περισσότερον
3573 3903 3712 3958 προ-

454 3995 661 4057 dicere,
713 4011 734 4044 r
763 3992 858 4060 qui
910 3990 1086 4045 aufert
1145 3999 1428 4059 peccatum
1490 3986 1699 4042 mundi.
1730 4005 1750 4039 ο
1785 3985 2024 4054 Quorum

2129 3989 2318 4062 φήτου.
2349 3988 2462 4043 Καὶ
2491 3987 2664 4042 οἴεται
2694 3986 2757 4040 τδ
2783 3988 2882 4058 μὲν
2922 3985 3185 4059 πρότερον
3215 3983 3343 4056 περὶ
3387 3981 3482 4036 τοῦ
3517 3980 3712 4051 σῶμα·

452 4083 690 4154 primum
713 4081 998 4138 existimat
1024 4079 1092 4135 de
1113 4095 1343 4150 corpore
1383 4080 1501 4149 ejus
1543 4077 1677 4144 dici,
1724 4079 2023 4134 secundum

2129 4097 2216 4145 τος
2244 4079 2411 4134 αὐτοῦ
2441 4077 2720 4148 λέγεσθαι,
2747 4078 2807 4132 τὸ
2833 4077 2890 4132 δὲ
2937 4077 3188 4149 δεύτερον
3235 4075 3366 4148 περὶ
3404 4071 3497 4128 τοῦ
3533 4074 3594 4126 ἐν
3622 4071 3704 4145 τῷ

453 4189 584 4230 νει-ο
611 4173 680 4229 de
705 4189 790 4240 eo,
819 4173 962 4243 quod
990 4180 1072 4229 est
1099 4172 1154 4227 in
1176 4187 1426 4242 corpore,
1460 4171 1586 4242 quia
1621 4186 1795 4242 agnus
1827 4171 2027 4241 imper-

2129 4171 2361 4245 σώματι,
2393 4171 2472 4244 τῷ
2501 4172 2592 4228 τδν
2615 4173 2787 4243 ἀμνὸν
2809 4169 2973 4240 ἀτελῆ
2997 4165 3134 4224 εἶναι
3163 4171 3222 4223 ἐν
3247 4167 3326 4239 τῷ
3357 4166 3465 4221 τῶν
3497 4163 3708 4238 προϐά-

453 4265 632 4321 fectus
673 4265 748 4321 sit
791 4264 846 4319 in
879 4263 1061 4319 ovium
1109 4276 1342 4333 genere;
1395 4271 1564 4332 atque
1598 4261 1706 4318 tale
1742 4261 1908 4320 etiam
1953 4260 2027 4316 sit

2129 4279 2234 4317 των
2271 4265 2420 4333 γένει
2439 4279 2456 4295 ο
2487 4262 2630 4317 οὕτω
2655 4262 2712 4316 δὲ
2733 4261 2826 4315 καὶ
2849 4262 2910 4316 τὸ
2939 4261 3099 4332 σῶμα
3129 4259 3426 4334 παραθέσει
3451 4256 3544 4312 τοῦ
3567 4259 3712 4311 ἐνοι-

454 4369 656 4426 corpus
709 4353 1116 4426 comparatione
1164 4351 1522 4409 inhabitantis
1569 4352 1627 4406 in
1671 4350 1808 4421 ipso.
1853 4349 2027 4405 «Ροε-

2129 4353 2351 4417 κοῦντος
2375 4353 2550 4426 αὐτῷ.
2580 4371 2599 4405 ι
2639 4353 2714 4406 Τὸ
2738 4351 2796 4404 δὲ
2825 4351 3033 4406 τέλειον
3057 4354 3107 4406 εί
3129 4345 3403 4415 ἐδούλετο,
3437 4348 3594 4420 φησὶ,
3624 4347 3708 4421 τῷ

453 4446 742 4503 fectionem
788 4459 954 4513 vero,
1011 4444 1206 4516 inquit,
1249 4443 1296 4500 si
1347 4443 1566 4501 volebat
1597 4442 1814 4512 corpori
1866 4443 2026 4498 attri-

2129 4442 2339 4515 σώματι
2373 4443 2739 4516 μαρτυρῆσαι,
2768 4441 2920 4514 κριὸν
2949 4436 3101 4496 εἶπεν
3146 4439 3211 4495 ἂν
3247 4441 3306 4495 τὸ
3343 4439 3536 4513 μέλλον
3587 4439 3708 4512 (53)

453 4541 639 4604 liuere,
669 4538 891 4594 arietem
929 4536 1106 4608 ipsum
1146 4536 1536 4592 immolandum
1566 4536 1815 4593 dixisset.
1846 4553 1868 4589 ι
1915 4534 2023 4592 Sed

2129 4532 2370 4589 θύεσθαι.
2385 4536 2526 4608 »Οὐχ
2544 4534 2786 4607 ἠγοῦμαι
2808 4532 2865 4585 δέ
2895 4528 3034 4586 εἶναι
3063 4533 3356 4601 ἀναγκαῖον
3383 4528 3528 4603 μετὰ
3547 4529 3709 4600 τηλι-

455 4643 564 4684 non
591 4627 827 4684 arbitror
843 4629 1218 4684 necessarium
1238 4641 1361 4684 esse
1385 4636 1506 4698 post
1533 4635 1618 4684 tot
1639 4627 2024 4697 inquisitiones

2129 4623 2334 4688 καύτας
2373 4624 2742 4693 γεγενημένας
2776 4621 3054 4690 ἐξετάσεις
3091 4623 3364 4687 ταυτίζειν
3409 4620 3523 4692 (54)
3572 4621 3713 4692 περὶ

455 4719 661 4785 factas,
695 4719 884 4776 eadem
916 4719 1021 4774 hoc
1063 4718 1118 4774 in
1153 4720 1273 4775 loco
1306 4727 1588 4790 repetere,
1626 4719 2024 4776 contendentes

2129 4716 2218 4771 τὸν
2249 4715 2434 4780 τόπον,
2463 4713 2895 4787 ἀγωνιζομένους
2940 4715 3077 4787 πρὸς
3105 4715 3175 4769 τά
3208 4713 3442 4778 εὐτελῶς
3471 4711 3576 4766 ὑπὸ
3608 4712 3709 4768 τεῦ

455 4820 644 4868 contra
674 4824 736 4865 ea
769 4825 892 4880 qua:
917 4809 1060 4866 dixit
1087 4808 1386 4868 Heracleon
1429 4825 1622 4881 parum
1652 4812 1828 4866 docte.
1875 4809 2022 4866 Tan-

2137 4807 2509 4880 Ἥρακλέωνος
2554 4806 2836 4879 εἰρημένα.
2867 4806 3041 4861 Μόνον
3081 4807 3139 4861 δὲ
3179 4807 3337 4863 τοῦτο
3368 4807 3710 4877 ἐπισημειω-

459 4909 572 4956 tum
593 4899 697 4955 hoc
723 4898 900 4954 adhuc
929 4908 1166 4967 notetur,
1191 4901 1360 4971 quod,
1385 4909 1446 4955 ut
1475 4900 1563 4956 vi:
1593 4901 1826 4958 mundus
1850 4916 2019 4973 capax

2129 4899 2268 4965 τέον,
2297 4900 2402 4964 ὅτι,
2430 4900 2618 4974 ῶσπερ
2664 4898 2822 4972 μόγις
2853 4898 2966 4970 (55)
3013 4898 3290 4972 ἐχώρησεν
3332 4901 3360 4953 ὁ
3383 4899 3587 4969 κόσμος
3609 4896 3709 4951 τὸν

452 4992 597 5050 illius
643 4989 785 5060 fuit,
837 4992 928 5062 qui
965 4993 1204 5063 seipsum
1243 4993 1491 5061 i‘nanivit,
1534 4993 1616 5049 sic
1650 5007 1792 5065 agno
1820 5003 1875 5050 et
1913 5009 2020 5050 non

2129 4989 2440 5045 κενώσαντα
2458 4990 2668 5055 ἑαυτὸν,
2700 4989 2872 5054 οὕτως
2905 4989 3102 5059 άμνοῦ,
3140 4989 3236 5043 καὶ
3263 4990 3326 5045 ού
3361 4987 3516 5062 κριοῦ
3546 4987 3707 5059 ἐδεή-

451 5083 621 5139 ariete
653 5095 789 5154 opus
828 5082 996 5139 fuisse
1025 5082 1094 5138 ad
1134 5081 1277 5138 illius
1324 5081 1677 5139 auferendum
1714 5093 2016 5154 peccatum.

2129 5083 2214 5156 θη,
2239 5084 2328 5138 ἵνα
2355 5082 2495 5156 ἀρθῇ
2522 5083 2685 5138 αὐτοῦ
2714 5083 2748 5154 ἡ
2780 5084 3022 5156 ἁμαρτία
3047 5084 3181 5155 (56).

1207 5180 1543 5240 Λείπουσιν
1575 5180 1630 5233 al
1659 5179 1827 5248 τόμοι
1853 5177 2126 5248 ἕϐδομος,
2156 5177 2256 5232 καί
2283 5177 2515 5248 ὄγδοος,
2548 5178 2647 5232 καὶ
2678 5177 2952 5248 ἕννατος.

517 5293 559 5324 ⁶¹
588 5292 776 5348 Matth.
806 5309 859 5356 ν.
890 5292 976 5346 l3.
1069 5291 1116 5323 ³¹
1150 5287 1340 5346 Matth.
1369 5304 1514 5352 XXIV,
1549 5288 1637 5343 ιε.
1729 5287 1779 5320 ⁸³
1804 5288 1938 5344 Luc.
1968 5303 2021 5344 xi

2131 5287 2186 5344 8.
2261 5289 2306 5321 “
2331 5286 2490 5343 Joan.
2531 5302 2577 5355 ι,
2609 5289 2699 5346 29.
2791 5291 2839 5324 "
2875 5292 3075 5350 ann.
3106 5311 3166 5360 ιι,
3199 5297 3260 5361 1,
3292 5299 3347 5352 2.
3441 5297 3487 5329 ”
3519 5296 3538 5351 l
3571 5295 3714 5352 Tim.

451 5378 525 5429 Iv,
563 5364 649 5418 l0.
723 5364 767 5396 ⁸⁷
799 5362 957 5418 Joun.
990 5377 1028 5428 ι,
1051 5361 1145 5418 29.

665 5467 868 5548 Eme.
905 5484 966 5523 ν.
994 5464 1086 5521 Sic
1109 5465 1263 5521 Bodl.
1274 5483 1307 5548 ~:
1333 5465 1554 5538 Regius,
1577 5465 1798 5548 νοηεέον
1836 5465 2025 5548 ὑγιῶςἷ

2131 5478 2437 5548 perperam,
2469 5466 2686 5548 τέξειν,
2717 5484 2817 5540 pro
2843 5485 2953 5540 quo
2993 5469 3223 5528 [laetius
3263 5474 3550 5546 legendum
3581 5487 3720 5528 cen-

522 5532 635 5606 (75'37)
665 5532 755 5603 Τῷ
779 5532 1004 5606 σώματι
1029 5532 1445 5606 μαρτυρῆσαιζ
1468 5536 1638 5606 κριὸν
1660 5532 2027 5606 eluendum

2133 5532 2305 5598 ﬁebat,
2338 5534 2634 5601 ἐξετάζειν.

389 5653 400 5678 ,
448 5605 701 5681 μέλλον,
731 5619 836 5688 etc.
865 5605 966 5688 ;lta
1007 5605 1178 5688 code!
1225 5605 1568 5688 Bodleianus,
1616 5618 1800 5688 recte;
1831 5605 2032 5688 Regius
2173 5606 2318 5685 .(55)
2344 5606 2521 5688 godd.
2567 5607 2895 5688 Barherinus
2931 5620 2986 5667 et
3027 5610 3353 5670 Bodleianus
3395 5612 3574 5684 μόγις.
3607 5611 3723 5668 Re-

455 5675 739 5766 perperam
775 5679 957 5766 ‘habet
989 5676 1275 5766 Egnatia
1291 5693 1305 5708 ·
1345 5678 1405 5731 τὸ
1453 5678 1839 5749 μαρτυρῆσαι,
1880 5675 2027 5746 κριὸν

2137 5675 2256 5745 gius

2216 5747 2256 5766 ll

455 5748 630 5805 εἰπεῖν
668 5749 801 5802 αὐτὸ
837 5749 898 5801 τὸ
938 5748 1151 5820 μέλλον,
1193 5748 1297 5802 etc.
1457 5748 1465 5749 7
1541 5748 1548 5749 7
1643 5748 1650 5749 7

528 5821 639 5892 (δέ)
696 5816 1009 5880 Τὰυτίζὲιν.
1067 5817 1156 5872 Sic
1210 5817 1379 5875 codex
1428 5815 1782 5882 Bodleiauus;

2362 5676 2467 5762 λις,
2500 5680 2646 5762 quod
2674 5680 2818 5762 idem
2844 5692 2946 5762 est.

1835 5815 2027 5874 Bestius

2203 5747 2325 5874 ί366)
2356 5747 2554 5831 uitro?)
2592 5751 2631 5820 ἡ
2667 5751 2944 5834 ἁμαρτία.
2990 5752 3150 5811 Deest
3193 5756 3250 5813 in
3296 5755 3484 5814 codice
3525 5753 3718 5829 Regio.

2141 5833 2200 5873 se
2267 5827 2570 5874 restituitur
2597 5836 2629 5874 e
2659 5820 2970 5874 Bodleiano.

1883 5820 2036 5888 egius
2141 5820 2236 5874 sed
2267 5820 2570 5876 restituitur
2597 5836 2629 5876 e
2659 5820 2970 5878 Bodleiano.
