4020 6216
330 306 443 366 305

1397 302 1752 366 COMMENT.
1794 309 1859 364 l-N
1896 309 2089 367 ιοΑΝ.
2126 309 2362 367 ΤΟΜυδ
2398 310 2465 366 Χ.

3478 312 3583 369 5οῦ

1490 670 2436 804 ΩΡΙΓΕΝΟΥΣ

937 903 1077 962 1m
1110 905 1239 959 ΕΙΣ
1280 906 1363 960 ΤΟ
1399 903 1586 961 ΚΑΤΑ
1624 902 1958 961 IOANNHN
1986 902 2472 959 ΕΥΑΓΓΕΛΙΟΝ
2500 897 2981 957 ΕΞΙΙΓΠΤΙΚΩΝ

1715 1068 2101 1156 ΤΟΜΟΣ
2136 1063 2216 1154 Ι’.

1618 1403 2307 1523 ORIGENIS

772 1630 1547 1701 COMMENTARIORUM
1589 1631 1674 1696 IN
1716 1628 2246 1693 EVANGELIUM
2288 1627 2715 1691 SECUNDUM
2754 1622 3132 1689 JOANNEM
3168 1712 3169 1715 η

1650 1809 2070 1904 'I‘OMUS
2138 1808 2264 1898 X.

396 2148 453 2204 ι.
482 2167 503 2202 ι
534 2149 691 2206 Μετὰ
710 2150 863 2205 τοῦτο
885 2151 1089 2225 κατέϐη
1112 2151 1192 2216 είς
1206 2151 1590 2225 Καφαρναοὺμ
1611 2150 1795 2217 αὖτδς,
1812 2151 1908 2207 καὶ

2087 2148 2247 2221 160
2276 2148 2325 2203 l.
2366 2164 2387 2200 ι
2414 2147 2613 2202 Postea
2641 2143 2923 2201 descendit
2956 2141 3339 2212 Capharnaum
3371 2139 3508 2210 ipse,
3541 2149 3599 2194 et

324 2242 353 2313 ή
388 2241 578 2313 μήτηρ
609 2242 793 2309 αὑτοῦ,
817 2243 910 2297 καὶ
930 2246 977 2297 oi
1005 2244 1245 2316 ἀδελφοὶ,
1277 2246 1371 2299 καὶ
1392 2245 1443 2298 οί
1480 2243 1719 2316 μαθηταί
1742 2261 1757 2276 ’
1814 2245 1909 2298 καὶ

324 2334 442 2387 ἐκεῖ
491 2332 713 2404 ἔμειναν
761 2334 823 2387 οὐ
870 2334 1071 2400 πολλὰς
1102 2336 1339 2409 ἡμέρας.
1385 2335 1497 2390 Καὶ
1550 2336 1719 2405 ὲγγὺς
1746 2329 1816 2408 ἦν
1847 2334 1908 2389 τὸ

323 2423 517 2495 Πάσχα
546 2424 658 2479 τῶν
689 2425 977 2492 Ἰουδαίων,
1019 2428 1114 2482 καὶ
1166 2427 1337 2499 ἀνέϐη
1379 2428 1459 2492 είς
1498 2427 1844 2501 Ἱεροσόλυμα
1878 2427 1908 2480 ὀ

334 2515 564 2586 Ἰησοῦς,
594 2517 686 2571 καὶ
709 2511 867 2590 εῦρεν
905 2520 963 2573 ὲν
986 2519 1065 2591 τῷ
1098 2519 1228 2591 ἱερῷ
1252 2520 1379 2584 τοὺς
1406 2520 1721 2587 πωλοῦντας
1756 2520 1905 2592 βόας,

323 2609 423 2662 καὶ
445 2609 717 2681 πρόϐατα,
748 2611 846 2665 καὶ
874 2611 1222 2684 περιστεράς,
1246 2612 1339 2666 καὶ
1376 2613 1505 2678 τοὺς
1536 2615 1909 2686 κερματιστὰς

322 2700 667 2771 καθημένους
688 2718 702 2732 ·
734 2703 828 2755 καὶ
844 2704 1077 2773 ποιήσας
1098 2704 1175 2767 ὼς
1191 2702 1520 2775 φραγέλλιον
1544 2704 1609 2757 ἐκ
1635 2705 1906 2775 σχοινίων,

321 2791 536 2855 πάντας
558 2792 810 2857 ἐξέϐαλεν
837 2795 903 2847 ὲκ
941 2793 1037 2847 τοῦ
1092 2794 1263 2867 ίεροῦ,
1288 2794 1361 2848 τά
1387 2813 1447 2849 τε
1487 2795 1756 2863 πρόϐατα,
1814 2797 1909 2853 καὶ

320 2884 452 2947 τοὺς
484 2883 634 2954 βόας,
664 2886 758 2938 καὶ
790 2884 899 2939 τῶν
932 2885 1297 2940 κολλυϐιστῶν
1331 2886 1514 2959 ἐξέχεε
1541 2887 1609 2942 τὰ
1632 2886 1907 2961 κέρματα,

321 2979 420 3033 καὶ
447 2977 545 3036 τὰς
564 2977 845 3050 τραπέζας
876 2978 1202 3052 ἀνέστρεψε,
1232 2981 1328 3035 καὶ
1359 2983 1472 3046 τοῖς
1511 2981 1611 3047 τὰς
1658 2998 1911 3053 περιστεο

324 3069 428 3143 ρὰς
463 3069 732 3125 πωλοῦσιν
783 3067 971 3125 εἶπεν*
1004 3070 1215 3145 ΙἈρατε
1271 3073 1444 3128 ταῦτα
1499 3071 1785 3128 ἐντεῦθενο
1833 3076 1909 3147 μὴ

322 3166 533 3218 ποιεῖτε
564 3164 656 3217 τὸν
700 3158 847 3217 οἷκον
881 3162 976 3217 τοῦ
1019 3165 1237 3237 Πατρός
1291 3183 1393 3238 μου
1440 3160 1587 3220 οἷκον
1619 3167 1909 3238 ἐμπορίου.

321 3254 461 3309 Τότε
490 3254 836 3327 ἐμνήσθησαν
875 3258 924 3310 oi
962 3259 1204 3329 μαθηταὶ
1249 3255 1437 3323 αὐτοῦ,
1465 3260 1550 3316 δτι
1594 3258 1912 3331 γεγραμμέ·

321 3362 419 3401 νον
439 3347 612 3411 ἐστὶν,
641 3348 725 3401 ὅτι
756 3348 815 3402 '0
847 3346 1010 3420 ζῆλος
1049 3349 1148 3404 τοῦ
1190 3350 1343 3405 οίκου
1397 3369 1491 3406 σου
1525 3352 1911 3423 καταφάγεταί

328 3455 422 3510 με.
494 3438 896 3512 ’Δπεκρίθησαν
921 3436 1016 3496 οῦν
1041 3444 1089 3496 οὶ
1130 3444 1395 3509 Ἰουδαῖοι,
1422 3445 1516 3500 καὶ
1546 3441 1717 3500 εἵπονίη
1736 3446 1911 3517 αὐτῷ’

325 3531 395 3587 Τί
430 3534 652 3603 σημεῖον
671 3532 934 3597 δεικνύεις
960 3534 1112 3606 ήμίν,
1140 3535 1222 3589 ὅτι
1268 3536 1442 3591 ταῦτα
1490 3540 1701 3603 ποιεῖς;
1744 3538 1909 3591 Ἀπε-

326 3622 493 3696 κρίθη
533 3622 761 3697 Ἰησοῦς,
790 3627 885 3679 καὶ
910 3623 1031 3680 εἷπε
1050 3644 1067 3659 ο
1103 3627 1315 3684 Λύσατε
1343 3630 1437 3683 τὸν
1465 3628 1591 3683 ναὸν
1625 3628 1716 3684 τοῦ
1749 3629 1908 3697 Θεοῦ,

323 3715 423 3771 καὶ
477 3717 537 3769 ὲν
572 3716 751 3787 τρισὶν
798 3718 1033 3791 ἡμέραις
1058 3720 1238 3793 ἐγερῶ
1285 3721 1470 3775 αὐτόν.
1510 3720 1912 3794 Ἀπεκρίθησαν

324 3803 422 3864 οὗν
442 3810 491 3862 οἱ
534 3809 811 3865 Ἰουδαῖοιι
837 3812 1260 3884 Τεσσαράκοντα
1292 3813 1387 3867 καὶ¹
1419 3813 1479 3880 ἐξ
1507 3813 1684 3867 ἔτεσιν
1712 3813 1910 3886 ᾠκοδο-

329 3900 480 3974 μήθη
506 3902 536 3955 ό
566 3901 694 3968 ναὸς
723 3897 898 3969 οὗτος,
926 3905 1023 3958 καὶ»
1057 3906 1120 3959 σὺ
1146 3904 1206 3960 ὲν
1226 3905 1403 3975 τρισὶν
1432 3903 1669 3977 ἡμέραις
1703 3906 1914 3976 ἐγερεῖς

325 3996 524 4061 αΰτὸνς
571 3996 810 4060 Ἐκεῖνος
833 3995 892 4049 δὲ
923 3994 1079 4067 ἔλεγε
1112 3995 1354 4069 περὶτοῦ
1383 3994 1513 4050 ναοῦ
1540 3994 1637 4050 τοῦ
1662 3994 1915 4067 σώματος

326 4086 515 4144 αὐτοῦ.
550 4087 678 4141 Ὅτε
725 4083 819 4143 οῦν
862 4089 1075 4162 ἠγέρθη
1117 4091 1184 4144 ὲκ
1215 4089 1447 4161 νεκρῶν,
1483 4089 1834 4162 ἐμνήσθησαν
1864 4089 1914 4143 οἱ

329 4178 575 4250 μαθηταὶ
602 4179 788 4247 αὑτοῦ,
822 4182 904 4235 ὅτι
934 4181 1093 4236 τοῦτο
1122 4182 1297 4252 ἔλεγε,
1343 4183 1437 4237 καὶ
1477 4182 1804 4237 ἐπίστευσαν
1844 4185 1911 4256 τῇ

324 4267 519 4342 Γραφῇ
566 4271 662 4324 καὶ
701 4270 780 4343 τῷ
836 4272 979 4345 λόγῳ
1025 4273 1085 4328 ὃν
1124 4270 1279 4329 εἶπεν
1314 4275 1343 4329 ὁ
1377 4274 1605 4348 Ἰησοῦς.
1643 4275 1730 4340 Ὠς
1750 4275 1810 4330 δὲ
1843 4270 1914 4347 ἦν

327 4358 389 4414 ἓν
444 4364 559 4426 τοῖς
600 4362 993 4435 Ἱεροσολύμοις
1036 4367 1095 4421 ἐν
1140 4365 1220 4438 τῷ
1255 4368 1470 4440 Πάσχα,
1516 4370 1575 4423 ὲν
1606 4371 1673 4443 τῇ
1726 4371 1912 4443 ἑορτῇ,

328 4450 662 4507 ἐπίστευσαν
695 4455 777 4518 είς
816 4454 877 4508 τὸ
928 4455 1099 4527 ϐνομα
1141 4457 1307 4511 αὑτοῦ
1354 4458 1539 4513 πολλοὶ
1582 4459 1915 4533 θεωροῦντες

326 4541 498 4597 αὐτοῦ
538 4544 609 4599 τὰ
656 4548 857 4618 σημεῖα
906 4542 943 4601 ἃ
993 4547 1186 4606 ἐποίει.
1219 4550 1391 4616 Αὐτὸς
1415 4551 1473 4607 δὲ
1515 4553 1544 4606 ὁ
1576 4554 1783 4626 Ἰησοῦς
1814 4554 1916 4609 οὐκ

328 4634 649 4693 ἐπίστευσεν
711 4640 903 4694 ἑαυτὸν
950 4640 1154 4707 αὐτοῖς,
1183 4642 1273 4700 διὰ
1324 4644 1387 4698 τὸ
1433 4645 1595 4700 αὐτὸν
1624 4646 1915 4717 γινώσκειν

329 4727 566 4794 πάντας,
600 4731 694 4784 καὶ
720 4731 801 4785 ὅτι
831 4730 892 4785 οὐ
919 4733 1108 4805 χρείαν
1140 4729 1284 4805 εἶχεν
1317 4735 1407 4790 ῐνα
1451 4754 1537 4801 τις
1586 4740 1916 4813 μαρτυρήσῃ

2013 2250 2187 2297 mater
2211 2238 2348 2309 eius,
2379 2249 2435 2295 et
2468 2238 2670 2293 fratres
2704 2235 2842 2306 ejus,
2868 2245 2924 2291 et
2959 2231 3209 2302 discipuli
3242 2230 3393 2300 ejus;
3434 2239 3490 2287 et
3519 2231 3594 2287 ibi

2010 2339 2336 2390 manserunt
2401 2346 2510 2387 non
2568 2329 2756 2385 multis
2824 2327 3043 2385 diebus.
3106 2324 3353 2381 Instabat
3414 2333 3597 2381 autem

2009 2427 2218 2485 Pascha
2241 2426 2581 2492 Iudaeorum,
2604 2433 2661 2481 et
2680 2423 2929 2481 ascendit
2948 2421 3388 2493 Hierosolymam
3409 2418 3598 2484 Jesus,

2008 2528 2065 2575 et
2090 2519 2297 2591 reperit
2336 2518 2391 2573 in
2420 2517 2623 2589 templo
2664 2531 2758 2573 eos
2805 2515 2899 2586 qui
2955 2515 3264 2571 vendebant
3313 2515 3503 2580 boves,
3545 2524 3600 2568 et

2008 2626 2159 2677 oves,
2182 2621 2238 2667 et
2268 2610 2570 2679 columbas,
2601 2618 2660 2667 et
2689 2609 2997 2665 mensarios
3032 2607 3285 2665 sedentes
3317 2624 3331 2661 :
3360 2621 3597 2677 cumque

2012 2704 2231 2761 fecisset
2250 2704 2407 2774 quasi
2440 2702 2709 2774 ﬂagellum
2740 2716 2809 2759 ex
2842 2700 3099 2758 funiculis
3121 2743 3136 2768 ,
3162 2715 3352 2758 omnes
3378 2699 3535 2769 ejecit
3568 2715 3600 2754 e

2012 2798 2232 2869 templo,
2260 2813 2393 2855 oves
2421 2797 2605 2862 simul,
2639 2812 2703 2853 ac
2730 2797 2938 2864 boves;
2987 2803 3042 2851 et
3091 2792 3487 2850 mensariorum
3523 2807 3601 2847 aes

2010 2888 2216 2956 eﬂudit,
2264 2898 2321 2945 et
2359 2904 2580 2946 mensas
2612 2889 2917 2955 subvertit,
2976 2896 3033 2946 et
3071 2888 3159 2944 his
3190 2887 3282 2959 qui
3315 2886 3600 2942 columbas

2010 2983 2322 3040 vendebant
2364 2983 2503 3039 dixit
2545 3000 2561 3038 :
2610 2982 2837 3039 Auferte
2886 2983 2989 3039 ista
3043 2983 3212 3049 hinc,
3268 2995 3372 3037 nec
3434 2981 3599 3037 facile

2012 3078 2231 3132 domum
2281 3074 2466 3132 Patris
2526 3076 2657 3145 mei,
2693 3075 2910 3131 domum
2964 3083 3258 3131 mercatus.
3307 3073 3596 3130 Recordati

2012 3183 2142 3224 vero
2176 3176 2305 3223 sunt
2344 3167 2599 3238 discipuli
2650 3172 2769 3237 ejus
2804 3168 2948 3238 quod
2978 3166 3243 3239 scriptum
3271 3177 3357 3223 est
3389 3186 3403 3222 :
3435 3164 3601 3221 Zelus

2013 3259 2205 3314 domus
2239 3271 2347 3315 tum
2384 3259 2568 3315 exedit
2614 3273 2717 3315 me.
2757 3259 3181 3331 Responderunt
3226 3273 3361 3329 ergo
3398 3256 3597 3322 Judaei,

2014 3359 2068 3407 et
2102 3350 2361 3406 dixerunt
2394 3350 2446 3407 ei
2476 3368 2492 3406 :
2522 3350 2676 3419 Quod
2712 3352 2930 3421 signum
2967 3350 3124 3407 nobis
3156 3350 3403 3407 ostendis
3426 3362 3602 3421 quan-

2015 3441 2302 3512 doquidem
2326 3442 2431 3498 ista
2460 3443 2577 3513 agis
2602 3443 2626 3497 ?
2653 3442 2960 3515 Respondit
3004 3441 3199 3509 Iesus,
3229 3452 3283 3500 et
3304 3442 3438 3498 dixit
3471 3441 3553 3498 eis
3583 3460 3598 3496 :

2016 3535 2291 3592 Destruite
2314 3535 2573 3606 templum
2600 3536 2714 3602 Dei,
2742 3549 2796 3592 et
2825 3538 2879 3591 in
2908 3537 3082 3593 tribus
3102 3537 3297 3592 diebus
3324 3534 3601 3592 suscitabo

2015 3626 2170 3682 illud.
2215 3628 2481 3684 Dixerunt
2530 3642 2659 3696 ergo
2718 3626 2891 3683 Judaei
2930 3625 3347 3697 :Quadraginta
3405 3634 3461 3680 et
3503 3638 3601 3680 sex

2013 3719 2175 3775 annis
2193 3720 2523 3776 aediﬁcatum
2549 3728 2633 3775 est
2663 3718 2923 3788 templum
2967 3719 3095 3785 hoc,
3142 3724 3199 3772 et
3239 3728 3294 3773 tu
3333 3717 3387 3772 in
3428 3715 3603 3773 tribus

2014 3812 2207 3868 diebus
2258 3812 2552 3868 suscitabis
2586 3810 2771 3888 illud?
2801 3811 2873 3867 At
2917 3809 3008 3866 ille
3049 3808 3268 3866 dicebat
3297 3810 3366 3866 de
3400 3809 3602 3881 templo

2014 3903 2263 3973 corporis
2291 3903 2395 3958 sui.
2426 3902 2561 3959 Cum
2599 3917 2729 3973 ergo
2776 3902 3077 3959 suscitatus
3105 3910 3251 3958 esset
3281 3916 3313 3959 e
3346 3904 3598 3965 mortuis.

2015 3994 2285 4052 recordati
2326 4005 2455 4050 sunt
2500 3993 2752 4066 discipuli
2784 3994 2903 4066 ejus
2937 3994 3081 4066 quod
3112 3994 3217 4052 hoc
3265 3994 3515 4061 dixisset,
3546 4005 3602 4050 et

2015 4086 2364 4144 crediderunt
2397 4087 2734 4157 Scriptum,
2768 4096 2827 4144 et
2862 4087 3141 4153 sermoni,
3189 4102 3353 4159 quem
3387 4088 3602 4144 dixerat

2014 4179 2196 4238 Jesus.
2227 4180 2362 4236 Cum
2394 4189 2577 4235 autem
2612 4190 2761 4236 esset
2782 4177 3173 4251 Hierosolymis
3202 4178 3254 4234 in
3286 4176 3517 4245 Pascha,
3547 4180 3598 4233 in

2013 4273 2108 4330 die
2135 4271 2297 4340 festo,
2325 4272 2479 4329 multi
2502 4271 2855 4328 crediderunt
2876 4271 2931 4327 in
2955 4284 3154 4327 nomen
3184 4270 3324 4341 eius,
3355 4269 3604 4325 videntes

2013 4365 2171 4436 signa
2204 4365 2339 4439 ejus,
2373 4380 2495 4436 qua
2526 4363 2742 4421 edebat.
2770 4363 2891 4437 Ipse
2927 4373 3109 4420 autem
3144 4361 3303 4419 Jesus
3336 4377 3444 4417 non
3477 4376 3601 4417 cre-

2015 4458 2180 4514 debat
2200 4459 2559 4529 semetipsum
2586 4457 2691 4524 eis,
2727 4472 2795 4513 eo
2818 4456 2966 4528 quod
3009 4456 3129 4528 ipse
3166 4465 3350 4511 nosset
3382 4469 3609 4520 omnes,

2016 4564 2120 4607 nec
2149 4564 2286 4623 opus
2315 4550 2542 4605 haberet
2589 4558 2651 4605 ut
2689 4548 2891 4619 aliquis
2916 4553 3210 4604 testaretur
3247 4547 3315 4602 de
3353 4546 3594 4601 homine.

2017 4643 2139 4713 ipse
2160 4643 2307 4698 enim
2336 4641 2543 4699 sciebat
2568 4641 2698 4713 quid
2733 4649 2880 4697 esset
2904 4639 2961 4694 in
2984 4638 3203 4695 homine
3223 4638 3292 4697 ⁵⁸.
3319 4658 3340 4694 ι
3374 4638 3597 4696 Numeri

2017 4734 2109 4805 qui
2141 4734 2195 4788 in
2226 4734 2342 4805 ipso
2372 4733 2736 4791 Numerorum
2778 4734 2920 4789 libro
2948 4732 3143 4804 scripti
3169 4734 3419 4800 fuerunt,
3444 4732 3599 4802 juxta

330 4821 462 4892 περὶ
491 4818 805 4893 ἀνθρώπου.
838 4823 1012 4889 Αὐτὸς
1060 4824 1168 4898 γάρ
1198 4826 1462 4896 ἐγίνωσκε
1514 4829 1568 4883 τί
1617 4824 1687 4901 ἦν
1732 4831 1791 4884 ἐν
1837 4831 1912 4902 τῷ

2018 4826 2308 4897 quamdam
2363 4829 2770 4896 proportionem
2823 4826 3238 4885 convenientem
3302 4826 3600 4898 unicuique

330 4915 624 4987 ἀνθρώπῳ.
665 4936 684 4969 ι
723 4917 810 4971 Ἐν
836 4916 973 4988 αὐτῇ
1005 4915 1115 4987 (57)
1144 4916 1628 4990 ἀναγεγραμμένοι
1666 4920 1913 4992 ἀριθμοὶ,

330 5007 479 5062 κατά
502 5024 624 5064 τινα
654 5007 945 5077 ἀναλογίαν
982 5006 1330 5080 ἁρμόζουσαν
1360 5010 1576 5083 ἑκάστῳ
1604 5012 1913 5084 πράγματι,

331 5098 560 5174 Γραφῆς
590 5098 923 5173 ἠξιώθησαν.
972 5102 1321 5171 Ἐξεταστέον
1347 5102 1403 5158 δὲ
1430 5104 1504 5176 μή
1529 5119 1660 5158 ποτε
1694 5103 1793 5179 μία
1808 5102 1917 5158 τῶν

409 5307 457 5340 ⁸⁸
492 5306 649 5364 Joan.
693 5325 753 5374 ιι,
796 5311 864 5365 12
902 5324 1057 5381 seqq.

410 5493 522 5563 (57)
554 5492 735 5566 Codex
766 5493 1091 5566 Bodleianus
1119 5496 1178 5566 sv
1206 5496 1363 5565 αὐτῇ,
1388 5505 1518 5558 etc.;
1547 5495 1768 5566 Regius,
1796 5510 1924 5566 pcr-

339 5576 549 5632 peram,
570 5565 629 5615 ὲν
650 5564 822 5627 αὐτοί,
849 5575 954 5619 etc.
981 5565 1135 5634 Apud
1163 5563 1452 5633 utrumque
1473 5563 1733 5619 locusest
1759 5563 1926 5618 niani-

339 5634 804 5717 festenmendu‘stls.
821 5634 897 5688 Ita
912 5635 1126 5717 videtur
1144 5635 1334 5717 legisse
1351 5635 1657 5717 Ferrarius:
1676 5635 1767 5717 Ἔχ
1784 5635 1921 5717 αὐτῇ

2022 4918 2125 4986 rei,
2152 4916 2437 4989 Scriptura
2460 4917 2606 4989 digni
2633 4918 2803 4975 habiti
2831 4930 2979 4976 sunt.
3005 4918 3389 4991 lnquirendum
3413 4928 3598 4975 autem

2022 5021 2107 5069 est
2129 5026 2197 5068 an
2225 5026 2365 5068 unus
2386 5027 2451 5070 ex
2472 5011 2675 5085 Moysis
2694 5013 2851 5072 libris
2866 5011 3225 5070 Numerorum
3244 5013 3617 5083 inscriptione-

2023 5111 2264 5173 notatus,
2312 5104 2581 5163 rationem
2617 5121 2965 5165 numerorum
3002 5104 3204 5163 eximie
3253 5105 3444 5161 doceat
3480 5118 3611 5169 eos,

2018 5492 2310 5565 ἀναλογίαν
2354 5492 2697 5565 ἁρμόζουσαν
2721 5490 2959 5565 ἑκάστῳ
3003 5490 3323 5565 πράγματι,
3372 5490 3592 5565 Γμφῆς

2017 5562 2349 5635 ἠξιώθησαν,
2375 5561 2691 5630 ἐξεταστέον
2713 5562 2777 5635 δὴ
2810 5561 3229 5635 μήποτε,ὀιο.ῖ
3255 5561 3594 5635 Certe'_ejus-

2021 5633 2165 5689 modi
2202 5633 2360 5689 lectio
2389 5636 2567 5689 minus
2590 5633 2793 5689 absona
2815 5633 3052 5700 videtur,
3082 5642 3157 5699 et,
3189 5634 3234 5688 si
3271 5633 3357 5689 cui
3391 5633 3591 5702 placet,

354 5703 846 5776 'Aptepd’wﬁm‘ttp
899 5703 1377 5776 ἀναγεγραμμένοι
1425 5704 1667 5776 άριθμοί.
1723 5704 1912 5771 Quidni

2022 5705 2281 5760 vertenda
2312 5705 2419 5763 crit
2444 5723 2458 5759 :
2493 5721 2512 5754 σ
2543 5705 2597 5759 Si
2624 5704 2818 5761 litteris
2845 5703 3146 5775 consignati
3173 5703 3414 5776 Numeri.
3441 5703 3591 5770 juxta

343 5772 604 5851 legatur_:
633 5774 796 5830 Αὐτοὶ
820 5772 1309 5850 ἀναγεγραμμένοι
1349 5772 1591 5849 ἀριθμοὶ,
1628 5775 1767 5832 κατά
1805 5791 1929 5834 τινα

2025 5777 2315 5845 quamdam
2356 5776 2646 5849 unicuique
2684 5776 2762 5834 rei
2806 5772 3105 5848 congruam
3151 5772 3553 5846 proportionem
3580 5800 3595 5825 ο
