3962 6206
437 363 542 419 307

1891 346 2215 407 ORIGENIS

3599 346 3712 402 308

439 476 530 546 qui
565 473 936 543 hujuscemodi
973 482 1227 530 accurate
1274 472 1602 544 investigare
1638 470 1841 529 valent.
1891 469 2018 526 llaec

2142 467 2318 522 li6).uw
2345 467 2588 533 Μωσέως
2620 467 3072 539 ἐπιγεγραμμένη
3102 465 3156 522 ’Δ
3168 464 3370 539 ριθμοὶ,
3406 464 3712 537 ἐξαιρέτως

439 578 620 625 autem
652 569 718 623 ad
748 578 798 622 te
817 568 973 622 initio
998 567 1192 622 decimi
1216 568 1371 639 161
1404 567 1535 622 tomi
1562 566 1819 622 dicuntur
1850 578 1880 618 a
1912 580 2018 629 me,

441 657 758 729 frequenter
786 659 837 713 in
864 657 1145 728 Scriptura
1183 672 1469 712 numerum
1498 656 1781 713 denarium
1821 653 2022 711 eximia

443 751 803 820 praerogativa
838 750 1168 820 impertitum
1197 750 1549 818 observante,
1584 759 1645 805 ut
1676 750 1773 805 tibi
1806 762 2025 819 quoque

443 843 569 897 licet
600 842 890 912 diligenter
939 844 1337 909 considerare,
1399 852 1509 898 tum
1563 843 1806 914 speranti
1856 841 2024 896 etiam

442 937 581 1001 fore,
622 945 681 990 ut
710 934 913 1006 aliquid
952 936 1126 1005 majus
1152 951 1183 991 a
1213 937 1321 991 Deo
1356 937 1409 992 in
1451 937 1599 992 hunc
1631 944 1839 991 tomum
1875 932 2024 989 acci-

445 1030 601 1098 pias;
630 1029 773 1099 quod
814 1039 873 1084 ut
895 1030 1198 1100 contingat,
1247 1044 1346 1100 pro
1388 1029 1601 1084 viribus
1641 1028 1884 1098 prtebere
1930 1040 2028 1080 nos

448 1123 594 1191 ipsos
633 1122 741 1176 Deo
767 1130 1059 1188 tentemus,
1105 1122 1196 1191 qui
1244 1122 1392 1192 cupit
1431 1121 1636 1190 optima
1672 1118 1878 1189 largiri.
1919 1115 2026 1173 Sed

448 1212 791 1282 incipiendus
836 1212 965 1266 hinc
1003 1221 1088 1266 est
1120 1211 1298 1287 liber:
1334 1230 1352 1264 ι
1383 1212 1575 1267 Postea
1613 1207 1895 1266 descendit
1922 1206 2027 1263 Ca-

448 1307 751 1374 pharnautn
784 1304 924 1375 ipse,
953 1311 1006 1359 et
1035 1313 1212 1359 mater
1241 1301 1384 1370 ejus,
1438 1312 1493 1359 et
1536 1302 1735 1358 fratres
1769 1300 1919 1371 ejus,
1973 1306 2029 1353 et

445 1398 696 1466 discipuli
739 1397 892 1467 ejus,
941 1407 998 1455 et
1033 1408 1354 1454 manserunt
1400 1396 1472 1450 ibi
1522 1410 1628 1451 non
1686 1393 1869 1450 multis
1906 1392 2028 1447 die-

447 1492 547 1545 hus
580 1490 649 1544 ”.
676 1508 694 1542 ι
738 1489 913 1545 Etiam
954 1490 1139 1546 ceteri
1173 1500 1287 1545 tres
1316 1489 1409 1559 qui
1445 1487 1737 1558 Evangeiia
1785 1488 2029 1554 scripse-

449 1597 597 1653 runt,
640 1588 893 1656 inquiunt
940 1586 1231 1643 Dominum
1296 1586 1349 1641 in
1397 1584 1681 1641 Galilmain
1735 1580 2031 1635 secessisse

448 1689 570 1748 post
608 1680 779 1750 ipsius
813 1688 1005 1735 contra
1054 1677 1329 1734 diabolum
1379 1684 1684 1739 certamen,
1741 1672 2029 1726 Matthzeus

448 1783 628 1828 autem
683 1783 737 1828 et
784 1772 986 1837 Lucas,
1030 1771 1182 1842 prius
1240 1786 1366 1827 cum
1424 1769 1667 1824 venisset
1722 1764 2025 1831 Nazareth,

448 1876 633 1933 postea
659 1866 747 1920 illa
774 1866 961 1921 relicta
989 1863 1287 1936 profectum
1317 1861 1593 1917 habitasse
1617 1858 2023 1929 Capliarnaunt.

449 1960 737 2015 Matthmus
773 1974 904 2015 vero
948 1968 1002 2013 et
1044 1957 1259 2012 Marcus
1288 1970 1510 2010 causam
1538 1955 1704 2009 etiam
1732 1951 2026 2022 quamdam

448 2054 633 2107 dicunt
654 2066 755 2107 cur
782 2049 897 2121 ipse
922 2050 1048 2105 inde
1068 2047 1401 2111 discesserit,
1431 2059 1623 2115 nempe
1644 2043 1768 2115 quia
1785 2045 2029 2100 audisset

446 2144 710 2201 Joannem
754 2143 823 2198 ab
856 2140 1068 2198 Herode
1110 2141 1163 2195 in
1199 2153 1476 2195 carcerem
1509 2134 1807 2206 conjectum
1838 2134 2024 2192 fuisse.

451 2237 663 2294 llabent
714 2243 895 2292 autem
957 2249 1017 2291 se
1067 2236 1146 2292 sic
1178 2234 1341 2289 verba
1370 2231 1638 2293 ,Mattltazi
1687 2231 1901 2300 quidem
1938 2229 2024 2283 ⁶⁰ι

455 2349 475 2381 ι
508 2328 661 2385 Tunc
692 2328 898 2385 omittit
924 2326 1072 2382 illum
1102 2325 1369 2391 diabolus,
1409 2333 1463 2380 et
1494 2339 1623 2381 ecce
1655 2322 1834 2392 angeli
1870 2338 2027 2379 accc-

450 2424 673 2490 dehant,
713 2430 769 2477 et
811 2419 1204 2476 ministrabant
1255 2419 1330 2474 ei.
1379 2418 1516 2473 Cum
1567 2415 1813 2470 audisset
1842 2424 2028 2470 autem

448 2512 608 2572 Iesus
649 2510 914 2570 Joannem
972 2511 1230 2567 traditum
1286 2521 1444 2575 esse,
1503 2505 1731 2563 secessit
1784 2505 1839 2560 in
1882 2504 2031 2561 Gali-

450 2606 648 2676 laeam;
679 2618 756 2674 et,
790 2607 983 2664 relicta
1016 2603 1309 2667 Nazareth,
1355 2600 1630 2672 profectus
1681 2598 1945 2656 habitavit
1977 2598 2030 2654 in

451 2704 779 2772 Capliaruao
814 2698 1112 2760 maritima,
1145 2697 1198 2752 in
1221 2751 1231 2759 ,
1252 2696 1449 2751 tinihus
1481 2694 1729 2750 Zabulon
1766 2703 1822 2749 et
1848 2691 2033 2764 Neph-

381 2826 389 2833 ο
453 2794 747 2860 thalim,ut
763 2789 1081 2861 impleretur
1099 2787 1244 2859 quod
1274 2787 1475 2842 dictum
1505 2786 1683 2842 fuerat
1712 2798 1811 2856 per
1837 2785 2031 2842 lsaiam

457 2882 803 2952 prophetam,
864 2883 1136 2939 dicentem
1170 2897 1186 2937 :
1220 2880 1392 2937 Terra
1435 2879 1717 2946 Zabulon,
1769 2887 1823 2936 et
1886 2888 2032 2935 terra

456 2967 802 3042 Nephthalim
841 2992 854 3028 :
887 2990 905 3024 ι
931 2981 986 3029 et
1011 2983 1130 3045 post
1159 2987 1245 3040 ea,
1281 2986 1405 3042 quae
1436 2973 1581 3028 dicta
1612 2979 1740 3026 sunt
1776 2969 1830 3025 iu
1858 2967 1992 3025 Isaia
2013 3010 2030 3037 ,

456 3066 590 3122 dicit
626 3083 641 3121 :
683 3085 702 3118 ι
728 3065 806 3120 Ex
836 3078 903 3122 eo
935 3074 1179 3137 tempore
1223 3065 1388 3136 coepit
1426 3062 1585 3121 Jesus
1624 3063 1948 3135 prmdicare,
1978 3071 2036 3119 et

457 3159 688 3216 dicere:
718 3158 1078 3230 Resipiscite,
1134 3158 1305 3215 instat
1370 3159 1517 3214 enim
1583 3170 1808 3227 regnum
1869 3155 2036 3212 ccelor
2063 3192 2106 3253 ο

458 3267 579 3308 rum
615 3288 632 3307 .
677 3269 697 3305 ι
739 3250 953 3309 Marcus
989 3266 1120 3307 vero
1163 3268 1176 3304 :
1219 3266 1238 3300 ι
1283 3247 1351 3302 Et
1389 3258 1508 3303 erat
1533 3287 1549 3312 ,
1621 3249 1818 3320 inquit,
1861 3247 1915 3302 in
1941 3246 2037 3304 de—

456 3351 607 3400 serto
648 3340 1015 3413 quadraginta
1061 3339 1176 3397 dies
1220 3349 1276 3396 et
1319 3337 1681 3411 quadraginta
1728 3346 1942 3403 noctes,
1982 3343 2039 3392 et

459 3435 824 3492 tentabatura
848 3434 1052 3491 Satana
1090 3451 1105 3488 :
1136 3442 1365 3504 eratque
1400 3447 1523 3489 cum
1557 3430 1719 3497 feris,
1771 3437 1825 3485 et
1862 3426 2039 3500 angeli

461 3526 850 3585 ministrabant
906 3525 1006 3580 illi.
1084 3524 1378 3596 Postquam
1430 3532 1612 3580 autem
1670 3521 1905 3577 traditus
1959 3528 2041 3574 est

457 3620 716 3685 Joannes,
743 3615 1066 3677 venitJesns
1105 3618 1159 3675 in
1191 3617 1497 3683 Galilaeam,
1532 3614 1832 3688 praedicans
1859 3613 2040 3668 Evan-

457 3712 658 3782 gelium
690 3710 810 3778 Dei,
837 3723 1036 3782 nempe
1067 3730 1083 3767 :
1117 3710 1406 3783 impletum
1440 3718 1531 3766 est
1560 3720 1772 3779 tempus
1794 3749 1810 3775 ,
1844 3707 2042 3766 instat-

457 3818 569 3873 que
616 3818 840 3875 regnum
893 3801 1016 3858 Dei.
1045 3801 1413 3873 Resipiseite,
1459 3809 1518 3857 et
1555 3800 1764 3856 credite
1794 3799 2043 3873 Evange-

460 3896 534 3950 lio
575 3894 641 3948 “.
673 3913 693 3949 ι
733 3894 942 3950 Deinde
1001 3909 1126 3950 cum
1158 3898 1472 3950 enarrasset
1493 3894 1560 3949 de
1604 3895 1819 3950 Andrea
1871 3901 1927 3948 et
1975 3894 2044 3949 de

458 3986 645 4051 Petro,
709 3984 1025 4055 Jacohoque
1068 4000 1134 4040 ac
1177 3982 1425 4051 Joanne,
1484 3984 1680 4041 scribit
1721 3986 1881 4041 haec:
1926 4002 1945 4036 ι
1979 3983 2045 4039 Et

462 4082 745 4148 ingressus
772 4086 858 4133 est
886 4075 1292 4147 Capharnaum,
1325 4085 1380 4131 et
1401 4077 1585 4133 statim
1616 4075 1863 4133 sabbatis
1886 4075 2044 4132 doce-

460 4171 556 4224 bat
586 4166 638 4223 in
666 4165 980 4240 Syqagoga.
1009 4185 1028 4220 ι
1056 4166 1239 4224 Lucas
1273 4182 1401 4224 vero
1431 4182 1445 4221 :
1488 4187 1505 4219 ι
1538 4168 1751 4223 Etcum
1790 4183 2044 4224 coasum-

462 4269 712 4329 masset,
774 4258 986 4331 inquit,
1052 4258 1406 4315 tentationem
1472 4257 1764 4325 diabolus,
1821 4257 2046 4314 recessit

462 4353 533 4409 ab
569 4351 662 4408 illo
693 4365 867 4423 usque
901 4351 971 4408 ad
1009 4361 1244 4420 tempus.
1286 4350 1355 4405 Et
1384 4364 1639 4407 reversus
1675 4358 1762 4405 est
1796 4348 1956 4405 Jcsus
1990 4349 2043 4403 in

461 4445 671 4501 virtute
717 4443 956 4515 Spiritus
1013 4443 1070 4499 in
1131 4443 1447 4509 Galilaeam,
1507 4451 1564 4499 et
1605 4440 1749 4497 fama
1783 4441 1918 4497 exiit
1951 4456 2046 4512 per

461 4537 775 4595 universam
818 4538 1094 4608 regionem
1150 4539 1216 4594 de
1270 4537 1411 4608 ipso,
1465 4546 1524 4593 et
1569 4536 1683 4607 ipse
1711 4534 1943 4591 docebat
1987 4534 2040 4589 in

462 4630 766 4707 synagogis
791 4643 1008 4700 eorum,
1050 4640 1106 4687 et
1132 4629 1542 4701 gloriﬁcahatur
1572 4632 1641 4685 ah
1669 4628 1945 4685 omnibus.
1977 4627 2043 4685 Et

465 4721 619 4778 venit
663 4721 720 4776 in
781 4720 1018 4789 Nazara,
1067 4721 1158 4778 ubi
1214 4729 1339 4779 erat
1382 4716 1662 4786 nutritus,
1709 4719 2043 4789 intravitque

468 4812 629 4885 162
658 4814 954 4870 secundum
1013 4814 1464 4872 consuetudinem
1509 4829 1663 4870 suam
1712 4813 1799 4871 die
1849 4811 2044 4869 sahha-

468 4913 647 4959 torum
678 4903 734 4960 in
777 4902 1121 4979 Synagogam
1150 4907 1217 4961 “.
1249 4927 1268 4961 ι
1333 4908 1579 4978 Cumque
1619 4907 1892 4964 docuisset
1921 4921 2044 4976 quae

469 4996 524 5054 in
573 4994 805 5055 Nazaris
839 5001 906 5058 ab
956 5000 1077 5073 ipso
1122 5001 1268 5058 dicta
1313 5001 1531 5059 fuerant
1581 5003 1651 5069 “,
1696 5000 2048 5071 furoremque

541 5183 589 5221 ⁸⁵
611 5184 773 5245 Joan.
800 5199 862 5254 It,
888 5184 977 5240 l2.
1055 5184 1098 5217 ⁸ο
1123 5185 1255 5257 Cap.
1282 5201 1355 5252 tv,
1398 5202 1447 5240 v.
1488 5186 1542 5240 il
1576 5200 1730 5258 seqq.

474 5370 757 5441 Scriptura
786 5370 936 5442 digni
962 5368 1139 5427 habiti
1175 5376 1325 5434 sunt,
1362 5377 1513 5423 certe
1552 5366 1936 5438 inquirendum
1967 5375 2052 5423 est

475 5456 605 5498 num
637 5442 779 5497 forte
807 5456 969 5504 unus.
996 5449 1104 5497 etc.
1139 5458 1158 5492 ι

546 5510 664 5584 ($8)
701 5510 812 5567 Καὶ
840 5513 896 5584 οἱ
923 5510 1123 5567 λοιποί
1155 5508 1332 5584 τρεῖς.
1348 5505 1476 5584 _Sic_
1492 5504 1664 5562 codex
1696 5504 2048 5584 Dodleiauus,

475 5577 714 5651 optime;
753 5581 897 5637 male
948 5597 1077 5637 vero
1127 5577 1298 5637 codex
1348 5578 1579 5650 Regius,
1626 5578 1720 5632 καὶ
1770 5580 1820 5651 οἱ
1870 5577 2051 5651 λοιποὶ

475 5649 607 5726 γάρ.
638 5652 1342 5726 Huicuperversmdlectioni
1380 5649 1647 5722 originem
1688 5650 1837 5705 dedit
1871 5649 2047 5714 littera

476 5724 517 5778 Γ
547 5721 839 5779 innueralis
874 5737 973 5792 pro
996 5724 1164 5793 τρεῖς.

546 5795 658 5861 (59}
699 5789 889 5863 Αὐτῷζ
923 5789 1083 5852 Deerit
1108 5793 1165 5853 in
1191 5792 1376 5851 codice
1414 5789 1610 5863 Regio,
1634 5791 1730 5849 sed
1761 5797 2048 5848 revocatur

1806 5185 1847 5218 ⁶¹
1882 5184 2049 5242 Marc.
2076 5200 2118 5252 ι,
2151 5184 2221 5242 15
2251 5202 2407 5257 seqq.

2124 560 2216 615 τὸν
2251 562 2379 633 περὶ
2407 559 2655 633 ἀριθμῶν
2685 563 2796 624 τοίς
2840 560 2909 614 τὰ
2944 560 3170 614 τοιαῦτα
3203 557 3498 631 ἐξιχνεύειν
3544 559 3712 612 δυνα-

2128 652 2308 724 μένοις
2341 652 2583 707 διδάσκει
2629 652 2806 721 λόγον.
2839 650 3024 706 Ταῦτα
3076 652 3135 705 δέ
3170 668 3259 721 μοι
3314 654 3373 704 ὲν
3426 651 3569 722 ἀρχῇ
3608 648 3709 703 τοῦ

2125 743 2352 805 δεκάτου
2398 743 2566 814 τόμου
2613 742 2832 812 λέγεται
2878 743 3015 817 πρὸς
3061 743 3143 809 σὲ,
3190 740 3459 812 πολλαχοῦ
3507 740 3713 813 ὁρῶντι

2124 834 2226 906 τῆς
2257 835 2479 907 Γραφῆς
2512 835 2898 908 ,διαφερούσης
2954 834 3252 907 προνομίας
3307 833 3570 906 τετυχότα
3616 833 3715 888 τὸν

2125 925 2256 980 δέκα
2283 927 2629 1000 amonem-th;
2660 928 2835 982 ἔνεστι
2858 930 2951 982 καὶ
2984 928 3067 981 σοι
3090 927 3368 998 ἐπιμελῶς
3398 930 3715 991 κατανοεῖν,

2128 1018 2400 1084 ἐλπίζοντι
2431 1020 2492 1074 τὸ
2523 1019 2788 1092 λήψεσθαι
2805 1021 2912 1074 ἀπὸ
2933 1018 3069 1073 Θεοῦ
3098 1020 3257 1074 πλέον
3280 1037 3331 1074 τι
3355 1019 3450 1074 καὶ
3481 1021 3562 1084 είς
3587 1020 3716 1074 co'u-

2125 1128 2219 1166 τον
2248 1111 2342 1165 τὸν
2388 1111 2579 1184 τόμον·
2626 1112 2765 1185 ὅπερ
2819 1112 2906 1165 ἴνα
2950 1111 3227 1183 ὑπαρχθῇ,
3264 1110 3407 1166 κατὰ
3455 1111 3715 1184 δύναμιν,

2127 1204 2463 1277 ἐμπαρέχειν
2491 1206 2716 1269 ἑαυτοὺς
2745 1205 2822 1277 τῷ
2854 1203 3144 1277 δωρεῖσθαι
3176 1203 3247 1257 τά
3271 1202 3534 1258 κάλλιστα
3581 1204 3715 1276 βου-

2126 1298 2338 1370 λομένῳ
2390 1297 2511 1370 Θεῷ
2561 1296 2901 1370 πειρώμεθα.
2944 1296 3199 1368 Ἀρκτέον
3247 1296 3306 1350 δὲ
3344 1295 3438 1351 τοῦ
3492 1295 3706 1367 βιϐλίου

2130 1390 2378 1445 ἐντεῦθεν
2398 1407 2411 1422 ο
2444 1389 2650 1460 «ηΜετὰ
2677 1389 2835 1444 τοῦτο
2860 1390 3066 1461 κατέϐη
3090 1392 3173 1454 είς
3198 1390 3579 1462 Καφαρναοὺμ
3605 1393 3712 1443 αὑ-

2127 1484 2239 1549 τὸς,
2269 1485 2364 1540 καὶ
2391 1486 2424 1557 ἡ
2455 1486 2638 1557 μήτηρ
2667 1484 2855 1551 αὐτοῦ,
2880 1485 2976 1538 καὶ
3000 1486 3050 1537 οἱ
3078 1483 3317 1554 ἀδελφοὶ,
3342 1485 3435 1537 καὶ
3452 1484 3502 1537 oi
3535 1482 3716 1555 μαθη-

2127 1578 2239 1640 ταὶ,
2271 1577 2366 1631 καὶ
2398 1578 2514 1631 ἐκεῖ
2565 1577 2778 1648 ἔμεινεν
2829 1577 2889 1630 οὐ
2948 1575 3149 1641 πολλὰς
3190 1576 3423 1648 ἡμέρας.
3461 1597 3479 1628 ι
3515 1578 3630 1631 Καὶ
3660 1579 3716 1632 οἱ

2128 1669 2306 1723 λοιποὶ
2332 1672 2483 1740 τρεῖς
2515 1667 2627 1741 (58)
2659 1669 2969 1741 γράψαντες
2991 1669 3061 1723 τά
3099 1669 3408 1740 Εὐαγγὲλια
3444 1670 3583 1742 μετὰ
3619 1670 3716 1725 τὸν

2132 1761 2267 1833 πρὸς
2290 1761 2379 1815 τὸν
2394 1760 2636 1816 διάϐολον
2649 1761 2836 1830 ἀγῶνα
2850 1761 2943 1817 τοῦ
2956 1761 3182 1834 Κυρίου,
3208 1764 3289 1826 εἰς
3311 1761 3410 1834 τὴν
3422 1762 3716 1819 Γαλιλαίαν

2134 1851 2298 1923 φασὶν
2328 1852 2490 1906 αὐτὸν
2518 1854 3015 1926 ἀνακεχωρηκέναι,
3061 1852 3335 1918 Mam-Baio;
3359 1853 3415 1906 δὲ
3445 1854 3541 1908 καὶ
3572 1855 3717 1908 Λου-

2133 1944 2255 2009 κᾶς,
2288 1942 2553 2015 πρότερον
2579 1944 2868 2015 γενόμενον
2913 1946 2972 1998 ὲν
3018 1943 3315 2016 Ναζάροις,
3370 1946 3510 2017 μετὰ
3541 1946 3717 2002 ταῦτα

2134 2033 2561 2090 καταλελοιπότα
2599 2035 2739 2090 αὑτά
2782 2034 3003 2091 ἐλθόντα
3039 2036 3417 2108 κατῳκηκέναι
3466 2040 3547 2103 εἰς
3596 2040 3719 2093 Κα-

2137 2126 2378 2200 φαρναοό
2386 2146 2443 2199 μ.
2464 2129 2520 2182 ὐ
2535 2129 2592 2183 δὲ
2617 2129 2896 2195 Ματθαῖος
2916 2132 3012 2184 καὶ
3031 2130 3257 2204 Μάρκος
3272 2131 3368 2185 καὶ
3382 2130 3563 2186 αἰτίαν
3588 2132 3719 2187 τινὰ

2135 2219 2350 2289 λέγουσι
2382 2218 2474 2274 τοῦ
2509 2220 2671 2276 αὐτὸν
2701 2222 2907 2277 ἐκεῖθεν
2952 2223 3454 2295 ἀνακεχωρηκέναι,
3484 2224 3545 2278 τὺ
3577 2225 3720 2297 ἀκη-

2137 2317 2341 2382 κοέναι,
2369 2316 2453 2370 ὅτι
2486 2315 2738 2388 Ἰωάννης
2787 2315 3081 2390 παρεδόθη.
3114 2317 3267 2388 Ἔχει
3319 2317 3375 2372 δὲ
3423 2317 3599 2382 οὕτως
3647 2318 3722 2371 tit

2138 2413 2300 2485 ῥητὰ,
2331 2410 2423 2466 τοῦ
2473 2412 2574 2483 μὲν
2606 2410 2927 2466 Ματθαίουο
2969 2429 2989 2461 ι
3041 2410 3176 2464 Τότε
3224 2408 3447 2479 ἀφίησιν
3477 2408 3646 2463 αὐτὸν
3690 2410 3723 2463 ὁ

2135 2505 2398 2571 διάϐολος,
2434 2506 2529 2560 καὶ
2562 2506 2670 2560 ἰδοὺ
2700 2505 2921 2574 ἄγγελοι
2949 2504 3271 2576 προσῆλθον,
3311 2503 3406 2557 καὶ
3434 2502 3723 2574 διηκόνουν

2137 2599 2285 2671 αὐτῴ
2314 2598 2450 2670 (59).
2484 2598 2746 2662 Ἀκούσας
2768 2598 2845 2664 δὲ,
2872 2598 2951 2651 ὅτι
2992 2598 3243 2668 Ἰωάννης
3278 2595 3571 2669 παρεδόθη,
3592 2597 3727 2650 ἁνε-

2137 2692 2386 2765 χώρησεν
2419 2695 2498 2757 είς
2529 2692 2842 2757 Γαλιλαίαν,
2863 2693 2958 2747 καὶ
2978 2688 3293 2746 καταλιπὼν
3315 2690 3411 2764 τὴν
3434 2688 3725 2763 Ναζαρὲτ,

2139 2784 2308 2839 ἐλθὼν
2337 2784 2659 2857 κατῴκησεν
2699 2786 2779 2849 εἰς
2810 2784 3191 2857 Καφαρναοὺμ
3224 2783 3323 2857 τὴν
3366 2782 3726 2857 παραθαλασ-

2140 2876 2284 2943 σίαν,
2327 2878 2385 2932 ἐν
2418 2878 2588 2951 ὁρίοις
2624 2875 2909 2932 Ζαϐουλὼν
2945 2878 3040 2932 καὶ
3082 2876 3422 2949 Νεφθαλεὶμ,
3457 2877 3545 2931 ἵνα
3581 2875 3730 2948 πλη-

2142 2970 2289 3043 ρωθῇ
2318 2969 2380 3024 τὸ
2411 2970 2575 3043 ῥηθὲν
2606 2968 2695 3025 διὰ
2733 2969 2958 3024 Ἡσαΐου
2980 2966 3074 3023 τοῦ
3100 2970 3405 3042 προφήτου,
3431 2967 3685 3037 λέγοντος
3702 2984 3720 2999 ο

2140 3061 2219 3133 Γῆ
2242 3059 2529 3116 Ζαϐουλὼν
2552 3060 2726 3133 καθιγῆ
2753 3058 3206 3132 Νεφθαλείμ(60)·
3232 3079 3250 3112 ι
3288 3059 3382 3114 καὶ
3405 3058 3544 3131 μετὰ
3558 3059 3631 3113 τὰ
3664 3062 3727 3113 ὲν

2139 3153 2218 3227 τῷ
2257 3154 2455 3227 Ἠσαίᾳ
2483 3153 2643 3227 ρητὰ,
2671 3148 2852 3223 λέγει·
2894 3172 2913 3205 ι
2962 3152 3096 3208 Ἀπὸ
3133 3152 3259 3207 τότε
3305 3152 3508 3225 ἧρξατο
3540 3153 3570 3205 ό
3619 3152 3732 3224 ἰη-

2144 3244 2271 3310 σοῦς
2291 3244 2605 3318 κηρύσσειν,
2638 3246 2734 3301 καὶ
2761 3246 2940 3316 λέγειν
2962 3262 2976 3276 ·
3013 3246 3360 3308 Μετανοεῖτε,
3385 3244 3582 3315 ἧγγικε
3613 3243 3731 3315 γὰρ

2145 3338 2180 3411 ἠ
2225 3326 2471 3410 βασιλεία
2517 3338 2625 3393 τῶν
2671 3339 2940 3408 οὐρανῶν.
2983 3357 3002 3391 ι
3042 3338 3101 3391 '0
3141 3338 3201 3391 δὲ
3250 3337 3508 3409 Μάρκοςο
3554 3355 3573 3388 ι
3610 3336 3731 3391 Καὶ

2140 3425 2244 3502 ἦν,
2308 3431 2506 3502 φησὶν,
2572 3431 2630 3485 ὲν
2688 3431 2761 3500 τῇ
2806 3431 3000 3504 ἐρήμῳ
3051 3430 3460 3502 τεσσαράκοντα
3507 3430 3731 3503 ἡμέρας

2142 3524 2237 3578 καὶ
2286 3523 2690 3594 τεσσαράκοντα
2734 3522 2933 3586 νύκτας
2985 3522 3120 3594 (61),
3177 3508 3571 3596 πειραζόμενος
3618 3521 3731 3575 ὑπὸ

2141 3613 2236 3668 τοῦ
2274 3612 2517 3667 Σατανᾶ·
2544 3613 2639 3666 καὶ
2666 3608 2734 3685 ἦν
2763 3611 2901 3685 μετὰ
2934 3610 3042 3666 τῶν
3077 3610 3305 3685 θηρίων,
3337 3610 3432 3664 καὶ
3468 3611 3519 3663 oi
3559 3610 3734 3679 ἄγγε-

2142 3706 2225 3763 λοι
2277 3707 2560 3780 διηκόνουν
2614 3705 2785 3779 αὐτῷ.
2840 3705 3001 3762 Μετὰ
3041 3706 3098 3761 δὲ
3136 3704 3197 3759 τὸ
3224 3704 3598 3778 παραδοθῆναι
3633 3704 3731 3760 τὸν

2156 3799 2428 3873 Ἰωάννην,
2458 3795 2621 3873 ἦλθεν
2644 3800 2675 3853 ὁ
2718 3799 2924 3872 Ἰησοῦς
2949 3802 3028 3865 είς
3054 3799 3153 3873 τὴν
3183 3800 3492 3867 Γαλιλαίαν,
3525 3799 3735 3873 κηρύσ-

2146 3910 2254 3948 σων
2281 3892 2343 3947 τδ
2368 3892 2704 3963 Εὑαγγέλιον
2729 3891 2824 3947 τοῦ
2846 3891 3005 3954 Θεοῦ,
3035 3893 3119 3946 ὅτι
3148 3891 3502 3966 πεπλήρωται
3528 3893 3558 3946 ὁ
3596 3909 3730 3948 και-

2147 3986 2260 4059 ρδς,
2286 3984 2379 4041 καὶ
2407 3986 2635 4059 ἤγγικεν
2672 3987 2705 4058 ἡ
2737 3983 2980 4057 βασιλεία
3021 3984 3115 4039 τοῦ
3160 3968 3319 4043 Θεοῦ.
3373 3986 3730 4053 Μετανοεῖτε,

2145 4078 2240 4134 καὶ
2294 4077 2578 4132 πιστεύετε
2623 4076 2702 4148 τῷ
2753 4075 3094 4149 Εὖαγγελίῳ.
3128 4096 3147 4128 ι
3181 4077 3433 4141 Ἔπειτα,
3461 4077 3735 4150 διηγησάο

2148 4185 2307 4240 μενος
2339 4169 2434 4222 καὶ
2462 4166 2591 4239 περὶ
2624 4166 2894 4240 Ἀνδρέου,
2942 4168 3033 4222 καὶ
3078 4166 3286 4239 Πέτρου
3307 4206 3323 4232 ,
3364 4166 3620 4222 Ἰακώϐου
3668 4186 3734 4222 τε

2146 4260 2241 4315 καὶ
2281 4259 2552 4327 Ἰωάννου,
2594 4259 2901 4332 ἀναγράφει
2946 4259 3153 4314 ταῦτα·
3194 4279 3213 4311 ί
3265 4260 3377 4313 Καὶ
3410 4260 3737 4331 εἰσπορευό-

2150 4369 2309 4424 μενος
2344 4354 2425 4416 ei;
2472 4353 2874 4425 Καφαρναοὺμ,
2923 4351 3016 4406 καὶ
3057 4350 3258 4417 εὐθέως
3297 4354 3409 4416 τοῖς
3463 4350 3736 4407 σάϐϐασιν

2147 4444 2426 4499 ἐδίδασκεν
2492 4444 2573 4509 είς
2621 4444 2721 4517 τὴν
2774 4443 3119 4516 συναγωγήν.
3174 4462 3195 4495 ι
3263 4444 3320 4498 Ὀ
3372 4443 3429 4496 δὲ
3479 4444 3733 4510 Λουκᾶς·

2074 4564 2122 4625 D
2154 4556 2174 4592 ι
2196 4539 2307 4593 Καὶ
2346 4537 2688 4608 συντελέσας,
2743 4539 2898 4610 φησι,
2932 4538 3024 4593 τὸν
3066 4536 3370 4610 πειρασμὸν
3392 4537 3422 4590 ὁ
3454 4536 3734 4603 διάϐολος,

2149 4628 2361 4701 ἀπέστη
2393 4631 2488 4684 ἀπ’
2535 4629 2700 4686 αὐτοῦ
2749 4630 2878 4704 ἄχρι
2926 4628 3138 4703 καιροῦ.
3193 4629 3303 4683 Καὶ
3335 4626 3738 4700 ὑπέστρεψενὸ

2163 4722 2371 4794 Ἰησοῦς
2400 4723 2459 4777 ὲν
2491 4727 2557 4797 τῇ
2581 4723 2811 4796 δυνάμει
2863 4723 2959 4778 τοῦ
2988 4722 3307 4796 Πνεῦματος
3339 4724 3418 4787 είς
3445 4721 3544 4794 τὴν
3570 4722 3738 4776 Γαλι-

2149 4813 2326 4879 λαίαν,
2358 4816 2454 4871 κα.)⁸
2497 4816 2654 4888 φήμη
2705 4814 2897 4886 ἐξῆλθε
2930 4814 3052 4869 καθ’
3091 4815 3221 4887 ὅλης
3261 4815 3362 4887 τῆς
3414 4812 3732 4887 περιχώρου

2153 4906 2282 4979 περὶ
2301 4905 2488 4972 αὑτοῦ,
2521 4907 2617 4960 καὶ
2644 4906 2804 4971 αὐτὸς
2845 4906 3122 4961 ἐδίδασκεν
3151 4907 3209 4960 ὲν
3235 4908 3357 4970 ταῖς
3387 4908 3743 4973 συναγωγαῖς

2153 4998 2355 5065 αὐτῶν,
2383 4997 2738 5072 δοξαζόμενος
2769 5000 2875 5054 ὑπὸ
2900 5000 3138 5054 πάντων.
3165 5000 3278 5055 Καὶ
3308 4993 3472 5071 ἦλθεν
3508 4999 3589 5062 εἰς
3620 4994 3745 5050 Νά-

2488 5186 2532 5217 ⁶⁸
2575 5184 2705 5241 Luc.
2743 5200 2819 5253 ιν,
2874 5185 2939 5239 l5
2969 5200 3122 5256 seqq.
3202 5185 3248 5216 “
3294 5184 3424 5239 ihid.
3457 5182 3522 5237 2|
3575 5196 3744 5255 seqq.

2159 5384 2189 5425 ε
2216 5369 2402 5425 codice
2428 5367 2751 5424 Bodleiano.

2229 5438 2343 5512 (60)
2376 5439 2503 5512 Καί
2545 5440 2622 5511 γῆ
2667 5441 3030 5512 Νεφθαλείμ.
3080 5436 3219 5512 Πίος
3250 5437 3635 5512 desiderantur
3684 5431 3744 5493 in

2157 5507 2345 5567 codice
2375 5507 2567 5577 Regio,
2598 5507 2694 5566 sed
2728 5507 3091 5567 restituuntur
3121 5522 3153 5563 e
3186 5507 3500 5563 Bodleiano.

2226 5580 2340 5655 (6L)
2378 5576 2488 5655 Καὶ
2534 5576 2989 5655 τεσσαράκοντα
3031 5581 3276 5655 νύκτας..
3329 5577 3486 5633 Deest
3535 5576 3744 5655 in__co—

2156 5649 2275 5734 dice
2302 5650 2620 5721 Bodleiano,
2649 5649 2752 5711 nec
2792 5654 2994 5709 lectum
3024 5663 3110 5709 est
3139 5652 3208 5707 ab
3254 5649 3554 5720 interprete
3602 5650 3747 5706 Fen-

2155 5737 2323 5781 ΓίΙΙΊΟο
2844 5750 2853 5763 ·
