4020 6216
266 308 372 363 ’569

1348 312 1703 372 COMMENT.
1745 311 1809 368 IN
1847 311 2037 369 JOAN.
2079 309 2314 366 TOMUS
2353 309 2420 365 Χ.

3410 313 3512 365 510

268 421 434 496 ζαρα,
465 417 526 480 οὗ
555 417 622 497 ἦν
654 426 1050 501 τεθραμμένος,
1081 429 1173 484 καὶ
1199 428 1413 501 εἰσῆλθε
1455 428 1600 484 κατὰ
1628 427 1691 483 τὸ
1721 429 1843 482 είω-

1964 443 2141 484 :orum
2183 428 2277 496 qui
2322 433 2480 482 erant
2513 425 2565 480 in
2603 426 2892 498 Synagoga
2921 427 3180 482 adversus
3217 425 3412 496 ipsum,
3461 437 3516 479 nt

266 515 360 581 θος
390 517 542 588 αὑτῷ
563 518 621 571 ὲν
653 522 715 590 τῇ
739 520 918 592 ἡμέρᾳ
955 521 1066 575 τῶν
1097 521 1382 576 σαϐϐάτων
1424 525 1504 586 είς
1536 520 1634 592 τὴν
1677 537 1842 574 συνα-

265 612 480 682 γωγήν.
521 630 539 662 ι
570 609 928 684 Παραστήσας
947 614 1004 668 δὲ
1033 614 1102 668 τὰ
1121 616 1178 668 ὲν
1201 615 1475 687 Ναζάροις
1498 615 1646 687 αὐτῷ
1685 617 1837 686 είρη-

270 703 432 777 μένα,
464 709 560 760 καὶ
587 709 674 761 τὸν
691 709 817 762 κατ’
841 705 1202 779 αὑτοῦθυμδν
1228 700 1336 761 τῶν
1363 707 1420 760 ὲν
1451 710 1516 779 τῇ
1533 707 1842 776 συναγωγῇ,

267 796 639 853 ἐκϐαλλόντων
667 799 828 853 αὐτὸν
852 798 958 864 ἔξω
1001 800 1102 870 τῆς
1145 799 1372 864 πόλεως,
1402 802 1495 854 κα)⁷
1533 801 1844 869 ἀγαγόντων

276 889 1112 961 (ἓωτῆςόφρύοςτοῦὸρουςρᾷ
1129 885 1188 944 οῦ
1215 892 1270 943 αί
1293 889 1477 954 πόλεις
1508 888 1685 944 αὐτῶν
1713 889 1848 959 ᾠκο-

267 977 525 1051 δόμηντο,
556 980 695 1034 ὥστε
720 982 1160 1054 κατακρημνίσαι
1185 982 1363 1047 αὑτὸν,
1395 1002 1413 1033 ι
1449 981 1542 1036 καὶ
1573 1001 1592 1034 ι
1620 982 1695 1044 ὡς
1709 979 1847 1033 διελ-

1942 518 2033 587 qui
2063 515 2352 585 eiecissent
2379 531 2506 571 eum
2534 531 2564 572 e
2591 517 2814 572 civitate
2839 556 2855 582 ,
2904 531 2965 571 ae
2993 516 3280 572 duxissem.
3304 535 3322 568 ι
3347 532 3520 588 usque

1947 609 2012 664 ad
2045 608 2397 678 supercilium
2427 609 2655 673 montis,
2695 598 2860 678 super
2891 623 3052 680 quem
3085 608 3278 664 civitas
3308 608 3516 664 illorum

1945 708 2061 756 erat
2123 700 2428 767 aediﬁcata,
2487 709 2547 754 ut
2606 701 3018 770 praecipitarent
3075 716 3290 765 eum,»
3365 710 3421 756 et
3463 709 3522 754 ut

1954 810 1973 845 ι
1997 793 2267 848 transiens
2297 807 2393 862 per
2436 791 2670 847 medium
2708 791 2922 847 illorum
2953 793 3104 860 ibat,
3143 812 3161 846 ›
3211 793 3522 862 superaddit

1948 886 2110 941 haec:
2149 904 2167 937 ι
2200 884 2266 939 Ει
2294 885 2575 941 descendit
2619 883 3001 954 Capharnaum
3053 885 3332 940 civitatem
3377 883 3524 942 Gali-

1949 981 2079 1048 laaar,
2109 990 2164 1036 et
2188 982 2415 1038 docebat
2442 981 2562 1036 illos
2583 979 2822 1036 sabbatis
2855 981 2919 1034 “.
2953 998 2971 1032 ι

271 1074 385 1131 θὼν
420 1077 508 1131 διὰ
531 1079 696 1149 μέσου
730 1077 908 1133 αὐτῶν
940 1080 968 1130 ὁ
999 1078 1198 1148 Κύριος
1233 1075 1542 1148 ἐπορεύετο,
1586 1095 1603 1128 ι
1643 1073 1996 1128 ὲπισυνάπτει
2051 1072 2264 1130 ταῦτα·
2302 1093 2321 1126 ‹
2370 1075 2482 1128 Καὶ
2531 1071 2796 1144 κατῆλθεν
2856 1074 2935 1134 εἰς
2992 1075 3372 1146 Καεαρναοῦμ
3425 1072 3526 1128 πόα

269 1170 360 1226 λιν
381 1173 480 1244 τῆς
507 1173 816 1239 Γαλιλαίας,
845 1175 936 1227 καὶ
961 1168 1028 1245 ἦν
1057 1173 1320 1228 διδάσκων
1365 1172 1564 1236 αὐτοὺς
1594 1173 1652 1224 ὲν
1683 1173 1796 1233 τοῖς
1839 1167 2093 1222 σάϐϐασι.
2125 1189 2146 1221 ι

341 1269 399 1324 2.
431 1270 542 1342 Τὴν
576 1271 704 1342 περὶ
738 1271 940 1324 τούτων
975 1268 1087 1340 (62)
1125 1269 1380 1341 ἀλήθειαν
1409 1266 1734 1323 ἀποκεῖσθαι
1786 1267 1844 1320 ὲν

270 1362 386 1422 τοῖς
433 1361 664 1430 νοητοῖς,
699 1359 773 1430 μὴ
821 1359 1082 1432 λυομένης
1112 1359 1211 1430 τῆς
1249 1358 1545 1428 διαςωνίας
1589 1356 1847 1426 ἀφεῖσθαι

269 1451 375 1520 τῆς
409 1450 661 1523 περὶτῶν
694 1451 1039 1519 Εὑαγγελίων
1069 1451 1325 1514 πίστεως,
1357 1449 1434 1514 ὡς
1467 1450 1566 1502 οὑκ
1607 1448 1844 1520 ἀληθῶν,

272 1541 396 1596 οὐδὲ
427 1542 679 1614 θειοτέρῳ
699 1542 974 1614 Πνεῦματι
999 1543 1400 1615 γεγραμμένων
1434 1541 1568 1614 (65),
1598 1542 1630 1612 ἢ
1663 1543 1847 1595 ἐπιτε-

2019 1265 2073 1321 2.
2117 1265 2414 1321 Veritatem
2466 1265 2537 1321 de
2582 1264 2732 1320 hisce
2780 1263 2944 1319 rebus
2975 1273 3190 1333 oportet
3233 1265 3523 1335 repositam

1947 1371 2066 1412 esse
2099 1357 2151 1411 in
2187 1358 2270 1412 his
2307 1372 2426 1427 quae
2465 1358 2649 1411 animo
2675 1368 2993 1426 cernuntur,
3038 1367 3132 1411 aut
3161 1357 3204 1412 si
3235 1357 3524 1412 dissonan-

1953 1449 2022 1500 tia
2073 1463 2179 1501 non
2225 1447 2489 1514 solvatur,
2528 1447 2784 1504 recedere
2842 1465 2872 1503 a
2928 1451 3032 1504 lide
3079 1447 3522 1516 Evangeliorum,

1953 1548 2204 1608 tanquam
2231 1554 2352 1609 qua:
2384 1553 2510 1594 vere
2546 1553 2652 1592 non
2699 1538 2810 1594 sint
2862 1542 3062 1608 scripta
3107 1553 3200 1607 per
3235 1537 3522 1607 Spiritum,

275 1633 591 1704 τευγμένως
623 1632 1241 1704 ἀπομνημονευθέντων·
1274 1632 1544 1704 ἑκατέρως
1570 1632 1677 1706 γὰρ
1703 1632 1850 1701 λέγε-

1964 1647 2126 1702 "neque
2151 1633 2259 1687 sint
2283 1633 2550 1687 diviniora
2587 1646 2762 1701 neque
2796 1633 3001 1703 optimo
3026 1631 3216 1686 ordine
3246 1646 3525 1686 commen-

277 1739 368 1777 ται
403 1723 758 1794 συντετάχθαι
806 1725 839 1793 ἡ
876 1722 1080 1776 τούτων
1125 1724 1335 1795 Γραφὴ.
1371 1725 1688 1791 Λεγέτωσαν
1735 1724 1848 1796 γὰρ

277 1816 409 1888 ἡμῖν
441 1817 490 1870 οί
540 1815 972 1889 παραδεχόμενοι
1016 1813 1084 1867 τὰ
1134 1817 1370 1886 τέσσαρα
1403 1815 1724 1884 Εὐαγγέλια,
1755 1817 1848 1870 καὶ

275 1907 377 1978 τὴν
401 1908 664 1962 δοκοῦσαν
691 1908 987 1976 διαφωνίαν
1014 1907 1246 1976 οἰόμενοι
1282 1905 1355 1978 μὴ
1392 1907 1612 1962 λύεσθαι
1635 1907 1722 1960 διά
1751 1909 1849 1979 τῆς

277 1999 593 2070 ἀναγωγῆς,
625 1999 761 2070 πρὸς
786 2005 905 2062 ταῖς
953 1999 1360 2070 προηρῃμέναις
1388 2001 1518 2070 ἡμῖν
1563 2001 1848 2072 ὲπαπορή-

280 2107 401 2145 σεο-ι
428 2093 558 2164 περ).
581 2091 687 2145 τῶν
729 2091 1130 2162 τεσσαράκοντα
1156 2091 1250 2144 τοῦ
1297 2091 1602 2163 πειρασμοῦ
1631 2093 1853 2163 ἡμερῶν

277 2184 536 2255 οὐδαμῶς
559 2182 869 2255 δυναμένων
903 2181 1086 2255 χώραν
1131 2181 1276 2254 ἔχειν
1311 2183 1468 2254 παρά
1492 2182 1571 2254 τῷ
1612 2185 1852 2258 Ἰωάννῃ,

281 2273 414 2326 πότε
447 2273 675 2342 γέγονεν,
699 2273 756 2324 ὲν
785 2275 849 2344 τῇ
899 2273 1275 2344 Καφαρναοὺμ
1309 2275 1338 2327 ὁ
1373 2273 1603 2345 Κύριος·
1647 2276 1696 2326 εί
1745 2274 1854 2344 γὰρ

284 2363 428 2436 μετά
462 2364 559 2426 τὰς
599 2363 658 2428 ἓξ
707 2363 797 2416 τοῦ
851 2364 939 2416 ὅτε
984 2363 1284 2436 ἐϐαπτίσθη
1340 2366 1552 2436 ἡμέρας
1587 2363 1672 2437 (τῇ
1722 2365 1855 2438 ἓκτῃ

283 2457 582 2529 γενομένης
607 2457 705 2525 τῆς
730 2457 869 2511 κατὰ
894 2457 984 2510 τὸν
1012 2459 1068 2510 ὲν
1101 2459 1256 2529 Κανᾷ
1279 2459 1377 2528 τῆς
1420 2459 1708 2525 Γαλιλαίας
1755 2462 1856 2530 γά-

289 2568 389 2622 μον
444 2550 798 2620 οἰκονομίας),
841 2548 998 2620 δῆλον
1031 2550 1110 2603 ’ὁτι
1156 2549 1279 2603 οὔτε
1325 2551 1685 2624 πεπείρασται
1722 2552 1855 2623 (64),

283 2641 410 2697 οὔτε
441 2644 497 2696 ὲν
522 2639 797 2712 Ναζάροις
822 2641 1056 2710 ἐγένετο,
1079 2640 1201 2696 οὔτε
1236 2643 1487 2715 Ἰωάννης
1521 2663 1606 2698 πω
1638 2645 1861 2716 παρεδέ-

282 2735 428 2792 δοτο.
461 2733 614 2788 Μετὰ
661 2729 753 2788 οὖν
799 2733 894 2806 τὴν
928 2735 1325 2805 Καφαρναοὺμ,
1383 2733 1509 2788 ἔνθα
1555 2734 1766 2806 ἔμεινεν
1797 2735 1858 2788 οὐ

284 2827 488 2892 πολλὰς
516 2828 746 2899 ἡμέρας,
776 2825 867 2880 τοῦ
897 2826 1089 2897 Πάσχα
1131 2825 1240 2878 τῶν
1275 2825 1538 2880 Ἰουδαίων
1578 2828 1742 2897 ὲγγὺς
1771 2827 1854 2882 ὃν·

283 2939 399 2985 τος,
427 2919 595 2988 ἀνέϐη
631 2920 996 2990 Ἰεροσόλυμα,
1043 2920 1132 2973 ὅτε
1185 2919 1436 2974 ἐκϐάλλει
1487 2922 1552 2975 ὲκ
1583 2921 1676 2975 τοῦ
1715 2921 1859 2994 ἱεροῦ

1951 1733 2092 1790 tata;
2127 1732 2356 1794 utroque
2387 1725 2530 1779 enim
2564 1726 2726 1782 modo
2752 1727 2948 1780 dicitur
2974 1725 3249 1792 Scriptura
3271 1725 3519 1778 ordinata
3569 1713 3573 1717 ’

1950 1815 2137 1869 fuisse.
2175 1813 2370 1869 Dicant
2419 1816 2567 1869 enim
2616 1815 2774 1871 nobis
2829 1814 2922 1885 qui
2975 1814 3247 1884 rccipiunt
3291 1825 3524 1884 quatuor

1951 1905 2262 1976 Evangelia,
2295 1914 2350 1962 et
2375 1907 2691 1962 existimant
2735 1916 3086 1978 apparentem
3125 1905 3522 1960 dissonantiam

1951 2014 2057 2054 non
2085 1999 2304 2056 dissolvi
2334 2014 2432 2070 per
2453 2015 2752 2070 anagogen,
2787 2008 2979 2069 praeter
3003 1999 3289 2069 prazdictas
3314 2013 3342 2052 a
3369 1999 3527 2053 nobis

1952 2090 2324 2145 dubitationes
2351 2091 2418 2146 de
2444 2091 2800 2162 quadraginta
2841 2090 3032 2146 diebus
3071 2090 3410 2153 tentationis,
3434 2092 3525 2160 qui

1955 2183 2176 2238 minime
2230 2183 2406 2238 locum
2468 2182 2669 2238 habere
2736 2192 2964 2252 possunt
3016 2181 3156 2252 apud
3222 2180 3524 2247 Joannem,

1954 2274 2169 2344 quando
2209 2273 2391 2328 fuitin
2427 2272 2748 2343 Capharnao
2794 2273 3072 2328 Dominus.
3129 2272 3260 2327 Nam
3309 2273 3353 2328 si
3405 2283 3529 2343 post

1955 2380 2051 2418 sex
2083 2364 2196 2418 dies
2241 2364 2310 2418 ab
2351 2378 2419 2418 eo
2467 2372 2731 2433 tempore,
2762 2375 3045 2433 postquam
3102 2362 3405 2432 baptizatus
3447 2370 3533 2418 est

1957 2451 2134 2521 Jesus,
2169 2453 2270 2508 fuit
2296 2453 2348 2508 in
2379 2454 2699 2524 Capharnao
2733 2453 2752 2527 (
2777 2466 2928 2510 sexta
2958 2455 3046 2510 die
3074 2455 3214 2510 facta
3243 2455 3529 2524 dispensa-

1959 2546 2106 2600 tione
2161 2555 2216 2600 et
2278 2545 2540 2600 miraculo
2595 2546 2649 2600 in
2706 2547 2928 2616 nuptiis,
2974 2546 3026 2601 in
3072 2545 3217 2601 Cana
3254 2545 3530 2614 Galilacaa)

1959 2636 2299 2706 perspicuum
2343 2643 2461 2702 est,
2500 2651 2678 2707 neque
2713 2647 2980 2692 tentatum
3017 2637 3182 2693 fuisse
3205 2677 3221 2705 ,
3265 2652 3440 2707 neque
3477 2637 3529 2692 in

1961 2723 2187 2780 Nazaris
2244 2724 2434 2792 fuisse,
2497 2741 2670 2798 neque
2722 2725 2986 2783 Joannem
3037 2729 3216 2785 adhuc
3276 2728 3529 2782 traditum

1962 2817 2148 2874 fuisse.
2195 2817 2382 2889 Itaque
2423 2828 2544 2888 post
2570 2819 2976 2896 Capharnaum,
3033 2821 3140 2876 ubi-
3180 2821 3379 2875 mansit
3423 2837 3532 2876 non

1967 2910 2166 2966 multos
2199 2911 2332 2978 dies,
2385 2926 2510 2967 cum
2541 2911 2748 2969 Pascha
2782 2923 2929 2970 esset
2969 2912 3276 2970 Iudaeorum
3316 2914 3368 2968 in
3405 2929 3532 2984 pro-

284 3015 361 3072 τά
384 3031 445 3071 τε
475 3015 719 3088 πρόϐατα
763 3017 857 3070 καὶ
887 3017 1013 3080 τοὺς
1046 3015 1194 3087 βόας,
1253 3017 1346 3070 καὶ
1375 3018 1554 3089 ἐκχέει
1586 3018 1695 3073 τῶν
1731 3036 1858 3092 κερ-

1964 3004 2166 3074 piuquo
2191 3005 2257 3071 ⁸⁵,
2291 3003 2533 3061 ascendit
2559 3005 3010 3079 Hierosolymam,
3032 3008 3249 3078 quando
3271 3022 3301 3062 e
3333 3007 3534 3076 templo

291 3107 572 3182 ματιστῶν
593 3110 662 3163 τὰ
681 3109 952 3182 κέρματα.
974 3111 1157 3164 Ἔοικε
1177 3109 1234 3162 δὲ
1255 3110 1447 3176 ὲν,τοίς
1473 3111 1735 3184 Ἱεροσολύ
1743 3130 1863 3185 μοις

287 3206 324 3258 ὁ
346 3204 456 3258 τῶν
482 3203 787 3277 Φαρισαίων
811 3205 993 3276 ἄρχων
1030 3207 1337 3278 Νικόδημος
1366 3206 1556 3270 νυκτὸς
1590 3205 1728 3278 πρὸς
1765 3207 1862 3262 αὐξ-

289 3298 394 3354 τδν
418 3297 592 3370 ἀρχὴν
619 3296 727 3369 (65)
768 3297 1104 3369 ἐληλυθέναι,
1143 3299 1236 3352 καὶ
1281 3298 1577 3368 ἀκηκοέναι
1627 3298 1798 3352 ταῦτα
1828 3298 1864 3354 ἂ

291 3391 503 3457 ἔξεστιν
528 3394 593 3446 ὲκ
621 3392 716 3446 τοῦ
749 3391 1080 3461 Εὑαγγελίου
1120 3392 1323 3447 λαϐεῖν.
1363 3411 1380 3442 ι
1409 3391 1564 3447 Μετά
1608 3391 1663 3444 δὲ
1693 3391 1866 3446 ταῦτα

289 3480 455 3554 ἦλθεν
485 3485 515 3537 ὁ
535 3483 774 3555 Ἰησοῦς,
805 3483 900 3538 καὶ
921 3485 970 3538 οἱ
1011 3483 1247 3556 μαθηταὶ
1297 3483 1460 3540 αὐτοῦ
1489 3485 1569 3548 είς
1595 3483 1694 3554 τὴν
1736 3484 1867 3536 ’1ου-

288 3575 448 3628 δαίαν
475 3577 598 3647 γῆν,
655 3577 751 3630 καὶ
801 3576 917 3628 ἐκεῖ
962 3575 1204 3647 διέτριϐε
1232 3575 1348 3646 μετ’
1375 3575 1575 3639 αὐτῶν,
1621 3575 1714 3629 καὶ
1745 3575 1869 3628 ὲϐά-

294 3667 452 3730 πτιζε
482 3666 604 3721 καθ’
629 3666 689 3720 ὃν
730 3667 922 3738 καιρὸν
951 3662 1018 3738 ἦν
1051 3666 1145 3720 καὶ
1188 3666 1440 3737 Ἰωάννης
1485 3665 1762 3736 βαπτίζων
1811 3668 1869 3718 ἐν

293 3757 471 3811 Αἰνὼν
498 3759 664 3827 ἐγγὺς
709 3757 803 3812 τοῦ
864 3757 1067 3829 Σαλε¹ιμ
1101 3757 1234 3826 (66),
1267 3760 1350 3812 ὅτι
1400 3758 1572 3812 ὕδατα
1605 3758 1772 3812 πολλὰ
1800 3753 1868 3829 ἦν

295 3850 432 3914 ἐκεῖ,
478 3853 573 3904 καὶ
624 3852 996 3922 παρεγίνοντο,
1031 3850 1124 3903 καὶ
1173 3851 1541 3915 ἐϐαπτίζοντο.
1569 3850 1735 3904 Οὔπω
1763 3851 1871 3920 γὰρ

294 3935 365 4012 ἦν
398 3941 728 4014 βεϐλημένος
779 3943 858 4005 είς
913 3941 1010 4012 τὴν
1059 3941 1301 4011 φυλακὴν
1347 3944 1375 3994 ὁ
1418 3941 1689 4010 Ἰωάννης,
1729 3960 1748 3993 ι
1781 3943 1871 3995 ὅτε

307 4035 405 4090 καὶ
427 4033 642 4102 ἐγένετο
667 4034 892 4105 ζήτησις
917 4035 980 4086 ὲκ
1015 4034 1122 4087 τῶν
1151 4033 1404 4106 μαθητῶν
1461 4035 1704 4089 Ἰωάννου
1737 4035 1876 4106 μετά

310 4127 582 4182 Ἰουδαίων
633 4128 760 4199 περὶ
802 4126 1165 4198 καθαρισμοῦ,
1217 4128 1310 4181 καὶ
1366 4123 1529 4199 ἦλθον
1589 4127 1724 4199 πρὸς
1781 4127 1873 4183 τὸν

313 4218 569 4290 Ἰωάννην
617 4217 866 4287 λέγοντες
913 4219 1041 4290 περὶ
1091 4216 1186 4273 τοῦ
1240 4217 1490 4290 Σωτῆρος
1545 4218 1642 4272 τὸο
1695 4237 1714 4270 ι
1767 4219 1873 4274 Ἴδε

299 4310 456 4377 οὗτος
491 4312 762 4385 βαπτίζει,
811 4313 906 4366 καὶ
938 4311 1142 4376 πάντες
1181 4311 1428 4384 ἔρχονται
1457 4313 1593 4384 πρὸς
1627 4313 1808 4367 αὐτόν.
1849 4331 1868 4364 ι

1965 3093 2125 3164 ejecit
2153 3103 2265 3149 tum
2295 3110 2444 3161 oves,
2492 3104 2602 3152 tum
2654 3099 2850 3164 boves,
2889 3109 2944 3155 et
2982 3102 3378 3156 mensariorum
3427 3112 3532 3153 atra

1965 3183 2190 3241 eﬂ‘udit.‘
2229 3184 2450 3242 Videtur
2503 3197 2684 3243 autem
2730 3186 3084 3256 Nicodemus,
3133 3189 3533 3246 Pharisaeorum

1966 3277 2238 3348 princeps,
2263 3286 2426 3334 noctu
2447 3278 2514 3334 ad
2533 3279 2708 3350 ipsum
2745 3280 3012 3352 principio
3040 3281 3254 3336 venisse
3280 3279 3536 3338 Hieroso-

1967 3366 2188 3440 lymam,
2249 3370 2578 3440 audisseque
2607 3385 2726 3441 quae
2772 3370 2899 3427 licet
2933 3387 3000 3427 ex
3043 3371 3338 3444 Evangelio
3388 3374 3538 3429 acci-

1965 3477 2096 3532 pere
2127 3462 2193 3517 “.
2225 3481 2244 3515 ι
2274 3461 2402 3518 Post
2437 3463 2552 3518 hzec
2581 3481 2600 3514 ι
2644 3472 2827 3519 autem
2859 3481 2876 3514 ι
2901 3463 3051 3519 venit
3077 3463 3254 3530 Iesus,
3292 3472 3347 3520 et
3375 3463 3540 3520 disci-

1967 3556 2078 3627 puli
2119 3555 2236 3624 cjus
2269 3556 2322 3610 in
2372 3565 2574 3610 terram
2629 3555 2897 3622 Judmam,
2951 3565 3008 3612 et
3064 3557 3176 3611 illic
3225 3559 3542 3612 morabatur

1969 3663 2094 3704 cum
2123 3648 2222 3713 eis,
2251 3663 2314 3702 ac
2347 3647 2662 3716 baptizabat
2687 3686 2700 3710 ,
2735 3661 2842 3715 quo
2874 3652 3120 3715 tempore
3149 3657 3266 3702 erat
3295 3655 3350 3702 et
3381 3647 3542 3702 Joan-

1970 3755 2066 3794 nes
2097 3739 2378 3808 baptizans
2433 3739 2488 3792 in
2542 3736 2721 3792 IEnon
2756 3737 2911 3804 juxta
2951 3735 3144 3802 Salim,
3208 3738 3332 3807 quia
3391 3755 3544 3808 aqua:

1973 3830 2152 3885 multa:
2175 3838 2328 3884 erant
2361 3827 2490 3895 illic,
2529 3837 2586 3882 et
2633 3827 2944 3894 veniebant,
2999 3842 3062 3883 ac
3108 3828 3542 3899 baptizabantur.

1972 3920 2221 3976 Nondum
2257 3921 2402 3976 enim
2447 3919 2736 3988 coniectus.
2769 3918 2944 3976 fuerat
2979 3921 3034 3974 in
3067 3934 3340 3977 carcerem
3377 3922 3543 3977 Joan-

1973 4029 2124 4081 nes,»
2153 4011 2368 4083 quando
2423 4019 2479 4066 et
2501 4019 2621 4066 orta
2649 4013 2878 4080 quaestio
2895 4021 2978 4067 est
2995 4027 3062 4068 ex
3087 4013 3366 4084 discipulis
3383 4012 3546 4070 Joan-

1974 4106 2058 4161 nis
2080 4105 2147 4162 de
2165 4104 2538 4175 puriﬁcatione
2556 4119 2679 4158 cum
2697 4102 2920 4170 Iudaeis,
2942 4114 2996 4160 et
3016 4114 3276 4161 venerunt
3296 4106 3360 4161 ad
3383 4104 3546 4162 Joan-

1974 4213 2096 4255 nem
2164 4197 2408 4254 dicentes
2423 4197 2489 4253 de
2506 4194 2816 4254 Servatore:
2837 4214 2857 4248 ι
2869 4197 3007 4253 Ecce
3025 4198 3071 4254 is
3087 4197 3416 4267 baptizat,.et
3435 4213 3548 4254 οιιι-

1976 4303 2072 4344 ues
2097 4288 2319 4343 veniunt
2343 4287 2410 4343 ad
2435 4303 2557 4344 eum
2583 4286 2651 4342 ".
2689 4305 2719 4339 ι.
2765 4285 3064 4341 Audierant
3111 4287 3255 4341 enim
3288 4286 3541 4356 Baptista:

313 4371 638 4474 ’Δκηκόασιν
669 4371 796 4457 *ἀπὸ
848 4403 940 4457 τοῦ
989 4371 1297 4458 Βαπτιστόῦ
1338 4371 1549 4473 λόγους,
1573 4371 1693 4468 νοῦς
1729 4404 1861 4460 έστιι

1981 4380 2140 4436 verba
2154 4395 2272 4450 qua:
2286 4382 2598 4436 accuratius
2619 4395 2688 4436 ex
2712 4379 2826 4448 ipsa
2860 4371 3142 4448 scriptura
3176 4377 3224 4410 ⁸³
3247 4378 3374 4432 licet
3395 4393 3549 4433 assu-

303 4498 400 4550 ἀπ’
479 4495 654 4566 αὐτῆς
727 4495 828 4566 τῆς
895 4494 1120 4566 Γραφῆς
1190 4495 1579 4568 ἀκριϐέστερον
1661 4491 1872 4550 λαϐεῖν.

304 4585 438 4639 Είδὲ
468 4585 892 4655 πυνθανομένοις
919 4586 1050 4656 ἡμῖν
1078 4586 1205 4658 περ).
1231 4585 1345 4650 τοῦ,
1382 4587 1510 4640 πότε
1541 4586 1729 4655 γέγονε
1764 4586 1874 4658 (67)

303 4677 520 4751 πρῶτον
539 4679 595 4731 ὲν
619 4681 685 4750 τῇ
711 4678 1090 4750 Καφαρναοὺμ
1119 4680 1146 4732 ό
1179 4679 1429 4750 Χριστὸς,
1459 4682 1526 4751 τῇ
1552 4679 1694 4746 λέξει
1724 4681 1877 4734 Ματ-

304 4769 458 4824 θαίου
478 4769 694 4824 καὶτῶν
716 4769 918 4823 λοιπῶν
937 4768 1029 4822 δύο
1049 4770 1465 4836 ἀκολουθοῦντες
1489 4773 1719 4845 φήσουσι
1743 4773 1880 4844 μετά

303 4864 396 4916 τὸν
429 4863 751 4935 πειρασμὸν,
781 4863 889 4928 ὅτε,
911 4861 1255 4916 καταλείπων
1285 4864 1385 4935 τὴν
1411 4863 1685 4936 Ναζαρὲτ,
1711 4863 1880 4917 ἐλθὼν

306 4954 625 5027 κατῴκησεν
657 4955 736 5019 είς
758 4955 1134 5027 Καφαρναοὺμ
1155 4955 1255 5027 τὴν
1272 4954 1732 5027 παραθαλασσίανο
1764 4955 1882 5020 πῶς

374 5118 422 5151 ⁸⁸
463 5117 597 5175 Luc.
659 5135 731 5175 ιν.
761 5118 956 5175 29-51.

313 5190 358 5222 ³⁹
403 5188 592 5244 Matth.
613 5205 690 5257 tv,
724 5190 812 5255 Η,
845 5189 932 5244 15.

385 5282 497 5354 (62)
541 5285 660 5354 Τὴν
690 5283 822 5353 περὶ
856 5283 1100 5354 τούτων,
1127 5290 1232 5337 etc.
1264 5279 1624 5354 Scrihenflum
1653 5278 1750 5354 δεῖΔ
1777 5278 1879 5354 τὴν

315 5349 446 5425 περ).
479 5349 714 5426 τούτων,
741 5349 848 5408 etc.
891 5353 988 5407 Hic
1034 5365 1090 5406 et
1137 5367 1284 5426 saepe
1317 5351 1444 5426 alibi
1481 5349 1677 5426 littera:
1723 5349 1880 5426 [idem

318 5419 558 5479 detrahit
589 5419 872 5494 origenes,
907 5419 1557 5494 quamnanagdgicissuis
1585 5419 1882 5489 expositio-

321 5496 480 5548 nibus
502 5490 794 5548 concih'are
827 5490 1036 5547 nititur.
1069 5492 1203 5546 Vide
1241 5490 1610 5560 praefationem
1643 5499 1884 5544 nostram

319 5567 385 5618 ad
417 5571 619 5616 tomum
653 5563 972 5616 secundum.

390 5631 502 5702 (65)
536 5631 688 5688 Οὐδὲ
716 5631 982 5702 θειοτέρῳ
1015 5631 1312 5697 Πνεύματι
1341 5627 1889 5702 τεγῬαμμένων-.ξῑρ

321 5697 664 5758 ιφὸιὰίιδὴθι
694 5703 862 5755 codex
895 5697 1244 5764 Bodleianns,
1287 5697 1570 5767 perperam
1619 5715 1748 5756 vero
1781 5697 1887 5754 Re-

319 5777 464 5850 gius,
490 5770 608 5827 οὑδὲ
637 5771 922 5846 θειοτέρων
951 5769 1220 5844 πνεύματι
1253 5770 1658 5841 γεγραμμένον.

1061 5120 1104 5152 ⁸⁸
1132 5118 1290 5178 Joan.
1335 5135 1398 5186 tt,
1442 5119 1629 5176 12-15.
1725 5121 1771 5153 “
1802 5119 1966 5177 Joan.
2006 5133 2110 5182 ιιι,
2155 5116 2184 5169 1
2219 5128 2374 5184 seqq-

1971 4485 2139 4528 mere.
2158 4471 2313 4542 163
2333 4471 2486 4538 Quod
2506 4469 3022 4540 siinterrogantibus
3041 4467 3196 4523 nobis
3218 4466 3428 4536 quando
3448 4469 3552 4536 pri-

1974 4577 2118 4616 mum
2143 4561 2246 4616 fuit
2267 4563 2320 4617 in
2339 4561 2660 4630 Capharnao
2678 4559 2951 4623 Christus,
2975 4557 3068 4626 qui
3093 4555 3381 4612 lectionem
3410 4554 3552 4610 Mat-

1978 4654 2102 4709 thtei
2133 4653 2574 4723 reliquorumque
2594 4651 2824 4707 duorum
2859 4656 3182 4720 sequuntur,
3211 4647 3410 4713 dicent,
3435 4659 3556 4718 post

1978 4747 2348 4810 tentationem,
2367 4745 2582 4814 quando
2606 4742 2793 4799 relicta
2817 4741 3082 4796 Nazareth
3103 4739 3377 4814 profectus
3395 4741 3554 4796 habi-

1987 4838 2122 4895 tavit
2171 4839 2224 4892 in
2270 4836 2615 4906 Capharuao,
2663 4848 2800 4905 quae
2823 4841 2905 4889 est
2937 4832 3130 4888 civitas
3160 4832 3433 4888 maritima
3470 4833 3553 4885 “:

1987 4931 2260 5004 quomodo
2303 4929 2468 4987 simul
2520 4941 2710 4984 verum
2763 4941 2884 4983 esse
2915 4927 3095 4983 dicent
3150 4934 3206 4980 et
3257 4925 3386 4981 illud
3413 4925 3559 4996 quod

2449 5107 2495 5141 °"
2531 5109 2662 5166 ibid.
2692 5105 2887 5162 22-26.
2959 5105 3004 5138 ⁸⁸
3041 5103 3202 5160 Joan.
3234 5119 3274 5172 ι,
3310 5102 3377 5157 15
3404 5115 3558 5174 seqq.

2061 5274 2171 5350 (6i)
2215 5274 2363 5350 ρῦτε
2401 5272 2811 5350 πεσζείρασται.
2855 5271 2946 5327 Sit:
2989 5270 3155 5325 codex
3200 5267 3560 5334 BoJleianus;

1992 5342 2212 5415 Regius,
2237 5347 2325 5398 ὅτε
2355 5342 2713 5415 πεπείρασται
2733 5383 2748 5398 .

2066 5407 2464 5484 (ῙῑὸγἏρχήν.
2521 5407 2612 5468 Sic
2668 5413 2839 5467 codex
2911 5409 3268 5474 Bodleianus;
3322 5407 3562 5478 Regius.

1993 5487 2463 5648 Σαλείμ.
2523 5551 2600 5606 lta
2664 5551 2833 5608 codex
2895 5549 3282 5626 Bodleianus;
3327 5547 3560 5631 Regius,

2023 5625 2651 5764 Azg)’l;3:!9e-_rérore.
2703 5692 2793 5750 Sic
2829 5691 3008 5749 codex
3049 5688 3407 5756 Bodleianus;
3457 5686 3563 5740 Rc-

1993 5761 2113 5836 gius
2147 5761 2331 5821 omisit
2357 5761 2508 5817 πότε.

2188 5663 2201 5686 ,
2247 5624 2401 5676 male.
