3962 6206
483 309 583 367 511

1927 313 2250 373 ORIGENIS

3618 319 3728 373 512

483 435 624 503 apud
653 431 987 498 Mattliaeum,
1013 439 1067 485 et
1091 430 1327 484 Marcum
1360 430 1559 486 dictum
1590 437 1670 486 est
1691 471 1705 496 ,
1734 435 1918 491 .iesnm
1947 431 2053 487 sei-

2157 435 2270 507 ἂμα
2299 433 2472 507 ἀληθῆ
2502 427 2642 487 εἶναι
2675 431 2858 507 ἐροῦσι
2879 433 2940 487 τό
2969 448 3028 486 τε
3057 431 3210 505 παρὰ
3237 431 3316 503 τῷ
3341 430 3601 504 Ματθαίῳ
3630 435 3729 488 καὶ

487 525 608 579 licet
638 522 927 579 secessisse
955 522 1006 575 in
1035 521 1311 576 Galilmam
1333 522 1405 586 ’°,
1449 529 1703 592 tanquam
1735 523 1828 594 qui
1872 525 2052 578 audis-

481 623 566 669 set
591 611 854 668 Joannem
881 611 1133 665 traditum
1166 610 1365 678 fuisse;
1394 621 1451 666 et
1480 611 1631 679 illud,
1658 613 1800 680 quod
1819 612 2050 683 positum

482 712 569 759 est
599 702 740 772 apud
769 701 1036 757 Joannem
1059 702 1105 734 "
1127 744 1142 768 ,
1175 701 1384 756 scilicet
1405 701 1650 755 nondum
1676 698 1842 755 fuisse
1871 701 2054 770 Bapti-

483 803 622 848 stam
653 793 957 863 conjectum
982 793 1034 847 in
1057 805 1357 856 carcerem,
1374 789 1468 846 sed
1497 792 1772 861 baptizare
1796 793 1848 846 in
1873 789 2050 846 Ᾱιέιιοιι

478 887 630 953 juxta
661 885 862 949 Sulim;
905 885 958 939 id
999 885 1142 955 quod
1173 884 1394 954 ponitur
1418 885 1909 954 postmansiuuem
1944 885 2051 939 Do-

481 979 613 1033 mini
649 977 1037 1046 iuCapharnao
1062 979 1133 1041 ⁷³,
1162 985 1214 1031 et
1241 987 1364 1046 post
1397 989 1680 1032 ascensum
1707 977 1772 1031 ad
1802 975 2055 1050 llieroso-

484 1069 704 1142 lymam,
735 1069 968 1138 indeque
995 1069 1061 1122 ad
1089 1067 1329 1122 Judmam
1365 1069 1685 1124 descensum
1727 1069 1808 1132 ⁷⁸,
1835 1081 1900 1124 ac
1933 1077 2053 1137 post

485 1162 683 1216 multas
713 1161 847 1214 alias
871 1160 1202 1216 (eeonomias
1228 1169 1282 1214 et
1316 1160 1785 1236 dispensationes?
1831 1160 1969 1228 Quin
2003 1157 2052 1214 si

483 1257 550 1307 de
596 1253 720 1308 aliis
768 1251 1137 1320 compluribus
1197 1251 1485 1322 diligenter
1552 1252 1674 1321 quis
1736 1251 2054 1322 exquisierit

487 1343 770 1412 Evangelia
791 1344 856 1398 de
877 1341 1211 1399 dissonantia
1237 1342 1533 1396 secundum
1558 1343 1864 1407 historiam,
1889 1357 2052 1413 quam

483 1435 788 1504 singulatim
820 1435 1154 1490 tentabimus
1177 1448 1276 1506 pro
1316 1434 1458 1488 virili
1481 1433 1556 1488 ob
1593 1435 1783 1490 oculos
1828 1448 2051 1506 ponere,

483 1527 749 1595 vertigine
778 1525 1002 1580 allectus
1023 1567 1036 1592 ,
1077 1527 1160 1580 vel
1188 1536 1375 1582 renuet
1402 1526 1733 1582 conﬁrmare
1761 1525 2050 1596 Evangelia

485 1627 741 1686 tauquam
773 1633 923 1684 vera,
951 1627 1006 1672 et
1050 1619 1254 1689 judicio
1285 1633 1382 1675 suo
1411 1617 1514 1674 sibi
1547 1617 1751 1687 eligens
1782 1619 1926 1687 quod
1957 1632 2052 1671 vo-

487 1710 666 1772 luerit,
693 1709 852 1764 alicui
882 1711 1120 1780 ipsorum
1152 1710 1564 1782 Evangeliorum
1587 1709 1910 1773 adhaerebit,
1944 1723 2052 1763 non

2154 528 2367 600 Μάρκῳ
2414 528 2722 601 εἰρημένον,
2768 525 2844 590 ὡς
2871 525 2958 580 διὰ
2979 525 3042 579 τὸ
3078 524 3372 596 ἀκηκοέναι
3405 524 3568 579 αὑτὸν
3598 527 3725 597 περὶ

2154 619 2248 674 τοῦ
2293 619 2538 674 Ἰωάννου
2573 617 2986 697 παραδοθέντος,
3020 619 3102 682 εἰς
3141 618 3242 688 τὴν
3280 615 3570 672 Γαλιλαίαν
3595 617 3731 672 ἁνα-

2155 712 2520 784 χωρήσαντος·
2544 711 2640 764 καὶ
2667 710 2730 763 τὸ
2751 707 2904 782 παρὰ
2925 702 3003 781 τῷ
3038 708 3260 782 Ἰωάννῃ
3291 708 3430 780 μετὰ
3448 709 3542 762 καὶ
3563 708 3731 774 ἄλλας

2154 801 2464 872 οἰκονομίας
2513 800 2650 872 πρὸς
2689 803 2756 871 τῇ
2788 800 2848 852 ὲν
2871 799 3250 870 Καφαρναοὺμ
3291 800 3426 870 μονῇ
3456 797 3728 869 κείμενον,

2156 893 2251 946 καὶ
2279 891 2377 964 τὴν
2406 892 2486 955 εἰς
2526 891 2870 964 Ἱεροσόλυμα
2909 889 3019 962 (68)
3053 889 3255 956 ἄνοδον,
3289 891 3392 962 τήν
3425 903 3486 943 τε
3517 891 3597 954 εἰς
3631 889 3734 959 τὴν

2169 984 2422 1038 Ἰουδαίαν
2445 982 2650 1036 ἐκεῖθεν
2669 981 2912 1044 κάθοδον,
2941 983 3024 1036 ὅτι
3045 980 3198 1035 οὔπω
3213 980 3372 1052 βεϐλη
3383 977 3542 1052 μένος
3563 975 3638 1052 ῆν
3653 981 3734 1046 είς

2157 1075 2401 1148 φυλακὴν
2425 1076 2454 1128 ὁ
2493 1075 2766 1146 Ἰωάννης,
2797 1073 2910 1128 ἀλλ’
2943 1069 3234 1138 ἐϐάπτιζεν
3270 1075 3330 1127 ἑν
3360 1069 3537 1126 Αἰνὼν
3564 1071 3734 1142 δγγὺς

2154 1168 2251 1223 τοῦ
2271 1167 2501 1239 Σαλείμ;
2527 1167 2637 1221 Καὶ
2656 1167 2750 1219 ἐπὶ
2778 1164 2952 1221 ἄλλων
2981 1165 3038 1219 δὲ
3077 1164 3338 1218 πλειόνων
3357 1163 3409 1217 εί
3426 1181 3511 1227 τις
3537 1165 3738 1234 ἐπιμε-

2155 1259 2261 1325 λῶς
2293 1259 2533 1326 ἐξετάζοι
2565 1259 2634 1313 τὰ
2661 1259 2970 1328 Εὑαγγέλια
3011 1258 3140 1330 περὶ
3165 1256 3268 1327 τῆς
3292 1256 3433 1311 κατὰ
3457 1254 3556 1327 τὴν
3587 1257 3737 1310 ίστο-

2159 1353 2281 1426 ρίαν
2327 1350 2704 1423 ἀσυμφωνίας,
2737 1349 2928 1422 ῆντινα
2945 1346 3069 1402 καθ’
3085 1350 3314 1404 ἕκαστον
3355 1347 3739 1418 πειρασόμεθα

2155 1439 2298 1500 κατὰ
2318 1444 2378 1498 τὸ
2403 1444 2624 1498 δυνατὸν
2641 1443 3004 1514 παραστῆσαι,
3030 1439 3429 1503 σκοτοδινιάσας
3456 1440 3577 1510 ῆτοι
3608 1441 3742 1493 ἀπο-

2159 1539 2412 1609 στήσεται
2453 1534 2548 1590 τοῦ
2580 1533 2780 1608 κυροῦν
2811 1535 2887 1598 ὡς
2916 1532 3129 1605 ἀληθῶς
3157 1532 3226 1586 τὰ
3267 1529 3592 1600 Εὐαγγέλια,
3646 1531 3740 1583 καὶ

2159 1625 2621 1699 ἀποκληρωτικῶς
2652 1627 2733 1680 ἐνὶ
2771 1625 2947 1679 αὐτῶν
2980 1622 3370 1696 προσθήσεται,
3405 1622 3478 1693 μὴ
3520 1619 3739 1692 τολμῶν

2158 1717 2332 1790 πάντη
2378 1717 2588 1772 ἀθετεῖν
2611 1717 2712 1788 τὴν
2751 1714 2880 1788 περί
2909 1715 3002 1769 τοῦ
3033 1714 3236 1787 Κυρίου
3265 1714 3424 1786 ήμῶν
3452 1712 3662 1766 πίστινο
3703 1711 3738 1780 ἢ

485 1803 690 1856 audens
712 1801 960 1858 funditus
983 1801 1261 1856 infirmare
1289 1801 1356 1855 de
1380 1798 1609 1854 Domino
1645 1805 1835 1853 nostro
1862 1797 2053 1862 (idem;

2157 1810 2508 1884 προσιέμενος
2535 1808 2604 1864 τὰ
2629 1809 2889 1880 τέσσαρα,
2925 1803 3068 1862 εἶναι
3098 1805 3299 1878 ἀληθὲς
3329 1804 3507 1860 αὐτῶν
3547 1803 3658 1858 οὐκ
3681 1802 3740 1857 ὲν

487 1895 572 1952 vel
606 1895 902 1950 admittens
948 1903 1186 1964 quatuor
1233 1906 1354 1948 esse
1403 1889 1738 1961 Evangelia,
1773 1889 2054 1944 veritatem

488 1989 728 2058 ipsorum
762 2003 868 2044 non
897 1989 950 2043 in
982 1988 1170 2045 formis
1204 1996 1259 2043 et
1300 1984 1713 2042 cbaracteribus
1749 1981 2051 2054 corporali-

487 2083 590 2138 bus
627 2093 747 2136 esse
774 2081 1052 2152 adiunget.

556 2187 611 2244 3.
656 2186 724 2244 Ut
751 2197 929 2244 autem
975 2187 1213 2258 aliquam
1249 2184 1743 2242 considerationem
1776 2181 2058 2239 sententias

488 2298 552 2336 ac
576 2279 880 2335 voluntatis
908 2277 1322 2354 Evangeliorum
1373 2276 1440 2331 de
1483 2275 1634 2330 hisce
1680 2274 1843 2330 rebus
1873 2287 2054 2328 suma-

489 2387 632 2435 mus,
659 2366 817 2426 nobis
843 2367 947 2424 hoc
973 2377 1060 2422 est
1079 2367 1388 2423 dicendum.
1429 2366 1559 2422 Esto
1582 2365 1902 2436 quihusdam
1927 2367 2057 2436 Spi-

489 2465 594 2521 ritu
609 2465 776 2520 Denm
798 2461 1129 2528 videntibus,
1146 2461 1414 2533 huiusque
1435 2477 1714 2519 sermones
1731 2463 1797 2516 ad
1817 2472 2054 2528 sanctos,

487 2569 650 2629 atque
674 2558 1038 2629 praesentiam,
1060 2571 1164 2626 qua
1190 2555 1297 2610 illis
1317 2571 1375 2609 se
1394 2554 1571 2618 offert,
1595 2552 1884 2625 praecipuis
1916 2563 2053 2608 tem-

488 2649 708 2718 poribus
728 2647 1001 2719 prolectus
1034 2647 1269 2718 ipsorum
1304 2645 1488 2718 (atque
1527 2646 1580 2700 1ιί
1614 2645 1797 2715 plures
1827 2659 2057 2700 numero

486 2740 776 2804 exsistant,
803 2749 861 2795 et
889 2738 1121 2794 diversis
1147 2738 1202 2792 in
1225 2736 1382 2805 locis,
1414 2751 1516 2792 nec
1537 2734 1808 2791 similibus
1837 2735 2056 2791 omnino

488 2825 770 2886 beneﬁciis
810 2827 1048 2899 affecti);
1100 2837 1248 2895 esto,
1299 2830 1561 2898 inquam,
1601 2825 1936 2897 propositum
1973 2828 2056 2881 his

488 2920 715 2994 singulis
739 2933 836 2977 sua
869 2921 1186 2977 renuntiare
1211 2961 1227 2987 ,
1279 2931 1398 2988 quae
1425 2915 1630 2987 Spiritu
1680 2925 1793 2971 tum
1827 2917 1892 2970 de
1923 2915 2054 2983 Deo,

487 3023 606 3067 tum
642 3013 709 3069 de
743 3011 1085 3068 sermonibus
1117 3009 1266 3079 ejus,
1312 3023 1374 3066 ac
1426 3011 1493 3066 de
1519 3008 1948 3080 apparitionibus
1989 3006 2056 3061 ad

487 3114 706 3161 sanctos
729 3103 937 3169 vident,
966 3103 1038 3157 ita
1077 3111 1136 3158 ιιι
1163 3102 1251 3157 hic
1279 3100 1498 3171 quidem
1531 3100 1802 3154 renuntiet
1823 3113 1946 3169 qua;
1972 3097 2055 3152 di-
2081 3136 2125 3194 ο

485 3204 710 3262 cuntur,
750 3193 837 3250 vel
862 3199 1149 3262 aguntura
1181 3192 1290 3249 Deo
1323 3193 1376 3247 in
1417 3191 1508 3247 tali
1549 3191 1669 3247 loco
1708 3191 1835 3246 huic
1876 3190 2053 3260 justo,

489 3285 581 3344 me
612 3297 746 3342 vero
773 3296 895 3355 qua:
937 3285 1074 3340 alius
1097 3299 1196 3356 per
1218 3282 1436 3340 oracula
1471 3283 1553 3338 vel
1585 3282 1842 3345 audierit,
1868 3281 1951 3336 vel
1977 3295 2058 3336 re-

487 3377 717 3448 ceperit,
750 3381 805 3432 et
825 3375 964 3430 alius
995 3384 1194 3446 praeter
1228 3375 1364 3431 duos
1392 3373 1678 3445 praedictos
1702 3373 1833 3428 velit
1861 3387 1958 3427 nos
1987 3371 2054 3427 de

489 3467 672 3538 aliquo
696 3467 860 3522 tertio
881 3465 1100 3522 docere.
1127 3465 1256 3521 Esto
1278 3473 1456 3521 autem
1483 3466 1644 3520 etiam
1673 3463 1867 3533 aliquis
1890 3477 2053 3533 quar-

487 3569 612 3627 tus,
643 3559 868 3630 perinde
901 3563 1064 3630 atque
1119 3558 1174 3626 hi
1217 3568 1328 3615 tres
1382 3557 1626 3623 faciens,
1663 3555 2056 3625 conferantque

488 3653 541 3708 hi
565 3661 800 3723 quatuor
833 3651 973 3708 inter
998 3665 1058 3706 se
1082 3651 1150 3706 de
1173 3649 1496 3722 quibusdam
1525 3664 1646 3721 quae
1678 3647 1914 3718 Spiritus
1950 3649 2055 3704 illis

485 3743 849 3817 suggesserit,
899 3751 954 3799 et
977 3743 1046 3799 de
1071 3742 1195 3799 aliis
1227 3741 1380 3798 brevi
1424 3740 1673 3797 oratione
1721 3739 2053 3805 renuntient,

486 3839 620 3892 adeo
659 3846 719 3891 ut
749 3834 1057 3906 huiusmodi
1083 3835 1194 3890 sint
1241 3834 1457 3890 illorum
1486 3833 1855 3907 narrationes:
1895 3831 2054 3888 Visus

486 3938 570 3983 est
599 3927 738 3982 Deus
762 3926 891 3981 huic
921 3925 1026 3981 hoc
1056 3935 1322 3996 tempore,
1351 3926 1455 3981 hoc
1482 3925 1534 3980 in
1571 3924 1712 3989 loco,
1759 3931 1814 3980 et
1835 3925 1952 3980 inec
1977 3921 2052 3978 illi

486 4015 654 4071 fecit:
687 4015 832 4070 hunc
858 4015 911 4069 in
943 4016 1161 4070 modum
1196 4016 1242 4070 si
1287 4015 1362 4069 illi
1397 4013 1558 4086 165
1597 4016 1911 4086 apparuerit
1959 4014 2053 4070 taii

488 4107 683 4170 forma,
719 4111 777 4160 et
800 4117 964 4161 manu
991 4103 1145 4160 duxit
1170 4105 1237 4159 ad
1279 4105 1423 4160 hunc
1447 4105 1657 4170 locum,
1695 4105 1785 4160 ubi
1828 4106 1943 4160 haec
1977 4099 2055 4160 fe-

486 4200 581 4257 cit.
621 4199 910 4256 Secundus
945 4197 1136 4254 eodem
1169 4205 1413 4268 tempore
1441 4207 1549 4266 quo
1587 4196 1702 4252 haec
1743 4197 1886 4253 dicta
1928 4206 2056 4254 sunt

483 4293 630 4350 facta
655 4291 820 4350 fuisse
837 4291 979 4363 apud
995 4289 1256 4362 primum,
1285 4288 1490 4344 referat
1503 4289 1670 4344 Deum
1687 4289 1858 4344 visum
1886 4288 2054 4345 fuisse

486 4389 540 4443 in
567 4383 798 4459 quadam
825 4385 957 4440 urbe
980 4380 1215 4450 cuipiam
1248 4380 1487 4437 secundo
1523 4380 1705 4452 (quem
1745 4381 1862 4450 ipse
1899 4381 2050 4452 velit)

2157 1905 2270 1967 τοῖς
2302 1905 2630 1974 σωματικοῖς
2653 1901 3046 1975 χαρακτῆρσιν.

2227 2195 2280 2249 5.
2305 2193 2476 2265 ’Υπὲρ
2500 2193 2556 2247 δὲ
2577 2191 2665 2247 τοῦ
2697 2190 2868 2264 ποσὴν
2885 2189 3125 2246 ἐπίνοιαν
3147 2187 3243 2244 τοῦ
3262 2188 3596 2262 βουλήματος
3623 2187 3742 2243 τῶν

2157 2284 2502 2356 Εὐαγγελίων
2521 2285 2650 2358 περὶ
2671 2285 2778 2339 τῶν
2793 2283 3048 2338 τοιούτων
3069 2281 3277 2347 λαϐεῖν,
3307 2283 3402 2338 καὶ
3427 2281 3586 2336 τοῦτο
3601 2285 3636 2353 ἡ
3648 2285 3742 2352 μϊν

2157 2375 2394 2429 λεκτέον.
2432 2372 2613 2428 Ἔστω
2639 2375 2748 2427 τισὶ
2787 2372 3145 2446 προκείμενον
3174 2371 3428 2442 βλέπουσι
3454 2371 3534 2443 τῷ
3566 2370 3744 2424 πνεύ-

2160 2481 2290 2540 ματι
2325 2467 2418 2522 τὸν
2465 2466 2620 2532 Θεὸν,
2650 2467 2744 2520 καὶ
2798 2465 2924 2529 τοὺς
2970 2463 3161 2518 τούτου
3210 2466 3346 2537 πρὸς
3385 2464 3511 2526 τοὺς
3542 2464 3748 2532 ἁγίους

2156 2560 2365 2630 λόγους,
2399 2559 2499 2631 την
2526 2575 2584 2612 τε
2615 2557 2935 2630 παρουσίαν,
2965 2559 3032 2628 ῆν
3063 2556 3325 2630 πάρεστιν
3358 2557 3538 2620 αὐτοῖς
3577 2553 3746 2622 ἐξαι-

2159 2653 2334 2726 ρέτοις
2375 2652 2586 2724 καιροῖς
2633 2650 2731 2723 τῆς
2773 2649 3054 2724 προκοπῆς
3095 2647 3272 2702 αὐτῶν
3315 2644 3746 2716 ἐπιφαινόμενος

2158 2744 2397 2817 (πλέοσιν
2438 2739 2557 2798 οὖσι
2583 2743 2676 2796 τὸν
2705 2740 2958 2814 ἀριθμὸν,
2991 2741 3088 2794 καὶ
3121 2742 3178 2793 ἐν
3211 2739 3486 2810 διαφόροις
3521 2737 3745 2802 τόποις,

2155 2837 2256 2908 οὐχ
2281 2835 2546 2908 ὁμοειδεῖς
2571 2851 2631 2888 τε
2655 2834 2828 2905 πάντη
2866 2832 3182 2908 εὐεργεσίας
3209 2830 3742 2905 εὐεργετουμένοις)’

2157 2927 2370 2998 ἑκάστῳ
2401 2925 2506 2998 ίδίᾳ
2532 2923 2881 2994 ἀπαγγεῖλαι,
2907 2923 2944 2978 ἃ
2985 2923 3168 2994 βλέπει
3194 2922 3274 2994 τῷ
3303 2921 3572 2993 πνεύματι
3603 2922 3746 2992 περὶ

2153 3017 2249 3073 τοῦ
2297 3018 2452 3084 Θεοῦ,
2499 3019 2594 3073 καί
2637 3017 2744 3073 τῶν
2771 3018 2944 3087 λόγων
2986 3017 3150 3070 αὑτοῦ
3169 3057 3185 3081 ,
3215 3017 3322 3070 τῶν
3355 3033 3414 3070 τε
3440 3015 3579 3086 πρὸς
3605 3016 3744 3079 τοὺς

2155 3110 2342 3181 ἁγίους
2371 3109 2702 3181 ὲμφανειῶν,
2746 3109 2888 3163 ὥστε
2915 3109 3065 3163 τόνδε
3100 3108 3200 3179 μὲν
3231 3108 3360 3180 περὶ
3395 3107 3562 3160 τῶνδε
3592 3107 3742 3178 τῷδε

2153 3201 2238 3273 τῷ
2285 3202 2478 3272 δικαίῳ
2521 3201 2662 3256 κατὰ
2717 3200 2865 3255 τόνδε
2915 3200 3007 3255 τὸν
3064 3200 3228 3253 τόπον
3272 3199 3580 3270 λεγομένων
3625 3199 3746 3253 ὑπὸ

2153 3292 2314 3358 Θεοῦ,
2357 3293 2451 3346 καὶ
2484 3295 2868 3366 πραττομένων
2912 3291 3295 3362 ἀπαγγέλλεινο
3325 3293 3476 3346 τόνδε
3504 3293 3564 3346 δὲ
3601 3295 3742 3366 περὶ

2153 3384 2265 3439 τῶν
2293 3383 2494 3458 ἐτέρων
2523 3385 3051 3458 χρησμῳδουμένων,
3086 3386 3178 3438 καὶ
3202 3383 3664 3457 ἐπιτελουμένων,
3704 3385 3740 3457 ἢ

2155 3476 2320 3530 ἄλλον
2343 3476 2471 3549 περί
2496 3493 2641 3541 τινος
2669 3477 2852 3549 τρίτου
2873 3475 3025 3550 παρὰ
3043 3477 3169 3540 τοὺς
3191 3477 3620 3549 προειρημένους
3641 3477 3744 3531 δύο

2155 3566 2328 3621 Θέλειν
2355 3569 2504 3640 ημᾶς
2545 3566 2836 3622 διδάσκειν.
2874 3568 3055 3622 Ἔστω
3078 3568 3135 3621 δέ
3161 3585 3246 3633 τις
3273 3569 3366 3623 καὶ
3387 3569 3651 3640 τέταρτος
3677 3569 3742 3622 τὸ

2153 3655 2415 3725 ἀνάλογον
2431 3657 2543 3720 τοῖς
2561 3656 2706 3729 τρισί
2722 3655 2850 3728 περί
2865 3671 3008 3720 τινος
3037 3655 3226 3710 ποιῶν.
3260 3654 3509 3726 Συμφερέ
3517 3653 3748 3708 σθωσαν

2153 3745 2210 3800 δὲ
2243 3747 2292 3800 οί
2333 3746 2592 3819 τέσσαρες
2617 3741 2759 3802 οὗτοι
2787 3747 2914 3818 περί
2941 3763 3101 3800 τινων
3140 3745 3247 3800 ὑπὸ
3289 3746 3382 3800 τοῦ
3417 3745 3745 3817 πνεύματος

2154 3839 2338 3903 αὐτοῖς
2365 3837 2813 3908 ὑποδαλλομένων
2847 3838 3115 3909 ἀλληλοις,
3149 3839 3245 3891 καὶ
3271 3837 3401 3909 περὶ¹
3438 3836 3644 3908 ἑτέρων
3678 3839 3744 3891 ὲν

2151 3930 2317 4001 ὀλίγῳ
2347 3930 2892 4003 παραγγελλέτωσαν,
2926 3929 3067 3982 ὥστε
3097 3925 3236 3983 εἶναι
3266 3927 3519 3991 τοιαύτας
3550 3927 3744 3983 αὐτῶν

2151 4020 2252 4085 τὰς
2283 4021 2578 4093 διηγήσεις·
2620 4039 2640 4073 ι
2689 4020 2864 4094 Ὠφθη
2895 4021 2925 4073 ὀ
2960 4019 3092 4084 Θεὸς
3121 4019 3255 4090 τῷδε
3285 4020 3425 4074 κατὰ
3455 4018 3602 4074 τόνδε
3643 4019 3744 4074 τὸν

2153 4113 2344 4184 καιρὸν
2367 4113 2426 4167 ὲν
2451 4112 2590 4184 τῷδε
2621 4110 2700 4182 τῷ
2724 4111 2896 4182 τόπῳ,
2929 4110 3026 4165 καὶ
3060 4109 3186 4165 τάδε
3216 4109 3366 4182 αὐτῷ
3406 4109 3738 4182 πεποίηκενο

2151 4205 2324 4270 οὕτως
2342 4207 2392 4259 εί
2409 4204 2561 4276 αὐτῷ
2581 4204 2998 4274 ἐπιφαινόμενος
3025 4201 3211 4272 τοιῷδε
3233 4201 3311 4273 τῷ
3343 4203 3603 4273 σχήματι,
3633 4201 3740 4255 καὶ

2146 4295 2560 4370 ἑχειραγὼγησε
2581 4298 2661 4362 εἰς
2675 4295 2823 4351 τόνδε
2855 4294 2966 4368 (69)
2995 4295 3087 4350 τὸν
3106 4296 3288 4360 τόπον,
3311 4292 3439 4347 ἔνθα
3460 4291 3739 4364 πεποίηκε

2149 4389 2296 4444 τάδε.
2342 4387 2400 4443 '0
2430 4387 2678 4461 δεύτερος
2699 4387 2839 4443 κατὰ
2859 4389 2949 4442 τὸν
2975 4387 3137 4443 αὐτὸν
3159 4389 3274 4451 τοῖς
3300 4384 3611 4460 εἰρημένοις
3638 4400 3740 4453 γε-

483 4475 770 4534 exsistenti
816 4471 870 4532 in
912 4469 1032 4530 loco
1055 4471 1212 4529 Valde
1247 4477 1460 4529 remeto
1514 4487 1543 4526 a
1575 4471 1693 4528 loco
1731 4472 1967 4543 prioris,
1992 4481 2050 4531 et

2157 4475 2364 4546 γονέναι
2403 4475 2554 4547 παρὰ
2583 4475 2661 4547 τῷ
2681 4475 2928 4548 προτέρῳ
2950 4477 3140 4548 χρόνον
3168 4476 3224 4530 εν
3254 4493 3359 4529 τινι
3381 4475 3535 4530 πόλει
3558 4475 3740 4536 amr-

482 4569 621 4626 alios
645 4567 834 4626 eodem
863 4574 1105 4637 tempore
1130 4575 1411 4621 sermones
1439 4579 1470 4619 a
1495 4564 1604 4620 Deo
1628 4563 1754 4621 huic
1781 4579 1940 4636 quem
1967 4579 2052 4622 se-

485 4661 726 4717 cundum
769 4656 1070 4731 posuimus,
1115 4656 1336 4714 habitos
1385 4655 1558 4714 fuisse
1585 4657 1753 4713 dicat.
1787 4655 2052 4716 Similiter

481 4754 554 4810 de
577 4749 741 4808 tertio
770 4759 828 4808 et
865 4760 1064 4824 quarto
1104 4747 1531 4807 existimandum
1557 4758 1662 4806 est.
1695 4749 2053 4807 Consentiam

483 4855 664 4904 autem
717 4846 796 4916 hi,
837 4853 899 4903 ut
947 4847 1318 4920 pmdiximus,
1353 4846 1500 4902 inter
1553 4855 1615 4902 se
1665 4855 1795 4902 vera
1848 4845 1914 4901 de
1942 4845 2052 4900 Deo

485 4939 823 5006 nuntiantes,
851 4939 1025 5011 deque
1050 4938 1222 5010 ipsius
1251 4953 1380 5011 erga
1413 4939 1623 5009 aliquos
1649 4937 1959 5003 beneﬂciis,
1991 4938 2044 4994 in

480 5030 805 5101 quibusdam
838 5029 1245 5086 narrationibus
1290 5045 1426 5101 quas
1473 5030 1579 5100 ipsi
1622 5029 1948 5085 renuntient.
1983 5027 2046 5085 Ei

480 5121 646 5191 igitur
671 5120 764 5192 qui
796 5119 1075 5178 existimat
1101 5120 1296 5176 horum
1337 5118 1686 5190 scriptiones:
1714 5128 1836 5175 esse
1879 5121 2052 5176 histo-

485 5213 646 5278 riam,
678 5209 764 5266 vel
798 5225 896 5282 per
921 5210 1210 5280 imaginem
1241 5208 1486 5264 historiae
1523 5206 1591 5264 ad
1648 5223 1737 5264 res
1779 5209 2045 5278 quasdam

483 5317 646 5360 veras
668 5303 1092 5372 accommodari,
1140 5301 1345 5374 quique
1378 5301 1682 5359 arbitratur
1711 5297 1878 5356 Deum
1923 5315 2045 5359 esse

2154 4567 2386 4638 γελλέτω
2419 4566 2530 4639 (70)
2551 4566 2644 4622 τὸν
2673 4566 2806 4622 Θεὸν
2836 4562 3035 4638 ὦφθαι,
3063 4560 3109 4636 ᾧ
3143 4567 3238 4621 καί⁸
3266 4566 3429 4631 αὐτὸς
3457 4569 3588 4630 νοεῖ,
3619 4567 3736 4621 τίνι

2153 4659 2388 4732 δευτέρῳ
2413 4659 2525 4714 ὄντι
2543 4661 2602 4716 ὲν
2625 4659 2760 4714 πολὺ
2789 4659 3255 4731 άπισχοινισμένῳ
3282 4659 3432 4730 τόπῳ
3461 4658 3612 4731 παρὰ
3637 4658 3734 4714 τὸν

2147 4749 2315 4805 ’τόπον
2331 4748 2424 4804 τὸν
2441 4747 2536 4804 τοῦ
2569 4749 2859 4821 προτέρου,
2890 4749 2986 4805 καὶ
3014 4748 3233 4822 ἐτέρους
3264 4749 3456 4818 λόγους
3486 4749 3734 4820 ἀναγρα-

2150 4841 2301 4912 φέτω
2333 4840 2476 4896 κατὰ
2523 4841 2615 4895 τὸν
2639 4840 2800 4896 αὐτὸν
2837 4843 3028 4914 καιρὸν
3059 4840 3335 4915 εἰρῆσθαι,
3363 4833 3408 4908 ᾧ
3439 4839 3582 4896 κατὰ
3627 4840 3732 4912 τὴν

2152 4933 2410 4989 ὑπόθεσιν
2426 4934 2727 5007 εἰλήφαμεν
2752 4934 3008 5008 δευτέρῳ.
3036 4935 3120 4991 Τά
3148 4935 3207 4989 δὲ
3227 4933 3580 5008 παραπλήσια
3598 4932 3733 5004 περὶ

2149 5026 2244 5081 τοῦ
2272 5026 2455 5100 τρίτου
2477 5028 2572 5082 καὶ
2593 5026 2690 5082 τοῦ
2715 5026 2974 5098 τετάρτου
2987 5027 3224 5098 νοητέον.
3256 5022 3729 5097 Συμφερέσθωσαν

2149 5113 2229 5185 δι,
2261 5118 2776 5194 ὼςπροειρήκαμεν,
2805 5111 2950 5173 οὗτοι
2981 5117 3052 5172 τὰ
3089 5115 3262 5190 ἀληθῆ
3293 5114 3728 5186 ἀπαγγέλλοντες

2151 5212 2281 5286 περὶ
2306 5212 2401 5266 τοῦ
2433 5211 2591 5277 Θεοῦ,
2625 5214 2720 5267 καὶ
2748 5211 2856 5266 τῶν
2881 5210 3016 5283 πρός
3038 5227 3190 5275 τινας
3209 5207 3538 5282 εὐεργεσιῶν
3559 5205 3727 5263 αὐτοῦ

2151 5304 2419 5378 ἀλληλοις,
2454 5303 2548 5359 ἐπί
2577 5321 2740 5359 τινων
2764 5302 3258 5376 ἀπαγγελλομένων
3283 5302 3376 5357 ὑπ’
3401 5299 3583 5358 αὐτῶν
3610 5297 3728 5372 διη-

585 5467 638 5502 ⁷⁹
675 5467 819 5528 ibid.
851 5473 954 5541 ii;
991 5471 1155 5529 Marc.
1193 5486 1230 5538 ι,
1264 5469 1350 5526 Η.
1432 5470 1476 5501 ⁷⁸
1503 5466 1659 5525 Joan.
1692 5483 1774 5534 ur.
1818 5467 1913 5536 23,
1937 5469 2031 5526 24.

2173 5462 2365 5524 Joann.
2410 5480 2472 5531 ιι,
2511 5463 2599 5531 12,
2635 5464 2724 5530 i3,
2756 5478 2872 5535 seq.
2946 5461 3170 5519 "Joan.
3204 5477 3286 5527 ιιι,
3313 5455 3408 5516 εει

553 5604 667 5674 (68)
708 5607 812 5673 Εἰς
864 5605 1260 5678 Ἰεροσόλυμα.
1319 5603 1412 5660 Sic
1459 5604 1627 5661 c‘odex
1685 5603 2043 5673 Bodleiauus;

489 5674 691 5748 Regius
725 5676 912 5732 outisit
938 5677 1038 5748 εἰς.
1087 5745 1133 5748 μ
1206 5746 1217 5748 ᾼ
1283 5746 1291 5748 4
1485 5745 1497 5748 Α
1602 5742 1634 5748 _
1995 5745 2004 5748 _

556 5742 668 5820 (δυ)
711 5748 812 5815 Εἰς
855 5745 1046 5802 τόνδε.
1081 5745 1172 5803 Sic
1205 5746 1370 5804 habet
1402 5745 1572 5803 codex
1600 5742 1957 5814 Bodleiauus;
1995 5745 2046 5800 in

2153 5603 2325 5662 Regio
2353 5601 2505 5655 deest
2528 5599 2629 5662 εἰς.

2223 5642 2844 5744 δ’δ’)νῖᾶξιξξέλλέτω.
2879 5666 2970 5724 Sic
3006 5666 3174 5722 codex
3218 5662 3568 5730 Bodleianus;
3617 5659 3722 5716 Re-

2155 5739 2296 5816 gius,
2319 5739 2744 5812 ἀπαγγέλλεται.
