4020 6216
363 265 475 321 513

1460 268 1820 326 (ΣΟΜΜΕΝΤ.
1859 270 1924 326 IN
1960 269 2155 329 JOAN.
2195 270 2436 329 TOMUS
2472 273 2540 329 X.

3526 275 3634 331 διι

361 380 609 451 γήσεων.
642 382 795 450 Δόξει
815 383 992 438 τοίνυν
1017 382 1097 454 τῷ
1121 385 1366 458 ἱστορίαν
1396 382 1534 441 εἶναι
1560 388 1833 459 νομίζοντι
1862 385 1950 459 τὴν

2065 388 2119 443 in
2155 387 2273 445 loco
2298 391 2594 445 secundum
2626 391 3190 461 circumscriptionem
3211 432 3227 457 ,
3259 392 3454 447 eodem
3499 401 3636 446 tem-

360 473 579 529 τούτων
604 477 825 548 γραφὴν
855 476 991 546 ἢδιὰ
1018 478 1227 542 εἰκόνος
1267 480 1547 551 ἱστορικῆς
1570 481 1707 552 πρός
1734 496 1856 535 τινα
1886 479 1955 533 τὰ

362 566 497 621 ϐντα
528 570 873 641 παραστῆσαι
902 568 1202 641 πράγματα
1252 571 1388 642 (7t),
1426 573 1633 627 καὶτὸν
1662 573 1796 626 Θεὸν
1824 574 1957 626 ὐπο-

360 658 700 730 λαμϐάνοντι
734 661 874 715 κατὰ
903 662 1254 735 περιγραφὴν
1290 662 1430 718 εἶναι
1461 665 1520 717 ἐν
1541 665 1714 735 τόπῳ.
1748 666 1821 738 μὴ
1860 664 1954 717 δυ-

362 748 605 820 νάμενον
629 751 708 823 τῷ
744 751 891 823 αὐτῷ
932 754 1182 819 πλείονας
1214 756 1394 827 ἐαυτῷ
1426 758 1722 827 ἐμποιῆσαι
1751 774 1957 826 φαντα-

366 842 493 906 σίας
544 842 800 910 πλείοσιν,
848 847 909 899 ὲν
947 846 1155 900 πλείοσι
1189 848 1397 912 τόποις,
1430 850 1523 902 καὶ
1570 849 1789 904 πλείονα
1837 850 1953 922 ἅμα

364 932 567 1003 λέγειν,
621 935 843 990 δυνατὸν
882 937 994 1009 (72)
1041 934 1178 994 εἶναι
1211 940 1494 1010 ἀληθεύειν
1535 941 1629 1005 οὒς
1673 941 1954 1015 ὑπεθέμην

362 1025 657 1097 τέσσαρας,
702 1028 785 1099 τῷ
810 1029 1069 1084 ἀδύνατον
1100 1026 1234 1084 εἶναι
1275 1035 1334 1086 ἐν
1366 1033 1503 1104 τῷδέ
1531 1051 1638 1086 τινι
1684 1032 1763 1103 τῷ
1800 1051 1956 1088 τετα-

363 1119 555 1189 γμένῳ
586 1119 764 1191 καιρῷ
793 1120 886 1173 τὸν
910 1120 1043 1175 θεὸν
1078 1117 1232 1186 εἶναι,
1263 1122 1357 1175 ac:
1396 1124 1488 1176 καὶ
1518 1121 1659 1177 κατὰ
1688 1138 1954 1196 περιγρα-

364 1210 474 1282 φὴν
506 1210 670 1264 αὑτὸν
710 1212 1032 1282 νενοημένον
1068 1213 1124 1265 ἐν
1151 1213 1303 1284 τόπῳ
1339 1208 1499 1278 εἶναι,
1538 1214 1631 1268 καὶ
1664 1215 1817 1285 τῷδε,
1860 1213 1955 1267 καὶ

362 1302 502 1373 τῷδε
541 1302 721 1372 λέγειν
755 1304 904 1368 τάδε,
935 1306 1029 1359 καὶ
1063 1304 1209 1368 τάδε,
1227 1307 1323 1359 καὶ⁵
1359 1308 1533 1360 ποιεῖν
1558 1306 1704 1370 τάδε,
1744 1306 1838 1359 καὶ
1884 1304 1954 1359 τὰ

363 1399 580 1463 τούτοις
612 1398 849 1463 ἐναντία,
892 1399 1003 1464 καὶ,
1038 1399 1171 1471 φέρε
1198 1401 1400 1463 εἰπεῖν,
1429 1398 1789 1470 καθεζόμενον
1816 1399 1951 1470 ἅμα,

365 1491 462 1544 καὶ
482 1489 688 1544 ἑστῶτα
717 1489 875 1545 εἶναι⁹
902 1493 950 1544 εί
975 1494 1003 1546 6
1030 1493 1129 1563 μὲν
1170 1492 1306 1563 τῷδε
1334 1490 1413 1561 τῷ
1435 1490 1611 1562 καιρῷ
1640 1491 1811 1560 λέγων
1842 1490 1953 1562 (75)

367 1584 531 1638 αὑτὸν
556 1583 769 1639 ἑστῶτα
794 1586 919 1640 τάδε
951 1585 1075 1639 τινὰ
1104 1587 1408 1658 εἰρηκέναι,
1440 1586 1472 1657 ἦ
1504 1585 1859 1657 πεποιηκέναι
1892 1586 1955 1640 ἐν

367 1674 507 1747 τῷδε
537 1677 615 1747 τῷ
644 1678 820 1749 τόπῳ,
855 1679 884 1732 6
914 1680 971 1733 δὲ
1003 1679 1388 1750 καθεζόμενον.

2059 493 2207 550 pore:
2224 490 2584 549 nequeuntem
2620 481 2803 548 plures
2839 482 2905 537 de
2946 484 3065 552 ipso
3105 483 3425 551 ingenerare
3472 482 3634 538 visio.

2059 587 2159 627 nes
2191 571 2466 640 pluribus,
2522 572 2574 626 in
2608 572 2858 642 pluribus
2890 570 3063 637 locis,
3120 588 3221 627 nec
3268 573 3418 642 plura
3466 573 3632 628 etiam

2058 661 2216 717 simul
2243 662 2457 729 dicere,
2491 662 2765 717 videbitur
2794 663 3128 731 impossibile
3157 678 3281 718 esse
3315 672 3373 718 ut
3407 664 3461 719 hi
3497 678 3634 733 qua-

2057 762 2201 819 tuor,
2230 769 2368 824 quos
2397 756 2782 825 supposuimus
2805 795 2821 820 ,
2845 770 2974 811 vera
3016 767 3237 812 narrent
3265 773 3331 812 ex
3361 771 3426 813 eo
3447 800 3463 824 ,
3487 758 3633 826 quod

2057 846 2219 901 facile
2246 845 2392 901 factu
2422 862 2528 902 non
2552 848 2624 902 sit
2652 848 2820 903 Deum
2844 862 2969 905 esse
2999 848 3052 903 iu
3086 849 3190 903 hoc
3219 851 3451 919 quodam
3482 858 3632 905 certo

2060 949 2339 1010 tempore,
2385 941 2512 1011 quia
2564 942 2726 996 etiam
2773 944 3152 999 consideratus
3201 942 3368 996 fuerit
3406 956 3531 997 esse
3573 941 3628 996 in

2056 1032 2175 1087 loco
2200 1032 2496 1087 secundum
2523 1032 3126 1103 circumscriptionem.
3153 1043 3208 1087 et
3257 1032 3407 1096 huic,
3448 1041 3504 1087 et
3557 1030 3633 1085 illi

2058 1124 2195 1187 haec,
2228 1133 2284 1177 et
2314 1123 2397 1177 illa
2430 1124 2639 1189 dicere,
2667 1134 2725 1179 et
2760 1124 2939 1180 facere
2974 1126 3124 1190 haec,
3173 1133 3226 1179 et
3275 1124 3361 1179 his
3414 1135 3635 1178 contra—

2057 1217 2159 1279 ria,
2184 1224 2258 1280 et,
2287 1226 2345 1269 ut
2381 1216 2454 1270 ita
2499 1216 2710 1279 dicam,
2760 1217 3041 1270 sedentem
3096 1216 3258 1270 simul
3292 1225 3346 1269 ct
3397 1223 3629 1270 stantem

2057 1320 2210 1371 csse;
2245 1308 2509 1375 siquidem
2544 1322 2683 1362 unus
2711 1308 2855 1361 dicat
2907 1308 3008 1362 hoc
3040 1317 3282 1376 tempore
3324 1322 3446 1361 eum
3484 1316 3632 1360 stati-

2060 1405 2164 1449 tem
2193 1396 2307 1450 hace
2339 1396 2540 1451 dixisse
2562 1439 2578 1462 ,
2611 1407 2668 1455 et
2702 1398 2816 1453 haec
2845 1397 3042 1453 fecisse
3082 1398 3135 1451 in
3172 1399 3274 1453 hoc
3311 1396 3450 1463 loco,
3490 1396 3632 1452 alius

2057 1502 2186 1544 vero
2215 1490 2524 1545 sedentem.

438 1763 491 1817 4.
515 1735 724 1837 Ὠσπερ
751 1735 843 1820 6δέ
869 1766 962 1819 ἐπὶ
990 1735 1221 1831 τούτων,
1245 1759 1318 1819 ὧν
1335 1764 1629 1836 ὑπεθέμην,
1657 1763 1949 1836 ἐκληφθείς

2119 1771 2176 1827 4.
2218 1769 2289 1826 Ut
2318 1770 2485 1840 igitur
2515 1783 2710 1826 sensus
2736 1775 3025 1839 perceptus
3051 1764 3464 1829 historicorum,
3498 1764 3631 1820 cha-

367 1854 398 1906 6
430 1852 553 1919 νοῦς
576 1854 686 1910 τῶν
722 1856 1032 1927 ἱστορικῶν,
1061 1857 1369 1928 χαρακτῆρι
1396 1855 1761 1927 βουληθέντων
1800 1858 1951 1928 ἡμᾶς

365 1941 575 2009 διδάξαι
602 1943 671 1997 τὰ
695 1943 802 1997 ὑπὸ
830 1944 923 1997 τοῦ
946 1945 1038 1999 νοῦ
1067 1946 1247 1999 αὐτῶν
1261 1945 1667 2018 τεθεωρημένα,
1692 1947 1950 2019 οὐδεμίαν

366 2034 438 2090 ἂν
470 2036 719 2109 εὑρεθείη
753 2036 885 2108 ἔχων
917 2038 1231 2108 διαφωνίαν,
1267 2041 1317 2093 εἰ
1352 2040 1402 2092 οἰ
1429 2040 1693 2112 τέσσαρες
1722 2036 1835 2094 εἶεν
1861 2058 1950 2093 σο-

365 2127 482 2197 φοί’
516 2127 656 2181 οὕτω
679 2130 894 2200 νοητέον
915 2129 1009 2182 καὶ
1037 2131 1130 2183 ἐπὶ
1158 2129 1265 2183 τῶν
1296 2129 1577 2202 τεσσάρων
1605 2132 1751 2202 ἔχειν
1783 2131 1949 2201 εὐαγ-

364 2218 650 2287 γελιστῶν,
686 2220 1190 2293 καταχρησαμένων
1220 2221 1319 2293 μὲν
1346 2221 1556 2287 πολλοῖς
1579 2222 1687 2277 τῶν
1727 2223 1867 2278 κατὰ
1893 2223 1952 2277 τὸ

363 2312 650 2383 τεράστιον
698 2313 792 2365 καὶ
839 2313 1272 2385 παραδοξότατον
1313 2314 1413 2384 τῆς
1457 2314 1739 2386 δυνάμεως
1776 2315 1949 2389 Ἰησοῦ

368 2402 779 2475 πεπραγμένοις
805 2405 899 2458 καὶ
927 2405 1259 2477 εἰρημένοις,
1290 2404 1401 2458 ἐσθ’
1433 2406 1568 2460 ὅπου
1616 2407 1709 2461 καὶ
1750 2424 1952 2479 προσυ-

367 2496 653 2566 φηνάντων
690 2499 756 2568 τῇ
789 2497 979 2569 Γραφῇ
1036 2498 1177 2570 μετὰ
1220 2498 1439 2564 λέξεως,
1475 2499 1551 2563 ὡς
1585 2499 1715 2571 περὶ
1756 2501 1949 2573 αἰσθη-

364 2589 474 2642 τῶν
503 2589 644 2659 (74),
683 2589 744 2642 τὸ
772 2589 1028 2663 καθαρῶς
1060 2591 1269 2663 νοητῶς
1307 2592 1491 2657 αὐτοῖς
1521 2592 1946 2665 τετρανωμὲνον.

366 2681 447 2735 υύ
476 2681 870 2751 καταγινώσκω
908 2683 1082 2754 δήπου
1119 2684 1215 2738 καὶ
1246 2685 1327 2752 τὸ,
1360 2684 1436 2749 ὡς
1488 2685 1629 2739 κατὰ
1666 2685 1766 2757 τὴν
1810 2689 1951 2739 ἱστο-

371 2777 514 2847 ρίαν,
562 2777 762 2851 ἑτέρως
806 2778 1119 2848 γενόμενον,
1172 2778 1311 2850 πρὸς
1351 2779 1411 2832 τὸ
1446 2780 1717 2850 χρήσιμον
1747 2778 1951 2833 τούτων

371 2869 635 2941 μυστικοῦ
665 2868 867 2925 σκοποῦ
911 2870 1255 2941 μετατιθέναι
1287 2888 1404 2934 πως
1446 2872 1662 2938 αὐτοὺς,
1688 2871 1828 2926 ὥστε
1870 2873 1950 2925 εί-

368 2967 493 3018 πεϊν
516 2964 576 3017 τὸ
601 2966 659 3018 ἐν
689 2964 839 3036 τόπῳ
870 2954 1178 3035 γενόμενον,
1213 2964 1289 3028 ὡς
1310 2964 1367 3017 ἐν
1391 2964 1581 3037 ἑτέρῳ·
1622 2964 1655 3036 ἢ
1680 2963 1740 3018 τὸ
1758 2966 1815 3017 ἐν
1839 2963 1948 3034 τῷο

2051 1874 2263 1920 ractere
2293 1873 2347 1919 et
2374 1862 2546 1919 forma
2601 1863 2656 1918 in
2709 1862 2796 1917 his
2852 1876 2988 1931 quos
3043 1859 3305 1930 supposui
3350 1858 3487 1913 velle
3531 1872 3632 1913 nos

2051 1958 2255 2023 dicere,
2296 1971 2417 2028 qua
2448 1970 2606 2011 mens
2637 1956 2876 2025 ipsorum
2907 1953 3273 2023 perspexerit,
3310 1951 3511 2005 nullam
3548 1951 3632 2006 in-

2054 2047 2328 2102 veniretur
2354 2046 2557 2101 habere
2595 2045 2984 2099 dissonantiaut
3006 2083 3021 2104 ,
3057 2045 3104 2097 si
3138 2051 3369 2111 quatuor
3415 2040 3624 2096 iuerint

2052 2141 2359 2212 sapientes;
2395 2140 2477 2195 sic
2521 2139 2688 2193 etiam
2732 2137 2787 2191 in
2829 2147 3069 2207 quatuor
3112 2134 3465 2205 evangelistis
3514 2149 3627 2187 rem

2052 2245 2112 2289 se
2152 2232 2357 2288 habere
2411 2229 2823 2301 intelligendum
2874 2237 2993 2295 est,
3039 2227 3388 2281 abutentibus
3444 2224 3630 2279 multis

2053 2333 2164 2379 tum
2191 2323 2352 2378 dictis
2373 2320 2716 2391 Jesu,juxta
2747 2321 2893 2376 illius
2937 2318 3303 2388 prodig‘iosatn
3353 2326 3410 2372 et
3455 2318 3631 2372 admi-

2053 2413 2436 2470 rabilissimam
2466 2412 2800 2483 potentiam;
2848 2410 3124 2465 interdum
3178 2412 3345 2465 etiam
3386 2418 3631 2464 attexen.

2054 2504 2193 2559 tibus
2232 2503 2296 2558 ad
2331 2502 2669 2572 Scripturam
2697 2517 2821 2559 cum
2858 2501 3096 2557 dictione
3132 2500 3297 2555 veluti
3347 2500 3413 2554 de
3453 2500 3631 2555 sensi-

2051 2596 2271 2661 bilibus,
2296 2595 2438 2665 quod
2472 2594 2578 2650 illis
2606 2609 2739 2665 puro
2769 2609 2834 2650 ac
2860 2594 2977 2650 solo
3001 2593 3275 2648 intellectu
3314 2594 3631 2648 manifesta-

2052 2697 2165 2741 tum
2218 2694 2358 2741 erat.
2418 2682 2539 2739 Non
2600 2686 2939 2754 reprehendo
3004 2695 3186 2741 autem
3240 2687 3391 2756 ipsos
3445 2685 3631 2755 aliquo

2052 2788 2210 2850 pacto
2271 2776 2669 2848 transposuisse
2719 2779 2788 2833 ad
2845 2779 3134 2835 utilitatem
3197 2780 3440 2851 mysticae
3498 2792 3633 2833 con-

2050 2874 2396 2931 siderationis
2447 2877 2638 2930 harum
2689 2890 2907 2939 rerum,
2982 2874 3038 2929 id
3114 2873 3294 2942 quod,
3363 2880 3628 2943 quantum

2053 2968 2250 3023 attinet
2278 2967 2344 3022 ad
2377 2967 2686 3033 historiam,
2714 2966 2821 3021 alio
2855 2966 3016 3019 modo
3046 2964 3249 3020 factum
3295 2964 3500 3028 fuerat,
3553 2963 3623 3018 ita

365 3056 425 3111 δε
445 3055 523 3128 τῷ
551 3055 745 3128 καιρῷ,
779 3056 855 3120 ὡς
886 3054 944 3109 ἐν
976 3054 1143 3126 ἄλλῳ,
1176 3056 1269 3109 καὶ
1299 3056 1362 3109 τὸ
1383 3057 1582 3110 οὑτωσὶ
1613 3055 1946 3125 ἀπαγγελλό-

2055 3058 2284 3128 utquod
2317 3072 2427 3112 uno
2454 3057 2571 3113 loco
2607 3058 2813 3111 factum
2862 3055 3071 3119 fuerat,
3125 3063 3384 3125 tanquam
3419 3054 3473 3109 in
3523 3053 3629 3108 alio

373 3163 533 3220 μενον
555 3148 668 3220 {75)
708 3147 847 3219 μετὰ
868 3166 1014 3212 τινος
1045 3148 1399 3221 παραλλαγῆς
1426 3148 1625 3212 αὐτοὺς
1654 3147 1952 3217 πεποιηκέ-

367 3257 479 3295 ναι.
507 3239 797 3310 Προέκειτο
821 3239 931 3313 γὰρ
960 3240 1162 3306 αὐτοῖς,
1205 3241 1341 3294 ὅπου
1372 3240 1470 3311 μὲν
1502 3239 1782 3311 ἐνεχώρει,
1820 3239 1952 3312 ἀληο

369 3332 547 3388 θεύειν
579 3332 967 3403 πνευματικῶς
998 3332 1117 3405 ἅμα
1167 3333 1262 3386 καὶ
1309 3332 1658 3403 σωματικῶςο
1706 3333 1838 3386 ὄπου
1875 3332 1950 3404 μὴ

371 3424 646 3497 ἐνεδέχετο
661 3424 1007 3497 ἀμφοτέρως,
1038 3424 1352 3496 προκρίνειν
1380 3424 1440 3477 τὸ
1462 3422 1828 3495 πνευματικὸν
1856 3423 1949 3478 τοῦ

371 3519 704 3590 σωματικοῦ,
741 3517 1049 3590 σωζομένου
1089 3516 1346 3581 πολλάκις
1390 3515 1484 3569 τοῦ
1516 3514 1749 3589 ἀληθοῦς
1791 3533 1952 3570 πνευ-

372 3607 601 3680 ματικοῦ
647 3610 706 3663 ἐν
730 3608 811 3680 τῷ
841 3608 1160 3680 σωματικῷ,
1194 3608 1269 3672 ὡς
1322 3607 1389 3661 ἂν
1417 3606 1562 3660 είποι
1604 3623 1709 3673 τις,
1743 3607 1946 3678 ψευδεῖ·

366 3700 446 3765 ὡς
487 3703 535 3755 εἰ
571 3702 664 3755 καὶ
713 3700 822 3755 ἀπὸ
864 3699 964 3771 τῆς
998 3699 1237 3772 ἱστορίας
1267 3699 1538 3771 λέγοιμεν,
1561 3700 1644 3752 ὅτι
1685 3701 1714 3752 6
1758 3699 1951 3754 Ἰακὼϐ

369 3793 595 3863 φάσκων
625 3791 704 3864 τῷ
747 3792 953 3846 Ἰσαάκ·
987 3810 1006 3843 ι
1054 3788 1194 3859 Ἐγὼ
1237 3789 1409 3844 Ἥσαῦ
1435 3792 1463 3844 6
1490 3792 1829 3862 πρωτότοκος
1857 3809 1951 3845 σου

368 3884 506 3951 υίὸς,
532 3904 550 3936 ι
579 3885 720 3939 κατὰ
742 3885 844 3955 μὲν
872 3884 935 3937 τὸ
961 3883 1327 3954 πνευματικὸν
1359 3882 1612 3954 ἠλήθευε,
1638 3882 1953 3952 μεταλαϐὼν

366 3976 478 4031 τῶν
511 3975 897 4049 πρωτοτοκίων
939 3976 1041 4049 ῆδη
1082 3975 1140 4029 ἐν
1175 3975 1253 4047 τῷ
1287 3974 1504 4047 ἀδελφῷ
1538 3973 1956 4047 παραπολλυμέ-

328 4064 331 4067 λ
365 4086 497 4135 νων,
527 4070 621 4124 καὶ
641 4070 729 4123 διὰ
749 4070 849 4141 τῆς
872 4058 1066 4142 στολῆς
1095 4069 1203 4124 τῶν
1226 4085 1286 4121 τε
1308 4067 1534 4140 ἐριφίων
1556 4065 1841 4140 δερμάτων
1860 4067 1954 4120 τὸν

366 4160 571 4226 ἔξωθεν
606 4162 930 4235 χαρακτῆρα
978 4160 1072 4216 τοῦ
1116 4158 1289 4216 Ἠσαῦ
1333 4159 1637 4225 ἀναλαϐὼν,
1677 4160 1771 4213 καὶ
1801 4160 1955 4229 γενό-

372 4269 533 4324 μενος
560 4252 729 4325 χωρὶς
755 4253 855 4325 τῆς
886 4251 1143 4324 αἰνούσης
1167 4252 1258 4305 τὸν
1286 4250 1419 4305 Θεὸν
1436 4251 1618 4323 φωνῆς
1646 4250 1837 4317 Ἠσαῦ,
1865 4251 1953 4305 ἵνα

369 4342 554 4416 χώραν
594 4343 733 4416 λάϐῃ
770 4344 908 4417 πρὸς
934 4344 994 4398 τὸ
1024 4342 1380 4415 εὐλογηθῆναι
1424 4342 1649 4414 ὕστερον
1683 4343 1712 4396 6
1757 4341 1948 4398 Ἠσαῦ.

2053 3159 2261 3221 gestum
2288 3151 2382 3216 sit,
2413 3159 2737 3213 narrarent;
2770 3148 2924 3221 135
2951 3148 3035 3202 vel
3054 3151 3203 3219 quod
3226 3164 3332 3202 uno
3360 3157 3629 3217 tempore,

2053 3252 2312 3314 tanquam
2341 3243 2394 3297 in
2426 3241 2563 3310 alio;
2602 3253 2657 3296 et
2682 3240 2841 3303 illud,
2872 3239 3016 3308 quod
3050 3255 3157 3293 uno
3191 3239 3351 3294 modo
3387 3253 3635 3309 pronun-

2054 3336 2247 3390 tiatum
2301 3334 2504 3399 fuerat,
2551 3347 2679 3388 cum
2711 3331 2947 3401 quadam
2984 3330 3307 3385 alterations
3338 3330 3629 3385 referrent.

2051 3423 2399 3494 Propositum
2430 3424 2576 3479 enim
2622 3422 2732 3477 illis
2776 3430 2895 3477 erat
2939 3436 3070 3476 vera
3104 3435 3365 3484 narrare,
3400 3429 3455 3474 et
3475 3420 3635 3490 spirio

2054 3516 2274 3571 tualiter
2298 3525 2354 3571 et
2382 3513 2761 3585 corporaliter,
2793 3514 2885 3568 ubi
2918 3512 3137 3576 liceret;
3176 3512 3268 3566 ubi
3309 3520 3491 3568 autem
3524 3527 3631 3566 non

2051 3608 2405 3676 contingebat
2456 3617 2767 3675 utrumque,
2817 3620 2933 3660 rem
2990 3604 3251 3673 praeferre
3291 3602 3631 3672 spiritualem

2055 3702 2135 3756 rei
2182 3714 2483 3769 corporeae,
2522 3706 2735 3754 servata
2789 3710 2935 3765 saepe
2980 3696 3211 3749 veritate
3259 3693 3529 3763 spirituali
3580 3693 3633 3747 in

2054 3789 2354 3860 corporali,
2401 3796 2461 3842 ut
2500 3787 2700 3857 aliquis
2734 3785 2977 3850 diceret,
3016 3784 3321 3841 mendacio.
3355 3783 3631 3850 Quemad-

2054 3882 2272 3936 modum
2305 3878 2352 3935 si
2390 3878 2555 3933 etiam
2602 3893 2668 3932 ex
2724 3876 2949 3933 historia
2987 3875 3299 3930 diceremus
3344 3873 3519 3930 Jacob
3549 3872 3633 3928 di-

2054 3981 2265 4029 centem
2291 3972 2476 4028 Isaac:
2531 3988 2550 4023 ι
2584 3969 2695 4041 Ego
2721 3985 2839 4025 sum
2880 3968 3023 4023 Esau
3064 3967 3458 4038 primogenitus
3508 3977 3634 4021 tuus

2058 4063 2292 4132 illius",
2326 4080 2346 4116 ι
2383 4062 2677 4119 secundum
2723 4060 3057 4115 intellectum
3101 4058 3319 4129 quidem
3369 4058 3632 4129 spiritua-

2055 4155 2160 4211 lem
2191 4169 2442 4210 narrasse
2465 4167 2594 4210 vera
2627 4152 2969 4224 (participem
3003 4151 3206 4207 factum
3236 4150 3634 4220 primogenitu-

2056 4262 2276 4315 rarum,
2315 4262 2436 4317 quae
2491 4246 2544 4301 in
2580 4245 2748 4301 fratre
2793 4243 2905 4316 jam
2960 4244 3272 4315 perierant,
3303 4252 3359 4299 et
3417 4251 3632 4312 recepta

2056 4336 2229 4392 forma
2255 4345 2309 4392 et
2340 4336 2510 4406 figura
2564 4336 2708 4391 Esau
2757 4346 2992 4389 externa
3025 4350 3120 4405 per
3144 4342 3351 4388 vestem
3387 4332 3631 4386 hasdina-

367 4434 523 4507 Τάχα
546 4436 656 4509 γὰρ
683 4437 734 4489 εἰ
781 4436 854 4509 μὴ
888 4436 1154 4509 ηὑλόγητο
1196 4432 1390 4489 Ἰακὼϐ
1419 4435 1494 4498 ὡς
1534 4433 1727 4498 Ἠσαῦ,
1758 4434 1857 4488 οὐκ
1882 4433 1949 4487 ἂν

2057 4443 2174 4483 rum
2205 4428 2477 4501 pellium),
2522 4436 2687 4498 atque
2735 4425 2940 4482 factum
2974 4426 3117 4481 Esau
3171 4424 3292 4479 sine
3333 4438 3466 4478 voce
3519 4422 3634 4478 lau-

367 4528 491 4584 οὐδέ
530 4530 700 4584 Ἦσαῦ
724 4530 846 4585 καθ’
874 4530 1064 4584 ἐαυτὸν
1086 4527 1337 4593 δέξασθαι
1355 4528 1454 4599 τὴν
1478 4527 1726 4607 εὐλογίαν
1756 4522 1867 4593 οἶός
1888 4546 1947 4582 τε

364 4616 458 4690 ἦν.
481 4620 594 4675 Καὶ
624 4624 654 4675 6
691 4619 900 4692 Ἰησοῦς
937 4620 1119 4674 τοίνυν
1149 4619 1318 4674 πολλά
1347 4622 1464 4672 ἐστι
1511 4622 1631 4683 ταῖς
1661 4621 1949 4685 ἐπινοίαις,

366 4706 445 4767 ὧν
463 4714 714 4768 ἐπινοιῶν
729 4714 877 4778 εἰκὸς
896 4714 1021 4777 τοὺς
1035 4710 1422 4783 εὐαηελιπὰς
1436 4711 1725 4783 διαφόρους
1743 4712 1949 4776 ἐννοίας

366 4804 763 4876 λαμϐάνοντας,
789 4804 901 4859 ἐσθ’
932 4805 1021 4859 ὅτε
1044 4804 1140 4858 καὶ
1161 4802 1604 4875 συμφερομένους
1631 4799 1946 4872 ἄλλους(76)

366 4896 498 4967 περί
529 4914 693 4952 τινων
720 4896 1159 4970 ἀναγεγραφέναι
1186 4894 1254 4949 τὰ
1276 4893 1602 4964 Εὐαγγέλιαο
1622 4887 1731 4946 οἷον
1751 4891 1948 4964 ἀληθὲς

366 4991 542 5043 εἰπεῖν
571 4992 663 5055 τὰ,
687 4991 763 5056 ὡς
795 4991 935 5064 πρὸς
955 4991 1054 5063 τὴν
1094 4988 1260 5054 λέξιν,
1299 4986 1648 5056 ἀντικείμενα
1687 4984 1817 5055 περί
1850 4983 1944 5037 τοῦ

368 5082 572 5154 Κυρίου
604 5083 783 5157 ἡμῶν,
818 5085 897 5138 ὅτι
937 5084 1159 5154 γέγονεν
1186 5081 1252 5135 ἐκ
1284 5077 1477 5146 Δαυῖδ,
1510 5079 1607 5133 καὶ
1634 5078 1695 5131 οὐ
1724 5076 1944 5147 γέγονεν

438 5174 489 5207 ⁷⁸
516 5174 657 5232 Gen.
686 5191 863 5241 xxv",
904 5177 992 5234 19.

438 5298 558 5370 (7|)
602 5300 672 5356 Ἡ
716 5300 829 5370 διὰ,
860 5301 1091 5367 εἰκόνος
1138 5297 1446 5370 ἱστορικῆς
1492 5297 1648 5370 πρός
1693 5311 1829 5370 τινα
1843 5295 1952 5370 -.τὰ

370 5362 516 5448 ὄντα
540 5362 950 5448 ’παραστῆσαι
977 5362 1439 5448 πρᾶχματᾷηδῖὁ
1462 5362 1585 5448 coit.
1614 5362 1802 5448 Βολιιά
1843 5362 1951 5418 Re-

368 5445 492 5509 gius
522 5440 806 5513 perperam
833 5440 1030 5523 habet,
1082 5440 1190 5495 ἴδια
1219 5440 1430 5504 εἰκόνος
1474 5440 1754 5510 ἱστορικῆς
1779 5450 1949 5506 προσ-

371 5515 546 5563 unum
575 5513 703 5563 ὄντα
734 5529 1086 5563 παραστησαι
1115 5512 1184 5563 τὰ
1214 5510 1533 5563 πράγματα.

371 5515 546 5569 θοιτὸν
575 5513 703 5567 ὄντα
734 5513 1086 5636 sumam-ﬁdat.
1115 5513 1184 5566 τὰ
1214 5513 1533 5592 πράγματα.
1559 5579 1571 5593 .
1630 5577 1641 5591 ο
1931 5574 1942 5586 ⁸

386 5654 391 5655 ί
444 5583 790 5655 (nimum
871 5624 885 5639 .
919 5584 1144 5639 Videtur
1170 5580 1519 5637 scribendum
1548 5578 1831 5640 αδυνατον,
1867 5583 1943 5630 uti

382 5653 512 5721 legit
540 5653 844 5708 Ferrarius.

449 5717 562 5797 (75)
600 5722 824 5795 Λόγων.
854 5722 1085 5781 Omnino
1114 5721 1458 5780 scribendum
1486 5727 1569 5776 cst
1591 5717 1761 5788 )έγοι.

2052 4522 2219 4576 dante
2244 4520 2447 4587 Deum,
2505 4529 2564 4575 ttt
2611 4520 2809 4576 deinde
2858 4520 3037 4574 locum
3076 4518 3357 4573 inveniret
3391 4515 3531 4571 Esau
3567 4516 3635 4570 ad

2054 4612 2487 4669 benedictionem
2517 4612 2979 4681 consequendam.
3014 4610 3147 4663 Nam
3169 4608 3421 4672 fortasse,
3450 4610 3504 4664 ni
3534 4610 3635 4665 be~

2054 4704 2309 4761 nedictus
2335 4704 2527 4761 fuisset
2557 4704 2728 4761 Iacob
2763 4714 3019 4774 tanquam
3052 4703 3215 4766 Esau,
3251 4716 3324 4758 ne
3350 4701 3489 4757 Esau
3514 4701 3636 4769 qui-

2055 4796 2178 4852 dem
2220 4812 2421 4867 caperc
2451 4797 2722 4866 quivisset
2769 4811 2838 4852 ex
2872 4810 2935 4852 se
2986 4794 3445 4851 benedictionem.
3477 4790 3635 4849 Iesus

2056 4888 2219 4960 igitur
2244 4888 2414 4944 multa
2430 4897 2512 4944 est
2530 4889 2825 4945 secundum
2844 4892 3028 4944 varias
3051 4888 3322 4953 notiones,
3341 4901 3404 4942 ex
3438 4885 3635 4954 quibus

2050 4981 2335 5051 probabile
2359 4991 2446 5037 est
2478 4982 2839 5052 evangelistas
2867 4982 3118 5038 notiones
3141 4986 3421 5036 sumentes
3450 4975 3632 5029 diver-

2049 5088 2141 5131 sas
2156 5116 2172 5143 ,
2201 5074 2472 5133 interdum
2495 5075 2659 5132 etiam
2687 5078 2824 5132 alias
2845 5075 2912 5131 de
2935 5070 3258 5145 quibusdam
3286 5066 3635 5125 consentien-

2125 5288 2236 5361 (74)
2288 5287 2382 5361 Ὧς
2408 5287 2545 5361 περὶ
2572 5283 2893 5355 αἰσθητῶν.
2943 5280 3109 5339 Forte
3140 5277 3488 5336 scribendum
3531 5272 3637 5328 ὡσ-

2053 5358 2225 5429 περεὶ.
2241 5358 2527 5429 αἰσθητόν,
2549 5368 2654 5429 etc.

2122 5378 2845 5553 {fsaéﬁlgfvhgdiemnua
2872 5421 3071 5479 οὑτωσὶ
3112 5416 3589 5489 ἀπαγγελλόμενον
3610 5430 3628 5447 ο

2122 5527 2135 5553 ι
2155 5516 2223 5553 ex
2256 5498 2475 5553 Regius.
2507 5497 2667 5553 male.
2692 5494 2865 5553 οὕτως
2904 5496 2953 5548 εἰ
2986 5489 3473 5553 ἐπαγγελλόμενον.
3506 5486 3624 5542 Mox

2051 5486 2229 5557 codex,
2256 5498 2475 5567 Regius,
2507 5497 2667 5559 male,
2692 5486 2865 5560 οὕτως
2904 5496 2953 5548 εἰ
2986 5486 3473 5567 ἐπαγγελλόμενον.
3506 5486 3624 5542 Mox

2049 5571 2217 5626 codex
2252 5560 2597 5632 Bodleianus,
2640 5576 2808 5632 recte,
2839 5560 3226 5637 πεποιηκέναι,
3268 5560 3489 5632 Regius,
3522 5576 3623 5610 πε-

2053 5639 2349 5695 πονηκέναι
2360 5680 2371 5691 .

2119 5698 2235 5785 (πῖ)
2278 5711 2548 5779 Ἄλλους.
2585 5707 2941 5767 Scribendum
2977 5705 3188 5763 videtur
3216 5698 3484 5772 ἀλλήλοες.
