3962 6206
428 310 535 365 315
1868 310 2017 368 Οιῖῐίέ

2130 309 2193 365 IS
3567 302 3679 360 3M

432 435 515 481 tes
540 424 830 496 scripsisse
856 426 1168 495 Evangelia.
1202 426 1367 483 Verbi
1401 427 1606 499 gratia:
1644 428 1842 484 Verum
1891 437 1994 493 est,

2121 422 2164 480 at
2189 426 2373 480 Δαυῖδ.
2412 424 2633 498 Ἀληθὲς
2666 424 2763 496 μὲν
2791 424 2902 496 γὰρ
2927 422 3009 489 τδ,
3046 424 3268 492 γέγονεν
3299 421 3364 474 ἐκ
3386 417 3553 473 Δαυῒδ
3578 420 3679 489 (ὡς

430 518 576 586 quod
606 519 673 573 ad
702 528 904 572 textum
927 519 1140 583 attinet,
1162 519 1439 574 contraria
1469 520 1653 575 dicere
1678 520 1745 574 de
1768 520 1999 575 Domino

2121 518 2195 572 ιαὶ
2214 519 2243 571 ὁ
2282 514 2602 579 Ἀπόστολός
2632 530 2784 585 φησιο
2823 533 2841 565 ι
2881 512 2975 567 τοῦ
3006 510 3299 584 γενομένου
3325 513 3387 564 ἐκ
3418 509 3678 582 σπέρμα-

433 619 641 676 nustro,
691 624 884 679 nempe
933 623 1057 664 eum
1101 612 1342 680 genitum
1370 627 1435 667 ex
1468 612 1655 675 David,
1684 622 1737 666 et
1770 627 1876 667 non
1911 626 2003 683 ge-

433 700 603 754 nitum
630 714 694 752 cx
724 700 910 754 David.
951 699 1146 755 Verum
1202 703 1404 757 etenim
1448 712 1533 757 est
1570 704 1809 771 genitum
1836 703 2003 760 fuisse

435 805 504 843 cx
535 789 700 844 David
743 790 827 860 (ut
864 792 1027 847 etiam
1055 793 1345 863 Apostolus
1391 794 1667 864 inquit":
1706 813 1726 846 ι
1758 795 2002 864 genitum

435 898 501 938 cx
536 884 745 940 semine
773 886 941 941 David
971 889 1267 943 secundum
1305 888 1589 959 carnem),
1631 890 1676 944 si
1713 891 1779 945 ad
1809 903 2005 959 corpus

437 974 605 1043 ipsius
648 975 981 1044 referamus;
1015 978 1209 1033 falsum
1253 989 1432 1036 autem
1466 979 1569 1036 hoc
1608 982 1784 1051 ipsum
1817 990 1922 1046 est,
1959 981 2005 1035 si

435 1067 504 1122 de
540 1068 807 1125 diviniore
867 1069 1036 1140 ipsius
1092 1072 1332 1141 potentia
1392 1072 1820 1130 intellexerimus
1879 1087 2003 1128 eum

436 1158 677 1227 genitum
716 1159 882 1215 fuisse
912 1175 981 1215 ex
1014 1164 1220 1217 semine
1250 1162 1438 1218 David.
1486 1163 1805 1219 Deciaratus
1843 1179 2004 1217 nam-

437 1263 544 1316 que
597 1249 766 1306 Filius
813 1252 904 1307 Dei
959 1251 1061 1307 fuit
1100 1267 1223 1308 cum
1252 1255 1491 1323 potentia
1537 1255 1605 1307 ⁷⁸.
1641 1254 1707 1309 Et
1758 1254 2010 1309 fortassis

440 1339 581 1397 hanc
632 1342 701 1399 ob
756 1358 975 1398 causam
1003 1354 1203 1399 sach
1231 1347 1527 1415 prophetiae
1562 1345 1852 1415 aliquoties
1880 1362 2005 1400 eum

438 1444 686 1501 servum,
719 1433 1002 1505 aliquoties
1040 1445 1220 1491 autem
1272 1452 1395 1492 eum
1431 1436 1629 1492 Filium
1675 1437 2008 1507 praedicant;

441 1536 659 1579 servum
692 1526 908 1595 quidem
940 1536 1162 1597 propter
1206 1530 1349 1583 servi
1389 1530 1620 1584 formam
1642 1566 1658 1593 ,
1698 1536 1752 1584 et
1781 1529 1905 1598 quia
1943 1543 2009 1583 ex

443 1611 680 1679 Davide;
729 1615 927 1671 Filium
954 1633 1083 1673 vero
1121 1618 1216 1674 Dei
1266 1630 1491 1690 propter
1515 1621 1812 1691 potentiam
1854 1636 2008 1675 suam

443 1704 892 1776 primogenitam:
923 1710 1004 1765 sic
1035 1726 1221 1766 verum
1253 1720 1334 1767 est
1359 1713 1542 1767 dicere
1579 1727 1700 1767 eum
1736 1711 2009 1769 hominem

2097 626 2188 674 τος
2209 608 2370 663 Δαυτδ
2392 609 2532 663 κατὰ
2560 608 2736 679 σάρκα
2774 606 2840 678 ι),
2867 608 2918 659 εἰ
2946 606 3008 659 τὸ
3042 602 3352 676 σωματικὸν
3390 600 3557 656 αὑτοῦ
3582 601 3685 654 ὲκ-

2103 701 2370 773 λάὃομεν·
2392 700 2585 772 ψευδὲς
2611 701 2667 753 δὲ
2689 699 2822 755 αὐτὸ
2845 697 3025 763 τοῦτο,
3064 699 3115 751 εί
3146 697 3237 751 ἐπὶ
3262 695 3365 765 τῆς
3397 693 3683 764 θειοτέρας

2099 795 2379 866 δυνάμεως
2409 792 2677 864 ἀκούομεν
2714 791 2775 844 τὸ
2812 790 3092 859 γεγονέναι
3133 787 3293 841 αὑτὸν
3324 788 3389 839 ὲκ
3422 783 3681 855 σπέρμα-

2101 904 2190 951 τος
2225 884 2404 939 Δαυῖδ·
2438 883 2644 956 ὡρίσθη
2684 883 2792 954 γὰρ
2829 881 2957 945 Υίδς
2999 878 3133 933 Θεοῦ
3184 880 3241 932 ὲν
3269 877 3517 947 δυνάμει.
3571 875 3687 931 Καὶ

2101 977 2241 1048 τάχα
2260 977 2349 1032 διὰ
2370 975 2528 1030 τοῦτο
2546 977 2602 1029 αἱ
2633 977 2784 1045 ἀγιαι
2821 974 3146 1046 προφητεῖαι
3176 971 3309 1023 ὅπου
3346 969 3445 1039 μὲν
3472 966 3683 1032 δοῦλον,

2103 1071 2241 1124 ὅπου
2266 1068 2324 1122 δὲ
2354 1068 2481 1122 Υίὸν
2505 1067 2667 1122 αὑτὸν
2700 1064 3113 1138 ἀναγορεύουσι’
3140 1061 3331 1117 δοῦλον
3352 1061 3451 1131 μὲν
3476 1058 3567 1113 διὰ
3584 1058 3687 1130 τὴν

2105 1161 2292 1217 δούλου
2316 1161 2549 1233 μορφὴν,
2570 1160 2665 1215 καὶ
2703 1159 2794 1213 τὸν
2816 1160 2881 1212 ὲκ
2911 1157 3225 1228 σπέρματος
3254 1151 3445 1207 Δαυῖδδ
3469 1152 3603 1206 Υιδν
3626 1151 3695 1205 δὲ

2106 1251 2240 1305 Θεοῦ
2256 1250 2400 1305 κατὰ
2417 1252 2528 1323 (77)
2553 1250 2650 1323 τὴν
2674 1249 3020 1322 πρωτότοκον
3037 1245 3203 1301 αὑτοῦ
3231 1244 3480 1317 δύναμιν·
3510 1243 3689 1308 alia»;

2108 1344 2268 1397 αὐτὸν
2321 1342 2519 1412 ἀληθὲς
2561 1344 2733 1396 εἰπεῖν
2765 1341 3070 1413 ἄνθρωπον,
3100 1338 3194 1392 καὶ
3240 1338 3341 1391 οὐκ
3373 1335 3689 1408 ἀνθρωπονο

2109 1434 2394 1506 ἄνθρωπον
2428 1434 2569 1489 κατὰ
2610 1434 2671 1488 τὸ
2699 1434 2929 1489 θανάτου
2952 1431 3220 1486 δεκτικόνο
3248 1430 3350 1483 οὐκ
3392 1427 3688 1497 ἄνθρωπον

2108 1523 2167 1578 δὲ
2203 1523 2347 1577 κατά
2384 1524 2449 1578 τὸ
2496 1522 2782 1595 ἀνθρώπου
2815 1521 3106 1594 θειότερον.
3160 1517 3303 1588 Ἐγὼ
3329 1517 3375 1572 δ’
3398 1512 3556 1589 οἶμαι
3587 1516 3690 1570 καὶ

2109 1615 2200 1670 τὸν
2244 1613 2546 1687 Μαρκίωνα
2590 1613 2700 1685 (78)
2746 1610 3220 1684 παρεκδεξάμενον
3252 1610 3430 1678 ὑγιεῖς
3469 1607 3693 1677 λόγους,

2112 1705 2407 1761 ἀθετοῦντα
2460 1705 2624 1760 αὑτοῦ
2661 1703 2760 1776 τὴν
2792 1705 2859 1759 ὲκ
2890 1703 3107 1777 Μαρίας
3131 1702 3366 1773 γένεσιν,
3419 1698 3564 1755 κατά
3592 1699 3699 1772 τὴν

445 1808 500 1853 et
534 1813 642 1853 non
673 1798 974 1854 hominem:
1011 1801 1283 1856 hominem
1314 1802 1563 1872 quidem,
1597 1811 1824 1872 propter
1879 1803 2010 1858 ξιιυά

2121 1795 2264 1851 θείαν
2286 1794 2447 1849 αὑτοῦ
2471 1794 2629 1866 φύσιν
2649 1793 3049 1864 ἀποφήνασθαι,
3069 1793 3145 1856 ὡς
3165 1790 3274 1864 ἄρα
3299 1791 3402 1845 οὐκ
3426 1788 3696 1861 ἐγεννήθη

440 1892 582 1958 quod
618 1891 808 1945 mortis
843 1901 928 1946 est
975 1906 1184 1961 capax;
1234 1903 1493 1949 caaterum
1544 1909 1651 1949 non
1706 1894 2008 1960 hominem,

441 1989 663 2050 propter
690 1981 821 2037 illud
861 1985 1006 2054 quod
1037 1984 1255 2041 homine
1279 1994 1362 2041 est
1392 1984 1647 2041 divinius.
1681 1986 1795 2057 Ego
1829 1996 2010 2042 autem

444 2072 679 2127 arbitror
716 2074 879 2129 etiam
940 2075 1269 2133 Marcionem
1312 2085 1656 2147 respuentem
1710 2078 2012 2135 doctrinam

441 2166 650 2230 sanam,
682 2171 737 2218 et
766 2165 1098 2235 rejirientem
1127 2168 1296 2237 ipsius
1315 2182 1382 2223 ex
1404 2168 1573 2223 Maria
1600 2179 1801 2236 ortum,
1839 2184 2016 2226 enun-

443 2250 609 2308 tiasse
636 2266 757 2307 eum
785 2254 940 2325 juxta
971 2256 1210 2312 divinam
1238 2267 1489 2313 naturam
1521 2260 1763 2328 genitum
1795 2275 1861 2316 ex
1894 2260 2012 2316 Ma-

443 2344 522 2399 ria
559 2361 664 2401 non
692 2345 892 2415 fuisse,
938 2356 999 2404 ‘ct
1050 2350 1189 2405 hanc
1224 2351 1293 2405 ob
1340 2366 1557 2407 causam
1610 2366 1802 2407 ausum
1849 2352 2015 2410 fuisse

443 2433 624 2489 delere
657 2435 757 2490 hos
786 2436 933 2493 locos
960 2453 1025 2493 ex
1059 2438 1374 2508 Evangelia;
1418 2441 1507 2495 cui
1537 2440 1720 2496 simile
1752 2442 2011 2511 quiddam

444 2524 592 2594 passi
626 2524 794 2580 fuisse
829 2526 881 2580 hi
922 2526 1172 2582 videntur
1194 2528 1283 2598 qui
1311 2529 1463 2583 illius
1489 2528 1882 2585 humanitatem
1912 2533 2012 2586 tol-

442 2612 593 2681 lunt,
646 2614 817 2670 solam
867 2616 1014 2672 illius
1041 2617 1381 2673 divinitatem
1425 2620 1800 2687 admittentes,
1854 2624 2016 2696 ιω

441 2706 717 2777 atque-his
745 2709 1027 2773 contrarii,
1051 2710 1142 2779 qui
1174 2709 1515 2765 divinitatem
1543 2711 1659 2782 ejus
1699 2712 2013 2781 obliterant,

446 2799 721 2855 hominem
764 2816 886 2854 eum
926 2801 1204 2856 hominum
1254 2803 1498 2858 omnium
1550 2803 1914 2874 juStissitnum
1962 2815 2018 2862 et

442 2892 854 2949 sanctissimum
885 2892 1041 2951 fassi.
1083 2894 1221 2962 Quin
1259 2896 1349 2966 qui
1409 2896 1761 2953 introducunt
1806 2899 2018 2969 opinio-

443 2999 569 3039 nem
600 2986 725 3056 quia
761 3002 864 3041 non
904 2986 1271 3043 intellexerint
1312 3003 1436 3044 eum
1480 2991 1572 3060 qui
1620 3010 1640 3043 ι
1672 2991 1912 3059 seipsum
1947 2993 2014 3046 ad

445 3087 677 3132 mortem
703 3093 876 3149 usque
902 3078 1211 3134 humiliavit
1231 3078 1492 3137 obediens
1525 3081 1706 3138 factus
1742 3097 1916 3154 usque
1948 3083 2014 3138 ad
2042 3119 2085 3179 ο

445 3183 669 3225 crucem
714 3170 784 3237 ⁷⁷,
815 3186 836 3220 ι
874 3178 934 3226 et
958 3170 1128 3225 solam
1164 3171 1284 3242 ejus
1317 3186 1435 3226 eam
1466 3183 1674 3239 partem
1694 3214 1710 3239 ,
1738 3188 1859 3244 quae
1895 3188 2020 3244 per-

449 3258 847 3314 turbationibus
867 3268 1041 3326 vacat,
1062 3274 1291 3331 quaeque
1319 3263 1569 3332 superior
1592 3272 1676 3319 est
1704 3265 1899 3334 quovis
1925 3265 2019 3320 tali

446 3365 578 3408 casu
605 3350 1076 3422 imaginaverunt,
1132 3366 1232 3420 pro
1258 3352 1402 3408 virili
1440 3366 1540 3409 sua
1578 3369 1644 3410 eo
1673 3355 1893 3413 homine
1926 3357 2018 3427 qui

449 3442 727 3499 hominum
756 3442 1001 3498 omnium
1038 3442 1458 3514 sitjustissimus
1483 3483 1500 3507 ,
1544 3445 1760 3514 privare
1791 3462 1893 3502 nos
1923 3462 2022 3503 vo-

446 3537 589 3602 lunt,
619 3536 714 3607 qui
738 3549 845 3591 non
867 3549 1156 3607 possumus
1178 3549 1276 3605 per
1308 3535 1483 3606 ipsum
1511 3537 1749 3592 servari:
1787 3546 1845 3592 ut
1870 3532 2017 3595 enim

454 3642 476 3678 α
511 3640 610 3697 per
638 3640 807 3682 unum
843 3626 1118 3680 hominem
1162 3639 1344 3690 mors,
1379 3643 1401 3679 ι
1447 3625 1527 3681 sic
1555 3634 1610 3681 et
1665 3643 1685 3679 t
1724 3641 1819 3698 per
1855 3644 2017 3684 unum

451 3716 724 3775 hominem
764 3737 785 3771 ι
814 3717 939 3775 vita:
959 3716 1280 3787 justiﬁeatio
1309 3717 1377 3775 ⁷⁸.
1424 3716 1612 3789 Neque
1634 3720 1780 3775 enim
1815 3721 2022 3775 utilita-

449 3818 561 3866 tem
590 3810 1026 3882 percepissemus
1056 3824 1120 3865 ex
1141 3808 1277 3864 Filio
1296 3809 1413 3874 Dei,
1437 3810 1506 3875 si,
1534 3820 1749 3866 remoto
1774 3812 2019 3880 homine,

452 3902 577 3957 talis
623 3911 765 3957 esset
815 3900 990 3970 qualis
1031 3909 1152 3954 erat
1205 3900 1259 3954 in
1308 3900 1574 3969 principio
1616 3904 1756 3971 apud
1803 3901 2022 3958 Patrem

453 3992 653 4056 Deum,
688 4005 862 4059 neque
896 3992 1170 4046 hominem
1198 3993 1618 4063 assumpsisset,
1647 3994 1739 4064 qui
1777 3995 2019 4051 omnium

451 4082 662 4153 primus
696 4089 751 4135 et
777 4079 1031 4135 omnibus
1056 4083 1447 4149 honorabilior,
1481 4098 1546 4138 ac
1585 4083 1740 4153 longe
1769 4086 2022 4143 omnibus

446 4172 646 4244 purior
674 4171 880 4227 valeret
907 4171 1080 4242 ipsum
1111 4187 1338 4243 capere;
1379 4183 1500 4244 post
1524 4188 1684 4244 quem
1721 4178 2019 4246 poterimus

454 4264 826 4334 unusquisque
854 4273 1099 4321 nostrum
1132 4273 1339 4321 tantum
1367 4280 1432 4321 ac
1449 4266 1633 4330 talem,
1661 4267 1842 4337 qualis
1870 4278 2016 4336 erat,

2113 1887 2180 1940 ὲκ
2206 1885 2445 1958 Μαρίας,
2479 1885 2575 1940 καὶ
2612 1883 2700 1938 διὰ
2726 1884 2886 1937 τοῦτο
2912 1882 3304 1955 τετολμηκέναι
3350 1878 3699 1953 περιγράψαι

2111 1976 2333 2040 τούτους
2378 1977 2506 2040 τοὺς
2540 1974 2742 2039 τόπους
2772 1974 2880 2028 ἀπὸ
2911 1974 3004 2028 τοῦ
3030 1972 3385 2042 Εὐαγγελίουο
3418 1963 3463 2040 ᾧ
3510 1986 3697 2042 παρα-

2113 2069 2339 2141 πλήσιον
2373 2067 2694 2122 πεπονθέναι
2721 2067 3000 2136 φαίνονται
3037 2067 3087 2119 οἱ
3130 2062 3482 2149 ἀναιροῦντες
3525 2058 3698 2115 αὐτοῦ

2112 2162 2212 2234 τὴν
2234 2160 2330 2216 ἀνθ
2339 2160 2645 2233 ρωπότητα,
2662 2159 2758 2214 καὶ
2777 2159 2942 2230 μόνην
2962 2157 3128 2212 αὑτοῦ
3152 2155 3252 2228 τὴν
3277 2154 3507 2227 θεότητα
3524 2169 3701 2225 παρα-

2112 2253 2415 2326 δεξάμενοι,
2462 2252 2517 2305 οἴ
2552 2269 2613 2306 τε
2657 2251 2866 2314 τούτοις
2912 2249 3166 2313 ἐναντίοι,
3204 2246 3299 2301 καὶ
3337 2247 3434 2318 τὴν
3464 2245 3701 2317 θεότητα

2114 2344 2279 2401 αὑτοῦ
2305 2343 2764 2417 περιγράψαντες,
2790 2343 2883 2397 τὸν
2902 2342 2960 2396 δὲ
2985 2341 3272 2413 ἄνθρωπον
3302 2338 3378 2402 ὡς
3400 2337 3555 2405 ἅγιον
3604 2337 3702 2390 καὶ

2114 2437 2452 2492 δικαιότατον
2485 2437 2701 2492 πάντων
2741 2433 3042 2506 ἀνθρώπων
3085 2431 3531 2504 ὁμολογήσαντες.
3582 2428 3705 2480 Καὶ

2114 2533 2165 2585 οἱ
2214 2531 2312 2603 τὴν
2363 2531 2584 2601 δόκησιν
2623 2527 2681 2581 δὲ
2725 2527 3055 2596 εἰσάγοντες,
3096 2541 3127 2575 ι
3148 2522 3239 2577 τὸν
3281 2516 3704 2575 ταπεινώσαντα

2115 2626 2278 2681 αὑτὸν
2323 2625 2485 2699 μέχρι
2525 2624 2777 2686 θανάτου,
2826 2620 2920 2675 καὶ
2950 2618 3188 2690 ὑπήκοον
3209 2614 3494 2685 γενόμενον
3534 2612 3705 2684 μέχρι

2118 2716 2354 2788 σταυροῦ
2395 2737 2413 2770 ι
2466 2715 2540 2788 μὴ
2596 2715 2910 2787 νοήσαντες,
2965 2709 3123 2781 μόνον
3165 2708 3225 2762 δὲ
3274 2706 3339 2760 τὸ
3380 2703 3590 2783 ἀπαθὲς
3638 2701 3705 2755 τὸ

2116 2812 2363 2881 κρεῖττον
2387 2808 2585 2873 παντὸς
2603 2806 2843 2861 τοιούτου
2858 2801 3263 2875 συμπτώματος
3278 2795 3701 2871 φαντασθέντες,

2118 2904 2440 2976 ἀποστερεῖν
2491 2902 2638 2973 ἡμᾶς
2679 2899 2742 2953 τδ
2781 2898 2903 2952 ὅσον
2955 2895 3040 2964 ἐφ’
3088 2895 3299 2957 ἑαυτοῖς
3341 2890 3559 2945 θέλουσι
3598 2886 3700 2941 τοῦ

2119 2994 2336 3049 πάντων
2387 2992 2689 3065 ἀνθρώπων
2731 2988 3072 3044 δικαιοτάτου
3107 2982 3419 3057 ἀνθρώπου,
3446 2984 3510 3037 οὐ
3536 2981 3705 3035 δυνα-

2124 3086 2318 3158 μένους
2342 3085 2410 3139 δι’
2439 3083 2649 3139 ἐκείνου
2690 3079 2958 3147 σώζεσθαι
2994 3077 3128 3150 (79)·
3157 3077 3234 3142 ὡς
3266 3074 3378 3148 γὰρ
3411 3095 3430 3127 ι
3477 3073 3544 3128 δι’
3577 3071 3709 3138 ἑνὸς

2118 3176 2404 3248 ἀνθρώπου
2437 3177 2466 3230 ό
2504 3175 2753 3240 θάνατος,
2779 3172 2951 3236 οὕτως
2986 3171 3080 3226 καὶ
3104 3170 3172 3223 δι’
3203 3169 3322 3232 ἑνὸς
3347 3165 3639 3238 ἀνθρώπου
3676 3184 3699 3216 ι

2119 3271 2155 3341 ἡ
2187 3270 2286 3341 τῆς
2327 3267 2475 3339 ζωῆς
2499 3267 2797 3329 δικαίωσις.
2845 3264 2961 3319 Οὐκ
2991 3262 3057 3317 ἂν
3087 3261 3256 3334 χωρὶς
3284 3259 3380 3314 τοῦ
3412 3257 3706 3331 ἀνθρώπου

2121 3356 2485 3430 χωρησάντων
2508 3355 2664 3427 ἡμῶν
2693 3354 2792 3427 τὴν
2824 3354 2931 3408 ἀπὸ
2955 3352 3049 3407 τοῦ
3080 3352 3239 3420 λόγου
3265 3349 3555 3420 ὠφέλειαν,
3600 3348 3705 3419 μέ-

2121 3465 2303 3513 νοντος
2328 3450 2510 3512 ὁποῖος
2538 3442 2609 3520 ἦν
2635 3447 2735 3518 τὴν
2771 3445 2945 3519 ἀρχὴν
2980 3444 3118 3517 πρὸς
3154 3443 3249 3498 τὸν
3281 3441 3505 3515 Πατέρα
3542 3440 3704 3507 Θεὸν,

2124 3541 2220 3596 καὶ
2260 3539 2336 3612 μὴ
2395 3538 2755 3603 ἀναλαϐόντος
2807 3538 2917 3610 (80)
2977 3536 3285 3609 ἄνθρωπον,
3338 3534 3430 3589 τὸν
3480 3533 3706 3587 πάντων

2128 3629 2363 3702 πρῶτον,
2398 3629 2493 3682 καὶ
2524 3627 2742 3682 πάντων
2768 3626 3112 3699 τιμιώτερον,
3137 3627 3231 3681 καὶ
3257 3625 3474 3679 πάντων
3502 3622 3709 3694 μᾶλλον

2127 3719 2506 3793 καθαρώτερον
2537 3719 2698 3773 αὐτὸν
2740 3719 2989 3791 χωρῆσαι
3023 3717 3338 3789 δυνάμενονο
3379 3715 3496 3788 μεθ’
3524 3714 3583 3769 ὃν
3611 3716 3711 3769 καὶ

2126 3816 2287 3885 ἡμεῖς
2304 3810 2559 3887 δέξασθαι
2581 3806 2683 3866 οἷοί
2708 3828 2767 3866 τε
2793 3812 2954 3867 αὐτὸν
2984 3810 3241 3883 ἐσόμεθα,
3260 3811 3489 3874 ἕκαστος
3518 3807 3712 3862 τοσοῦ-

2128 3922 2218 3961 τον
2245 3904 2339 3959 καὶ
2355 3904 2614 3965 τοιοῦτον,
2645 3905 2827 3968 ὁποῖος
2848 3898 2937 3975 ἦν,
2969 3901 3118 3973 αὑτῷ
3148 3900 3404 3973 ποιοῦμεν
3424 3899 3518 3955 καὶ
3546 3899 3713 3969 πηλί-

2121 4019 2223 4075 κην
2251 3999 2433 4074 χώραν
2464 4000 2575 4072 (81)
2604 4001 2663 4053 ὲν
2687 4001 2752 4071 τῇ
2782 3998 2926 4071 ψυχῇ
2955 3996 3131 4070 ἡμῶν.
3161 3996 3345 4051 Ταῦτα
3374 3995 3431 4049 δέ
3468 4011 3557 4066 μοι
3587 3993 3705 4063 (82)

2119 4094 2297 4149 πάντα
2311 4094 2521 4167 εἴρηται
2543 4091 2645 4162 τῆς
2665 4091 3069 4163 ἐμφαινομένης
3083 4090 3376 4160 διαφωνίας
3397 4088 3505 4143 τῶν
3522 4087 3708 4157 Εὐαγο

2120 4185 2318 4252 γελίων
2349 4184 2698 4257 παραστῆσαι
2731 4182 2936 4238 θέλοντι
2961 4182 3065 4255 ὁδῷ
3090 4182 3190 4254 τῆς
3214 4179 3588 4254 πνευματικῆς
3613 4181 3710 4237 ὲκ·
3816 4186 3831 4203 ’

2121 4276 2305 4349 δοχῆς.

451 4360 631 4431 ipsum
670 4362 938 4427 capere,
1013 4358 1060 4414 si
1133 4357 1313 4413 locum
1368 4358 1724 4429 magnitudini
1782 4360 1900 4429 ejus
1959 4370 2370 4426 convenientem
2419 4371 2473 4426 in
2536 4370 2722 4425 anima
2774 4379 2961 4426 nostra
3005 4368 3515 4440 prmparaverimus.
3569 4362 3702 4421 Haec

453 4465 637 4512 autem
678 4455 862 4512 omnia
905 4455 1039 4511 mihi
1089 4454 1234 4511 dicta
1280 4463 1410 4511 sunt
1458 4453 1742 4513 declarare
1788 4458 2037 4529 volenti,
2074 4464 2160 4520 via
2183 4466 2484 4537 Spiritualis
2514 4464 2910 4537 intelligentiae,
2971 4475 3323 4538 apparentem
3374 4458 3706 4533 Evangelia-

452 4565 574 4606 rum
602 4548 1015 4605 dissonantiam.

521 4644 577 4701 5.
614 4644 672 4700 in
727 4643 975 4698 eumdem
1023 4650 1202 4699 autem
1250 4642 1426 4698 locum
1484 4642 1792 4712 huiusmodi
1855 4647 2017 4702 etiam

2197 4648 2250 4704 5.
2281 4650 2378 4714 Εἰς
2395 4648 2453 4703 δὲ
2476 4648 2566 4703 τὸν
2595 4649 2757 4705 αὐτὸν
2784 4649 2946 4703 τόπον
2969 4648 3064 4705 καὶ
3079 4645 3306 4718 τοιούτῳ
3329 4639 3714 4716 παραδείγμα-

451 4725 702 4807 csemplo
736 4737 994 4792 utendum
1028 4744 1130 4802 est,
1162 4735 1371 4792 scilicet
1396 4734 1622 4790 Paulum
1659 4737 1937 4795 carnalem
1967 4755 2027 4797 se

456 4844 579 4885 csse
604 4831 880 4885 venditum
909 4829 1009 4885 sub
1032 4838 1257 4900 peccato
1280 4829 1463 4885 dicere
1489 4828 1560 4894 ",
1593 4843 1694 4885 nec
1726 4830 2022 4902 quidquam

2130 4758 2184 4795 τι
2225 4741 2511 4815 χρηστέον,
2552 4743 2636 4797 ὅτι
2666 4742 2878 4808 Παῦλος
2902 4745 2931 4798 ό
2963 4741 3063 4814 μὲν
3097 4738 3358 4812 σαρκικδς
3389 4733 3712 4807 πεπρᾶσθαι

2131 4832 2278 4903 λέγει
2302 4832 2409 4888 ὑπὸ
2423 4833 2520 4906 τὴν
2557 4834 2852 4907 ἁμαρτίαν,
2874 4834 2972 4889 καὶ
2998 4832 3151 4888 οὐδὲν
3179 4827 3495 4900 ἀνακρίνειν
3513 4819 3624 4888 οἷός
3648 4839 3713 4877 τε

521 4951 571 4986 ⁷⁸
612 4949 769 5005 Rom.
802 4963 840 5014 l,
874 4949 928 5004 '5.
1003 4948 1053 4982 "'
1081 4947 1212 5004 Ibid.
1247 4948 1303 5002 ι.
1377 4950 1424 4982 ⁷⁷
1450 4947 1684 5020 Philipp.
1719 4965 1782 5017 lt,
1811 4947 1865 5004 8.
1936 4951 1983 4985 ⁷⁸
2014 4954 2017 5008 l

2121 4969 2194 5010 or.
2245 4969 2336 5020 xv,
2376 4951 2467 5008 2i.
2538 4953 2584 4986 ⁷³
2612 4951 2772 5007 Rom.
2797 4950 3005 5018 Vm“,
3036 4948 3122 5004 l5.

524 5066 637 5139 (77)
664 5063 774 5121 Καὶ
796 5063 907 5139 τὸν
930 5063 999 5139 ἐκ
1026 5061 1367 5139 (ξπέρμαεος
1378 5063 1564 5139 davni
1578 5080 1593 5096 ο
1625 5063 1763 5139 rid?
1782 5062 1851 5139 δὲ
1868 5066 2025 5139 ΑΘεοῦ

452 5133 628 5203 κατά,
652 5149 762 5192 etc.
796 5134 871 5190 Ita
897 5136 1020 5189 cod.
1047 5133 1196 5187 Bodl.
1217 5150 1244 5205 ξ
1262 5133 1462 5205 Regius
1491 5149 1589 5205 pro
1624 5134 1718 5187 καὶ
1744 5134 1836 5189 τόν
1865 5137 2027 5192 habet

450 5210 576 5281 τήνἐ
588 5219 657 5281 Δ(ξι
686 5207 1083 5281 omisit‘vocem
1111 5203 1269 5281 Θεοίξ.

523 5276 637 5349 (78)
690 5276 832 5349 Ἐγὼ
867 5275 920 5349 δ’
957 5271 1117 5349 οἴμαι
1152 5272 1252 5328 καὶ
1281 5271 1749 5349 τόνᾼΜαρκίωνιξ,
1777 5279 1883 5349 etc.
1923 5274 2028 5349 Ve-

456 5343 642 5402 sanam
692 5343 832 5401 hanc
879 5347 945 5401 de
992 5343 1212 5401 Christo
1259 5343 1565 5413 opinionem
1614 5357 1679 5397 ex
1725 5343 2026 5411 inquinatis

454 5415 916 5473 Cerdunianorum
959 5416 1165 5470 lacunis
1194 5414 1449 5485 hauserat
1493 5413 1717 5485 Marcio.
1744 5413 1878 5485 Vide
1904 5429 2024 5485 qua:

457 5487 525 5542 de
552 5502 618 5540 eo
648 5496 711 5555 et
750 5485 869 5549 ejus
906 5500 1070 5555 opera
1101 5483 1374 5554 corruptis
1416 5481 1718 5555 Scriptura:
1758 5483 1892 5538 locis
1922 5481 2026 5540 ad-

457 5555 668 5613 notavit
700 5553 1396 5625 Epiphaniusturicremam,
1414 5569 1545 5625 cap.
1575 5553 1638 5620 i;
1676 5555 1869 5612 haeres.
1894 5569 2030 5625 ml,

454 5642 580 5696 cap.
608 5627 663 5687 8,
688 5624 743 5687 9,
771 5626 860 5696 li,
890 5633 944 5678 et
975 5624 1097 5696 alibi
1128 5626 1352 5696 passim.
1385 5624 1650 5681 line'rws.

2130 5083 2278 5141 vero,
2316 5069 2377 5123 οὐ
2408 5068 2706 5141 δυναμένου
2737 5067 2804 5121 δι’
2846 5062 3042 5141 tittqu
3078 5060 3381 5141 σῴζεσθαι,
3427 5074 3591 5132 quam
3625 5058 3712 5116 le-

2131 5140 2366 5195 ctionem
2398 5135 2558 5194 tnale'
2574 5148 2796 5194 secutus
2820 5146 2905 5192 est
2932 5135 3239 5192 Ferrarius.

2198 5209 2313 5280 (80)
2365 5208 2814 5280 ᾈνωῑασόντος.
2851 5206 3154 5280 $ic__codex
3196 5201 3552 5268 Bodleianus;
3600 5198 3713 5255 Re-

2128 5275 2251 5350 gius
2282 5275 2338 5333 et
2380 5278 2734 5350 Barberinus,
2761 5275 3117 5350 ἀναλαδόντα.

2199 5349 2315 5421 (81)
2350 5348 2522 5414 Αὑτῷ
2560 5347 2854 5421 arctoam:
2874 5348 2971 5401 καὶ
2998 5346 3267 5421 πημῑιαιιῃρ⁸
3541 5342 3714 5398 Forte

2129 5412 2414 5491 legendum
2442 5412 2500 5491 si
2525 5417 2674 5491 αὐτῷ
2703 5412 2964 5491 ποιοῖξμεν
2994 5412 3091 5491 καὶ
3110 5412 3358 5491 κτηλίκῆν
3391 5412 3597 5491 χώραν.

2212 5489 2323 5563 (82)
2367 5489 2561 5563 Ταῦτα
2590 5482 2661 5563 δέ
2682 5507 2805 5560 μοι.
2838 5482 2962 5543 Haec
3005 5482 3491 5563 desiderangtr'jn:
3518 5482 3712 5563 codice

2138 5553 2329 5631 Re‘gio’,
2362 5560 2458 5616 sed
2491 5553 2869 5631 restituuntur
2908 5572 2939 5631 e
2971 5557 3253 5631 codicibus
3306 5553 3607 5631 Bodleiano
3646 5559 3708 5607 et

2137 5623 2452 5687 Barberino.
2489 5628 2609 5686 lio:
2641 5643 2741 5700 pro
2769 5628 2871 5700 τῆς
2903 5626 3311 5700 ἐμφαινομένης
3356 5623 3707 5682 scribendum

524 5692 636 5773 (79)
683 5697 766 5751 Οὐ
791 5692 1189 5773 durauerat];
1204 5693 1279 5749 δι’
1320 5695 1556 5773 rizagran!
1599 5694 1910 5773 σώζῃ-ἔσρᾳῷ
1940 5695 2017 5752 εἰ(

2136 5702 2352 5760 videtur
2379 5700 2477 5764 τὰς
2511 5692 2936 5773 ὲμφάινομὲνας.

388 5760 391 5763 ’
460 5760 658 5825 habent
705 5767 920 5823 codices
951 5760 1301 5821 'Barberiuus
1343 5774 1397 5821 ct
1426 5765 1661 5837 Regius;
1708 5766 2031 5825 Bodleianus
