4020 6216
448 286 554 343 Zl9

1906 286 2228 347 08168le

3596 282 3710 338 320

447 406 647 476 accipit
676 423 691 461 :
725 424 743 458 ι
776 406 855 462 Tu
887 422 945 462 es
969 405 1184 471 Petrus,
1207 413 1264 462 et
1282 419 1446 476 super
1474 407 1614 464 hanc
1644 417 1854 481 petram
1881 407 2014 465 acdi-

2127 405 2279 470 λαίας
2312 404 2473 476 μόλις
2506 403 2636 458 ποτε
2669 403 2764 457 καί⁵
2798 401 3022 475 ὓστερον
3061 399 3328 472 λαμϐάνει
3348 364 3453 453 τόδ
3491 417 3512 449 ι
3541 398 3617 451 Σὺ
3651 394 3710 451 εἰ

453 499 626 554 tleabo
657 497 954 554 Ecelesiam
987 511 1162 551 meam
1183 497 1225 529 "
1248 498 1290 554 ‘.
1319 497 1606 555 rEtJesum
1633 499 1851 570 quidem
1877 499 2018 568 apud

448 588 1030 661 Joanuentagnoscunt
1058 587 1337 658 baptizare
1366 589 1626 646 Pharisaei
1653 591 1706 646 in
1740 590 2019 663 discipulis

449 683 592 755 ejus,
619 697 742 738 cum
781 681 906 736 aliis
925 681 1091 736 rebus
1115 681 1406 752 praecipuis
1434 683 1602 737 etiam
1628 683 1729 738 hoc
1770 681 2016 739 faciens:

451 785 509 829 at
543 775 684 843 apud
718 781 827 830 tres
853 772 1011 830 Jesus
1035 774 1450 845 haudquaquam
1482 764 1746 845 baptizat.
1795 774 2022 845 Insuper

452 862 692 934 Baptista
735 861 973 923 Joannes
1002 867 1141 938 apud
1183 864 1428 936 ejusdem
1475 866 1715 922 nominis
1745 866 2022 938 evangeli-

448 966 591 1009 stam
613 967 926 1023 perseverat
955 973 1059 1014 non
1091 958 1371 1028 conjectus
1400 957 1453 1013 in
1489 972 1790 1014 carcerem.
1819 957 2021 1014 Contra

448 1047 590 1116 apud
625 1047 938 1104 Mattharum
969 1049 1082 1105 fere
1111 1058 1317 1106 tentato
1345 1049 1471 1107 Jesu
1501 1051 1562 1106 in
1598 1065 1872 1107 carcerem
1915 1061 2026 1106 tra—

447 1138 625 1203 ditur;
651 1154 812 1208 quam
843 1141 911 1194 oh
938 1155 1161 1195 causam
1191 1142 1397 1198 secedit
1427 1142 1590 1197 etiam
1630 1140 1790 1198 Jesus
1821 1141 1873 1196 in
1909 1141 2021 1198 Ga-

448 1229 669 1296 lilzeam,
707 1245 907 1286 cavens
933 1232 1072 1286 trudi
1104 1233 1156 1287 in
1183 1247 1461 1288 carcerem
1484 1248 1500 1286 :
1522 1232 1691 1304 168
1713 1233 1932 1302 quando
1955 1247 2024 1289 ne

447 1321 656 1377 carceri
715 1322 933 1391 quidem
989 1323 1218 1378 traditus
1277 1323 1551 1378 invenitur
1592 1323 1836 1393 Baptista
1883 1323 2025 1394 apud

442 1413 730 1468 Joannem.
778 1410 1012 1470 Proinde
1043 1416 1170 1485 quis
1211 1413 1346 1470 adeo
1380 1414 1598 1484 sapiens
1629 1423 1684 1470 et
1725 1415 1779 1470 in
1811 1422 2023 1470 tantum

447 1503 676 1560 idoneus
697 1513 800 1571 est,
831 1514 888 1558 ut
918 1514 1083 1559 totum
1101 1503 1286 1562 Jesum
1316 1519 1383 1561 ex
1413 1514 1653 1576 quatuor
1674 1505 2031 1577 evangelistis

447 1596 646 1662 discat,
685 1597 886 1666 quique
919 1597 1096 1652 valeat
1129 1611 1569 1666 unamquamque
1614 1612 1727 1653 rem
1768 1597 2020 1668 privatim

445 1703 766 1756 agnoscere,
813 1703 1111 1760 omnesque
1130 1688 1333 1746 Christi
1378 1688 1561 1743 videre
1591 1687 1672 1744 vel
1707 1689 2023 1760 peregrina-

446 1779 647 1845 tiones,
684 1779 766 1836 vel
813 1795 1124 1848 sermones,
1163 1779 1248 1836 vcl
1299 1780 1504 1851 opera?
1537 1781 1608 1837 Ac
1634 1783 2022 1839 convenienter
2052 1767 2094 1823 Β

444 1874 659 1944 quidem
684 1875 933 1944 pnesenti
965 1874 1082 1930 loco
1095 1874 1468 1930 existimamus
1480 1882 1631 1930 sexto
1653 1873 1740 1930 die
1761 1874 2018 1930 Servato-

446 1981 586 2032 l'cm,
613 1966 834 2036 quando
868 1965 1068 2020 factum
1103 1974 1187 2020 est
1230 1966 1506 2037 negotium
1551 1963 1684 2019 illud
1709 1964 2018 2034 nuptiarum

444 2057 501 2114 in
553 2056 700 2114 Cana
742 2057 998 2126 Galilaaze,
1048 2055 1393 2113 descendisse
1443 2054 1848 2124 Capharnaum,
1875 2056 2024 2125 quod

443 2148 840 2220 interpretatur
872 2166 998 2219 ager
1027 2147 1428 2214 consolationis,
1461 2161 1584 2200 cum
1621 2155 1813 2212 matre,
1837 2155 1891 2202 et
1913 2147 2021 2202 fra-

445 2239 638 2306 tribus,
667 2249 722 2294 et
744 2239 1044 2310 discipulis.
1076 2238 1158 2292 Ad
1189 2253 1382 2308 agrum
1425 2251 1662 2306 namque
1691 2235 2020 2293 consolatio-

447 2335 534 2388 nis
559 2340 680 2403 post
710 2331 925 2402 epulum
952 2331 1082 2387 illud
1107 2331 1233 2385 vino
1255 2329 1468 2386 celebre
1492 2343 1616 2384 cum
1641 2336 1836 2393 matre,
1867 2344 2020 2385 cum-

447 2439 552 2493 que
583 2424 862 2498 discipulis
890 2423 1076 2478 venire
1102 2421 1450 2477 Servatorem
1491 2433 1716 2477 necesse
1739 2428 1860 2474 erat
1887 2431 2019 2474 con-

446 2517 750 2572 solaturum
802 2516 1115 2584 discipulos,
1160 2525 1324 2582 atque
1361 2530 1481 2570 eam
1527 2515 1764 2570 anin‘ram
1802 2529 1922 2583 qua:
1951 2528 2018 2568 ex

448 2609 652 2678 Spiritu
692 2618 880 2663 sancto
907 2617 1252 2677 conceperat,
1286 2617 1452 2662 eteos
1481 2607 1572 2677 qui
1602 2606 1711 2661 illic
1730 2607 2015 2662 utilitatem

445 2707 812 2768 perceperunt
839 2712 855 2748 :
885 2695 1320 2761 consolaturum,
1356 2692 1934 2768 inquam,efructihus
1965 2691 2024 2747 in

444 2802 578 2854 agro
606 2787 767 2856 pleno
794 2787 1008 2840 futuris.

2119 499 2354 568 Πέτρος,
2395 497 2489 551 καὶ
2527 497 2622 550 ἐπὶ
2663 495 2835 567 ταύτῃ
2880 497 2948 565 τῇ
3000 493 3177 565 πέτρᾳ
3221 491 3564 563 οἰκοδομήσω
3598 508 3705 561 μου

2118 590 2217 662 τὴν
2252 589 2598 660 Ἐκκλησίαν.
2619 606 2638 640 ι
2672 589 2785 642 Καὶ
2826 591 2854 643 ὁ
2885 588 2986 660 μὲν
3024 587 3178 660 παρὰ
3205 585 3284 658 τῷ
3332 586 3554 659 Ἰωάννῃ
3599 586 3708 654 Ἰη-

2121 680 2248 744 σοῦς
2292 677 2621 750 γινώσκεται
2647 679 2805 754 παρὰ.
2836 681 2952 742 τοῖς
2991 677 3304 750 Φαρισαίοις
3333 673 3613 747 βαπτίζων
3643 676 3706 728 ὲν

2119 775 2232 838 τοῖς
2262 773 2530 847 μαθηταῖς
2563 772 2754 838 αὑτοῦ,
2798 768 3074 843 βαπτίζων
3109 769 3220 842 (86)
3277 771 3373 824 καὶ
3405 768 3543 840 μετὰ
3593 765 3710 822 τῶν

2119 862 2294 918 ἄλλων
2336 862 2629 935 ὲξαιρέτων
2663 863 2756 917 καὶ⁸
2783 859 2944 915 τοῦτο
2983 863 3180 919 ποιῶν·
3209 861 3238 914 ό
3269 859 3328 914 δὲ
3378 860 3534 932 παρά
3587 859 3708 922 τοῖς

2119 955 2298 1027 τρισὶν
2355 953 2565 1032 Ἰησοῦς
2623 952 2872 1027 οὐδαμῶς
2923 951 3197 1025 βαπτίζει.
3253 952 3375 1006 Ἔτι
3424 950 3484 1006 δὲ
3529 951 3630 1004 καὶ
3675 952 3710 1004 δ

2123 1043 2432 1118 Βαπτιστὴς
2483 1045 2736 1117 Ἰωάννης
2777 1045 2940 1117 μέχρι
2986 1043 3184 1098 πολλοῦ
3231 1043 3392 1115 παρὰ
3422 1041 3502 1114 τῷ
3547 1042 3709 1112 ὁμω-

2122 1136 2276 1210 νύμῳ
2310 1137 2671 1210 εὐαγγελιστῇ
2716 1137 2949 1208 διαρκεῖ,
2983 1135 3060 1209 μὴ
3105 1134 3440 1207 βεϐλημένος
3469 1135 3550 1199 είς
3603 1151 3710 1204 cpu-

2122 1231 2316 1303 λακήν.
2355 1229 2414 1286 '0
2445 1230 2504 1284 δὲ
2541 1229 2694 1303 παρὰ
2735 1229 2813 1302 τῷ
2839 1225 3108 1300 Ματθαίῳ
3135 1228 3320 1299 σχεδὸν
3356 1225 3530 1298 Ἰησοῦ
3578 1243 3708 1280 ιιεεις⁵

2125 1320 2432 1394 ραζομένου
2469 1322 2550 1386 είς
2583 1320 2680 1392 τὴν
2723 1317 2970 1390 φυλακὴν
3006 1316 3392 1389 παραδίδοται·
3422 1316 3490 1370 δι’
3517 1316 3580 1371 ὃν
3609 1316 3710 1369 καὶ

2123 1414 2400 1486 ἀναχωρεῖ
2419 1415 2449 1466 ὁ
2485 1411 2692 1486 Ἰησοῦς
2727 1413 2810 1476 εἰς
2840 1409 2936 1484 τὴν
2961 1408 3250 1464 Γαλιλαίαν
3283 1408 3708 1482 περιιστάμενος

2122 1505 2184 1559 τὸ
2227 1504 2482 1576 γενέσθαι
2513 1505 2570 1558 ὲν
2603 1506 2678 1577 τῇ
2719 1502 2964 1576 φυλακῇ*
3001 1501 3116 1556 ἀλλ’
3139 1501 3262 1556 οὐδὲ
3289 1501 3604 1574 εὑρίσκεται
3645 1502 3716 1554 ὲν

2124 1595 2203 1668 τῷ
2239 1597 2466 1671 Ἰωάννῃ
2495 1597 2524 1650 ὁ
2569 1584 2881 1668 Βαπτιστὴς
2935 1594 3364 1668 παραδιδόμενος
3405 1594 3486 1660 είς
3533 1593 3716 1664 φυλα-

2125 1689 2251 1760 κήν.
2281 1687 2378 1752 Τίς
2422 1688 2469 1742 δῗ
2506 1686 2679 1752 οὕτως
2727 1687 2916 1758 σοφὸς,
2943 1686 3040 1740 καὶ
3073 1687 3166 1740 ἐπὶ
3196 1684 3449 1740 τοσοῦτον
3493 1685 3710 1750 ἱκανὸς,

2121 1778 2196 1843 ὡς
2244 1778 2423 1832 πάντα
2470 1779 2564 1832 τδν
2606 1776 2814 1848 Ἰησοῦν
2843 1775 2952 1831 άπὸ
2981 1775 3090 1832 τῶν
3131 1776 3416 1848 τεσσάρων
3473 1776 3714 1846 εὐαγγεο

2123 1867 2318 1922 λιστῶν
2377 1867 2601 1940 μαθεῖν,
2658 1868 2753 1922 καὶ
2811 1867 3046 1922 ἕκαστον
3107 1866 3217 1940 ἰδίᾳ
3277 1867 3526 1940 χωρῆσαι
3579 1867 3712 1939 νοῆ-

2124 1978 2214 2016 σαι
2262 1959 2397 2032 (87),
2422 1961 2518 2016 καὶ¹
2564 1959 2746 2026 πάσας
2782 1960 3080 2024 αὐτοῦτὰς
3111 1960 3234 2014 καθ’
3269 1961 3500 2014 ἕκαστον
3540 1958 3709 2014 τόπον

2126 2052 2255 2107 ἰδεῖν
2281 2051 2436 2123 ὲπιδη
2446 2052 2595 2124 μίας,
2613 2051 2708 2106 καὶ
2721 2052 2934 2122 λόγους,
2956 2051 3052 2106 καὶ
3071 2051 3239 2122 ἐργας
3262 2052 3375 2106 Καὶ
3393 2050 3430 2105 ά
3452 2050 3706 2124 μέντοιγε

2121 2146 2265 2200 κατὰ
2293 2144 2384 2199 τὸν
2413 2144 2525 2216 (88)
2575 2145 2935 2218 προκείμενον
2984 2146 3170 2210 τόπον,
3205 2143 3514 2210 ἀκολούθως
3549 2144 3714 2216 νομί-

2125 2237 2290 2308 ζομεν
2323 2238 2390 2309 τῇ
2427 2236 2568 2310 ἕκτῃ
2607 2237 2792 2310 ἡμέρᾳ
2823 2237 2916 2292 τὸν
2957 2237 3188 2309 Σωτῆρα
3226 2235 3377 2308 (89),
3413 2237 3501 2290 ὅτε
3544 2235 3712 2304 γεγέ-

2124 2329 2344 2400 νηται.ή
2384 2327 2526 2382 κατὰ
2560 2328 2650 2382 τὸν
2679 2329 2856 2400 γάμον
2884 2329 3168 2401 οἰκονομία
3193 2330 3252 2382 ὲν
3284 2325 3443 2395 Κανᾷ
3477 2327 3581 2398 τῆς
3605 2327 3720 2381 Γαρ

2125 2419 2371 2486 λιλαίας,
2423 2417 2863 2492 καταϐεϐηκέναι
2913 2421 3032 2491 ἅμα
3081 2423 3148 2494 τῇ
3208 2420 3416 2493 μητρὶ,
3459 2419 3552 2472 καὶ
3591 2422 3716 2481 τοῖς

2125 2512 2398 2582 ἀδελφοῖς,
2430 2513 2524 2566 καὶ
2564 2514 2679 2576 τοῖς
2715 2511 2982 2584 μαθηταῖς
3031 2513 3111 2576 είς
3163 2511 3261 2584 τὴν
3293 2512 3712 2583 Καφαρναοὺμ,

2121 2602 2257 2676 ὅπερ
2281 2602 2642 2676 ἑρμηνεύεται
2670 2604 2852 2674 ἀγρὸς
2880 2602 3323 2673 παρακλήσεως
3347 2603 3479 2674 (90).
3511 2602 3714 2674 Ἐχρῆν

2123 2693 2235 2766 γάρ
2281 2693 2423 2767 μετὰ
2450 2694 2550 2766 τὴν
2593 2697 2650 2749 ὲν
2679 2693 2758 2768 τῷ
2790 2695 2918 2768 οἴνῳ
2958 2695 3192 2768 εὐωχίαν
3235 2695 3330 2749 καὶ
3366 2697 3448 2760 εἰς
3490 2693 3583 2748 τδν
3610 2694 3714 2764 τῆς

2123 2786 2520 2857 παρακλήσεως
2561 2785 2731 2860 ἀγρὸν
2770 2787 2895 2859 ἄμα
2935 2791 3002 2859 τῇ
3040 2787 3230 2860 μητρὶ,
3262 2788 3356 2841 καὶ
3384 2788 3497 2848 τοῖς
3532 2785 3713 2856 μαθητ

441 2880 560 2942 ταῖς
607 2877 922 2949 ἐληλυθέναι
957 2877 1050 2932 τὸν
1100 2877 1359 2950 Σωτῆρα,
1419 2877 1873 2950 παρακαλέσοντα
1924 2877 2017 2931 ἐπὶ
2075 2880 2189 2944 τοῖς
2250 2882 2308 2934 ὲν
2355 2879 2436 2951 τῷ
2494 2879 2692 2952 πλήρει
2761 2880 2916 2952 ἀγρῷ
2972 2881 3250 2953 ἐσομένοις
3307 2881 3538 2950 καρποῖς
3581 2878 3714 2941 τοὺς

447 2971 920 3044 μαθητευομένους
975 2971 1069 3026 καὶ
1113 2971 1210 3045 τὴν
1251 2970 1634 3044 συνειληφυῖαν
1682 2973 1860 3045 ψυχὴν
1901 2971 2012 3044 (91)
2050 2974 2116 3026 ὲκ
2163 2973 2258 3028 τοῦ
2297 2975 2451 3044 ἁγίου
2490 2975 2808 3047 Πνεύματος
2828 3015 2844 3040 ,
2886 2975 2920 3047 ἢ
2972 2977 3100 3038 τοὺς
3143 2975 3259 3028 ἐκεῖ
3302 2971 3712 3044 ὠφελημένους,

519 3064 575 3116 7.
603 3061 964 3130 Quaerendum
993 3069 1235 3116 attamen
1263 3075 1436 3131 quare
1461 3061 1530 3116 ad
1581 3063 1800 3133 nuptias
1825 3061 2025 3120 fratres

2202 3063 2252 3117 7.
2295 3065 2568 3137 Ζητητέον
2617 3066 2878 3137 μέντοιγε
2911 3063 3000 3119 διὰ
3029 3065 3084 3118 τί
3130 3066 3211 3128 είς
3255 3065 3352 3136 μὲν
3393 3064 3484 3119 τὸν
3533 3063 3713 3135 γάμον

446 3153 564 3224 ejus
592 3170 697 3209 non
731 3165 1024 3219 vocentur;
1056 3154 1152 3210 sed
1179 3167 1355 3225 neque
1383 3162 1538 3209 erant
1563 3153 1708 3222 illic;
1750 3170 1850 3211 nee
1877 3155 2022 3211 enim

447 3245 652 3302 dictum
681 3255 804 3302 est:
834 3245 890 3301 lu
920 3245 1302 3316 Capharnaum
1328 3254 1508 3300 autem
1541 3244 1873 3302 descendunt
1901 3261 2025 3303 eum

450 3338 592 3408 ipso,
623 3345 678 3393 et
715 3346 889 3394 matre
928 3353 1051 3406 sua,
1080 3346 1136 3394 et
1164 3338 1466 3409 discipulis.
1503 3337 1730 3410 Insuper
1773 3355 2028 3410 quaeren-

449 3439 577 3484 dum
627 3445 796 3500 quare
847 3444 992 3485 nunc
1035 3445 1143 3485 non
1185 3425 1563 3500 ingrediuntur
1609 3430 2023 3501 Capharnaum,

451 3536 626 3592 neque
652 3523 956 3578 ascendunt
995 3521 1062 3577 ad
1092 3523 1288 3592 ipsam,
1318 3523 1413 3578 sed
1463 3501 1816 3578 descendunt.
1849 3523 2028 3590 Quare

447 3615 573 3671 vide
599 3630 668 3670 an
704 3615 809 3672 hoc
840 3615 895 3668 in
929 3613 1050 3671 loco
1075 3629 1172 3685 per
1197 3613 1400 3670 fratres
1429 3614 1792 3686 intelligendas
1814 3615 1924 3670 sint
1948 3616 2029 3669 hac

448 3707 706 3778 potentia:
737 3720 861 3778 qua
895 3721 1019 3762 cum
1062 3706 1185 3778 ipso
1233 3705 1664 3772 descenderunt,
1703 3719 1824 3776 qua:
1863 3703 2027 3759 etiam

450 3801 518 3854 ad
577 3799 792 3870 nuptias
825 3805 1030 3854 vocata:
1078 3813 1188 3854 non
1236 3807 1368 3854 sunt
1410 3798 1482 3854 ob
1521 3812 1584 3855 ea
1618 3813 1739 3869 qua:
1776 3794 2030 3868 praedixi-

451 3907 596 3956 mus,
627 3906 750 3946 cum
788 3892 930 3947 infra
959 3901 1014 3947 et
1047 3892 1100 3946 in
1133 3890 1271 3946 locis
1304 3891 1687 3947 humilioribus
1710 3891 1969 3962 iuventur
1990 3887 2030 3942 ii

449 3983 544 4052 qui
576 3982 778 4038 Christi
805 3983 1079 4038 habentur
1105 3982 1381 4052 discipuli,
1436 3994 1493 4040 et
1540 3983 1768 4040 alterius
1809 3980 2032 4054 generis

451 4073 728 4138 homines;
773 4074 1062 4142 quoniam,
1106 4076 1152 4131 si
1195 4086 1422 4131 vocatur
1487 4089 1667 4132 mater
1716 4075 1867 4146 eius,
1919 4078 2032 4134 sint

451 4168 670 4238 quidam
695 4166 1047 4238 proﬁcientes
1070 4178 1126 4224 et
1150 4166 1572 4234 l'ruetillcantes,
1603 4168 1671 4224 ad
1698 4184 1835 4239 quos
1866 4171 2031 4226 etiam

451 4257 740 4314 descendit
774 4257 1033 4314 Dominus
1069 4257 1186 4331 ipse
1221 4273 1344 4314 cum
1375 4258 1640 4316 ministris
1675 4260 1828 4316 verbi
1861 4258 1953 4315 Dei
1977 4270 2034 4315 et

451 4347 754 4419 discipulis,
811 4347 948 4404 tales
981 4347 1280 4420 adjuvans,
1321 4359 1496 4407 matre
1549 4348 1650 4405 sibi
1695 4350 1861 4406 etiam
1894 4350 2035 4406 assi-

450 4450 650 4497 stente.
681 4440 826 4498 Sane
854 4442 947 4512 qui
976 4436 1321 4514 appellantur
1346 4441 1754 4512 Capharnaum,
1784 4440 2033 4496 videntur

453 4544 563 4586 non
585 4545 783 4600 capere
811 4531 1211 4588 diuturniorem
1245 4530 1397 4598 Iesu,
1432 4546 1756 4602 eorumque,
1787 4531 1879 4601 qui
1909 4544 2031 4587 eum

455 4623 575 4694 ipso
620 4623 1036 4690 descenderant,
1083 4623 1226 4695 apud
1271 4639 1332 4680 se
1382 4624 1862 4692 consuetudinem,
1895 4623 2037 4680 unde

455 4727 680 4772 manent
704 4717 922 4788 quidem
957 4719 1098 4790 apud
1130 4717 1277 4789 ipsos
1305 4731 1412 4774 non
1446 4717 1635 4775 multis
1657 4718 1876 4776 diebus.
1902 4717 2036 4773 Nam

454 4823 584 4878 ager
613 4810 998 4866 consolationis
1028 4808 1252 4867 inferna
1273 4825 1382 4866 non
1409 4813 1557 4884 capit
1582 4810 2038 4866 illuminationem

457 4904 526 4964 de
550 4903 732 4962 multis
748 4905 1109 4978 dogmatibus,
1134 4923 1314 4965 rerum
1337 4907 1579 4968 tenuium
1597 4921 1721 4964 cum
1747 4905 1819 4963 sit
1844 4920 2039 4978 capax.

523 5053 568 5090 οι
597 5059 616 5080 ο
643 5055 834 5114 Matth.
857 5071 969 5126 xvi,
997 5053 1088 5125 18.

529 5199 644 5269 (86)
680 5197 1002 5261 Βαπτίζων.
1033 5197 1198 5255 Deest
1227 5196 1282 5254 in
1313 5197 1438 5254 cod.
1479 5195 1762 5254 Bodleian.
1797 5205 1855 5252 et
1894 5195 2040 5253 vide-

456 5281 549 5328 tur
575 5273 948 5326 resecandum.

528 5339 644 5422 (8"!)
679 5342 817 5423 ἰῥίςι
841 5337 1364 5423 χωρῆσαιτοῆσαι.
1391 5336 1469 5394 lla
1496 5336 1668 5396 codex
1692 5336 2046 5409 Bodleianus;

457 5409 680 5484 Regius,
706 5409 1047 5484 διαχωρῆσαι
1067 5411 1278 5484 νοῆσαι.

531 5477 646 5554 (88)
684 5477 859 5537 Καϊᾶ
882 5477 1161 5554 μέντοιγε
1179 5481 1341 5554 κατὰ
1361 5482 1487 5546 τόν,
1515 5490 1632 5554 etc._
1659 5479 1734 5534 Ita
1763 5477 1960 5554 legitur
1985 5478 2038 5531 in

459 5553 714 5607 omnibus
736 5555 946 5623 nostris
976 5550 1141 5617 tnss.;
1187 5553 1418 5609 Huetins
1458 5566 1591 5608 vero
1620 5550 1909 5623 legendum
1944 5565 2040 5618 pu-

463 5623 590 5678 tavit
619 5622 761 5694 κατὰ
787 5623 1034 5694 μέντοιγε
1054 5624 1168 5689 τόν,
1215 5633 1320 5678 etc.
1374 5692 1388 5694 Α
1471 5693 1497 5694 η
1545 5679 1568 5694 ί,

532 5695 652 5766 (89)
689 5691 819 5749 Post
868 5691 1100 5766 Σωτῆρα
1148 5695 1323 5766 codex
1371 5691 1699 5766 Bodleianus
1740 5691 1892 5748 addit
1941 5706 2037 5744 1r:-

463 5765 771 5839 ποιηκὲιαι,
815 5766 910 5822 sed
941 5764 1165 5822 omnino
1193 5764 1480 5820 redundat.

2125 3156 2188 3210 οὐ
2215 3155 2502 3212 καλοῦνται
2535 3159 2585 3212 οἱ
2625 3159 2844 3228 ἀδελφοὶ
2871 3155 3036 3211 αὑτοῦ
3057 3174 3070 3186 ·
3107 3156 3224 3210 ἀλλ’
3252 3157 3371 3210 οὐδὲ
3401 3152 3541 3228 ἦσαν
3573 3158 3716 3218 ἐκεῖ,

2125 3248 2186 3302 οὐ
2236 3247 2344 3320 γὰρ
2387 3247 2636 3320 εἴρηται·
2678 3250 2758 3312 είς
2795 3248 2853 3302 δὲ
2885 3248 2995 3320 τὴν
3033 3247 3415 3319 Καφαρναοὺμ
3451 3245 3714 3300 καταϐαί-

2125 3357 2276 3394 νουσι
2325 3339 2442 3411 μετ’
2485 3340 2672 3404 αὐτοῦ,
2717 3340 2811 3395 καὶ
2855 3341 2956 3410 τῆς
2990 3340 3201 3412 μητρὸς
3247 3337 3436 3404 αὑτοῦ,
3480 3339 3575 3394 καὶ
3603 3339 3728 3391 τῶν

2130 3430 2406 3503 μαθητῶν.
2436 3433 2556 3486 Ἔτι
2601 3432 2658 3486 δὲ
2697 3431 3014 3500 ἐξεταστέον
3051 3431 3142 3486 διὰ
3170 3432 3222 3485 τί
3263 3429 3356 3486 νῦν
3389 3431 3489 3484 οὐκ
3529 3429 3712 3500 εἰσέρ-

2127 3540 2312 3594 χονται
2346 3525 2425 3589 εἰς
2462 3525 2563 3596 τὴν
2601 3525 3003 3598 Καφαρναοὺμ,
3033 3523 3170 3596 μηδὲ
3216 3522 3599 3577 ἀναϐαίνουσιν
3632 3523 3716 3586 εἰς

2127 3614 2318 3688 αὐτὴν,
2363 3614 2501 3669 ἀλλὰ
2551 3615 2995 3670 καταϐαίνουσιν.
3034 3613 3181 3687 ὐρα
3231 3611 3324 3669 οὖν
3378 3617 3428 3669 εί
3480 3614 3724 3669 ἐνταῦθα

2127 3708 2255 3772 τοὺς
2299 3707 2559 3777 ἀδελφοὺς
2623 3709 2742 3762 ἀντὶ
2785 3707 2894 3763 τῶν
2965 3705 3519 3780 συγκαταὸεσηκυιῶν
3562 3705 3731 3777 αύτῷ-

2128 3798 2413 3870 δυνάμεων
2453 3799 2776 3871 ὲκληπτέον,
2808 3799 2869 3854 οὐ
2905 3798 3257 3871 καλουμένων
3301 3800 3382 3862 είς
3415 3798 3504 3851 τὸν
3535 3797 3726 3868 γάμον-

2132 3888 2254 3944 καθ’
2278 3890 2346 3955 ἃς
2390 3892 2624 3962 εἴπαμεν
2663 3891 2975 3962 διηγήσεις,
3023 3888 3323 3961 κατωτέρω
3352 3888 3409 3942 δὲ
3437 3889 3494 3941 ὲν
3525 3887 3721 3942 ὐποδεο

2131 3981 2374 4058 εστέροις
2403 3983 2512 4038 τῶν
2545 3983 2991 4056 χρηματιζόντων
3025 3980 3283 4056 μαθητῶν
3311 3979 3406 4034 τοῦ
3450 3981 3717 4052 Χριστοῦ,

2132 4077 2227 4130 καὶ
2257 4077 2417 4132 άλλου
2448 4077 2626 4140 εἴδους
2667 4074 3069 4148 ῶφελημένωνο
3098 4075 3202 4139 ὅτι,
3241 4075 3288 4127 εί
3331 4072 3574 4126 καλεῖται
3607 4072 3717 4143 μή-

2130 4183 2237 4240 τηρ
2289 4165 2477 4233 αὑτοῦ,
2524 4167 2633 4221 εἰσί
2680 4184 2826 4231 τινες
2875 4163 3388 4238 καρποφοροῦντες,
3437 4165 3574 4236 πρὸς
3622 4163 3717 4228 οὓς

2134 4257 2298 4322 αὐτός
2331 4273 2390 4310 τε
2439 4255 2756 4312 καταϐαίνει
2801 4260 2832 4312 ό
2872 4257 3077 4330 Κύριος
3122 4257 3218 4311 σὺν
3252 4257 3364 4320 τοῖς
3415 4256 3718 4326 ὑπηρέταις

2133 4345 2229 4402 τοῦ
2263 4347 2460 4418 Λόγου,
2501 4349 2596 4402 καὶ
2632 4347 2935 4420 μαθηταῖς,
2968 4348 3094 4411 τοὺς
3140 4345 3421 4410 τοιούτους
3467 4344 3718 4416 ὠφελῶν,

2139 4439 2233 4497 καὶ
2257 4441 2359 4514 τῆς
2403 4441 2610 4515 μητρὸς
2643 4441 2796 4514 αὺτῷ
2841 4439 3254 4514 συμπαρούσης.
3295 4438 3538 4493 Ἐοίκασί
3574 4453 3642 4508 γε
3669 4439 3722 4493 οἱ

2131 4533 2456 4606 καλούμενοι
2503 4536 2885 4609 Καφαρναοὺμ
2933 4536 3008 4608 μὴ
3057 4536 3256 4607 χωρεῖν
3286 4531 3385 4605 τὴν
3437 4529 3724 4586 ἑπιπλεῖον
3783 4575 3785 4577 .

2129 4626 2412 4700 διατριϐὴν
2459 4631 2592 4700 παρ’
2619 4629 2803 4693 αὐτοῖς
2841 4627 2936 4683 τοῦ
2974 4627 3173 4699 Ἰησοῦ,
3218 4629 3314 4683 καὶ
3361 4626 3470 4682 τῶν
3515 4641 3725 4694 συγκα-

2133 4719 2498 4776 ταϐαινόντων
2540 4721 2690 4794 αὐτῷ
2709 4738 2722 4751 ⁸
2771 4721 2893 4776 ὅθεν
2944 4721 3166 4794 μένουσι
3214 4719 3314 4792 μὲν
3361 4717 3492 4792 παρ’
3537 4717 3724 4780 αὐτοῖς

2135 4814 2197 4868 οὐ
2233 4815 2340 4887 μὴν
2379 4815 2584 4880 πολλὰς
2611 4815 2852 4888 ἡμέρας·
2889 4815 2980 4869 τὸν
3011 4813 3120 4887 γὰρ
3151 4812 3280 4885 περὶ
3311 4811 3573 4866 πλειόνων
3605 4810 3727 4882 (92)

2137 4905 2425 4979 δογμάτων
2462 4908 2742 4980 φωτισμὸν
2777 4907 2937 4978 ὁτῆς
2982 4907 3280 4978 κατωτέρω
3321 4903 3729 4977 παρακλήσεως

2215 5192 2332 5262 (90)
2376 5186 2838 5268 Καφαρνιξρῦμν
2889 5184 3036 5253 ὅπερ
3067 5179 3468 5268 semesam
3508 5176 3712 5268 me;

2141 5250 2608 5335 adpaidnaswé.
2664 5250 3023 5335 Hieronymus
3059 5250 3136 5307 ne
3183 5250 3444 5335 nominib.
3501 5251 3721 5335 lifin

2143 5319 2714 5402 Capharnnnmfager
2738 5365 2756 5392 ,
2795 5319 2883 5402 rei
2927 5322 3051 5378 villa
3089 5320 3485 5378 consolationis.
3531 5319 3578 5374 Δ
3612 5326 3737 5381 -ω

2141 5397 2331 5475 pagus,
2359 5411 2416 5456 et
2448 5411 2585 5461 Dm.
2625 5397 2928 5452 consolatus
2963 5404 3062 5450 est.
3532 5458 3544 5472 .

2143 5543 2182 5556 ﬁ
2213 5475 2326 5554 (οι)
2355 5463 3342 5556 Συνειιξηφυῖανψιίχῄν..οοάεξ
3361 5461 3689 5518 Bodleranus
3711 5474 3730 5528 ;

2143 5536 2368 5613 Regius,
2401 5536 2784 5610 oovsth‘cpuiav
2833 5536 3000 5608 αὐτὴν
3026 5536 3226 5608 ψυχήν,
3257 5547 3364 5590 etc.
3512 5603 3526 5614 .

2219 5614 2334 5684 (92)
2371 5613 2511 5682 Περὶ
2531 5611 2850 5684 πλειόνων,
2874 5605 3073 5684 ete.__ln
3097 5607 3336 5684 editione
3367 5603 3548 5661 “uelli
3579 5601 3731 5658 deest

2150 5676 2298 5759 περί,
2318 5676 2468 5755 quod
2509 5680 2814 5740 restituitur
2842 5694 2872 5735 e
2902 5678 3091 5734 codice
3119 5676 3432 5734 Bodleiano.
