  <div class='ocr_page' id='page_1' title='image "/cluster/home/n/w/nwhite01/storage/ocr_20150623/14/hvd.32044073501363/166.png"; bbox 0 0 4020 6216; ppageno 0'>
   <div class='ocr_carea' id='block_1_1' title="bbox 308 329 419 387">
    <p class='ocr_par' dir='ltr' id='par_1_1' title="bbox 308 329 419 387">
     <span class='ocr_line' id='line_1_1' title="bbox 308 329 419 387; baseline -0.036 0"><span class='ocrx_word' id='word_1_1' title='bbox 308 329 419 387; x_wconf 67' lang='lat'><strong>39.}</strong></span> 
     </span>
    </p>
   </div>
   <div class='ocr_carea' id='block_1_2' title="bbox 1412 325 2498 388">
    <p class='ocr_par' dir='ltr' id='par_1_2' title="bbox 1412 325 2498 388">
     <span class='ocr_line' id='line_1_2' title="bbox 1412 325 2498 388; baseline 0 -1"><span class='ocrx_word' id='word_1_2' title='bbox 1412 326 1774 387; x_wconf 72' lang='lat' dir='ltr'><strong>COMMENT.</strong></span> <span class='ocrx_word' id='word_1_3' title='bbox 1811 325 1877 382; x_wconf 81' lang='lat' dir='ltr'><strong>IN</strong></span> <span class='ocrx_word' id='word_1_4' title='bbox 1918 326 2111 386; x_wconf 76' lang='lat' dir='ltr'><strong>JOAN.</strong></span> <span class='ocrx_word' id='word_1_5' title='bbox 2150 328 2389 387; x_wconf 75' lang='lat' dir='ltr'><strong>TOMUS</strong></span> <span class='ocrx_word' id='word_1_6' title='bbox 2426 331 2498 388; x_wconf 79' lang='grc' dir='ltr'><strong>Χ.</strong></span> 
     </span>
    </p>
   </div>
   <div class='ocr_carea' id='block_1_3' title="bbox 3472 337 3580 394">
    <p class='ocr_par' dir='ltr' id='par_1_3' title="bbox 3472 337 3580 394">
     <span class='ocr_line' id='line_1_3' title="bbox 3472 337 3580 394; baseline 0.009 -1"><span class='ocrx_word' id='word_1_7' title='bbox 3472 337 3580 394; x_wconf 71' lang='lat'><strong>522</strong></span> 
     </span>
    </p>
   </div>
   <div class='ocr_carea' id='block_1_4' title="bbox 310 443 1899 523">
    <p class='ocr_par' dir='ltr' id='par_1_4' title="bbox 310 445 1894 523">
     <span class='ocr_line' id='line_1_4' title="bbox 310 445 1894 523; baseline -0.003 -17"><span class='ocrx_word' id='word_1_8' title='bbox 310 447 485 523; x_wconf 78' lang='grc' dir='ltr'><strong>ἀγρὸς</strong></span> <span class='ocrx_word' id='word_1_9' title='bbox 524 449 588 505; x_wconf 70' lang='grc' dir='ltr'><strong>οὗ</strong></span> <span class='ocrx_word' id='word_1_10' title='bbox 634 447 835 522; x_wconf 79' lang='grc' dir='ltr'><strong>χωρεῖ,</strong></span> <span class='ocrx_word' id='word_1_11' title='bbox 881 445 1225 523; x_wconf 75' lang='grc' dir='ltr'><strong>ὀλιγωτέρων</strong></span> <span class='ocrx_word' id='word_1_12' title='bbox 1277 445 1565 518; x_wconf 82' lang='grc' dir='ltr'><strong>τυγχάνων</strong></span> <span class='ocrx_word' id='word_1_13' title='bbox 1625 445 1894 508; x_wconf 75' lang='grc' dir='ltr'><strong>δεκτικὸς.</strong></span> 
     </span>
    </p>
   </div>
   <div class='ocr_carea' id='block_1_5' title="bbox 2001 443 3579 523">
    <p class='ocr_par' dir='ltr' id='par_1_5' title="bbox 2001 443 3579 520">
     <span class='ocr_line' id='line_1_5' title="bbox 2001 443 3579 520; baseline 0.003 -20"><span class='ocrx_word' id='word_1_14' title='bbox 2001 443 2271 502; x_wconf 65' lang='lat' dir='ltr'><strong>Praeterea</strong></span> <span class='ocrx_word' id='word_1_15' title='bbox 2293 456 2352 503; x_wconf 91' lang='lat' dir='ltr'><strong>ut</strong></span> <span class='ocrx_word' id='word_1_16' title='bbox 2372 447 2648 504; x_wconf 79' lang='lat' dir='ltr'><strong>videamus</strong></span> <span class='ocrx_word' id='word_1_17' title='bbox 2666 443 3030 502; x_wconf 77' lang='lat' dir='ltr'><strong>diﬂ&#39;erentiam</strong></span> <span class='ocrx_word' id='word_1_18' title='bbox 3047 460 3233 504; x_wconf 88' lang='lat' dir='ltr'><strong>eorum</strong></span> <span class='ocrx_word' id='word_1_19' title='bbox 3249 449 3337 520; x_wconf 87' lang='lat' dir='ltr'><strong>qui</strong></span> <span class='ocrx_word' id='word_1_20' title='bbox 3361 449 3480 520; x_wconf 86' lang='lat' dir='ltr'><strong>plus</strong></span> <span class='ocrx_word' id='word_1_21' title='bbox 3495 454 3579 506; x_wconf 89' lang='lat' dir='ltr'><strong>vel</strong></span> 
     </span>
    </p>
   </div>
   <div class='ocr_carea' id='block_1_6' title="bbox 312 538 1901 616">
    <p class='ocr_par' dir='ltr' id='par_1_6' title="bbox 312 538 1901 616">
     <span class='ocr_line' id='line_1_6' title="bbox 312 538 1901 616; baseline -0.003 -21"><span class='ocrx_word' id='word_1_22' title='bbox 312 540 666 616; x_wconf 77' lang='grc' dir='ltr'><strong>Παραθετέον</strong></span> <span class='ocrx_word' id='word_1_23' title='bbox 722 541 779 596; x_wconf 68' lang='grc' dir='ltr'><strong>δὲ</strong></span> <span class='ocrx_word' id='word_1_24' title='bbox 834 541 969 612; x_wconf 79' lang='grc' dir='ltr'><strong>πρὸς</strong></span> <span class='ocrx_word' id='word_1_25' title='bbox 1016 540 1079 595; x_wconf 72' lang='grc' dir='ltr'><strong>τὸ</strong></span> <span class='ocrx_word' id='word_1_26' title='bbox 1133 539 1411 613; x_wconf 76' lang='grc' dir='ltr'><strong>θεωρῆσαι</strong></span> <span class='ocrx_word' id='word_1_27' title='bbox 1462 538 1728 612; x_wconf 82' lang='grc' dir='ltr'><strong>διαφορὰς</strong></span> <span class='ocrx_word' id='word_1_28' title='bbox 1791 538 1901 591; x_wconf 87' lang='grc' dir='ltr'><strong>τῶν</strong></span> 
     </span>
    </p>
   </div>
   <div class='ocr_carea' id='block_1_7' title="bbox 312 626 1897 710">
    <p class='ocr_par' dir='ltr' id='par_1_7' title="bbox 312 626 1897 710">
     <span class='ocr_line' id='line_1_7' title="bbox 312 626 1897 710; baseline -0.006 -19"><span class='ocrx_word' id='word_1_29' title='bbox 312 637 600 693; x_wconf 58' lang='lat' dir='ltr'><strong>tandem:</strong></span> <span class='ocrx_word' id='word_1_30' title='bbox 632 638 665 710; x_wconf 78' lang='grc' dir='ltr'>ἢ</span> <span class='ocrx_word' id='word_1_31' title='bbox 700 638 916 692; x_wconf 75' lang='grc' dir='ltr'><strong>ἔλαττον</strong></span> <span class='ocrx_word' id='word_1_32' title='bbox 957 635 1262 708; x_wconf 81' lang='grc' dir='ltr'><strong>δεχομένων</strong></span> <span class='ocrx_word' id='word_1_33' title='bbox 1302 633 1394 688; x_wconf 78' lang='grc' dir='ltr'><strong>τὸν</strong></span> <span class='ocrx_word' id='word_1_34' title='bbox 1446 628 1658 703; x_wconf 82' lang='grc' dir='ltr'><strong>Ἰησοῦν</strong></span> <span class='ocrx_word' id='word_1_35' title='bbox 1698 629 1756 682; x_wconf 82' lang='grc' dir='ltr'><strong>ὲν</strong></span> <span class='ocrx_word' id='word_1_36' title='bbox 1788 626 1897 698; x_wconf 75' lang='grc' dir='ltr'><strong>τῷο</strong></span> 
     </span>
    </p>
   </div>
   <div class='ocr_carea' id='block_1_8' title="bbox 317 718 1904 799">
    <p class='ocr_par' dir='ltr' id='par_1_8' title="bbox 317 718 1904 799">
     <span class='ocr_line' id='line_1_8' title="bbox 317 718 1904 799; baseline -0.005 -19"><span class='ocrx_word' id='word_1_37' title='bbox 317 746 339 780; x_wconf 75' lang='grc' dir='ltr'><strong>ι</strong></span> <span class='ocrx_word' id='word_1_38' title='bbox 375 726 527 783; x_wconf 74' lang='grc' dir='ltr'><strong>Ἐκεῖ</strong></span> <span class='ocrx_word' id='word_1_39' title='bbox 557 727 777 799; x_wconf 71' lang='grc' dir='ltr'><strong>ἔμειναν</strong></span> <span class='ocrx_word' id='word_1_40' title='bbox 811 727 872 781; x_wconf 81' lang='grc' dir='ltr'><strong>οῦ</strong></span> <span class='ocrx_word' id='word_1_41' title='bbox 907 726 1108 791; x_wconf 82' lang='grc' dir='ltr'><strong>πολλὰς</strong></span> <span class='ocrx_word' id='word_1_42' title='bbox 1134 725 1372 797; x_wconf 79' lang='grc' dir='ltr'><strong>ἡμέρας,</strong></span> <span class='ocrx_word' id='word_1_43' title='bbox 1403 742 1422 776; x_wconf 71' lang='grc' dir='ltr'><strong>ι</strong></span> <span class='ocrx_word' id='word_1_44' title='bbox 1456 720 1518 775; x_wconf 78' lang='grc' dir='ltr'><strong>τὸ</strong></span> <span class='ocrx_word' id='word_1_45' title='bbox 1552 723 1611 775; x_wconf 74' lang='grc' dir='ltr'><strong>ὲν</strong></span> <span class='ocrx_word' id='word_1_46' title='bbox 1640 720 1718 791; x_wconf 84' lang='grc' dir='ltr'><strong>τῷ</strong></span> <span class='ocrx_word' id='word_1_47' title='bbox 1761 718 1904 773; x_wconf 83' lang='grc' dir='ltr'><strong>κατὰ</strong></span> 
     </span>
    </p>
   </div>
   <div class='ocr_carea' id='block_1_9' title="bbox 313 811 1901 891">
    <p class='ocr_par' dir='ltr' id='par_1_9' title="bbox 313 811 1901 891">
     <span class='ocr_line' id='line_1_9' title="bbox 313 811 1901 891; baseline -0.006 -17"><span class='ocrx_word' id='word_1_48' title='bbox 313 818 596 874; x_wconf 73' lang='grc' dir='ltr'><strong>Ματθαῖον</strong></span> <span class='ocrx_word' id='word_1_49' title='bbox 621 819 701 891; x_wconf 82' lang='grc' dir='ltr'><strong>τῷ</strong></span> <span class='ocrx_word' id='word_1_50' title='bbox 731 819 1024 876; x_wconf 81' lang='grc' dir='ltr'><strong>ἀναστάντι</strong></span> <span class='ocrx_word' id='word_1_51' title='bbox 1054 820 1119 872; x_wconf 81' lang='grc' dir='ltr'><strong>ὲκ</strong></span> <span class='ocrx_word' id='word_1_52' title='bbox 1148 815 1358 888; x_wconf 78' lang='grc' dir='ltr'><strong>νεκρῶν</strong></span> <span class='ocrx_word' id='word_1_53' title='bbox 1399 811 1901 887; x_wconf 83' lang='grc' dir='ltr'><strong>μεμαθητευμένοις</strong></span> 
     </span>
    </p>
   </div>
   <div class='ocr_carea' id='block_1_10' title="bbox 314 903 1904 981">
    <p class='ocr_par' dir='ltr' id='par_1_10' title="bbox 314 903 1904 981">
     <span class='ocr_line' id='line_1_10' title="bbox 314 903 1904 981; baseline -0.004 -17"><span class='ocrx_word' id='word_1_54' title='bbox 314 909 629 981; x_wconf 82' lang='grc' dir='ltr'><strong>λεγόμενον,</strong></span> <span class='ocrx_word' id='word_1_55' title='bbox 677 910 772 964; x_wconf 73' lang='grc' dir='ltr'><strong>καὶ</strong></span> <span class='ocrx_word' id='word_1_56' title='bbox 812 910 1298 980; x_wconf 80' lang='grc' dir='ltr'><strong>ἀποστελλομένοις</strong></span> <span class='ocrx_word' id='word_1_57' title='bbox 1338 904 1675 978; x_wconf 82' lang='grc' dir='ltr'><strong>μαθητεῦσαι</strong></span> <span class='ocrx_word' id='word_1_58' title='bbox 1722 903 1904 958; x_wconf 81' lang='grc' dir='ltr'><strong>πάντα</strong></span> 
     </span>
    </p>
   </div>
   <div class='ocr_carea' id='block_1_11' title="bbox 314 995 1904 1075">
    <p class='ocr_par' dir='ltr' id='par_1_11' title="bbox 314 995 1904 1075">
     <span class='ocr_line' id='line_1_11' title="bbox 314 995 1904 1075; baseline -0.006 -19"><span class='ocrx_word' id='word_1_59' title='bbox 314 1001 389 1056; x_wconf 78' lang='grc' dir='ltr'><strong>τὰ</strong></span> <span class='ocrx_word' id='word_1_60' title='bbox 420 1001 566 1075; x_wconf 62' lang='grc' dir='ltr'><strong>ἔθνη,</strong></span> <span class='ocrx_word' id='word_1_61' title='bbox 602 1001 774 1067; x_wconf 70' lang='grc' dir='ltr'><strong>οὕτως</strong></span> <span class='ocrx_word' id='word_1_62' title='bbox 805 1002 927 1073; x_wconf 76' lang='grc' dir='ltr'><strong>ἔχον</strong></span> <span class='ocrx_word' id='word_1_63' title='bbox 946 1019 961 1034; x_wconf 85' lang='grc'><strong>·</strong></span> <span class='ocrx_word' id='word_1_64' title='bbox 1004 1021 1022 1055; x_wconf 76' lang='grc' dir='ltr'><strong>ι</strong></span> <span class='ocrx_word' id='word_1_65' title='bbox 1061 1002 1213 1068; x_wconf 82' lang='grc' dir='ltr'><strong>Ἰδοὺ,</strong></span> <span class='ocrx_word' id='word_1_66' title='bbox 1252 998 1369 1073; x_wconf 76' lang='grc' dir='ltr'><strong>μεθ’</strong></span> <span class='ocrx_word' id='word_1_67' title='bbox 1394 996 1549 1070; x_wconf 83' lang='grc' dir='ltr'><strong>ὑμῶν</strong></span> <span class='ocrx_word' id='word_1_68' title='bbox 1578 997 1695 1068; x_wconf 78' lang='grc' dir='ltr'><strong>εἰμι</strong></span> <span class='ocrx_word' id='word_1_69' title='bbox 1722 995 1904 1058; x_wconf 74' lang='grc' dir='ltr'><strong>πάσας</strong></span> 
     </span>
    </p>
   </div>
   <div class='ocr_carea' id='block_1_12' title="bbox 313 1088 1904 1163">
    <p class='ocr_par' dir='ltr' id='par_1_12' title="bbox 313 1088 1904 1163">
     <span class='ocr_line' id='line_1_12' title="bbox 313 1088 1904 1163; baseline -0.011 -7"><span class='ocrx_word' id='word_1_70' title='bbox 313 1090 420 1155; x_wconf 72' lang='grc' dir='ltr'><strong>τὰς</strong></span> <span class='ocrx_word' id='word_1_71' title='bbox 461 1091 672 1163; x_wconf 73' lang='grc' dir='ltr'><strong>ἡμέρας</strong></span> <span class='ocrx_word' id='word_1_72' title='bbox 697 1091 803 1156; x_wconf 66' lang='grc' dir='ltr'><strong>ἕως</strong></span> <span class='ocrx_word' id='word_1_73' title='bbox 839 1092 942 1163; x_wconf 82' lang='grc' dir='ltr'><strong>τῆς</strong></span> <span class='ocrx_word' id='word_1_74' title='bbox 970 1090 1277 1155; x_wconf 77' lang='grc' dir='ltr'><strong>συντελείας</strong></span> <span class='ocrx_word' id='word_1_75' title='bbox 1320 1089 1415 1144; x_wconf 89' lang='grc' dir='ltr'><strong>τοῦ</strong></span> <span class='ocrx_word' id='word_1_76' title='bbox 1464 1088 1693 1151; x_wconf 83' lang='grc' dir='ltr'><strong>αἰῶνος⁸</strong></span> <span class='ocrx_word' id='word_1_77' title='bbox 1728 1106 1749 1140; x_wconf 76' lang='grc' dir='ltr'><strong>ι</strong></span> <span class='ocrx_word' id='word_1_78' title='bbox 1791 1090 1904 1150; x_wconf 86' lang='grc' dir='ltr'><strong>τοῖς</strong></span> 
     </span>
    </p>
   </div>
   <div class='ocr_carea' id='block_1_13' title="bbox 319 1180 1905 1255">
    <p class='ocr_par' dir='ltr' id='par_1_13' title="bbox 319 1180 1905 1255">
     <span class='ocr_line' id='line_1_13' title="bbox 319 1180 1905 1255; baseline -0.008 -11"><span class='ocrx_word' id='word_1_79' title='bbox 319 1180 422 1253; x_wconf 67' lang='grc' dir='ltr'><strong>μιν</strong></span> <span class='ocrx_word' id='word_1_80' title='bbox 465 1184 577 1255; x_wconf 85' lang='grc' dir='ltr'><strong>γὰρ</strong></span> <span class='ocrx_word' id='word_1_81' title='bbox 631 1185 811 1240; x_wconf 78' lang='grc' dir='ltr'><strong>πάντα</strong></span> <span class='ocrx_word' id='word_1_82' title='bbox 855 1185 954 1239; x_wconf 80' lang='grc' dir='ltr'><strong>ὅσα</strong></span> <span class='ocrx_word' id='word_1_83' title='bbox 1012 1184 1280 1255; x_wconf 73' lang='grc' dir='ltr'><strong>ἐνδέχεται</strong></span> <span class='ocrx_word' id='word_1_84' title='bbox 1340 1183 1502 1252; x_wconf 82' lang='grc' dir='ltr'><strong>φύσιν</strong></span> <span class='ocrx_word' id='word_1_85' title='bbox 1556 1180 1905 1252; x_wconf 80' lang='grc' dir='ltr'><strong>ἀνθρωπίνην</strong></span> 
     </span>
    </p>
   </div>
   <div class='ocr_carea' id='block_1_14' title="bbox 316 1270 1906 1347">
    <p class='ocr_par' dir='ltr' id='par_1_14' title="bbox 316 1270 1906 1347">
     <span class='ocr_line' id='line_1_14' title="bbox 316 1270 1906 1347; baseline -0.001 -20"><span class='ocrx_word' id='word_1_86' title='bbox 316 1272 521 1341; x_wconf 85' lang='grc' dir='ltr'><strong>γνῶναι</strong></span> <span class='ocrx_word' id='word_1_87' title='bbox 558 1274 639 1328; x_wconf 70' lang='grc' dir='ltr'><strong>ἔτι</strong></span> <span class='ocrx_word' id='word_1_88' title='bbox 679 1275 910 1331; x_wconf 72' lang='grc' dir='ltr'><strong>ἐνταῦθα</strong></span> <span class='ocrx_word' id='word_1_89' title='bbox 937 1276 1308 1347; x_wconf 82' lang='grc' dir='ltr'><strong>τυγχάνουσαν</strong></span> <span class='ocrx_word' id='word_1_90' title='bbox 1346 1272 1650 1344; x_wconf 85' lang='grc' dir='ltr'><strong>είσομένοις</strong></span> <span class='ocrx_word' id='word_1_91' title='bbox 1685 1270 1906 1340; x_wconf 84' lang='grc' dir='ltr'><strong>λέγεται</strong></span> 
     </span>
    </p>
   </div>
   <div class='ocr_carea' id='block_1_15' title="bbox 308 1361 1905 1439">
    <p class='ocr_par' dir='ltr' id='par_1_15' title="bbox 308 1361 1905 1439">
     <span class='ocr_line' id='line_1_15' title="bbox 308 1361 1905 1439; baseline -0.003 -21"><span class='ocrx_word' id='word_1_92' title='bbox 308 1364 604 1430; x_wconf 76' lang='grc' dir='ltr'><strong>δεικτικῶς</strong></span> <span class='ocrx_word' id='word_1_93' title='bbox 635 1367 728 1421; x_wconf 81' lang='grc' dir='ltr'><strong>τό’</strong></span> <span class='ocrx_word' id='word_1_94' title='bbox 782 1384 803 1420; x_wconf 79' lang='lat' dir='ltr'><strong>t</strong></span> <span class='ocrx_word' id='word_1_95' title='bbox 843 1365 983 1437; x_wconf 83' lang='grc' dir='ltr'><strong>Ἐγὼ</strong></span> <span class='ocrx_word' id='word_1_96' title='bbox 1032 1367 1150 1439; x_wconf 80' lang='grc' dir='ltr'><strong>μεθ’</strong></span> <span class='ocrx_word' id='word_1_97' title='bbox 1198 1366 1353 1439; x_wconf 76' lang='grc' dir='ltr'><strong>ὑμῶν</strong></span> <span class='ocrx_word' id='word_1_98' title='bbox 1383 1368 1529 1439; x_wconf 85' lang='grc' dir='ltr'><strong>είμι·</strong></span> <span class='ocrx_word' id='word_1_99' title='bbox 1558 1384 1577 1418; x_wconf 78' lang='grc' dir='ltr'><strong>ι</strong></span> <span class='ocrx_word' id='word_1_100' title='bbox 1628 1363 1727 1418; x_wconf 82' lang='grc' dir='ltr'><strong>καὶ</strong></span> <span class='ocrx_word' id='word_1_101' title='bbox 1775 1361 1905 1433; x_wconf 79' lang='grc' dir='ltr'><strong>περὶ</strong></span> 
     </span>
    </p>
   </div>
   <div class='ocr_carea' id='block_1_16' title="bbox 316 1452 1906 1531">
    <p class='ocr_par' dir='ltr' id='par_1_16' title="bbox 316 1452 1906 1531">
     <span class='ocr_line' id='line_1_16' title="bbox 316 1452 1906 1531; baseline -0.008 -15"><span class='ocrx_word' id='word_1_102' title='bbox 316 1457 503 1529; x_wconf 80' lang='grc' dir='ltr'><strong>πάσης</strong></span> <span class='ocrx_word' id='word_1_103' title='bbox 531 1458 631 1529; x_wconf 85' lang='grc' dir='ltr'><strong>τῆς</strong></span> <span class='ocrx_word' id='word_1_104' title='bbox 661 1459 720 1512; x_wconf 74' lang='grc' dir='ltr'><strong>ιν</strong></span> <span class='ocrx_word' id='word_1_105' title='bbox 749 1462 862 1523; x_wconf 86' lang='grc' dir='ltr'><strong>τοίς</strong></span> <span class='ocrx_word' id='word_1_106' title='bbox 890 1457 1290 1531; x_wconf 74' lang='grc' dir='ltr'><strong>θεωρουμένοις</strong></span> <span class='ocrx_word' id='word_1_107' title='bbox 1323 1457 1437 1529; x_wconf 77' lang='lat'><strong>(9&#39;5)</strong></span> <span class='ocrx_word' id='word_1_108' title='bbox 1479 1453 1742 1525; x_wconf 82' lang='grc' dir='ltr'><strong>ἀνατολῆς</strong></span> <span class='ocrx_word' id='word_1_109' title='bbox 1768 1452 1906 1525; x_wconf 80' lang='grc' dir='ltr'><strong>ἡμέ-</strong></span> 
     </span>
    </p>
   </div>
   <div class='ocr_carea' id='block_1_17' title="bbox 316 1546 1901 1623">
    <p class='ocr_par' dir='ltr' id='par_1_17' title="bbox 316 1546 1901 1623">
     <span class='ocr_line' id='line_1_17' title="bbox 316 1546 1901 1623; baseline -0.004 -19"><span class='ocrx_word' id='word_1_110' title='bbox 316 1564 425 1619; x_wconf 76' lang='grc' dir='ltr'><strong>ρας</strong></span> <span class='ocrx_word' id='word_1_111' title='bbox 487 1548 735 1613; x_wconf 85' lang='grc' dir='ltr'><strong>πλείονας</strong></span> <span class='ocrx_word' id='word_1_112' title='bbox 794 1549 1055 1623; x_wconf 84' lang='grc' dir='ltr'><strong>ποιούσης</strong></span> <span class='ocrx_word' id='word_1_113' title='bbox 1121 1553 1237 1615; x_wconf 77' lang='grc' dir='ltr'><strong>τοῖς</strong></span> <span class='ocrx_word' id='word_1_114' title='bbox 1288 1549 1750 1621; x_wconf 76' lang='grc' dir='ltr'><strong>’μακαριωτάτοις</strong></span> <span class='ocrx_word' id='word_1_115' title='bbox 1804 1546 1864 1599; x_wconf 88' lang='grc' dir='ltr'><strong>τό</strong></span> <span class='ocrx_word' id='word_1_116' title='bbox 1887 1560 1901 1575; x_wconf 87' lang='grc'><strong>·</strong></span> 
     </span>
    </p>
   </div>
   <div class='ocr_carea' id='block_1_18' title="bbox 326 1636 1906 1715">
    <p class='ocr_par' dir='ltr' id='par_1_18' title="bbox 326 1636 1906 1715">
     <span class='ocr_line' id='line_1_18' title="bbox 326 1636 1906 1715; baseline -0.003 -21"><span class='ocrx_word' id='word_1_117' title='bbox 326 1657 346 1691; x_wconf 72' lang='grc' dir='ltr'><strong>ι</strong></span> <span class='ocrx_word' id='word_1_118' title='bbox 370 1640 556 1706; x_wconf 81' lang='grc' dir='ltr'><strong>Πάσας</strong></span> <span class='ocrx_word' id='word_1_119' title='bbox 592 1643 692 1705; x_wconf 79' lang='grc' dir='ltr'><strong>τὰς</strong></span> <span class='ocrx_word' id='word_1_120' title='bbox 738 1643 985 1715; x_wconf 72' lang='grc' dir='ltr'><strong>ἡμέρας,</strong></span> <span class='ocrx_word' id='word_1_121' title='bbox 1024 1642 1133 1706; x_wconf 67' lang='grc' dir='ltr'><strong>ἕως</strong></span> <span class='ocrx_word' id='word_1_122' title='bbox 1172 1642 1273 1713; x_wconf 79' lang='grc' dir='ltr'><strong>τῆς</strong></span> <span class='ocrx_word' id='word_1_123' title='bbox 1317 1640 1624 1703; x_wconf 78' lang='grc' dir='ltr'><strong>συντελείας</strong></span> <span class='ocrx_word' id='word_1_124' title='bbox 1649 1637 1745 1692; x_wconf 86' lang='grc' dir='ltr'><strong>τοῦ</strong></span> <span class='ocrx_word' id='word_1_125' title='bbox 1783 1636 1906 1691; x_wconf 86' lang='grc' dir='ltr'><strong>αίῶ-</strong></span> 
     </span>
    </p>
   </div>
   <div class='ocr_carea' id='block_1_19' title="bbox 319 1727 1904 1806">
    <p class='ocr_par' dir='ltr' id='par_1_19' title="bbox 319 1727 1904 1806">
     <span class='ocr_line' id='line_1_19' title="bbox 319 1727 1904 1806; baseline 0.005 -21"><span class='ocrx_word' id='word_1_126' title='bbox 319 1749 442 1797; x_wconf 76' lang='grc' dir='ltr'><strong>νος’</strong></span> <span class='ocrx_word' id='word_1_127' title='bbox 468 1751 489 1786; x_wconf 72' lang='grc' dir='ltr'><strong>ι</strong></span> <span class='ocrx_word' id='word_1_128' title='bbox 528 1734 657 1806; x_wconf 76' lang='grc' dir='ltr'><strong>περὶ</strong></span> <span class='ocrx_word' id='word_1_129' title='bbox 701 1734 758 1788; x_wconf 80' lang='grc' dir='ltr'><strong>δὲ</strong></span> <span class='ocrx_word' id='word_1_130' title='bbox 803 1735 913 1788; x_wconf 89' lang='grc' dir='ltr'><strong>τῶν</strong></span> <span class='ocrx_word' id='word_1_131' title='bbox 951 1737 1010 1788; x_wconf 86' lang='grc' dir='ltr'><strong>ὲν</strong></span> <span class='ocrx_word' id='word_1_132' title='bbox 1056 1734 1453 1805; x_wconf 77' lang='grc' dir='ltr'><strong>Καφαρναοὺμ,</strong></span> <span class='ocrx_word' id='word_1_133' title='bbox 1492 1731 1628 1803; x_wconf 84' lang='grc' dir='ltr'><strong>πρὸς</strong></span> <span class='ocrx_word' id='word_1_134' title='bbox 1674 1729 1796 1795; x_wconf 83' lang='grc' dir='ltr'><strong>οὓς,</strong></span> <span class='ocrx_word' id='word_1_135' title='bbox 1828 1727 1904 1791; x_wconf 81' lang='grc' dir='ltr'><strong>ὡς</strong></span> 
     </span>
    </p>
   </div>
   <div class='ocr_carea' id='block_1_20' title="bbox 2005 532 3580 607">
    <p class='ocr_par' dir='ltr' id='par_1_20' title="bbox 2005 532 3580 607">
     <span class='ocr_line' id='line_1_20' title="bbox 2005 532 3580 607; baseline 0.006 -19"><span class='ocrx_word' id='word_1_136' title='bbox 2005 534 2186 591; x_wconf 92' lang='lat' dir='ltr'><strong>minus</strong></span> <span class='ocrx_word' id='word_1_137' title='bbox 2210 536 2516 607; x_wconf 86' lang='lat' dir='ltr'><strong>suscipiunt</strong></span> <span class='ocrx_word' id='word_1_138' title='bbox 2538 532 2750 600; x_wconf 69' lang='lat' dir='ltr'><strong>Iesum,</strong></span> <span class='ocrx_word' id='word_1_139' title='bbox 2778 536 3084 592; x_wconf 87' lang='lat' dir='ltr'><strong>addendum</strong></span> <span class='ocrx_word' id='word_1_140' title='bbox 3111 548 3197 594; x_wconf 86' lang='lat' dir='ltr'><strong>est</strong></span> <span class='ocrx_word' id='word_1_141' title='bbox 3221 539 3403 595; x_wconf 78' lang='lat' dir='ltr'><strong>verbis</strong></span> <span class='ocrx_word' id='word_1_142' title='bbox 3431 540 3538 596; x_wconf 87' lang='lat' dir='ltr'><strong>illis</strong></span> <span class='ocrx_word' id='word_1_143' title='bbox 3563 558 3580 597; x_wconf 91' lang='lat'><strong>:</strong></span> 
     </span>
    </p>
   </div>
   <div class='ocr_carea' id='block_1_21' title="bbox 2009 626 3582 700">
    <p class='ocr_par' dir='ltr' id='par_1_21' title="bbox 2009 626 3582 700">
     <span class='ocr_line' id='line_1_21' title="bbox 2009 626 3582 700; baseline 0.005 -20"><span class='ocrx_word' id='word_1_144' title='bbox 2009 646 2028 680; x_wconf 78' lang='grc' dir='ltr'><strong>ι</strong></span> <span class='ocrx_word' id='word_1_145' title='bbox 2056 626 2170 685; x_wconf 85' lang='lat' dir='ltr'><strong>Illic</strong></span> <span class='ocrx_word' id='word_1_146' title='bbox 2196 638 2512 687; x_wconf 87' lang='lat' dir='ltr'><strong>manserunt</strong></span> <span class='ocrx_word' id='word_1_147' title='bbox 2542 642 2650 683; x_wconf 89' lang='lat' dir='ltr'><strong>non</strong></span> <span class='ocrx_word' id='word_1_148' title='bbox 2686 626 2871 681; x_wconf 89' lang='lat' dir='ltr'><strong>multis</strong></span> <span class='ocrx_word' id='word_1_149' title='bbox 2901 627 3062 700; x_wconf 75' lang='lat'><strong>169</strong></span> <span class='ocrx_word' id='word_1_150' title='bbox 3085 629 3273 685; x_wconf 84' lang='lat' dir='ltr'><strong>diebus</strong></span> <span class='ocrx_word' id='word_1_151' title='bbox 3296 630 3366 697; x_wconf 84' lang='lat'><strong>&quot;,</strong></span> <span class='ocrx_word' id='word_1_152' title='bbox 3395 650 3415 686; x_wconf 77' lang='grc' dir='ltr'><strong>ι</strong></span> <span class='ocrx_word' id='word_1_153' title='bbox 3448 633 3582 688; x_wconf 88' lang='lat' dir='ltr'><strong>illud</strong></span> 
     </span>
    </p>
   </div>
   <div class='ocr_carea' id='block_1_22' title="bbox 2004 718 3583 795">
    <p class='ocr_par' dir='ltr' id='par_1_22' title="bbox 2004 718 3583 795">
     <span class='ocr_line' id='line_1_22' title="bbox 2004 718 3583 795; baseline 0.003 -20"><span class='ocrx_word' id='word_1_154' title='bbox 2004 720 2146 789; x_wconf 90' lang='lat' dir='ltr'><strong>quod</strong></span> <span class='ocrx_word' id='word_1_155' title='bbox 2178 720 2381 776; x_wconf 93' lang='lat' dir='ltr'><strong>dicitur</strong></span> <span class='ocrx_word' id='word_1_156' title='bbox 2409 736 2439 776; x_wconf 85' lang='lat' dir='ltr'><strong>a</strong></span> <span class='ocrx_word' id='word_1_157' title='bbox 2461 718 2687 776; x_wconf 90' lang='lat' dir='ltr'><strong>Domino</strong></span> <span class='ocrx_word' id='word_1_158' title='bbox 2722 721 3044 777; x_wconf 88' lang='lat' dir='ltr'><strong>resuscitato</strong></span> <span class='ocrx_word' id='word_1_159' title='bbox 3076 737 3144 778; x_wconf 88' lang='lat' dir='ltr'><strong>ex</strong></span> <span class='ocrx_word' id='word_1_160' title='bbox 3177 724 3407 780; x_wconf 75' lang='lat' dir='ltr'><strong>mortuis</strong></span> <span class='ocrx_word' id='word_1_161' title='bbox 3439 724 3583 795; x_wconf 90' lang='lat' dir='ltr'><strong>apud</strong></span> 
     </span>
    </p>
   </div>
   <div class='ocr_carea' id='block_1_23' title="bbox 2002 811 3580 885">
    <p class='ocr_par' dir='ltr' id='par_1_23' title="bbox 2002 811 3580 885">
     <span class='ocr_line' id='line_1_23' title="bbox 2002 811 3580 885; baseline 0.002 -18"><span class='ocrx_word' id='word_1_162' title='bbox 2002 811 2334 880; x_wconf 72' lang='lat' dir='ltr'><strong>Mattbreum,</strong></span> <span class='ocrx_word' id='word_1_163' title='bbox 2352 812 2631 884; x_wconf 84' lang='lat' dir='ltr'><strong>discipulis</strong></span> <span class='ocrx_word' id='word_1_164' title='bbox 2648 812 2829 869; x_wconf 81' lang='lat' dir='ltr'><strong>missis</strong></span> <span class='ocrx_word' id='word_1_165' title='bbox 2846 815 2912 867; x_wconf 86' lang='lat' dir='ltr'><strong>ad</strong></span> <span class='ocrx_word' id='word_1_166' title='bbox 2932 814 3231 870; x_wconf 90' lang='lat' dir='ltr'><strong>docendum</strong></span> <span class='ocrx_word' id='word_1_167' title='bbox 3249 829 3440 870; x_wconf 90' lang='lat' dir='ltr'><strong>omnes</strong></span> <span class='ocrx_word' id='word_1_168' title='bbox 3456 831 3580 885; x_wconf 80' lang='lat' dir='ltr'><strong>gen-</strong></span> 
     </span>
    </p>
   </div>
   <div class='ocr_carea' id='block_1_24' title="bbox 2006 904 3585 977">
    <p class='ocr_par' dir='ltr' id='par_1_24' title="bbox 2006 904 3585 977">
     <span class='ocr_line' id='line_1_24' title="bbox 2006 904 3585 977; baseline 0.004 -20"><span class='ocrx_word' id='word_1_169' title='bbox 2006 915 2105 969; x_wconf 90' lang='lat' dir='ltr'><strong>tes,</strong></span> <span class='ocrx_word' id='word_1_170' title='bbox 2137 904 2218 960; x_wconf 91' lang='lat' dir='ltr'><strong>sic</strong></span> <span class='ocrx_word' id='word_1_171' title='bbox 2251 905 2457 960; x_wconf 81' lang='lat' dir='ltr'><strong>habens</strong></span> <span class='ocrx_word' id='word_1_172' title='bbox 2482 919 2497 958; x_wconf 88' lang='lat'><strong>:</strong></span> <span class='ocrx_word' id='word_1_173' title='bbox 2531 924 2550 957; x_wconf 72' lang='grc' dir='ltr'><strong>ι</strong></span> <span class='ocrx_word' id='word_1_174' title='bbox 2574 905 2712 962; x_wconf 84' lang='lat' dir='ltr'><strong>Ecce</strong></span> <span class='ocrx_word' id='word_1_175' title='bbox 2736 920 2837 977; x_wconf 87' lang='lat' dir='ltr'><strong>ego</strong></span> <span class='ocrx_word' id='word_1_176' title='bbox 2864 905 3151 961; x_wconf 84' lang='lat' dir='ltr'><strong>vobiscum</strong></span> <span class='ocrx_word' id='word_1_177' title='bbox 3177 920 3298 959; x_wconf 89' lang='lat' dir='ltr'><strong>sum</strong></span> <span class='ocrx_word' id='word_1_178' title='bbox 3329 907 3585 963; x_wconf 83' lang='lat' dir='ltr'><strong>omnibus</strong></span> 
     </span>
    </p>
   </div>
   <div class='ocr_carea' id='block_1_25' title="bbox 2005 993 3586 1065">
    <p class='ocr_par' dir='ltr' id='par_1_25' title="bbox 2005 993 3586 1065">
     <span class='ocr_line' id='line_1_25' title="bbox 2005 993 3586 1065; baseline -0.001 -15"><span class='ocrx_word' id='word_1_179' title='bbox 2005 996 2214 1062; x_wconf 85' lang='lat' dir='ltr'><strong>diebus,</strong></span> <span class='ocrx_word' id='word_1_180' title='bbox 2248 1010 2416 1065; x_wconf 90' lang='lat' dir='ltr'><strong>usque</strong></span> <span class='ocrx_word' id='word_1_181' title='bbox 2442 998 2509 1050; x_wconf 90' lang='lat' dir='ltr'><strong>ad</strong></span> <span class='ocrx_word' id='word_1_182' title='bbox 2540 994 3067 1050; x_wconf 76' lang='lat' dir='ltr'><strong>consummationem</strong></span> <span class='ocrx_word' id='word_1_183' title='bbox 3097 994 3392 1053; x_wconf 53' lang='lat' dir='ltr'><strong>saeculi’h</strong></span> <span class='ocrx_word' id='word_1_184' title='bbox 3422 993 3586 1049; x_wconf 80' lang='lat' dir='ltr'><strong>Nam-</strong></span> 
     </span>
    </p>
   </div>
   <div class='ocr_carea' id='block_1_26' title="bbox 2005 1088 3586 1160">
    <p class='ocr_par' dir='ltr' id='par_1_26' title="bbox 2005 1088 3586 1160">
     <span class='ocr_line' id='line_1_26' title="bbox 2005 1088 3586 1160; baseline -0.001 -18"><span class='ocrx_word' id='word_1_185' title='bbox 2005 1103 2111 1160; x_wconf 88' lang='lat' dir='ltr'><strong>que</strong></span> <span class='ocrx_word' id='word_1_186' title='bbox 2133 1089 2404 1158; x_wconf 90' lang='lat' dir='ltr'><strong>agnituris</strong></span> <span class='ocrx_word' id='word_1_187' title='bbox 2430 1088 2653 1158; x_wconf 83' lang='lat' dir='ltr'><strong>quidem</strong></span> <span class='ocrx_word' id='word_1_188' title='bbox 2694 1089 2876 1144; x_wconf 87' lang='lat' dir='ltr'><strong>omnia</strong></span> <span class='ocrx_word' id='word_1_189' title='bbox 2920 1102 3259 1159; x_wconf 62' lang='lat' dir='ltr'><strong>quascunque</strong></span> <span class='ocrx_word' id='word_1_190' title='bbox 3285 1101 3586 1156; x_wconf 77' lang='lat' dir='ltr'><strong>agnoscere</strong></span> 
     </span>
    </p>
   </div>
   <div class='ocr_carea' id='block_1_27' title="bbox 2004 1177 3586 1249">
    <p class='ocr_par' dir='ltr' id='par_1_27' title="bbox 2004 1177 3586 1249">
     <span class='ocr_line' id='line_1_27' title="bbox 2004 1177 3586 1249; baseline 0 -15"><span class='ocrx_word' id='word_1_191' title='bbox 2004 1186 2181 1249; x_wconf 85' lang='lat' dir='ltr'><strong>potest</strong></span> <span class='ocrx_word' id='word_1_192' title='bbox 2213 1179 2449 1234; x_wconf 83' lang='lat' dir='ltr'><strong>humana</strong></span> <span class='ocrx_word' id='word_1_193' title='bbox 2481 1186 2696 1245; x_wconf 87' lang='lat' dir='ltr'><strong>natura,</strong></span> <span class='ocrx_word' id='word_1_194' title='bbox 2726 1178 2854 1233; x_wconf 90' lang='lat' dir='ltr'><strong>dum</strong></span> <span class='ocrx_word' id='word_1_195' title='bbox 2910 1178 3001 1234; x_wconf 92' lang='lat' dir='ltr'><strong>hic</strong></span> <span class='ocrx_word' id='word_1_196' title='bbox 3037 1177 3221 1249; x_wconf 89' lang='lat' dir='ltr'><strong>degit,</strong></span> <span class='ocrx_word' id='word_1_197' title='bbox 3257 1178 3458 1233; x_wconf 91' lang='lat' dir='ltr'><strong>dicitur</strong></span> <span class='ocrx_word' id='word_1_198' title='bbox 3490 1180 3586 1234; x_wconf 77' lang='lat' dir='ltr'><strong>de—</strong></span> 
     </span>
    </p>
   </div>
   <div class='ocr_carea' id='block_1_28' title="bbox 2007 1270 3585 1341">
    <p class='ocr_par' dir='ltr' id='par_1_28' title="bbox 2007 1270 3585 1341">
     <span class='ocr_line' id='line_1_28' title="bbox 2007 1270 3585 1341; baseline 0.001 -16"><span class='ocrx_word' id='word_1_199' title='bbox 2007 1270 2360 1327; x_wconf 87' lang='lat' dir='ltr'><strong>monstrative</strong></span> <span class='ocrx_word' id='word_1_200' title='bbox 2382 1271 2485 1326; x_wconf 83' lang='lat' dir='ltr'><strong>hoc</strong></span> <span class='ocrx_word' id='word_1_201' title='bbox 2514 1288 2529 1325; x_wconf 87' lang='lat'><strong>:</strong></span> <span class='ocrx_word' id='word_1_202' title='bbox 2565 1290 2584 1324; x_wconf 74' lang='grc' dir='ltr'><strong>ι</strong></span> <span class='ocrx_word' id='word_1_203' title='bbox 2615 1270 2731 1341; x_wconf 85' lang='lat' dir='ltr'><strong>Ego</strong></span> <span class='ocrx_word' id='word_1_204' title='bbox 2762 1272 3045 1328; x_wconf 79' lang='lat' dir='ltr'><strong>vobiscum</strong></span> <span class='ocrx_word' id='word_1_205' title='bbox 3077 1285 3196 1328; x_wconf 88' lang='lat' dir='ltr'><strong>sum</strong></span> <span class='ocrx_word' id='word_1_206' title='bbox 3226 1284 3241 1323; x_wconf 89' lang='lat'><strong>:</strong></span> <span class='ocrx_word' id='word_1_207' title='bbox 3281 1288 3301 1323; x_wconf 75' lang='grc' dir='ltr'><strong>ι</strong></span> <span class='ocrx_word' id='word_1_208' title='bbox 3337 1270 3404 1325; x_wconf 91' lang='lat' dir='ltr'><strong>de</strong></span> <span class='ocrx_word' id='word_1_209' title='bbox 3432 1270 3585 1326; x_wconf 85' lang='lat' dir='ltr'><strong>omni</strong></span> 
     </span>
    </p>
   </div>
   <div class='ocr_carea' id='block_1_29' title="bbox 2007 1360 3582 1432">
    <p class='ocr_par' dir='ltr' id='par_1_29' title="bbox 2007 1360 3582 1432">
     <span class='ocr_line' id='line_1_29' title="bbox 2007 1360 3582 1432; baseline -0.001 -15"><span class='ocrx_word' id='word_1_210' title='bbox 2007 1376 2140 1418; x_wconf 87' lang='lat' dir='ltr'><strong>vero</strong></span> <span class='ocrx_word' id='word_1_211' title='bbox 2171 1372 2316 1429; x_wconf 91' lang='lat' dir='ltr'><strong>ortu,</strong></span> <span class='ocrx_word' id='word_1_212' title='bbox 2348 1372 2405 1418; x_wconf 91' lang='lat' dir='ltr'><strong>et</strong></span> <span class='ocrx_word' id='word_1_213' title='bbox 2442 1362 2871 1432; x_wconf 87' lang='lat' dir='ltr'><strong>illuminatione,</strong></span> <span class='ocrx_word' id='word_1_214' title='bbox 2911 1377 3033 1432; x_wconf 70' lang='lat' dir='ltr'><strong>qua:</strong></span> <span class='ocrx_word' id='word_1_215' title='bbox 3057 1361 3147 1417; x_wconf 88' lang='lat' dir='ltr'><strong>his</strong></span> <span class='ocrx_word' id='word_1_216' title='bbox 3187 1360 3458 1429; x_wconf 81' lang='lat' dir='ltr'><strong>exoritur,</strong></span> <span class='ocrx_word' id='word_1_217' title='bbox 3491 1362 3582 1431; x_wconf 87' lang='lat' dir='ltr'><strong>qui</strong></span> 
     </span>
    </p>
   </div>
   <div class='ocr_carea' id='block_1_30' title="bbox 2007 1455 3587 1529">
    <p class='ocr_par' dir='ltr' id='par_1_30' title="bbox 2007 1455 3587 1529">
     <span class='ocr_line' id='line_1_30' title="bbox 2007 1455 3587 1529; baseline -0.001 -17"><span class='ocrx_word' id='word_1_218' title='bbox 2007 1457 2382 1527; x_wconf 87' lang='lat' dir='ltr'><strong>speculantur,</strong></span> <span class='ocrx_word' id='word_1_219' title='bbox 2413 1471 2644 1527; x_wconf 67' lang='lat' dir='ltr'><strong>quaeque</strong></span> <span class='ocrx_word' id='word_1_220' title='bbox 2692 1457 2810 1513; x_wconf 91' lang='lat' dir='ltr'><strong>dies</strong></span> <span class='ocrx_word' id='word_1_221' title='bbox 2850 1458 3033 1529; x_wconf 88' lang='lat' dir='ltr'><strong>plures</strong></span> <span class='ocrx_word' id='word_1_222' title='bbox 3089 1457 3159 1513; x_wconf 92' lang='lat' dir='ltr'><strong>ob</strong></span> <span class='ocrx_word' id='word_1_223' title='bbox 3204 1456 3395 1512; x_wconf 90' lang='lat' dir='ltr'><strong>oculos</strong></span> <span class='ocrx_word' id='word_1_224' title='bbox 3434 1455 3587 1525; x_wconf 84' lang='lat' dir='ltr'><strong>ponit</strong></span> 
     </span>
    </p>
   </div>
   <div class='ocr_carea' id='block_1_31' title="bbox 2007 1544 3571 1614">
    <p class='ocr_par' dir='ltr' id='par_1_31' title="bbox 2007 1544 3571 1614">
     <span class='ocr_line' id='line_1_31' title="bbox 2007 1544 3571 1614; baseline 0 -15"><span class='ocrx_word' id='word_1_225' title='bbox 2007 1545 2361 1611; x_wconf 87' lang='lat' dir='ltr'><strong>beatissimis,</strong></span> <span class='ocrx_word' id='word_1_226' title='bbox 2416 1545 2593 1601; x_wconf 90' lang='lat' dir='ltr'><strong>illud:</strong></span> <span class='ocrx_word' id='word_1_227' title='bbox 2640 1565 2660 1599; x_wconf 75' lang='grc' dir='ltr'><strong>ι</strong></span> <span class='ocrx_word' id='word_1_228' title='bbox 2705 1547 2972 1605; x_wconf 88' lang='lat' dir='ltr'><strong>Omnibus</strong></span> <span class='ocrx_word' id='word_1_229' title='bbox 3029 1546 3240 1609; x_wconf 88' lang='lat' dir='ltr'><strong>diebus,</strong></span> <span class='ocrx_word' id='word_1_230' title='bbox 3289 1559 3460 1614; x_wconf 87' lang='lat' dir='ltr'><strong>usque</strong></span> <span class='ocrx_word' id='word_1_231' title='bbox 3500 1544 3571 1599; x_wconf 86' lang='lat' dir='ltr'><strong>ad</strong></span> 
     </span>
    </p>
   </div>
   <div class='ocr_carea' id='block_1_32' title="bbox 2006 1636 3583 1707">
    <p class='ocr_par' dir='ltr' id='par_1_32' title="bbox 2006 1636 3583 1707">
     <span class='ocr_line' id='line_1_32' title="bbox 2006 1636 3583 1707; baseline 0 -16"><span class='ocrx_word' id='word_1_232' title='bbox 2006 1636 2536 1692; x_wconf 82' lang='lat' dir='ltr'><strong>consummationem</strong></span> <span class='ocrx_word' id='word_1_233' title='bbox 2583 1639 2801 1705; x_wconf 65' lang='lat' dir='ltr'><strong>saeculi;</strong></span> <span class='ocrx_word' id='word_1_234' title='bbox 2834 1658 2854 1692; x_wconf 76' lang='grc' dir='ltr'><strong>ι</strong></span> <span class='ocrx_word' id='word_1_235' title='bbox 2894 1640 2961 1693; x_wconf 93' lang='lat' dir='ltr'><strong>de</strong></span> <span class='ocrx_word' id='word_1_236' title='bbox 2995 1638 3083 1693; x_wconf 88' lang='lat' dir='ltr'><strong>his</strong></span> <span class='ocrx_word' id='word_1_237' title='bbox 3110 1646 3289 1693; x_wconf 87' lang='lat' dir='ltr'><strong>autem</strong></span> <span class='ocrx_word' id='word_1_238' title='bbox 3328 1639 3421 1707; x_wconf 88' lang='lat' dir='ltr'><strong>qui</strong></span> <span class='ocrx_word' id='word_1_239' title='bbox 3451 1645 3583 1691; x_wconf 88' lang='lat' dir='ltr'><strong>sunt</strong></span> 
     </span>
    </p>
   </div>
   <div class='ocr_carea' id='block_1_33' title="bbox 2008 1726 3581 1800">
    <p class='ocr_par' dir='ltr' id='par_1_33' title="bbox 2008 1726 3581 1800">
     <span class='ocr_line' id='line_1_33' title="bbox 2008 1726 3581 1800; baseline 0.003 -20"><span class='ocrx_word' id='word_1_240' title='bbox 2008 1727 2060 1781; x_wconf 93' lang='lat' dir='ltr'><strong>in</strong></span> <span class='ocrx_word' id='word_1_241' title='bbox 2103 1726 2449 1798; x_wconf 85' lang='lat' dir='ltr'><strong>Capharnao,</strong></span> <span class='ocrx_word' id='word_1_242' title='bbox 2483 1728 2549 1782; x_wconf 88' lang='lat' dir='ltr'><strong>ad</strong></span> <span class='ocrx_word' id='word_1_243' title='bbox 2601 1744 2761 1799; x_wconf 91' lang='lat' dir='ltr'><strong>quos,</strong></span> <span class='ocrx_word' id='word_1_244' title='bbox 2809 1739 3001 1800; x_wconf 82' lang='lat' dir='ltr'><strong>utpote</strong></span> <span class='ocrx_word' id='word_1_245' title='bbox 3036 1729 3174 1785; x_wconf 79' lang='lat' dir='ltr'><strong>infra</strong></span> <span class='ocrx_word' id='word_1_246' title='bbox 3215 1729 3581 1794; x_wconf 82' lang='lat' dir='ltr'><strong>exsisteutes,</strong></span> 
     </span>
    </p>
   </div>
   <div class='ocr_carea' id='block_1_34' title="bbox 321 1788 1899 1894">
    <p class='ocr_par' dir='ltr' id='par_1_34' title="bbox 321 1788 1899 1893">
     <span class='ocr_line' id='line_1_34' title="bbox 321 1788 1899 1893; baseline -0.003 -19"><span class='ocrx_word' id='word_1_247' title='bbox 321 1788 744 1893; x_wconf 53' lang='grc' dir='ltr'><strong>ὐτίοδεεστέρους</strong></span> <span class='ocrx_word' id='word_1_248' title='bbox 795 1788 1241 1885; x_wconf 65' lang='grc' dir='ltr'><strong>καταϐαίνουσιν,ι</strong></span> <span class='ocrx_word' id='word_1_249' title='bbox 1277 1821 1338 1873; x_wconf 84' lang='grc' dir='ltr'><strong>οὐ</strong></span> <span class='ocrx_word' id='word_1_250' title='bbox 1389 1788 1549 1891; x_wconf 55' lang='grc' dir='ltr'><strong>,λένοὲ</strong></span> <span class='ocrx_word' id='word_1_251' title='bbox 1664 1788 1899 1890; x_wconf 51' lang='grc' dir='ltr'><strong>Ἰησοῦς.</strong></span> 
     </span>
    </p>
   </div>
   <div class='ocr_carea' id='block_1_35' title="bbox 2001 1788 3584 1894">
    <p class='ocr_par' dir='ltr' id='par_1_35' title="bbox 2005 1826 3584 1894">
     <span class='ocr_line' id='line_1_35' title="bbox 2005 1826 3584 1894; baseline 0.002 -14"><span class='ocrx_word' id='word_1_252' title='bbox 2005 1826 2340 1880; x_wconf 87' lang='lat' dir='ltr'><strong>descendunt</strong></span> <span class='ocrx_word' id='word_1_253' title='bbox 2376 1841 2481 1881; x_wconf 91' lang='lat' dir='ltr'><strong>nou</strong></span> <span class='ocrx_word' id='word_1_254' title='bbox 2534 1826 2707 1881; x_wconf 88' lang='lat' dir='ltr'><strong>solum</strong></span> <span class='ocrx_word' id='word_1_255' title='bbox 2746 1826 2926 1894; x_wconf 68' lang='lat' dir='ltr'><strong>Iesus,</strong></span> <span class='ocrx_word' id='word_1_256' title='bbox 2973 1843 3161 1884; x_wconf 86' lang='lat' dir='ltr'><strong>verum</strong></span> <span class='ocrx_word' id='word_1_257' title='bbox 3193 1830 3359 1884; x_wconf 91' lang='lat' dir='ltr'><strong>etiam</strong></span> <span class='ocrx_word' id='word_1_258' title='bbox 3406 1836 3584 1883; x_wconf 86' lang='lat' dir='ltr'><strong>mater</strong></span> 
     </span>
    </p>
   </div>
   <div class='ocr_carea' id='block_1_36' title="bbox 312 1907 1899 1984">
    <p class='ocr_par' dir='ltr' id='par_1_36' title="bbox 312 1907 1899 1984">
     <span class='ocr_line' id='line_1_36' title="bbox 312 1907 1899 1984; baseline -0.002 -20"><span class='ocrx_word' id='word_1_259' title='bbox 312 1911 455 1965; x_wconf 82' lang='grc' dir='ltr'><strong>ἀλλά</strong></span> <span class='ocrx_word' id='word_1_260' title='bbox 498 1914 592 1966; x_wconf 72' lang='grc' dir='ltr'><strong>καὶ</strong></span> <span class='ocrx_word' id='word_1_261' title='bbox 632 1914 666 1983; x_wconf 78' lang='grc' dir='ltr'><strong>ἡ</strong></span> <span class='ocrx_word' id='word_1_262' title='bbox 709 1914 891 1984; x_wconf 79' lang='grc' dir='ltr'><strong>μήτηρ</strong></span> <span class='ocrx_word' id='word_1_263' title='bbox 943 1912 1143 1976; x_wconf 82' lang='grc' dir='ltr'><strong>αὑτοῦ,</strong></span> <span class='ocrx_word' id='word_1_264' title='bbox 1190 1911 1282 1965; x_wconf 81' lang='grc' dir='ltr'><strong>καὶ</strong></span> <span class='ocrx_word' id='word_1_265' title='bbox 1320 1912 1369 1965; x_wconf 81' lang='lat' dir='ltr'><strong>oi</strong></span> <span class='ocrx_word' id='word_1_266' title='bbox 1420 1908 1641 1980; x_wconf 72' lang='grc' dir='ltr'><strong>ἀδελφοὶ</strong></span> <span class='ocrx_word' id='word_1_267' title='bbox 1702 1907 1899 1973; x_wconf 80' lang='grc' dir='ltr'><strong>αὐτοῦ,</strong></span> 
     </span>
    </p>
   </div>
   <div class='ocr_carea' id='block_1_37' title="bbox 316 2002 1899 2078">
    <p class='ocr_par' dir='ltr' id='par_1_37' title="bbox 316 2002 1899 2078">
     <span class='ocr_line' id='line_1_37' title="bbox 316 2002 1899 2078; baseline -0.001 -20"><span class='ocrx_word' id='word_1_268' title='bbox 316 2004 415 2058; x_wconf 57' lang='grc' dir='ltr'><strong>καὶ⁵</strong></span> <span class='ocrx_word' id='word_1_269' title='bbox 455 2006 505 2059; x_wconf 81' lang='grc' dir='ltr'><strong>οἱ</strong></span> <span class='ocrx_word' id='word_1_270' title='bbox 556 2004 824 2078; x_wconf 69' lang='grc' dir='ltr'><strong>μαθηταί*</strong></span> <span class='ocrx_word' id='word_1_271' title='bbox 879 2023 898 2058; x_wconf 79' lang='lat' dir='ltr'><strong>t</strong></span> <span class='ocrx_word' id='word_1_272' title='bbox 931 2005 1076 2060; x_wconf 79' lang='grc' dir='ltr'><strong>Ἐκεῖ</strong></span> <span class='ocrx_word' id='word_1_273' title='bbox 1127 2004 1349 2074; x_wconf 76' lang='grc' dir='ltr'><strong>ἔμειναν</strong></span> <span class='ocrx_word' id='word_1_274' title='bbox 1398 2004 1459 2057; x_wconf 75' lang='grc' dir='ltr'><strong>οὐ</strong></span> <span class='ocrx_word' id='word_1_275' title='bbox 1516 2002 1716 2066; x_wconf 76' lang='grc' dir='ltr'><strong>πολλὰς</strong></span> <span class='ocrx_word' id='word_1_276' title='bbox 1760 2002 1899 2073; x_wconf 74' lang='grc' dir='ltr'><strong>ἡμέ-</strong></span> 
     </span>
    </p>
   </div>
   <div class='ocr_carea' id='block_1_38' title="bbox 316 2114 499 2168">
    <p class='ocr_par' dir='ltr' id='par_1_38' title="bbox 316 2114 499 2168">
     <span class='ocr_line' id='line_1_38' title="bbox 316 2114 499 2168; baseline 0.005 -18"><span class='ocrx_word' id='word_1_277' title='bbox 316 2114 443 2168; x_wconf 78' lang='grc' dir='ltr'><strong>ρας.</strong></span> <span class='ocrx_word' id='word_1_278' title='bbox 479 2116 499 2151; x_wconf 79' lang='lat' dir='ltr'><strong>t</strong></span> 
     </span>
    </p>
   </div>
   <div class='ocr_carea' id='block_1_39' title="bbox 389 2187 1902 2260">
    <p class='ocr_par' dir='ltr' id='par_1_39' title="bbox 389 2187 1902 2260">
     <span class='ocr_line' id='line_1_39' title="bbox 389 2187 1902 2260; baseline -0.004 -15"><span class='ocrx_word' id='word_1_279' title='bbox 389 2190 448 2246; x_wconf 88' lang='grc'><strong>8.</strong></span> <span class='ocrx_word' id='word_1_280' title='bbox 488 2190 650 2254; x_wconf 80' lang='grc' dir='ltr'><strong>Είκὺς</strong></span> <span class='ocrx_word' id='word_1_281' title='bbox 694 2190 750 2244; x_wconf 77' lang='grc' dir='ltr'><strong>δὲ</strong></span> <span class='ocrx_word' id='word_1_282' title='bbox 780 2190 880 2244; x_wconf 82' lang='grc' dir='ltr'><strong>οὐκ</strong></span> <span class='ocrx_word' id='word_1_283' title='bbox 911 2188 1119 2257; x_wconf 83' lang='grc' dir='ltr'><strong>ἀλόγως</strong></span> <span class='ocrx_word' id='word_1_284' title='bbox 1166 2188 1422 2260; x_wconf 79' lang='grc' dir='ltr'><strong>ζητήσειν</strong></span> <span class='ocrx_word' id='word_1_285' title='bbox 1470 2187 1643 2251; x_wconf 84' lang='grc' dir='ltr'><strong>τινὰς,</strong></span> <span class='ocrx_word' id='word_1_286' title='bbox 1688 2188 1737 2239; x_wconf 84' lang='grc' dir='ltr'><strong>εί</strong></span> <span class='ocrx_word' id='word_1_287' title='bbox 1768 2187 1902 2257; x_wconf 80' lang='grc' dir='ltr'><strong>μετὰ</strong></span> 
     </span>
    </p>
   </div>
   <div class='ocr_carea' id='block_1_40' title="bbox 316 2278 1900 2352">
    <p class='ocr_par' dir='ltr' id='par_1_40' title="bbox 316 2278 1900 2352">
     <span class='ocr_line' id='line_1_40' title="bbox 316 2278 1900 2352; baseline -0.002 -18"><span class='ocrx_word' id='word_1_288' title='bbox 316 2281 501 2343; x_wconf 75' lang='grc' dir='ltr'><strong>πάσας</strong></span> <span class='ocrx_word' id='word_1_289' title='bbox 535 2284 637 2346; x_wconf 81' lang='grc' dir='ltr'><strong>τὰς</strong></span> <span class='ocrx_word' id='word_1_290' title='bbox 675 2283 888 2352; x_wconf 71' lang='grc' dir='ltr'><strong>ἡμέρας</strong></span> <span class='ocrx_word' id='word_1_291' title='bbox 916 2281 1108 2335; x_wconf 82' lang='grc' dir='ltr'><strong>τούτου</strong></span> <span class='ocrx_word' id='word_1_292' title='bbox 1132 2280 1226 2334; x_wconf 88' lang='grc' dir='ltr'><strong>τοῦ</strong></span> <span class='ocrx_word' id='word_1_293' title='bbox 1266 2279 1463 2345; x_wconf 89' lang='grc' dir='ltr'><strong>αίῶνος</strong></span> <span class='ocrx_word' id='word_1_294' title='bbox 1487 2281 1590 2333; x_wconf 81' lang='grc' dir='ltr'><strong>οὐκ</strong></span> <span class='ocrx_word' id='word_1_295' title='bbox 1622 2278 1703 2333; x_wconf 78' lang='grc' dir='ltr'><strong>ἔτι</strong></span> <span class='ocrx_word' id='word_1_296' title='bbox 1747 2279 1900 2331; x_wconf 79' lang='grc' dir='ltr'><strong>ἔσται</strong></span> 
     </span>
    </p>
   </div>
   <div class='ocr_carea' id='block_1_41' title="bbox 313 2370 1899 2443">
    <p class='ocr_par' dir='ltr' id='par_1_41' title="bbox 313 2370 1899 2443">
     <span class='ocr_line' id='line_1_41' title="bbox 313 2370 1899 2443; baseline 0.001 -18"><span class='ocrx_word' id='word_1_297' title='bbox 313 2375 347 2429; x_wconf 80' lang='grc' dir='ltr'>ὁ</span> <span class='ocrx_word' id='word_1_298' title='bbox 374 2371 572 2427; x_wconf 74' lang='grc' dir='ltr'><strong>είπών·</strong></span> <span class='ocrx_word' id='word_1_299' title='bbox 616 2392 635 2424; x_wconf 75' lang='grc' dir='ltr'><strong>ι</strong></span> <span class='ocrx_word' id='word_1_300' title='bbox 674 2373 805 2427; x_wconf 83' lang='grc' dir='ltr'><strong>Ἰδοὺ</strong></span> <span class='ocrx_word' id='word_1_301' title='bbox 834 2374 944 2443; x_wconf 77' lang='grc' dir='ltr'><strong>ἐγὼ</strong></span> <span class='ocrx_word' id='word_1_302' title='bbox 970 2372 1092 2443; x_wconf 84' lang='grc' dir='ltr'><strong>μεθ’</strong></span> <span class='ocrx_word' id='word_1_303' title='bbox 1131 2371 1305 2443; x_wconf 80' lang='grc' dir='ltr'><strong>ὑμῶν,</strong></span> <span class='ocrx_word' id='word_1_304' title='bbox 1337 2390 1357 2423; x_wconf 75' lang='grc' dir='ltr'><strong>ι</strong></span> <span class='ocrx_word' id='word_1_305' title='bbox 1404 2370 1545 2442; x_wconf 83' lang='grc' dir='ltr'><strong>μετὰ</strong></span> <span class='ocrx_word' id='word_1_306' title='bbox 1575 2370 1683 2424; x_wconf 85' lang='grc' dir='ltr'><strong>τῶν</strong></span> <span class='ocrx_word' id='word_1_307' title='bbox 1717 2386 1899 2441; x_wconf 84' lang='grc' dir='ltr'><strong>χωρη-</strong></span> 
     </span>
    </p>
   </div>
   <div class='ocr_carea' id='block_1_42' title="bbox 320 2461 1893 2535">
    <p class='ocr_par' dir='ltr' id='par_1_42' title="bbox 320 2461 1893 2535">
     <span class='ocr_line' id='line_1_42' title="bbox 320 2461 1893 2535; baseline -0.004 -18"><span class='ocrx_word' id='word_1_308' title='bbox 320 2462 529 2519; x_wconf 85' lang='grc' dir='ltr'><strong>σάντων</strong></span> <span class='ocrx_word' id='word_1_309' title='bbox 572 2462 753 2529; x_wconf 75' lang='grc' dir='ltr'><strong>αῦτδν,</strong></span> <span class='ocrx_word' id='word_1_310' title='bbox 806 2481 825 2515; x_wconf 85' lang='grc' dir='ltr'><strong>ι</strong></span> <span class='ocrx_word' id='word_1_311' title='bbox 849 2463 956 2527; x_wconf 73' lang='grc' dir='ltr'><strong>ἓως</strong></span> <span class='ocrx_word' id='word_1_312' title='bbox 986 2465 1087 2535; x_wconf 82' lang='grc' dir='ltr'><strong>τῆς</strong></span> <span class='ocrx_word' id='word_1_313' title='bbox 1141 2462 1449 2526; x_wconf 79' lang='grc' dir='ltr'><strong>συντελείας</strong></span> <span class='ocrx_word' id='word_1_314' title='bbox 1480 2461 1574 2515; x_wconf 92' lang='grc' dir='ltr'><strong>τοῦ</strong></span> <span class='ocrx_word' id='word_1_315' title='bbox 1625 2461 1848 2521; x_wconf 79' lang='grc' dir='ltr'><strong>αἰῶνος·</strong></span> <span class='ocrx_word' id='word_1_316' title='bbox 1875 2479 1893 2511; x_wconf 77' lang='grc' dir='ltr'><strong>ι</strong></span> 
     </span>
    </p>
   </div>
   <div class='ocr_carea' id='block_1_43' title="bbox 315 2553 1894 2628">
    <p class='ocr_par' dir='ltr' id='par_1_43' title="bbox 315 2553 1894 2628">
     <span class='ocr_line' id='line_1_43' title="bbox 315 2553 1894 2628; baseline -0.002 -20"><span class='ocrx_word' id='word_1_317' title='bbox 315 2556 382 2609; x_wconf 82' lang='grc' dir='ltr'><strong>τὸ</strong></span> <span class='ocrx_word' id='word_1_318' title='bbox 423 2555 530 2628; x_wconf 73' lang='grc' dir='ltr'><strong>γὰρ</strong></span> <span class='ocrx_word' id='word_1_319' title='bbox 561 2555 690 2621; x_wconf 78' lang='grc' dir='ltr'><strong>ἕως,</strong></span> <span class='ocrx_word' id='word_1_320' title='bbox 721 2555 884 2609; x_wconf 79' lang='grc' dir='ltr'><strong>οἱονεὶ</strong></span> <span class='ocrx_word' id='word_1_321' title='bbox 937 2556 1290 2627; x_wconf 77' lang='grc' dir='ltr'><strong>περιγραφήν</strong></span> <span class='ocrx_word' id='word_1_322' title='bbox 1321 2572 1442 2607; x_wconf 90' lang='grc' dir='ltr'><strong>τινα</strong></span> <span class='ocrx_word' id='word_1_323' title='bbox 1471 2553 1623 2625; x_wconf 84' lang='grc' dir='ltr'><strong>δηλοῖ</strong></span> <span class='ocrx_word' id='word_1_324' title='bbox 1680 2553 1894 2625; x_wconf 81' lang='grc' dir='ltr'><strong>χρόνου.</strong></span> 
     </span>
    </p>
   </div>
   <div class='ocr_carea' id='block_1_44' title="bbox 315 2643 1896 2718">
    <p class='ocr_par' dir='ltr' id='par_1_44' title="bbox 315 2643 1896 2718">
     <span class='ocr_line' id='line_1_44' title="bbox 315 2643 1896 2718; baseline -0.002 -20"><span class='ocrx_word' id='word_1_325' title='bbox 315 2646 549 2699; x_wconf 80' lang='grc' dir='ltr'><strong>Λεκτέον</strong></span> <span class='ocrx_word' id='word_1_326' title='bbox 583 2646 641 2699; x_wconf 80' lang='grc' dir='ltr'>δὲ</span> <span class='ocrx_word' id='word_1_327' title='bbox 684 2646 947 2718; x_wconf 75' lang='grc' dir='ltr'><strong>καὶπρὸς</strong></span> <span class='ocrx_word' id='word_1_328' title='bbox 981 2645 1159 2708; x_wconf 87' lang='grc' dir='ltr'><strong>τοῦτο,</strong></span> <span class='ocrx_word' id='word_1_329' title='bbox 1202 2645 1283 2698; x_wconf 82' lang='grc' dir='ltr'><strong>ὅτι</strong></span> <span class='ocrx_word' id='word_1_330' title='bbox 1325 2646 1386 2697; x_wconf 87' lang='grc' dir='ltr'><strong>οὑ</strong></span> <span class='ocrx_word' id='word_1_331' title='bbox 1418 2643 1611 2696; x_wconf 79' lang='grc' dir='ltr'><strong>ταύτόν</strong></span> <span class='ocrx_word' id='word_1_332' title='bbox 1658 2644 1774 2695; x_wconf 75' lang='grc' dir='ltr'><strong>ἐστι</strong></span> <span class='ocrx_word' id='word_1_333' title='bbox 1815 2644 1896 2705; x_wconf 81' lang='grc' dir='ltr'><strong>τὸ,</strong></span> 
     </span>
    </p>
   </div>
   <div class='ocr_carea' id='block_1_45' title="bbox 318 2735 1898 2809">
    <p class='ocr_par' dir='ltr' id='par_1_45' title="bbox 318 2735 1898 2809">
     <span class='ocr_line' id='line_1_45' title="bbox 318 2735 1898 2809; baseline -0.001 -19"><span class='ocrx_word' id='word_1_334' title='bbox 318 2756 345 2790; x_wconf 75' lang='grc' dir='ltr'><strong>ο</strong></span> <span class='ocrx_word' id='word_1_335' title='bbox 376 2738 505 2792; x_wconf 79' lang='grc' dir='ltr'><strong>Μεθ’</strong></span> <span class='ocrx_word' id='word_1_336' title='bbox 554 2737 705 2808; x_wconf 81' lang='grc' dir='ltr'><strong>ὑμῶν</strong></span> <span class='ocrx_word' id='word_1_337' title='bbox 751 2740 867 2808; x_wconf 85' lang='grc' dir='ltr'><strong>είμι</strong></span> <span class='ocrx_word' id='word_1_338' title='bbox 900 2738 1034 2807; x_wconf 75' lang='grc'><strong>(94),</strong></span> <span class='ocrx_word' id='word_1_339' title='bbox 1063 2756 1081 2790; x_wconf 76' lang='lat' dir='ltr'><strong>t</strong></span> <span class='ocrx_word' id='word_1_340' title='bbox 1123 2738 1221 2809; x_wconf 83' lang='grc' dir='ltr'><strong>τῷ,</strong></span> <span class='ocrx_word' id='word_1_341' title='bbox 1267 2739 1353 2791; x_wconf 83' lang='grc' dir='ltr'><strong>Ἑν</strong></span> <span class='ocrx_word' id='word_1_342' title='bbox 1383 2739 1510 2808; x_wconf 83' lang='grc' dir='ltr'><strong>ὑμῖν</strong></span> <span class='ocrx_word' id='word_1_343' title='bbox 1562 2739 1696 2808; x_wconf 85' lang='grc' dir='ltr'><strong>είμι.</strong></span> <span class='ocrx_word' id='word_1_344' title='bbox 1747 2735 1898 2806; x_wconf 81' lang='grc' dir='ltr'><strong>Τάχα</strong></span> 
     </span>
    </p>
   </div>
   <div class='ocr_carea' id='block_1_46' title="bbox 308 2825 1899 2901">
    <p class='ocr_par' dir='ltr' id='par_1_46' title="bbox 308 2825 1899 2901">
     <span class='ocr_line' id='line_1_46' title="bbox 308 2825 1899 2901; baseline 0 -22"><span class='ocrx_word' id='word_1_345' title='bbox 308 2825 410 2883; x_wconf 70' lang='grc' dir='ltr'><strong>οὖν</strong></span> <span class='ocrx_word' id='word_1_346' title='bbox 438 2827 768 2901; x_wconf 80' lang='grc' dir='ltr'><strong>κυριώτερον</strong></span> <span class='ocrx_word' id='word_1_347' title='bbox 798 2827 1053 2899; x_wconf 83' lang='grc' dir='ltr'><strong>λέγοιμεν</strong></span> <span class='ocrx_word' id='word_1_348' title='bbox 1082 2830 1182 2882; x_wconf 79' lang='grc' dir='ltr'><strong>οὐκ</strong></span> <span class='ocrx_word' id='word_1_349' title='bbox 1210 2831 1267 2882; x_wconf 80' lang='grc' dir='ltr'><strong>ὲν</strong></span> <span class='ocrx_word' id='word_1_350' title='bbox 1294 2832 1404 2893; x_wconf 87' lang='grc' dir='ltr'><strong>τοῖς</strong></span> <span class='ocrx_word' id='word_1_351' title='bbox 1442 2827 1899 2899; x_wconf 83' lang='grc' dir='ltr'><strong>μαθητευομένοις</strong></span> 
     </span>
    </p>
   </div>
   <div class='ocr_carea' id='block_1_47' title="bbox 310 2918 1898 2995">
    <p class='ocr_par' dir='ltr' id='par_1_47' title="bbox 310 2918 1898 2995">
     <span class='ocr_line' id='line_1_47' title="bbox 310 2918 1898 2995; baseline -0.002 -19"><span class='ocrx_word' id='word_1_352' title='bbox 310 2918 458 2977; x_wconf 75' lang='grc' dir='ltr'><strong>εἶναι</strong></span> <span class='ocrx_word' id='word_1_353' title='bbox 500 2923 592 2977; x_wconf 82' lang='grc' dir='ltr'><strong>τὸν</strong></span> <span class='ocrx_word' id='word_1_354' title='bbox 637 2924 902 2994; x_wconf 82' lang='grc' dir='ltr'><strong>Σωτῆρα,</strong></span> <span class='ocrx_word' id='word_1_355' title='bbox 950 2922 1087 2976; x_wconf 83' lang='grc' dir='ltr'><strong>ἀλλὰ</strong></span> <span class='ocrx_word' id='word_1_356' title='bbox 1134 2923 1251 2995; x_wconf 85' lang='grc' dir='ltr'><strong>μετ’</strong></span> <span class='ocrx_word' id='word_1_357' title='bbox 1296 2920 1495 2989; x_wconf 84' lang='grc' dir='ltr'><strong>αὐτῶν,</strong></span> <span class='ocrx_word' id='word_1_358' title='bbox 1542 2923 1665 2976; x_wconf 83' lang='grc' dir='ltr'><strong>ὅσον</strong></span> <span class='ocrx_word' id='word_1_359' title='bbox 1703 2920 1781 2991; x_wconf 84' lang='grc' dir='ltr'><strong>τῷ</strong></span> <span class='ocrx_word' id='word_1_360' title='bbox 1822 2919 1898 2992; x_wconf 90' lang='grc' dir='ltr'><strong>νῷ</strong></span> 
     </span>
    </p>
   </div>
   <div class='ocr_carea' id='block_1_48' title="bbox 306 3013 1892 3086">
    <p class='ocr_par' dir='ltr' id='par_1_48' title="bbox 306 3013 1892 3086">
     <span class='ocr_line' id='line_1_48' title="bbox 306 3013 1892 3086; baseline -0.002 -18"><span class='ocrx_word' id='word_1_361' title='bbox 306 3017 418 3069; x_wconf 78' lang='grc' dir='ltr'><strong>οὐκ</strong></span> <span class='ocrx_word' id='word_1_362' title='bbox 450 3015 751 3083; x_wconf 80' lang='grc' dir='ltr'><strong>ὲφθάκασιν</strong></span> <span class='ocrx_word' id='word_1_363' title='bbox 786 3015 898 3085; x_wconf 88' lang='grc'><strong>(95)</strong></span> <span class='ocrx_word' id='word_1_364' title='bbox 938 3015 1032 3067; x_wconf 76' lang='grc' dir='ltr'>ἐπὶ</span> <span class='ocrx_word' id='word_1_365' title='bbox 1077 3014 1175 3086; x_wconf 78' lang='grc' dir='ltr'><strong>τὴν</strong></span> <span class='ocrx_word' id='word_1_366' title='bbox 1207 3013 1301 3067; x_wconf 89' lang='grc' dir='ltr'><strong>τοῦ</strong></span> <span class='ocrx_word' id='word_1_367' title='bbox 1332 3014 1526 3077; x_wconf 79' lang='grc' dir='ltr'><strong>αἰῶνος</strong></span> <span class='ocrx_word' id='word_1_368' title='bbox 1565 3014 1892 3068; x_wconf 85' lang='grc' dir='ltr'><strong>συντέλειαν.</strong></span> 
     </span>
    </p>
   </div>
   <div class='ocr_carea' id='block_1_49' title="bbox 2002 1917 3581 1994">
    <p class='ocr_par' dir='ltr' id='par_1_49' title="bbox 2002 1917 3581 1994">
     <span class='ocr_line' id='line_1_49' title="bbox 2002 1917 3581 1994; baseline 0.004 -23"><span class='ocrx_word' id='word_1_369' title='bbox 2002 1917 2137 1985; x_wconf 74' lang='lat' dir='ltr'><strong>eius,</strong></span> <span class='ocrx_word' id='word_1_370' title='bbox 2179 1928 2235 1974; x_wconf 90' lang='lat' dir='ltr'><strong>et</strong></span> <span class='ocrx_word' id='word_1_371' title='bbox 2279 1918 2481 1977; x_wconf 78' lang='lat' dir='ltr'><strong>fratres</strong></span> <span class='ocrx_word' id='word_1_372' title='bbox 2517 1923 2672 1994; x_wconf 86' lang='lat' dir='ltr'><strong>ejus,</strong></span> <span class='ocrx_word' id='word_1_373' title='bbox 2717 1931 2773 1977; x_wconf 89' lang='lat' dir='ltr'><strong>et</strong></span> <span class='ocrx_word' id='word_1_374' title='bbox 2808 1921 3100 1992; x_wconf 85' lang='lat' dir='ltr'><strong>discipuli,</strong></span> <span class='ocrx_word' id='word_1_375' title='bbox 3138 1920 3374 1977; x_wconf 88' lang='lat' dir='ltr'><strong>dicitur:</strong></span> <span class='ocrx_word' id='word_1_376' title='bbox 3413 1939 3432 1973; x_wconf 77' lang='grc' dir='ltr'><strong>ι</strong></span> <span class='ocrx_word' id='word_1_377' title='bbox 3467 1921 3581 1977; x_wconf 92' lang='lat' dir='ltr'><strong>Illic</strong></span> 
     </span>
    </p>
   </div>
   <div class='ocr_carea' id='block_1_50' title="bbox 2002 2010 2956 2071">
    <p class='ocr_par' dir='ltr' id='par_1_50' title="bbox 2002 2010 2956 2071">
     <span class='ocr_line' id='line_1_50' title="bbox 2002 2010 2956 2071; baseline 0.001 -4"><span class='ocrx_word' id='word_1_378' title='bbox 2002 2023 2324 2068; x_wconf 77' lang='lat' dir='ltr'><strong>manserunt</strong></span> <span class='ocrx_word' id='word_1_379' title='bbox 2354 2029 2462 2070; x_wconf 90' lang='lat' dir='ltr'><strong>non</strong></span> <span class='ocrx_word' id='word_1_380' title='bbox 2497 2015 2683 2070; x_wconf 90' lang='lat' dir='ltr'><strong>multis</strong></span> <span class='ocrx_word' id='word_1_381' title='bbox 2707 2010 2956 2071; x_wconf 64' lang='lat' dir='ltr'><strong>diebus.»</strong></span> 
     </span>
    </p>
   </div>
   <div class='ocr_carea' id='block_1_51' title="bbox 2080 2195 3580 2266">
    <p class='ocr_par' dir='ltr' id='par_1_51' title="bbox 2080 2195 3580 2266">
     <span class='ocr_line' id='line_1_51' title="bbox 2080 2195 3580 2266; baseline 0 -15"><span class='ocrx_word' id='word_1_382' title='bbox 2080 2196 2135 2252; x_wconf 91' lang='lat'><strong>8.</strong></span> <span class='ocrx_word' id='word_1_383' title='bbox 2168 2195 2445 2253; x_wconf 83' lang='lat' dir='ltr'><strong>Credibile</strong></span> <span class='ocrx_word' id='word_1_384' title='bbox 2482 2206 2663 2253; x_wconf 91' lang='lat' dir='ltr'><strong>autem</strong></span> <span class='ocrx_word' id='word_1_385' title='bbox 2715 2204 2799 2253; x_wconf 90' lang='lat' dir='ltr'><strong>est</strong></span> <span class='ocrx_word' id='word_1_386' title='bbox 2851 2196 3065 2266; x_wconf 89' lang='lat' dir='ltr'><strong>aliquos</strong></span> <span class='ocrx_word' id='word_1_387' title='bbox 3110 2211 3219 2252; x_wconf 89' lang='lat' dir='ltr'><strong>non</strong></span> <span class='ocrx_word' id='word_1_388' title='bbox 3254 2195 3371 2251; x_wconf 87' lang='lat' dir='ltr'><strong>sine</strong></span> <span class='ocrx_word' id='word_1_389' title='bbox 3417 2209 3580 2251; x_wconf 89' lang='lat' dir='ltr'><strong>causa</strong></span> 
     </span>
    </p>
   </div>
   <div class='ocr_carea' id='block_1_52' title="bbox 2003 2287 3580 2360">
    <p class='ocr_par' dir='ltr' id='par_1_52' title="bbox 2003 2287 3580 2360">
     <span class='ocr_line' id='line_1_52' title="bbox 2003 2287 3580 2360; baseline -0.001 -16"><span class='ocrx_word' id='word_1_390' title='bbox 2003 2291 2331 2360; x_wconf 68' lang='lat' dir='ltr'><strong>qumsitums</strong></span> <span class='ocrx_word' id='word_1_391' title='bbox 2362 2305 2428 2343; x_wconf 90' lang='lat' dir='ltr'><strong>au</strong></span> <span class='ocrx_word' id='word_1_392' title='bbox 2472 2297 2595 2358; x_wconf 90' lang='lat' dir='ltr'><strong>post</strong></span> <span class='ocrx_word' id='word_1_393' title='bbox 2640 2302 2834 2343; x_wconf 90' lang='lat' dir='ltr'><strong>omnes</strong></span> <span class='ocrx_word' id='word_1_394' title='bbox 2877 2287 3044 2357; x_wconf 88' lang='lat' dir='ltr'><strong>hujus</strong></span> <span class='ocrx_word' id='word_1_395' title='bbox 3094 2287 3279 2342; x_wconf 71' lang='lat' dir='ltr'><strong>smculi</strong></span> <span class='ocrx_word' id='word_1_396' title='bbox 3328 2287 3443 2343; x_wconf 88' lang='lat' dir='ltr'><strong>dies</strong></span> <span class='ocrx_word' id='word_1_397' title='bbox 3473 2302 3580 2343; x_wconf 91' lang='lat' dir='ltr'><strong>non</strong></span> 
     </span>
    </p>
   </div>
   <div class='ocr_carea' id='block_1_53' title="bbox 2005 2380 3582 2451">
    <p class='ocr_par' dir='ltr' id='par_1_53' title="bbox 2005 2380 3582 2451">
     <span class='ocr_line' id='line_1_53' title="bbox 2005 2380 3582 2451; baseline -0.003 -13"><span class='ocrx_word' id='word_1_398' title='bbox 2005 2382 2236 2451; x_wconf 87' lang='lat' dir='ltr'><strong>amplius</strong></span> <span class='ocrx_word' id='word_1_399' title='bbox 2287 2382 2503 2436; x_wconf 82' lang='lat' dir='ltr'><strong>futurus</strong></span> <span class='ocrx_word' id='word_1_400' title='bbox 2556 2380 2630 2436; x_wconf 89' lang='lat' dir='ltr'><strong>sit</strong></span> <span class='ocrx_word' id='word_1_401' title='bbox 2669 2394 2791 2435; x_wconf 90' lang='lat' dir='ltr'><strong>cum</strong></span> <span class='ocrx_word' id='word_1_402' title='bbox 2840 2380 2924 2436; x_wconf 86' lang='lat' dir='ltr'><strong>bis</strong></span> <span class='ocrx_word' id='word_1_403' title='bbox 2969 2380 3061 2450; x_wconf 89' lang='lat' dir='ltr'><strong>qui</strong></span> <span class='ocrx_word' id='word_1_404' title='bbox 3110 2395 3237 2435; x_wconf 85' lang='lat' dir='ltr'><strong>eum</strong></span> <span class='ocrx_word' id='word_1_405' title='bbox 3268 2381 3582 2449; x_wconf 85' lang='lat' dir='ltr'><strong>acceperint</strong></span> 
     </span>
    </p>
   </div>
   <div class='ocr_carea' id='block_1_54' title="bbox 2005 2472 3573 2545">
    <p class='ocr_par' dir='ltr' id='par_1_54' title="bbox 2005 2472 3573 2545">
     <span class='ocr_line' id='line_1_54' title="bbox 2005 2472 3573 2545; baseline -0.003 -15"><span class='ocrx_word' id='word_1_406' title='bbox 2005 2491 2176 2545; x_wconf 90' lang='lat' dir='ltr'><strong>usque</strong></span> <span class='ocrx_word' id='word_1_407' title='bbox 2207 2475 2271 2529; x_wconf 87' lang='lat' dir='ltr'><strong>ad</strong></span> <span class='ocrx_word' id='word_1_408' title='bbox 2310 2473 2842 2530; x_wconf 85' lang='lat' dir='ltr'><strong>consummationem</strong></span> <span class='ocrx_word' id='word_1_409' title='bbox 2876 2473 3081 2538; x_wconf 74' lang='lat' dir='ltr'><strong>sreculi,</strong></span> <span class='ocrx_word' id='word_1_410' title='bbox 3120 2472 3207 2526; x_wconf 85' lang='lat' dir='ltr'><strong>ille</strong></span> <span class='ocrx_word' id='word_1_411' title='bbox 3250 2472 3339 2541; x_wconf 85' lang='lat' dir='ltr'><strong>qui</strong></span> <span class='ocrx_word' id='word_1_412' title='bbox 3388 2472 3573 2527; x_wconf 87' lang='lat' dir='ltr'><strong>dixit:</strong></span> 
     </span>
    </p>
   </div>
   <div class='ocr_carea' id='block_1_55' title="bbox 2006 2564 3582 2637">
    <p class='ocr_par' dir='ltr' id='par_1_55' title="bbox 2006 2564 3582 2637">
     <span class='ocr_line' id='line_1_55' title="bbox 2006 2564 3582 2637; baseline -0.002 -18"><span class='ocrx_word' id='word_1_413' title='bbox 2006 2586 2025 2619; x_wconf 78' lang='grc' dir='ltr'><strong>ι</strong></span> <span class='ocrx_word' id='word_1_414' title='bbox 2061 2567 2200 2622; x_wconf 84' lang='lat' dir='ltr'><strong>Ecce</strong></span> <span class='ocrx_word' id='word_1_415' title='bbox 2240 2580 2339 2637; x_wconf 81' lang='lat' dir='ltr'><strong>ego</strong></span> <span class='ocrx_word' id='word_1_416' title='bbox 2372 2564 2650 2620; x_wconf 89' lang='lat' dir='ltr'><strong>vobiscum</strong></span> <span class='ocrx_word' id='word_1_417' title='bbox 2683 2578 2803 2618; x_wconf 87' lang='lat' dir='ltr'><strong>sum</strong></span> <span class='ocrx_word' id='word_1_418' title='bbox 2831 2578 3004 2633; x_wconf 85' lang='lat' dir='ltr'><strong>usque</strong></span> <span class='ocrx_word' id='word_1_419' title='bbox 3038 2564 3107 2617; x_wconf 91' lang='lat' dir='ltr'><strong>ad</strong></span> <span class='ocrx_word' id='word_1_420' title='bbox 3155 2564 3582 2618; x_wconf 84' lang='lat' dir='ltr'><strong>consummatio-</strong></span> 
     </span>
    </p>
   </div>
   <div class='ocr_carea' id='block_1_56' title="bbox 2001 2652 3579 2724">
    <p class='ocr_par' dir='ltr' id='par_1_56' title="bbox 2001 2652 3579 2724">
     <span class='ocr_line' id='line_1_56' title="bbox 2001 2652 3579 2724; baseline -0.002 -15"><span class='ocrx_word' id='word_1_421' title='bbox 2001 2671 2125 2710; x_wconf 88' lang='lat' dir='ltr'><strong>nem</strong></span> <span class='ocrx_word' id='word_1_422' title='bbox 2157 2655 2378 2720; x_wconf 72' lang='lat' dir='ltr'><strong>szeculi;</strong></span> <span class='ocrx_word' id='word_1_423' title='bbox 2420 2673 2440 2706; x_wconf 71' lang='grc' dir='ltr'><strong>ι</strong></span> <span class='ocrx_word' id='word_1_424' title='bbox 2474 2668 2599 2707; x_wconf 89' lang='lat' dir='ltr'><strong>nam</strong></span> <span class='ocrx_word' id='word_1_425' title='bbox 2627 2653 2893 2724; x_wconf 79' lang='lat' dir='ltr'><strong>particula</strong></span> <span class='ocrx_word' id='word_1_426' title='bbox 2941 2669 3104 2723; x_wconf 78' lang='lat' dir='ltr'><strong>usque</strong></span> <span class='ocrx_word' id='word_1_427' title='bbox 3146 2652 3314 2708; x_wconf 82' lang='lat' dir='ltr'><strong>veluti</strong></span> <span class='ocrx_word' id='word_1_428' title='bbox 3342 2654 3579 2708; x_wconf 83' lang='lat' dir='ltr'><strong>circum-</strong></span> 
     </span>
    </p>
   </div>
   <div class='ocr_carea' id='block_1_57' title="bbox 2000 2745 3580 2817">
    <p class='ocr_par' dir='ltr' id='par_1_57' title="bbox 2000 2745 3580 2817">
     <span class='ocr_line' id='line_1_57' title="bbox 2000 2745 3580 2817; baseline -0.002 -15"><span class='ocrx_word' id='word_1_429' title='bbox 2000 2748 2351 2817; x_wconf 79' lang='lat' dir='ltr'><strong>scriptionem</strong></span> <span class='ocrx_word' id='word_1_430' title='bbox 2384 2747 2680 2816; x_wconf 87' lang='lat' dir='ltr'><strong>quamdam</strong></span> <span class='ocrx_word' id='word_1_431' title='bbox 2732 2746 2952 2802; x_wconf 86' lang='lat' dir='ltr'><strong>denotat</strong></span> <span class='ocrx_word' id='word_1_432' title='bbox 3008 2747 3287 2813; x_wconf 88' lang='lat' dir='ltr'><strong>temporis.</strong></span> <span class='ocrx_word' id='word_1_433' title='bbox 3345 2745 3580 2801; x_wconf 84' lang='lat' dir='ltr'><strong>Proinde</strong></span> 
     </span>
    </p>
   </div>
   <div class='ocr_carea' id='block_1_58' title="bbox 2002 2833 3577 2901">
    <p class='ocr_par' dir='ltr' id='par_1_58' title="bbox 2002 2833 3577 2901">
     <span class='ocr_line' id='line_1_58' title="bbox 2002 2833 3577 2901; baseline -0.002 -9"><span class='ocrx_word' id='word_1_434' title='bbox 2002 2838 2069 2892; x_wconf 90' lang='lat' dir='ltr'><strong>ad</strong></span> <span class='ocrx_word' id='word_1_435' title='bbox 2099 2837 2203 2893; x_wconf 90' lang='lat' dir='ltr'><strong>hoc</strong></span> <span class='ocrx_word' id='word_1_436' title='bbox 2230 2838 2393 2894; x_wconf 85' lang='lat' dir='ltr'><strong>etiam</strong></span> <span class='ocrx_word' id='word_1_437' title='bbox 2432 2846 2518 2892; x_wconf 83' lang='lat' dir='ltr'><strong>est</strong></span> <span class='ocrx_word' id='word_1_438' title='bbox 2560 2837 2868 2901; x_wconf 91' lang='lat' dir='ltr'><strong>dicendum,</strong></span> <span class='ocrx_word' id='word_1_439' title='bbox 2908 2851 3014 2890; x_wconf 91' lang='lat' dir='ltr'><strong>non</strong></span> <span class='ocrx_word' id='word_1_440' title='bbox 3051 2837 3193 2891; x_wconf 87' lang='lat' dir='ltr'><strong>idem</strong></span> <span class='ocrx_word' id='word_1_441' title='bbox 3221 2850 3364 2901; x_wconf 87' lang='lat' dir='ltr'><strong>esse,</strong></span> <span class='ocrx_word' id='word_1_442' title='bbox 3397 2854 3417 2887; x_wconf 76' lang='grc' dir='ltr'><strong>ι</strong></span> <span class='ocrx_word' id='word_1_443' title='bbox 3468 2833 3577 2889; x_wconf 72' lang='lat' dir='ltr'><strong>Vo-</strong></span> 
     </span>
    </p>
   </div>
   <div class='ocr_carea' id='block_1_59' title="bbox 2000 2927 3579 2996">
    <p class='ocr_par' dir='ltr' id='par_1_59' title="bbox 2000 2927 3579 2996">
     <span class='ocr_line' id='line_1_59' title="bbox 2000 2927 3579 2996; baseline -0.004 -9"><span class='ocrx_word' id='word_1_444' title='bbox 2000 2933 2211 2987; x_wconf 87' lang='lat' dir='ltr'><strong>biscum</strong></span> <span class='ocrx_word' id='word_1_445' title='bbox 2244 2945 2387 2995; x_wconf 90' lang='lat' dir='ltr'><strong>sum,</strong></span> <span class='ocrx_word' id='word_1_446' title='bbox 2426 2948 2446 2983; x_wconf 73' lang='grc' dir='ltr'><strong>ι</strong></span> <span class='ocrx_word' id='word_1_447' title='bbox 2482 2938 2560 2996; x_wconf 85' lang='lat' dir='ltr'><strong>et,</strong></span> <span class='ocrx_word' id='word_1_448' title='bbox 2595 2928 2650 2984; x_wconf 92' lang='lat' dir='ltr'><strong>ln</strong></span> <span class='ocrx_word' id='word_1_449' title='bbox 2680 2929 2836 2983; x_wconf 88' lang='lat' dir='ltr'><strong>vobis</strong></span> <span class='ocrx_word' id='word_1_450' title='bbox 2879 2942 3023 2983; x_wconf 88' lang='lat' dir='ltr'><strong>sum.</strong></span> <span class='ocrx_word' id='word_1_451' title='bbox 3058 2927 3423 2994; x_wconf 86' lang='lat' dir='ltr'><strong>Quamobrem</strong></span> <span class='ocrx_word' id='word_1_452' title='bbox 3469 2927 3579 2981; x_wconf 76' lang='lat' dir='ltr'><strong>for-</strong></span> 
     </span>
    </p>
   </div>
   <div class='ocr_carea' id='block_1_60' title="bbox 2006 3013 3579 3089">
    <p class='ocr_par' dir='ltr' id='par_1_60' title="bbox 2006 3013 3579 3089">
     <span class='ocr_line' id='line_1_60' title="bbox 2006 3013 3579 3089; baseline -0.003 -15"><span class='ocrx_word' id='word_1_453' title='bbox 2006 3029 2149 3075; x_wconf 89' lang='lat' dir='ltr'><strong>tasse</strong></span> <span class='ocrx_word' id='word_1_454' title='bbox 2185 3020 2361 3089; x_wconf 87' lang='lat' dir='ltr'><strong>magis</strong></span> <span class='ocrx_word' id='word_1_455' title='bbox 2405 3020 2624 3088; x_wconf 86' lang='lat' dir='ltr'><strong>proprie</strong></span> <span class='ocrx_word' id='word_1_456' title='bbox 2670 3018 3015 3083; x_wconf 88' lang='lat' dir='ltr'><strong>diceremus,</strong></span> <span class='ocrx_word' id='word_1_457' title='bbox 3070 3031 3176 3072; x_wconf 90' lang='lat' dir='ltr'><strong>non</strong></span> <span class='ocrx_word' id='word_1_458' title='bbox 3217 3018 3269 3070; x_wconf 91' lang='lat' dir='ltr'><strong>iu</strong></span> <span class='ocrx_word' id='word_1_459' title='bbox 3300 3013 3579 3086; x_wconf 84' lang='lat' dir='ltr'><strong>discipulis</strong></span> 
     </span>
    </p>
   </div>
   <div class='ocr_carea' id='block_1_61' title="bbox 329 3105 1899 3184">
    <p class='ocr_par' dir='ltr' id='par_1_61' title="bbox 329 3105 1898 3178">
     <span class='ocr_line' id='line_1_61' title="bbox 329 3105 1898 3178; baseline -0.003 -16"><span class='ocrx_word' id='word_1_460' title='bbox 329 3108 499 3162; x_wconf 74' lang='grc' dir='ltr'><strong>Ἑπᾶν</strong></span> <span class='ocrx_word' id='word_1_461' title='bbox 538 3107 597 3161; x_wconf 85' lang='grc' dir='ltr'><strong>δὲ</strong></span> <span class='ocrx_word' id='word_1_462' title='bbox 628 3107 725 3178; x_wconf 84' lang='grc' dir='ltr'><strong>τὴν</strong></span> <span class='ocrx_word' id='word_1_463' title='bbox 757 3107 849 3161; x_wconf 86' lang='grc' dir='ltr'><strong>τοῦ</strong></span> <span class='ocrx_word' id='word_1_464' title='bbox 886 3107 1091 3177; x_wconf 86' lang='grc' dir='ltr'><strong>κόσμου</strong></span> <span class='ocrx_word' id='word_1_465' title='bbox 1134 3105 1537 3178; x_wconf 83' lang='grc' dir='ltr'><strong>σταυρωθέντος</strong></span> <span class='ocrx_word' id='word_1_466' title='bbox 1574 3106 1755 3168; x_wconf 82' lang='grc' dir='ltr'><strong>αὐτοῖς</strong></span> <span class='ocrx_word' id='word_1_467' title='bbox 1799 3105 1898 3176; x_wconf 84' lang='grc' dir='ltr'><strong>τὴν</strong></span> 
     </span>
    </p>
   </div>
   <div class='ocr_carea' id='block_1_62' title="bbox 2001 3105 3578 3184">
    <p class='ocr_par' dir='ltr' id='par_1_62' title="bbox 2006 3108 3578 3177">
     <span class='ocr_line' id='line_1_62' title="bbox 2006 3108 3578 3177; baseline -0.003 -12"><span class='ocrx_word' id='word_1_468' title='bbox 2006 3110 2345 3165; x_wconf 87' lang='lat' dir='ltr'><strong>Servatorcm</strong></span> <span class='ocrx_word' id='word_1_469' title='bbox 2383 3123 2521 3174; x_wconf 89' lang='lat' dir='ltr'><strong>esse,</strong></span> <span class='ocrx_word' id='word_1_470' title='bbox 2574 3109 2672 3164; x_wconf 90' lang='lat' dir='ltr'><strong>sed</strong></span> <span class='ocrx_word' id='word_1_471' title='bbox 2713 3123 2835 3164; x_wconf 87' lang='lat' dir='ltr'><strong>cum</strong></span> <span class='ocrx_word' id='word_1_472' title='bbox 2891 3108 3050 3177; x_wconf 88' lang='lat' dir='ltr'><strong>ipsis,</strong></span> <span class='ocrx_word' id='word_1_473' title='bbox 3096 3116 3361 3176; x_wconf 88' lang='lat' dir='ltr'><strong>quantum</strong></span> <span class='ocrx_word' id='word_1_474' title='bbox 3398 3115 3578 3161; x_wconf 83' lang='lat' dir='ltr'><strong>mento</strong></span> 
     </span>
    </p>
   </div>
   <div class='ocr_carea' id='block_1_63' title="bbox 318 3194 1899 3267">
    <p class='ocr_par' dir='ltr' id='par_1_63' title="bbox 318 3194 1899 3267">
     <span class='ocr_line' id='line_1_63' title="bbox 318 3194 1899 3267; baseline -0.002 -17"><span class='ocrx_word' id='word_1_475' title='bbox 318 3197 630 3252; x_wconf 60' lang='grc' dir='ltr'><strong>συντέλειαν</strong></span> <span class='ocrx_word' id='word_1_476' title='bbox 681 3196 846 3251; x_wconf 85' lang='grc' dir='ltr'><strong>αὑτοῦ</strong></span> <span class='ocrx_word' id='word_1_477' title='bbox 902 3198 1165 3251; x_wconf 78' lang='grc' dir='ltr'><strong>ὲνστᾶσαν</strong></span> <span class='ocrx_word' id='word_1_478' title='bbox 1207 3196 1268 3251; x_wconf 84' lang='grc' dir='ltr'><strong>τὸ</strong></span> <span class='ocrx_word' id='word_1_479' title='bbox 1314 3198 1436 3250; x_wconf 86' lang='grc' dir='ltr'><strong>ὅσον</strong></span> <span class='ocrx_word' id='word_1_480' title='bbox 1478 3196 1573 3250; x_wconf 75' lang='grc' dir='ltr'><strong>ἐπὶ</strong></span> <span class='ocrx_word' id='word_1_481' title='bbox 1607 3199 1673 3267; x_wconf 80' lang='grc' dir='ltr'><strong>τῇ</strong></span> <span class='ocrx_word' id='word_1_482' title='bbox 1719 3194 1899 3248; x_wconf 82' lang='grc' dir='ltr'><strong>αὐτῶν</strong></span> 
     </span>
    </p>
   </div>
   <div class='ocr_carea' id='block_1_64' title="bbox 318 3287 1894 3362">
    <p class='ocr_par' dir='ltr' id='par_1_64' title="bbox 318 3287 1894 3362">
     <span class='ocr_line' id='line_1_64' title="bbox 318 3287 1894 3362; baseline -0.003 -18"><span class='ocrx_word' id='word_1_483' title='bbox 318 3294 640 3362; x_wconf 73' lang='grc' dir='ltr'><strong>παρασκευῇ</strong></span> <span class='ocrx_word' id='word_1_484' title='bbox 695 3289 1050 3360; x_wconf 86' lang='grc' dir='ltr'><strong>θεωρήσωσι,</strong></span> <span class='ocrx_word' id='word_1_485' title='bbox 1092 3290 1215 3342; x_wconf 80' lang='grc' dir='ltr'><strong>τότε</strong></span> <span class='ocrx_word' id='word_1_486' title='bbox 1266 3290 1367 3343; x_wconf 78' lang='grc' dir='ltr'><strong>οὐκ</strong></span> <span class='ocrx_word' id='word_1_487' title='bbox 1409 3289 1488 3343; x_wconf 77' lang='grc' dir='ltr'><strong>ἔτι</strong></span> <span class='ocrx_word' id='word_1_488' title='bbox 1537 3290 1651 3361; x_wconf 82' lang='grc' dir='ltr'><strong>μετ’</strong></span> <span class='ocrx_word' id='word_1_489' title='bbox 1693 3287 1894 3352; x_wconf 77' lang='grc' dir='ltr'><strong>αὐτῶν,</strong></span> 
     </span>
    </p>
   </div>
   <div class='ocr_carea' id='block_1_65' title="bbox 318 3376 1899 3452">
    <p class='ocr_par' dir='ltr' id='par_1_65' title="bbox 318 3376 1899 3452">
     <span class='ocr_line' id='line_1_65' title="bbox 318 3376 1899 3452; baseline -0.003 -18"><span class='ocrx_word' id='word_1_490' title='bbox 318 3380 432 3434; x_wconf 76' lang='grc' dir='ltr'><strong>ἀλλ’</strong></span> <span class='ocrx_word' id='word_1_491' title='bbox 455 3382 512 3434; x_wconf 79' lang='grc' dir='ltr'><strong>ὲν</strong></span> <span class='ocrx_word' id='word_1_492' title='bbox 542 3381 725 3443; x_wconf 80' lang='grc' dir='ltr'><strong>αὐτοῖς</strong></span> <span class='ocrx_word' id='word_1_493' title='bbox 745 3382 1034 3449; x_wconf 87' lang='grc' dir='ltr'><strong>γενομένου</strong></span> <span class='ocrx_word' id='word_1_494' title='bbox 1061 3378 1155 3432; x_wconf 87' lang='grc' dir='ltr'><strong>τοῦ</strong></span> <span class='ocrx_word' id='word_1_495' title='bbox 1190 3377 1387 3449; x_wconf 80' lang='grc' dir='ltr'><strong>Ἰησοῦ,</strong></span> <span class='ocrx_word' id='word_1_496' title='bbox 1415 3376 1601 3452; x_wconf 80' lang='grc' dir='ltr'><strong>ἐροῦσι</strong></span> <span class='ocrx_word' id='word_1_497' title='bbox 1628 3376 1710 3442; x_wconf 83' lang='grc' dir='ltr'><strong>τὸ,</strong></span> <span class='ocrx_word' id='word_1_498' title='bbox 1742 3395 1760 3428; x_wconf 83' lang='lat' dir='ltr'><strong>t</strong></span> <span class='ocrx_word' id='word_1_499' title='bbox 1784 3377 1899 3430; x_wconf 82' lang='grc' dir='ltr'><strong>Οὐκ</strong></span> 
     </span>
    </p>
   </div>
   <div class='ocr_carea' id='block_1_66' title="bbox 315 3469 1896 3543">
    <p class='ocr_par' dir='ltr' id='par_1_66' title="bbox 315 3469 1896 3543">
     <span class='ocr_line' id='line_1_66' title="bbox 315 3469 1896 3543; baseline -0.002 -18"><span class='ocrx_word' id='word_1_500' title='bbox 315 3472 398 3526; x_wconf 79' lang='grc' dir='ltr'><strong>ἔτι</strong></span> <span class='ocrx_word' id='word_1_501' title='bbox 433 3471 508 3536; x_wconf 78' lang='grc' dir='ltr'><strong>ζῶ</strong></span> <span class='ocrx_word' id='word_1_502' title='bbox 540 3471 672 3540; x_wconf 75' lang='grc' dir='ltr'><strong>ἐγὼ,</strong></span> <span class='ocrx_word' id='word_1_503' title='bbox 721 3470 787 3543; x_wconf 74' lang='grc' dir='ltr'><strong>ζῇ</strong></span> <span class='ocrx_word' id='word_1_504' title='bbox 818 3471 874 3525; x_wconf 79' lang='grc' dir='ltr'><strong>δὲ</strong></span> <span class='ocrx_word' id='word_1_505' title='bbox 907 3473 965 3524; x_wconf 83' lang='grc' dir='ltr'><strong>ὲν</strong></span> <span class='ocrx_word' id='word_1_506' title='bbox 1007 3471 1133 3540; x_wconf 76' lang='grc' dir='ltr'><strong>ἐμοὶ</strong></span> <span class='ocrx_word' id='word_1_507' title='bbox 1165 3470 1427 3541; x_wconf 76' lang='grc' dir='ltr'><strong>Χριστός·</strong></span> <span class='ocrx_word' id='word_1_508' title='bbox 1460 3490 1478 3524; x_wconf 77' lang='grc' dir='ltr'><strong>ι</strong></span> <span class='ocrx_word' id='word_1_509' title='bbox 1522 3469 1618 3525; x_wconf 74' lang='grc' dir='ltr'><strong>καὶ</strong></span> <span class='ocrx_word' id='word_1_510' title='bbox 1662 3470 1742 3533; x_wconf 74' lang='grc' dir='ltr'><strong>τὸ,</strong></span> <span class='ocrx_word' id='word_1_511' title='bbox 1784 3488 1801 3521; x_wconf 88' lang='lat' dir='ltr'><strong>t</strong></span> <span class='ocrx_word' id='word_1_512' title='bbox 1832 3470 1896 3522; x_wconf 77' lang='lat' dir='ltr'><strong>Ei</strong></span> 
     </span>
    </p>
   </div>
   <div class='ocr_carea' id='block_1_67' title="bbox 312 3563 1889 3637">
    <p class='ocr_par' dir='ltr' id='par_1_67' title="bbox 312 3563 1889 3637">
     <span class='ocr_line' id='line_1_67' title="bbox 312 3563 1889 3637; baseline -0.002 -18"><span class='ocrx_word' id='word_1_513' title='bbox 312 3565 544 3637; x_wconf 74' lang='grc' dir='ltr'><strong>δοκιμὴν</strong></span> <span class='ocrx_word' id='word_1_514' title='bbox 576 3567 787 3636; x_wconf 81' lang='grc' dir='ltr'><strong>ζητεῖτε</strong></span> <span class='ocrx_word' id='word_1_515' title='bbox 827 3564 919 3619; x_wconf 88' lang='grc' dir='ltr'><strong>τοῦ</strong></span> <span class='ocrx_word' id='word_1_516' title='bbox 963 3567 1021 3618; x_wconf 79' lang='grc' dir='ltr'><strong>ἐν</strong></span> <span class='ocrx_word' id='word_1_517' title='bbox 1071 3567 1196 3637; x_wconf 74' lang='grc' dir='ltr'><strong>ἐμοὶ</strong></span> <span class='ocrx_word' id='word_1_518' title='bbox 1240 3565 1523 3628; x_wconf 87' lang='grc' dir='ltr'><strong>λαλοῦντος</strong></span> <span class='ocrx_word' id='word_1_519' title='bbox 1570 3563 1839 3637; x_wconf 86' lang='grc' dir='ltr'><strong>Χριστοῦ;</strong></span> <span class='ocrx_word' id='word_1_520' title='bbox 1872 3584 1889 3616; x_wconf 75' lang='grc' dir='ltr'><strong>ο</strong></span> 
     </span>
    </p>
   </div>
   <div class='ocr_carea' id='block_1_68' title="bbox 317 3656 1896 3730">
    <p class='ocr_par' dir='ltr' id='par_1_68' title="bbox 317 3656 1896 3730">
     <span class='ocr_line' id='line_1_68' title="bbox 317 3656 1896 3730; baseline -0.001 -20"><span class='ocrx_word' id='word_1_521' title='bbox 317 3658 503 3712; x_wconf 80' lang='grc' dir='ltr'><strong>Ταῦτα</strong></span> <span class='ocrx_word' id='word_1_522' title='bbox 537 3658 594 3712; x_wconf 78' lang='grc' dir='ltr'><strong>δὲ</strong></span> <span class='ocrx_word' id='word_1_523' title='bbox 638 3658 901 3730; x_wconf 84' lang='grc' dir='ltr'><strong>λέγομεν,</strong></span> <span class='ocrx_word' id='word_1_524' title='bbox 948 3658 1290 3730; x_wconf 85' lang='grc' dir='ltr'><strong>τηρουμένης</strong></span> <span class='ocrx_word' id='word_1_525' title='bbox 1338 3674 1455 3721; x_wconf 84' lang='grc' dir='ltr'><strong>πως</strong></span> <span class='ocrx_word' id='word_1_526' title='bbox 1490 3657 1597 3728; x_wconf 78' lang='grc' dir='ltr'><strong>ἰδίᾳ</strong></span> <span class='ocrx_word' id='word_1_527' title='bbox 1646 3657 1739 3709; x_wconf 77' lang='grc' dir='ltr'><strong>καὶ</strong></span> <span class='ocrx_word' id='word_1_528' title='bbox 1797 3656 1896 3727; x_wconf 83' lang='grc' dir='ltr'><strong>τῆς</strong></span> 
     </span>
    </p>
   </div>
   <div class='ocr_carea' id='block_1_69' title="bbox 315 3744 1894 3821">
    <p class='ocr_par' dir='ltr' id='par_1_69' title="bbox 315 3744 1894 3821">
     <span class='ocr_line' id='line_1_69' title="bbox 315 3744 1894 3821; baseline -0.003 -19"><span class='ocrx_word' id='word_1_529' title='bbox 315 3750 657 3821; x_wconf 74' lang='grc' dir='ltr'><strong>παριστάσης</strong></span> <span class='ocrx_word' id='word_1_530' title='bbox 700 3749 926 3820; x_wconf 81' lang='grc' dir='ltr'><strong>ὲκδοχῆς</strong></span> <span class='ocrx_word' id='word_1_531' title='bbox 971 3749 1053 3813; x_wconf 76' lang='grc' dir='ltr'><strong>τὸ,</strong></span> <span class='ocrx_word' id='word_1_532' title='bbox 1095 3767 1113 3799; x_wconf 74' lang='grc' dir='ltr'><strong>ι</strong></span> <span class='ocrx_word' id='word_1_533' title='bbox 1139 3748 1319 3811; x_wconf 81' lang='grc' dir='ltr'><strong>πάσας</strong></span> <span class='ocrx_word' id='word_1_534' title='bbox 1360 3748 1460 3810; x_wconf 79' lang='grc' dir='ltr'><strong>τὰς</strong></span> <span class='ocrx_word' id='word_1_535' title='bbox 1500 3747 1712 3818; x_wconf 81' lang='grc' dir='ltr'><strong>ἡμέρας</strong></span> <span class='ocrx_word' id='word_1_536' title='bbox 1739 3765 1758 3798; x_wconf 71' lang='grc' dir='ltr'><strong>ι</strong></span> <span class='ocrx_word' id='word_1_537' title='bbox 1803 3744 1894 3798; x_wconf 84' lang='grc' dir='ltr'><strong>λέ-</strong></span> 
     </span>
    </p>
   </div>
   <div class='ocr_carea' id='block_1_70' title="bbox 313 3836 1895 3910">
    <p class='ocr_par' dir='ltr' id='par_1_70' title="bbox 313 3836 1895 3910">
     <span class='ocr_line' id='line_1_70' title="bbox 313 3836 1895 3910; baseline -0.003 -15"><span class='ocrx_word' id='word_1_538' title='bbox 313 3840 532 3910; x_wconf 83' lang='grc' dir='ltr'><strong>γεσθαι,</strong></span> <span class='ocrx_word' id='word_1_539' title='bbox 559 3840 658 3903; x_wconf 86' lang='grc' dir='ltr'><strong>τὰς</strong></span> <span class='ocrx_word' id='word_1_540' title='bbox 697 3858 716 3893; x_wconf 81' lang='grc' dir='ltr'><strong>ι</strong></span> <span class='ocrx_word' id='word_1_541' title='bbox 744 3839 851 3903; x_wconf 71' lang='grc' dir='ltr'><strong>ἕως</strong></span> <span class='ocrx_word' id='word_1_542' title='bbox 875 3838 1186 3903; x_wconf 79' lang='grc' dir='ltr'><strong>συντελείας</strong></span> <span class='ocrx_word' id='word_1_543' title='bbox 1211 3838 1307 3892; x_wconf 86' lang='grc' dir='ltr'><strong>τοῦ</strong></span> <span class='ocrx_word' id='word_1_544' title='bbox 1345 3837 1561 3901; x_wconf 86' lang='grc' dir='ltr'><strong>αἰῶνος,</strong></span> <span class='ocrx_word' id='word_1_545' title='bbox 1585 3856 1604 3889; x_wconf 74' lang='grc' dir='ltr'><strong>ι</strong></span> <span class='ocrx_word' id='word_1_546' title='bbox 1648 3836 1790 3890; x_wconf 83' lang='grc' dir='ltr'><strong>κατὰ</strong></span> <span class='ocrx_word' id='word_1_547' title='bbox 1826 3836 1895 3890; x_wconf 88' lang='grc' dir='ltr'><strong>τά</strong></span> 
     </span>
    </p>
   </div>
   <div class='ocr_carea' id='block_1_71' title="bbox 311 3925 1896 4004">
    <p class='ocr_par' dir='ltr' id='par_1_71' title="bbox 311 3925 1896 4004">
     <span class='ocr_line' id='line_1_71' title="bbox 311 3925 1896 4004; baseline -0.001 -23"><span class='ocrx_word' id='word_1_548' title='bbox 311 3928 514 3998; x_wconf 72' lang='grc' dir='ltr'><strong>ἐφικτὰ</strong></span> <span class='ocrx_word' id='word_1_549' title='bbox 552 3932 619 4001; x_wconf 79' lang='grc' dir='ltr'><strong>τῇ</strong></span> <span class='ocrx_word' id='word_1_550' title='bbox 652 3928 969 4004; x_wconf 78' lang='grc' dir='ltr'><strong>ἀνθρωπίνῃ</strong></span> <span class='ocrx_word' id='word_1_551' title='bbox 1001 3928 1161 3999; x_wconf 86' lang='grc' dir='ltr'><strong>φύσει</strong></span> <span class='ocrx_word' id='word_1_552' title='bbox 1190 3927 1519 3983; x_wconf 76' lang='grc' dir='ltr'><strong>καταλαϐεῖν</strong></span> <span class='ocrx_word' id='word_1_553' title='bbox 1547 3926 1627 3981; x_wconf 76' lang='grc' dir='ltr'><strong>ἔτι</strong></span> <span class='ocrx_word' id='word_1_554' title='bbox 1661 3925 1896 3980; x_wconf 76' lang='grc' dir='ltr'><strong>ἐνταῦθα</strong></span> 
     </span>
    </p>
   </div>
   <div class='ocr_carea' id='block_1_72' title="bbox 311 4015 1895 4095">
    <p class='ocr_par' dir='ltr' id='par_1_72' title="bbox 311 4015 1895 4095">
     <span class='ocr_line' id='line_1_72' title="bbox 311 4015 1895 4095; baseline -0.005 -19"><span class='ocrx_word' id='word_1_555' title='bbox 311 4021 684 4095; x_wconf 77' lang='grc' dir='ltr'><strong>τυγχανούσῃ·</strong></span> <span class='ocrx_word' id='word_1_556' title='bbox 735 4020 851 4074; x_wconf 79' lang='grc' dir='ltr'><strong>ἐστι</strong></span> <span class='ocrx_word' id='word_1_557' title='bbox 897 4020 1006 4092; x_wconf 86' lang='grc' dir='ltr'><strong>γάρ</strong></span> <span class='ocrx_word' id='word_1_558' title='bbox 1046 4021 1140 4075; x_wconf 76' lang='grc' dir='ltr'><strong>καὶ</strong></span> <span class='ocrx_word' id='word_1_559' title='bbox 1189 4020 1405 4090; x_wconf 73' lang='grc' dir='ltr'><strong>ἐκείνης</strong></span> <span class='ocrx_word' id='word_1_560' title='bbox 1452 4018 1553 4089; x_wconf 89' lang='grc' dir='ltr'><strong>τῆς</strong></span> <span class='ocrx_word' id='word_1_561' title='bbox 1599 4015 1895 4090; x_wconf 79' lang='grc' dir='ltr'><strong>ἑρμηνείας</strong></span> 
     </span>
    </p>
   </div>
   <div class='ocr_carea' id='block_1_73' title="bbox 310 4108 1895 4183">
    <p class='ocr_par' dir='ltr' id='par_1_73' title="bbox 310 4108 1895 4183">
     <span class='ocr_line' id='line_1_73' title="bbox 310 4108 1895 4183; baseline -0.001 -21"><span class='ocrx_word' id='word_1_562' title='bbox 310 4110 656 4182; x_wconf 79' lang='grc' dir='ltr'><strong>τηρουμένης</strong></span> <span class='ocrx_word' id='word_1_563' title='bbox 697 4112 992 4181; x_wconf 80' lang='grc' dir='ltr'><strong>ἐπιστῆσαι</strong></span> <span class='ocrx_word' id='word_1_564' title='bbox 1038 4109 1117 4181; x_wconf 89' lang='grc' dir='ltr'><strong>τῷ</strong></span> <span class='ocrx_word' id='word_1_565' title='bbox 1147 4108 1395 4183; x_wconf 77' lang='grc' dir='ltr'><strong>(9ί.)ἐτώ</strong></span> <span class='ocrx_word' id='word_1_566' title='bbox 1416 4147 1432 4172; x_wconf 85' lang='grc'><strong><em>,</em></strong></span> <span class='ocrx_word' id='word_1_567' title='bbox 1477 4109 1565 4163; x_wconf 71' lang='grc' dir='ltr'><strong>ἵνα</strong></span> <span class='ocrx_word' id='word_1_568' title='bbox 1593 4110 1621 4162; x_wconf 87' lang='grc' dir='ltr'>ὁ</span> <span class='ocrx_word' id='word_1_569' title='bbox 1661 4108 1761 4180; x_wconf 83' lang='grc' dir='ltr'><strong>μὲν</strong></span> <span class='ocrx_word' id='word_1_570' title='bbox 1792 4108 1895 4172; x_wconf 74' lang='grc' dir='ltr'><strong>ἕως</strong></span> 
     </span>
    </p>
   </div>
   <div class='ocr_carea' id='block_1_74' title="bbox 312 4199 1894 4275">
    <p class='ocr_par' dir='ltr' id='par_1_74' title="bbox 312 4199 1894 4275">
     <span class='ocr_line' id='line_1_74' title="bbox 312 4199 1894 4275; baseline 0 -21"><span class='ocrx_word' id='word_1_571' title='bbox 312 4199 417 4270; x_wconf 75' lang='grc' dir='ltr'><strong>τῆς</strong></span> <span class='ocrx_word' id='word_1_572' title='bbox 470 4200 778 4267; x_wconf 85' lang='grc' dir='ltr'><strong>συντελείας</strong></span> <span class='ocrx_word' id='word_1_573' title='bbox 834 4202 974 4275; x_wconf 81' lang='grc' dir='ltr'><strong>μετά</strong></span> <span class='ocrx_word' id='word_1_574' title='bbox 1028 4202 1135 4256; x_wconf 88' lang='grc' dir='ltr'><strong>τῶν</strong></span> <span class='ocrx_word' id='word_1_575' title='bbox 1187 4200 1665 4271; x_wconf 77' lang='grc' dir='ltr'><strong>ἀποστελλομένων</strong></span> <span class='ocrx_word' id='word_1_576' title='bbox 1720 4199 1894 4272; x_wconf 86' lang='grc' dir='ltr'><strong>μαθη-</strong></span> 
     </span>
    </p>
   </div>
   <div class='ocr_carea' id='block_1_75' title="bbox 311 4291 1894 4368">
    <p class='ocr_par' dir='ltr' id='par_1_75' title="bbox 311 4291 1894 4368">
     <span class='ocr_line' id='line_1_75' title="bbox 311 4291 1894 4368; baseline 0.002 -22"><span class='ocrx_word' id='word_1_577' title='bbox 311 4293 490 4348; x_wconf 77' lang='grc' dir='ltr'><strong>τεύειν</strong></span> <span class='ocrx_word' id='word_1_578' title='bbox 522 4293 699 4350; x_wconf 83' lang='grc' dir='ltr'><strong>πάντα</strong></span> <span class='ocrx_word' id='word_1_579' title='bbox 727 4295 796 4349; x_wconf 78' lang='grc' dir='ltr'><strong>τὰ</strong></span> <span class='ocrx_word' id='word_1_580' title='bbox 833 4291 1022 4368; x_wconf 82' lang='grc' dir='ltr'><strong>έθνηῇ</strong></span> <span class='ocrx_word' id='word_1_581' title='bbox 1062 4297 1091 4349; x_wconf 84' lang='grc' dir='ltr'>ὁ</span> <span class='ocrx_word' id='word_1_582' title='bbox 1119 4293 1363 4359; x_wconf 84' lang='grc' dir='ltr'><strong>κενώσας</strong></span> <span class='ocrx_word' id='word_1_583' title='bbox 1408 4295 1618 4360; x_wconf 76' lang='grc' dir='ltr'><strong>ἑαυτὸν.</strong></span> <span class='ocrx_word' id='word_1_584' title='bbox 1658 4295 1752 4349; x_wconf 73' lang='grc' dir='ltr'><strong>καὶ</strong></span> <span class='ocrx_word' id='word_1_585' title='bbox 1794 4296 1894 4368; x_wconf 79' lang='grc' dir='ltr'><strong>τὴν</strong></span> 
     </span>
    </p>
   </div>
   <div class='ocr_carea' id='block_1_76' title="bbox 310 4386 1890 4461">
    <p class='ocr_par' dir='ltr' id='par_1_76' title="bbox 310 4386 1890 4461">
     <span class='ocr_line' id='line_1_76' title="bbox 310 4386 1890 4461; baseline 0.003 -23"><span class='ocrx_word' id='word_1_586' title='bbox 310 4386 407 4439; x_wconf 85' lang='grc' dir='ltr'><strong>τοῦ</strong></span> <span class='ocrx_word' id='word_1_587' title='bbox 456 4387 641 4441; x_wconf 83' lang='grc' dir='ltr'><strong>δούλου</strong></span> <span class='ocrx_word' id='word_1_588' title='bbox 687 4389 904 4461; x_wconf 75' lang='grc' dir='ltr'><strong>μορφὴν</strong></span> <span class='ocrx_word' id='word_1_589' title='bbox 952 4386 1158 4442; x_wconf 67' lang='grc' dir='ltr'><strong>λαϐὼν*</strong></span> <span class='ocrx_word' id='word_1_590' title='bbox 1194 4387 1436 4459; x_wconf 82' lang='grc' dir='ltr'><strong>ὡσπερεὶ</strong></span> <span class='ocrx_word' id='word_1_591' title='bbox 1481 4388 1539 4442; x_wconf 84' lang='grc' dir='ltr'><strong>δὲ</strong></span> <span class='ocrx_word' id='word_1_592' title='bbox 1568 4387 1727 4442; x_wconf 88' lang='grc' dir='ltr'><strong>τοῦτο</strong></span> <span class='ocrx_word' id='word_1_593' title='bbox 1780 4388 1890 4460; x_wconf 83' lang='grc'><strong>(97)</strong></span> 
     </span>
    </p>
   </div>
   <div class='ocr_carea' id='block_1_77' title="bbox 311 4465 1968 4549">
    <p class='ocr_par' dir='ltr' id='par_1_77' title="bbox 311 4465 1968 4549">
     <span class='ocr_line' id='line_1_77' title="bbox 311 4465 1968 4549; baseline 0.005 -25"><span class='ocrx_word' id='word_1_594' title='bbox 311 4472 498 4545; x_wconf 76' lang='grc' dir='ltr'><strong>ἕτερος</strong></span> <span class='ocrx_word' id='word_1_595' title='bbox 546 4476 606 4528; x_wconf 83' lang='grc' dir='ltr'><strong>ὲν</strong></span> <span class='ocrx_word' id='word_1_596' title='bbox 648 4478 714 4547; x_wconf 76' lang='grc' dir='ltr'><strong>τῇ</strong></span> <span class='ocrx_word' id='word_1_597' title='bbox 767 4476 1094 4530; x_wconf 82' lang='grc' dir='ltr'><strong>καταστάσει</strong></span> <span class='ocrx_word' id='word_1_598' title='bbox 1140 4475 1235 4542; x_wconf 85' lang='grc' dir='ltr'><strong>ὢν,</strong></span> <span class='ocrx_word' id='word_1_599' title='bbox 1267 4480 1335 4549; x_wconf 75' lang='grc' dir='ltr'><strong>τῇ</strong></span> <span class='ocrx_word' id='word_1_600' title='bbox 1381 4477 1488 4549; x_wconf 81' lang='grc' dir='ltr'><strong>πρὸ</strong></span> <span class='ocrx_word' id='word_1_601' title='bbox 1515 4477 1609 4532; x_wconf 88' lang='lat'><strong>106</strong></span> <span class='ocrx_word' id='word_1_602' title='bbox 1657 4465 1892 4533; x_wconf 81' lang='grc' dir='ltr'><strong>κενῶσαι</strong></span> <span class='ocrx_word' id='word_1_603' title='bbox 1927 4465 1968 4521; x_wconf 79' lang='lat' dir='ltr'><strong>D</strong></span> 
     </span>
    </p>
   </div>
   <div class='ocr_carea' id='block_1_78' title="bbox 311 4564 1891 4643">
    <p class='ocr_par' dir='ltr' id='par_1_78' title="bbox 311 4564 1891 4643">
     <span class='ocr_line' id='line_1_78' title="bbox 311 4564 1891 4643; baseline 0.006 -27"><span class='ocrx_word' id='word_1_604' title='bbox 311 4564 525 4629; x_wconf 70' lang='grc' dir='ltr'><strong>ἑαυτὸν,</strong></span> <span class='ocrx_word' id='word_1_605' title='bbox 564 4567 703 4638; x_wconf 85' lang='grc' dir='ltr'><strong>μετά</strong></span> <span class='ocrx_word' id='word_1_606' title='bbox 745 4569 845 4639; x_wconf 80' lang='grc' dir='ltr'><strong>τὴν</strong></span> <span class='ocrx_word' id='word_1_607' title='bbox 896 4569 1203 4625; x_wconf 82' lang='grc' dir='ltr'><strong>συντέλειαν</strong></span> <span class='ocrx_word' id='word_1_608' title='bbox 1254 4568 1350 4623; x_wconf 89' lang='lat'><strong>106</strong></span> <span class='ocrx_word' id='word_1_609' title='bbox 1391 4568 1618 4635; x_wconf 77' lang='grc' dir='ltr'><strong>αἰῶνος,</strong></span> <span class='ocrx_word' id='word_1_610' title='bbox 1662 4570 1891 4643; x_wconf 84' lang='grc' dir='ltr'><strong>γένηται</strong></span> 
     </span>
    </p>
   </div>
   <div class='ocr_carea' id='block_1_79' title="bbox 321 4656 1890 4735">
    <p class='ocr_par' dir='ltr' id='par_1_79' title="bbox 321 4656 1890 4735">
     <span class='ocr_line' id='line_1_79' title="bbox 321 4656 1890 4735; baseline 0.007 -27"><span class='ocrx_word' id='word_1_611' title='bbox 321 4656 460 4725; x_wconf 83' lang='grc' dir='ltr'><strong>μετά</strong></span> <span class='ocrx_word' id='word_1_612' title='bbox 511 4659 751 4723; x_wconf 83' lang='grc' dir='ltr'><strong>τούτων,</strong></span> <span class='ocrx_word' id='word_1_613' title='bbox 810 4680 829 4712; x_wconf 79' lang='grc' dir='ltr'><strong>ι</strong></span> <span class='ocrx_word' id='word_1_614' title='bbox 856 4660 960 4725; x_wconf 83' lang='grc' dir='ltr'><strong>ἓως</strong></span> <span class='ocrx_word' id='word_1_615' title='bbox 989 4680 1008 4712; x_wconf 76' lang='grc' dir='ltr'><strong>ι</strong></span> <span class='ocrx_word' id='word_1_616' title='bbox 1066 4661 1171 4715; x_wconf 81' lang='grc' dir='ltr'><strong>ὑπὸ</strong></span> <span class='ocrx_word' id='word_1_617' title='bbox 1225 4661 1321 4715; x_wconf 85' lang='grc' dir='ltr'><strong>τοῦ</strong></span> <span class='ocrx_word' id='word_1_618' title='bbox 1380 4662 1596 4735; x_wconf 81' lang='grc' dir='ltr'><strong>Πατρὸς</strong></span> <span class='ocrx_word' id='word_1_619' title='bbox 1647 4680 1667 4715; x_wconf 78' lang='grc' dir='ltr'><strong>ι</strong></span> <span class='ocrx_word' id='word_1_620' title='bbox 1692 4664 1890 4720; x_wconf 79' lang='grc' dir='ltr'><strong>τεθῶσι</strong></span> 
     </span>
    </p>
   </div>
   <div class='ocr_carea' id='block_1_80' title="bbox 320 4750 1893 4825">
    <p class='ocr_par' dir='ltr' id='par_1_80' title="bbox 320 4750 1893 4825">
     <span class='ocr_line' id='line_1_80' title="bbox 320 4750 1893 4825; baseline 0.006 -21"><span class='ocrx_word' id='word_1_621' title='bbox 320 4750 522 4816; x_wconf 82' lang='grc' dir='ltr'><strong>πάντες</strong></span> <span class='ocrx_word' id='word_1_622' title='bbox 571 4755 620 4806; x_wconf 79' lang='grc' dir='ltr'><strong>οἱ</strong></span> <span class='ocrx_word' id='word_1_623' title='bbox 672 4754 856 4825; x_wconf 76' lang='grc' dir='ltr'><strong>ἐχθροὶ</strong></span> <span class='ocrx_word' id='word_1_624' title='bbox 889 4755 1052 4809; x_wconf 80' lang='grc' dir='ltr'><strong>αὑτοῦ</strong></span> <span class='ocrx_word' id='word_1_625' title='bbox 1095 4754 1387 4809; x_wconf 80' lang='grc' dir='ltr'><strong>ὑποπόδιον</strong></span> <span class='ocrx_word' id='word_1_626' title='bbox 1426 4755 1533 4809; x_wconf 89' lang='grc' dir='ltr'><strong>τῶν</strong></span> <span class='ocrx_word' id='word_1_627' title='bbox 1567 4756 1745 4810; x_wconf 78' lang='grc' dir='ltr'><strong>ποδῶν</strong></span> <span class='ocrx_word' id='word_1_628' title='bbox 1795 4758 1893 4812; x_wconf 84' lang='grc' dir='ltr'><strong>αὑ-</strong></span> 
     </span>
    </p>
   </div>
   <div class='ocr_carea' id='block_1_81' title="bbox 312 4844 1891 4924">
    <p class='ocr_par' dir='ltr' id='par_1_81' title="bbox 312 4844 1891 4924">
     <span class='ocr_line' id='line_1_81' title="bbox 312 4844 1891 4924; baseline 0.005 -28"><span class='ocrx_word' id='word_1_629' title='bbox 312 4844 428 4908; x_wconf 81' lang='grc' dir='ltr'><strong>τοῦ,</strong></span> <span class='ocrx_word' id='word_1_630' title='bbox 455 4864 474 4896; x_wconf 72' lang='grc' dir='ltr'><strong>ι</strong></span> <span class='ocrx_word' id='word_1_631' title='bbox 527 4848 664 4919; x_wconf 78' lang='grc' dir='ltr'><strong>μετὰ</strong></span> <span class='ocrx_word' id='word_1_632' title='bbox 693 4849 867 4903; x_wconf 88' lang='grc' dir='ltr'><strong>ταῦτα</strong></span> <span class='ocrx_word' id='word_1_633' title='bbox 902 4869 920 4901; x_wconf 81' lang='grc' dir='ltr'><strong>ι</strong></span> <span class='ocrx_word' id='word_1_634' title='bbox 950 4850 1039 4903; x_wconf 76' lang='grc' dir='ltr'><strong>ὅτε</strong></span> <span class='ocrx_word' id='word_1_635' title='bbox 1084 4847 1449 4920; x_wconf 84' lang='grc' dir='ltr'><strong>παραδίδωσιν</strong></span> <span class='ocrx_word' id='word_1_636' title='bbox 1472 4868 1493 4901; x_wconf 70' lang='grc' dir='ltr'><strong>ι</strong></span> <span class='ocrx_word' id='word_1_637' title='bbox 1530 4851 1559 4903; x_wconf 84' lang='grc' dir='ltr'><strong>ὁ</strong></span> <span class='ocrx_word' id='word_1_638' title='bbox 1584 4850 1711 4914; x_wconf 80' lang='grc' dir='ltr'><strong>Υίὸς</strong></span> <span class='ocrx_word' id='word_1_639' title='bbox 1747 4869 1766 4903; x_wconf 83' lang='grc' dir='ltr'><strong>ι</strong></span> <span class='ocrx_word' id='word_1_640' title='bbox 1793 4851 1891 4924; x_wconf 76' lang='grc' dir='ltr'><strong>τὴν</strong></span> 
     </span>
    </p>
   </div>
   <div class='ocr_carea' id='block_1_82' title="bbox 318 4936 1895 5014">
    <p class='ocr_par' dir='ltr' id='par_1_82' title="bbox 318 4936 1895 5014">
     <span class='ocr_line' id='line_1_82' title="bbox 318 4936 1895 5014; baseline 0.003 -23"><span class='ocrx_word' id='word_1_641' title='bbox 318 4936 591 5007; x_wconf 73' lang='grc' dir='ltr'><strong>βασιλείαν</strong></span> <span class='ocrx_word' id='word_1_642' title='bbox 619 4940 700 5011; x_wconf 82' lang='grc' dir='ltr'><strong>τῷ</strong></span> <span class='ocrx_word' id='word_1_643' title='bbox 727 4939 844 5014; x_wconf 85' lang='grc' dir='ltr'><strong>Θεῷ</strong></span> <span class='ocrx_word' id='word_1_644' title='bbox 875 4941 965 4995; x_wconf 80' lang='grc' dir='ltr'><strong>καὶ</strong></span> <span class='ocrx_word' id='word_1_645' title='bbox 999 4941 1196 5013; x_wconf 70' lang='grc' dir='ltr'><strong>Πατρὶ,</strong></span> <span class='ocrx_word' id='word_1_646' title='bbox 1221 4959 1240 4994; x_wconf 75' lang='grc' dir='ltr'><strong>ι</strong></span> <span class='ocrx_word' id='word_1_647' title='bbox 1270 4939 1364 4994; x_wconf 89' lang='grc' dir='ltr'><strong>τοῦ</strong></span> <span class='ocrx_word' id='word_1_648' title='bbox 1397 4941 1610 5012; x_wconf 82' lang='grc' dir='ltr'><strong>Πατρὸς</strong></span> <span class='ocrx_word' id='word_1_649' title='bbox 1641 4940 1895 5014; x_wconf 80' lang='grc' dir='ltr'><strong>ἐροῦντος</strong></span> 
     </span>
    </p>
   </div>
   <div class='ocr_carea' id='block_1_83' title="bbox 424 5087 873 5153">
    <p class='ocr_par' dir='ltr' id='par_1_83' title="bbox 424 5087 873 5153">
     <span class='ocr_line' id='line_1_83' title="bbox 424 5087 873 5153; baseline 0.002 -9"><span class='ocrx_word' id='word_1_650' title='bbox 424 5090 470 5121; x_wconf 88' lang='lat'><strong>&quot;</strong></span> <span class='ocrx_word' id='word_1_651' title='bbox 496 5087 654 5148; x_wconf 84' lang='lat' dir='ltr'><strong>Joan.</strong></span> <span class='ocrx_word' id='word_1_652' title='bbox 690 5105 751 5153; x_wconf 88' lang='lat' dir='ltr'><strong>ll,</strong></span> <span class='ocrx_word' id='word_1_653' title='bbox 789 5090 873 5145; x_wconf 75' lang='grc'><strong>12.</strong></span> 
     </span>
    </p>
   </div>
   <div class='ocr_carea' id='block_1_84' title="bbox 316 5157 798 5231">
    <p class='ocr_par' dir='ltr' id='par_1_84' title="bbox 316 5157 798 5231">
     <span class='ocr_line' id='line_1_84' title="bbox 316 5157 798 5231; baseline 0.002 -18"><span class='ocrx_word' id='word_1_654' title='bbox 316 5157 364 5191; x_wconf 79' lang='grc'><strong>⁸⁷</strong></span> <span class='ocrx_word' id='word_1_655' title='bbox 392 5157 626 5231; x_wconf 85' lang='lat' dir='ltr'><strong>Philipp.</strong></span> <span class='ocrx_word' id='word_1_656' title='bbox 661 5174 717 5226; x_wconf 89' lang='lat' dir='ltr'><strong>ll,</strong></span> <span class='ocrx_word' id='word_1_657' title='bbox 748 5161 798 5214; x_wconf 90' lang='lat'><strong>7.</strong></span> 
     </span>
    </p>
   </div>
   <div class='ocr_carea' id='block_1_85' title="bbox 984 5088 1613 5153">
    <p class='ocr_par' dir='ltr' id='par_1_85' title="bbox 984 5088 1613 5153">
     <span class='ocr_line' id='line_1_85' title="bbox 984 5088 1613 5153; baseline -0.002 -9"><span class='ocrx_word' id='word_1_658' title='bbox 984 5093 1030 5124; x_wconf 80' lang='grc'><em>’³</em></span> <span class='ocrx_word' id='word_1_659' title='bbox 1066 5090 1257 5147; x_wconf 69' lang='lat' dir='ltr'><strong>Matth.</strong></span> <span class='ocrx_word' id='word_1_660' title='bbox 1299 5104 1492 5153; x_wconf 75' lang='lat' dir='ltr'><strong>xxvm,</strong></span> <span class='ocrx_word' id='word_1_661' title='bbox 1521 5088 1613 5144; x_wconf 73' lang='lat'><strong>20.</strong></span> 
     </span>
    </p>
   </div>
   <div class='ocr_carea' id='block_1_86' title="bbox 909 5161 1347 5227">
    <p class='ocr_par' dir='ltr' id='par_1_86' title="bbox 909 5161 1347 5227">
     <span class='ocr_line' id='line_1_86' title="bbox 909 5161 1347 5227; baseline 0 -12"><span class='ocrx_word' id='word_1_662' title='bbox 909 5161 956 5193; x_wconf 78' lang='lat'><strong>”</strong></span> <span class='ocrx_word' id='word_1_663' title='bbox 981 5162 1144 5216; x_wconf 81' lang='lat' dir='ltr'><strong>Hebr.</strong></span> <span class='ocrx_word' id='word_1_664' title='bbox 1183 5179 1233 5227; x_wconf 87' lang='lat' dir='ltr'><strong>x,</strong></span> <span class='ocrx_word' id='word_1_665' title='bbox 1266 5163 1347 5217; x_wconf 78' lang='lat'><strong>15.</strong></span> 
     </span>
    </p>
   </div>
   <div class='ocr_carea' id='block_1_87' title="bbox 400 5305 1899 5380">
    <p class='ocr_par' dir='ltr' id='par_1_87' title="bbox 400 5305 1899 5380">
     <span class='ocr_line' id='line_1_87' title="bbox 400 5305 1899 5380; baseline -0.006 -15"><span class='ocrx_word' id='word_1_666' title='bbox 400 5306 511 5378; x_wconf 78' lang='grc'><strong>(95)</strong></span> <span class='ocrx_word' id='word_1_667' title='bbox 535 5309 779 5380; x_wconf 71' lang='grc' dir='ltr'><strong>Λέγεται</strong></span> <span class='ocrx_word' id='word_1_668' title='bbox 799 5308 1149 5376; x_wconf 81' lang='grc' dir='ltr'><strong>δεικτικῶς..</strong></span> <span class='ocrx_word' id='word_1_669' title='bbox 1163 5348 1200 5361; x_wconf 93' lang='grc'><strong>..</strong></span> <span class='ocrx_word' id='word_1_670' title='bbox 1223 5308 1292 5380; x_wconf 53' lang='grc' dir='ltr'><strong>ἐξ</strong></span> <span class='ocrx_word' id='word_1_671' title='bbox 1311 5305 1435 5380; x_wconf 78' lang='grc' dir='ltr'><strong>τοῖς</strong></span> <span class='ocrx_word' id='word_1_672' title='bbox 1457 5305 1899 5380; x_wconf 56' lang='grc' dir='ltr'><strong>θεωρουμέηοις.</strong></span> 
     </span>
    </p>
   </div>
   <div class='ocr_carea' id='block_1_88' title="bbox 329 5374 1902 5447">
    <p class='ocr_par' dir='ltr' id='par_1_88' title="bbox 329 5374 1902 5447">
     <span class='ocr_line' id='line_1_88' title="bbox 329 5374 1902 5447; baseline -0.001 -16"><span class='ocrx_word' id='word_1_673' title='bbox 329 5374 455 5432; x_wconf 67' lang='lat' dir='ltr'><strong>Haec</strong></span> <span class='ocrx_word' id='word_1_674' title='bbox 483 5374 665 5434; x_wconf 79' lang='lat' dir='ltr'><strong>omnia</strong></span> <span class='ocrx_word' id='word_1_675' title='bbox 699 5382 898 5436; x_wconf 88' lang='lat' dir='ltr'><strong>desunt</strong></span> <span class='ocrx_word' id='word_1_676' title='bbox 934 5381 987 5435; x_wconf 90' lang='lat' dir='ltr'><strong>iu</strong></span> <span class='ocrx_word' id='word_1_677' title='bbox 1028 5374 1219 5434; x_wconf 78' lang='lat' dir='ltr'><strong>codice</strong></span> <span class='ocrx_word' id='word_1_678' title='bbox 1249 5377 1438 5447; x_wconf 79' lang='lat' dir='ltr'><strong>Regio,</strong></span> <span class='ocrx_word' id='word_1_679' title='bbox 1480 5392 1544 5430; x_wconf 88' lang='lat' dir='ltr'><strong>ac</strong></span> <span class='ocrx_word' id='word_1_680' title='bbox 1590 5374 1817 5447; x_wconf 71' lang='lat' dir='ltr'><strong>proinde</strong></span> <span class='ocrx_word' id='word_1_681' title='bbox 1848 5377 1902 5447; x_wconf 81' lang='lat' dir='ltr'><strong>iu</strong></span> 
     </span>
    </p>
   </div>
   <div class='ocr_carea' id='block_1_89' title="bbox 326 5444 1901 5571">
    <p class='ocr_par' dir='ltr' id='par_1_89' title="bbox 326 5444 1901 5571">
     <span class='ocr_line' id='line_1_89' title="bbox 326 5444 1901 5571; baseline -0.001 -70"><span class='ocrx_word' id='word_1_682' title='bbox 326 5448 571 5571; x_wconf 42' lang='lat' dir='ltr'><strong>editione</strong></span> <span class='ocrx_word' id='word_1_683' title='bbox 609 5446 823 5518; x_wconf 84' lang='lat' dir='ltr'><strong>Huetii;</strong></span> <span class='ocrx_word' id='word_1_684' title='bbox 881 5450 974 5506; x_wconf 88' lang='lat' dir='ltr'><strong>sed</strong></span> <span class='ocrx_word' id='word_1_685' title='bbox 1020 5444 1383 5505; x_wconf 80' lang='lat' dir='ltr'><strong>restituuntur</strong></span> <span class='ocrx_word' id='word_1_686' title='bbox 1438 5461 1469 5500; x_wconf 90' lang='lat' dir='ltr'><strong>e</strong></span> <span class='ocrx_word' id='word_1_687' title='bbox 1520 5446 1708 5500; x_wconf 88' lang='lat' dir='ltr'><strong>codice</strong></span> <span class='ocrx_word' id='word_1_688' title='bbox 1757 5444 1901 5500; x_wconf 87' lang='lat' dir='ltr'><strong>Bod-</strong></span> 
     </span>
     <span class='ocr_line' id='line_1_90' title="bbox 348 5532 528 5571; baseline 0 0"><span class='ocrx_word' id='word_1_689' title='bbox 348 5532 528 5571; x_wconf 76' lang='lat' dir='ltr'><strong>elatio.</strong></span> 
     </span>
    </p>
   </div>
   <div class='ocr_carea' id='block_1_90' title="bbox 348 5532 528 5575">
    <p class='ocr_par' dir='ltr' id='par_1_90' title="bbox 348 5532 528 5575">
     <span class='ocr_line' id='line_1_91' title="bbox 348 5532 528 5575; baseline 0.022 -4"><span class='ocrx_word' id='word_1_690' title='bbox 348 5532 528 5575; x_wconf 86' lang='lat' dir='ltr'><strong>etauo.</strong></span> 
     </span>
    </p>
   </div>
   <div class='ocr_carea' id='block_1_91' title="bbox 405 5586 1570 5660">
    <p class='ocr_par' dir='ltr' id='par_1_91' title="bbox 405 5586 1570 5660">
     <span class='ocr_line' id='line_1_92' title="bbox 405 5586 1570 5660; baseline -0.003 -15"><span class='ocrx_word' id='word_1_691' title='bbox 405 5589 515 5660; x_wconf 63' lang='lat'><strong>{94)</strong></span> <span class='ocrx_word' id='word_1_692' title='bbox 556 5590 738 5645; x_wconf 86' lang='lat' dir='ltr'><strong>Codex</strong></span> <span class='ocrx_word' id='word_1_693' title='bbox 792 5589 1119 5646; x_wconf 87' lang='lat' dir='ltr'><strong>Bodleianus</strong></span> <span class='ocrx_word' id='word_1_694' title='bbox 1168 5586 1406 5660; x_wconf 86' lang='lat' dir='ltr'><strong>restituit</strong></span> <span class='ocrx_word' id='word_1_695' title='bbox 1450 5587 1570 5660; x_wconf 75' lang='grc' dir='ltr'><strong>τῷ,</strong></span> 
     </span>
    </p>
   </div>
   <div class='ocr_carea' id='block_1_92' title="bbox 330 5659 1518 5729">
    <p class='ocr_par' dir='ltr' id='par_1_92' title="bbox 330 5659 1518 5729">
     <span class='ocr_line' id='line_1_93' title="bbox 330 5659 1518 5729; baseline 0 -17"><span class='ocrx_word' id='word_1_696' title='bbox 330 5660 468 5727; x_wconf 74' lang='grc' dir='ltr'><strong>ειμι,</strong></span> <span class='ocrx_word' id='word_1_697' title='bbox 498 5659 641 5729; x_wconf 88' lang='lat' dir='ltr'><strong>quod</strong></span> <span class='ocrx_word' id='word_1_698' title='bbox 668 5661 1010 5716; x_wconf 87' lang='lat' dir='ltr'><strong>desideratur</strong></span> <span class='ocrx_word' id='word_1_699' title='bbox 1042 5661 1095 5715; x_wconf 90' lang='lat' dir='ltr'><strong>in</strong></span> <span class='ocrx_word' id='word_1_700' title='bbox 1121 5659 1518 5729; x_wconf 65' lang='lat' dir='ltr'><strong>codiceliegio.</strong></span> 
     </span>
    </p>
   </div>
   <div class='ocr_carea' id='block_1_93' title="bbox 402 5725 1897 5799">
    <p class='ocr_par' dir='ltr' id='par_1_93' title="bbox 402 5725 1897 5799">
     <span class='ocr_line' id='line_1_94' title="bbox 402 5725 1897 5799; baseline -0.003 -14"><span class='ocrx_word' id='word_1_701' title='bbox 402 5725 530 5798; x_wconf 55' lang='lat' dir='ltr'><strong>(95f</strong></span> <span class='ocrx_word' id='word_1_702' title='bbox 569 5732 756 5785; x_wconf 71' lang='grc' dir='ltr'><strong>ὀσον</strong></span> <span class='ocrx_word' id='word_1_703' title='bbox 782 5729 864 5797; x_wconf 83' lang='grc' dir='ltr'><strong>τῷ</strong></span> <span class='ocrx_word' id='word_1_704' title='bbox 903 5730 989 5797; x_wconf 74' lang='grc' dir='ltr'><strong>νῷ</strong></span> <span class='ocrx_word' id='word_1_705' title='bbox 1026 5733 1138 5786; x_wconf 83' lang='grc' dir='ltr'><strong>οὐκ</strong></span> <span class='ocrx_word' id='word_1_706' title='bbox 1175 5728 1528 5799; x_wconf 69' lang='grc' dir='ltr'><strong>ἐφθάκαςιν.</strong></span> <span class='ocrx_word' id='word_1_707' title='bbox 1576 5725 1650 5781; x_wconf 85' lang='lat' dir='ltr'><strong>Ita</strong></span> <span class='ocrx_word' id='word_1_708' title='bbox 1696 5727 1897 5799; x_wconf 73' lang='lat' dir='ltr'><strong>optime</strong></span> 
     </span>
    </p>
   </div>
   <div class='ocr_carea' id='block_1_94' title="bbox 322 5796 1896 5872">
    <p class='ocr_par' dir='ltr' id='par_1_94' title="bbox 322 5796 1896 5872">
     <span class='ocr_line' id='line_1_95' title="bbox 322 5796 1896 5872; baseline -0.008 -12"><span class='ocrx_word' id='word_1_709' title='bbox 322 5796 689 5859; x_wconf 53' lang='lat' dir='ltr'><strong>habet&#39;codex</strong></span> <span class='ocrx_word' id='word_1_710' title='bbox 716 5796 1063 5871; x_wconf 86' lang='lat' dir='ltr'><strong>Bodleianus;</strong></span> <span class='ocrx_word' id='word_1_711' title='bbox 1093 5796 1229 5858; x_wconf 80' lang='lat' dir='ltr'><strong>male</strong></span> <span class='ocrx_word' id='word_1_712' title='bbox 1259 5814 1387 5858; x_wconf 88' lang='lat' dir='ltr'><strong>vero</strong></span> <span class='ocrx_word' id='word_1_713' title='bbox 1415 5796 1637 5872; x_wconf 78' lang='lat' dir='ltr'><strong>Regius,</strong></span> <span class='ocrx_word' id='word_1_714' title='bbox 1656 5799 1792 5853; x_wconf 82' lang='grc' dir='ltr'><strong>ὅσων</strong></span> <span class='ocrx_word' id='word_1_715' title='bbox 1819 5796 1896 5869; x_wconf 79' lang='grc' dir='ltr'><strong>τῷ</strong></span> 
     </span>
    </p>
   </div>
   <div class='ocr_carea' id='block_1_95' title="bbox 1634 5586 1898 5658">
    <p class='ocr_par' dir='ltr' id='par_1_95' title="bbox 1634 5586 1898 5658">
     <span class='ocr_line' id='line_1_96' title="bbox 1634 5586 1898 5658; baseline 0.004 -18"><span class='ocrx_word' id='word_1_716' title='bbox 1634 5586 1723 5640; x_wconf 88' lang='grc' dir='ltr'><strong>Ἐν</strong></span> <span class='ocrx_word' id='word_1_717' title='bbox 1767 5586 1898 5658; x_wconf 82' lang='grc' dir='ltr'><strong>ὑμῖν</strong></span> 
     </span>
    </p>
   </div>
   <div class='ocr_carea' id='block_1_96' title="bbox 1727 5084 2200 5153">
    <p class='ocr_par' dir='ltr' id='par_1_96' title="bbox 1727 5084 2200 5153">
     <span class='ocr_line' id='line_1_97' title="bbox 1727 5084 2200 5153; baseline -0.004 -11"><span class='ocrx_word' id='word_1_718' title='bbox 1727 5086 1774 5118; x_wconf 75' lang='grc'><strong>’⁸</strong></span> <span class='ocrx_word' id='word_1_719' title='bbox 1801 5084 1974 5142; x_wconf 84' lang='lat' dir='ltr'><strong>Galat.</strong></span> <span class='ocrx_word' id='word_1_720' title='bbox 2006 5099 2082 5153; x_wconf 84' lang='grc' dir='ltr'><strong>ιι,</strong></span> <span class='ocrx_word' id='word_1_721' title='bbox 2106 5085 2200 5143; x_wconf 73' lang='lat'><strong>20.</strong></span> 
     </span>
    </p>
   </div>
   <div class='ocr_carea' id='block_1_97' title="bbox 2000 3198 3575 3273">
    <p class='ocr_par' dir='ltr' id='par_1_97' title="bbox 2000 3198 3575 3273">
     <span class='ocr_line' id='line_1_98' title="bbox 2000 3198 3575 3273; baseline -0.004 -16"><span class='ocrx_word' id='word_1_722' title='bbox 2000 3218 2107 3257; x_wconf 88' lang='lat' dir='ltr'><strong>non</strong></span> <span class='ocrx_word' id='word_1_723' title='bbox 2164 3202 2528 3273; x_wconf 69' lang='lat' dir='ltr'><strong>prmveneriut</strong></span> <span class='ocrx_word' id='word_1_724' title='bbox 2587 3202 3109 3257; x_wconf 90' lang='lat' dir='ltr'><strong>consummationem</strong></span> <span class='ocrx_word' id='word_1_725' title='bbox 3159 3198 3367 3257; x_wconf 65' lang='lat' dir='ltr'><strong>seaculi.</strong></span> <span class='ocrx_word' id='word_1_726' title='bbox 3440 3198 3575 3254; x_wconf 87' lang='lat' dir='ltr'><strong>Cum</strong></span> 
     </span>
    </p>
   </div>
   <div class='ocr_carea' id='block_1_98' title="bbox 1999 3291 3577 3351">
    <p class='ocr_par' dir='ltr' id='par_1_98' title="bbox 1999 3291 3577 3351">
     <span class='ocr_line' id='line_1_99' title="bbox 1999 3291 3577 3351; baseline -0.003 -2"><span class='ocrx_word' id='word_1_727' title='bbox 1999 3310 2131 3351; x_wconf 88' lang='lat' dir='ltr'><strong>vero</strong></span> <span class='ocrx_word' id='word_1_728' title='bbox 2179 3295 2472 3350; x_wconf 87' lang='lat' dir='ltr'><strong>instantem</strong></span> <span class='ocrx_word' id='word_1_729' title='bbox 2528 3294 3062 3351; x_wconf 86' lang='lat' dir='ltr'><strong>consummationem</strong></span> <span class='ocrx_word' id='word_1_730' title='bbox 3107 3293 3296 3348; x_wconf 90' lang='lat' dir='ltr'><strong>mundi</strong></span> <span class='ocrx_word' id='word_1_731' title='bbox 3344 3291 3577 3346; x_wconf 90' lang='lat' dir='ltr'><strong>viderint</strong></span> 
     </span>
    </p>
   </div>
   <div class='ocr_carea' id='block_1_99' title="bbox 1997 3387 3574 3459">
    <p class='ocr_par' dir='ltr' id='par_1_99' title="bbox 1997 3387 3574 3459">
     <span class='ocr_line' id='line_1_100' title="bbox 1997 3387 3574 3459; baseline -0.003 -16"><span class='ocrx_word' id='word_1_732' title='bbox 1997 3390 2101 3445; x_wconf 87' lang='lat' dir='ltr'><strong>sibi</strong></span> <span class='ocrx_word' id='word_1_733' title='bbox 2133 3388 2404 3456; x_wconf 85' lang='lat' dir='ltr'><strong>cruciﬁxi,</strong></span> <span class='ocrx_word' id='word_1_734' title='bbox 2433 3398 2697 3459; x_wconf 88' lang='lat' dir='ltr'><strong>quantum</strong></span> <span class='ocrx_word' id='word_1_735' title='bbox 2726 3389 2797 3443; x_wconf 88' lang='lat' dir='ltr'><strong>ad</strong></span> <span class='ocrx_word' id='word_1_736' title='bbox 2824 3389 3044 3443; x_wconf 90' lang='lat' dir='ltr'><strong>illorum</strong></span> <span class='ocrx_word' id='word_1_737' title='bbox 3068 3396 3322 3444; x_wconf 85' lang='lat' dir='ltr'><strong>conatum</strong></span> <span class='ocrx_word' id='word_1_738' title='bbox 3356 3387 3574 3448; x_wconf 85' lang='lat' dir='ltr'><strong>attinet,</strong></span> 
     </span>
    </p>
   </div>
   <div class='ocr_carea' id='block_1_100' title="bbox 2002 3480 3579 3553">
    <p class='ocr_par' dir='ltr' id='par_1_100' title="bbox 2002 3480 3579 3553">
     <span class='ocr_line' id='line_1_101' title="bbox 2002 3480 3579 3553; baseline -0.003 -18"><span class='ocrx_word' id='word_1_739' title='bbox 2002 3491 2130 3537; x_wconf 90' lang='lat' dir='ltr'><strong>tunc</strong></span> <span class='ocrx_word' id='word_1_740' title='bbox 2163 3497 2273 3537; x_wconf 88' lang='lat' dir='ltr'><strong>non</strong></span> <span class='ocrx_word' id='word_1_741' title='bbox 2295 3481 2530 3553; x_wconf 89' lang='lat' dir='ltr'><strong>amplius</strong></span> <span class='ocrx_word' id='word_1_742' title='bbox 2552 3496 2676 3537; x_wconf 93' lang='lat' dir='ltr'><strong>cum</strong></span> <span class='ocrx_word' id='word_1_743' title='bbox 2710 3480 2864 3551; x_wconf 90' lang='lat' dir='ltr'><strong>ipsis,</strong></span> <span class='ocrx_word' id='word_1_744' title='bbox 2905 3482 2999 3538; x_wconf 88' lang='lat' dir='ltr'><strong>sed</strong></span> <span class='ocrx_word' id='word_1_745' title='bbox 3041 3481 3092 3535; x_wconf 90' lang='lat' dir='ltr'><strong>in</strong></span> <span class='ocrx_word' id='word_1_746' title='bbox 3120 3480 3253 3551; x_wconf 87' lang='lat' dir='ltr'><strong>ipsis</strong></span> <span class='ocrx_word' id='word_1_747' title='bbox 3278 3481 3579 3534; x_wconf 88' lang='lat' dir='ltr'><strong>exsisteute</strong></span> 
     </span>
    </p>
   </div>
   <div class='ocr_carea' id='block_1_101' title="bbox 1996 3568 3577 3641">
    <p class='ocr_par' dir='ltr' id='par_1_101' title="bbox 1996 3568 3577 3641">
     <span class='ocr_line' id='line_1_102' title="bbox 1996 3568 3577 3641; baseline -0.003 -15"><span class='ocrx_word' id='word_1_748' title='bbox 1996 3572 2146 3637; x_wconf 86' lang='lat' dir='ltr'><strong>Jesu,</strong></span> <span class='ocrx_word' id='word_1_749' title='bbox 2179 3573 2364 3627; x_wconf 89' lang='lat' dir='ltr'><strong>dicent</strong></span> <span class='ocrx_word' id='word_1_750' title='bbox 2425 3572 2594 3627; x_wconf 90' lang='lat' dir='ltr'><strong>illud:</strong></span> <span class='ocrx_word' id='word_1_751' title='bbox 2638 3568 2805 3625; x_wconf 74' lang='lat' dir='ltr'><strong>iNon</strong></span> <span class='ocrx_word' id='word_1_752' title='bbox 2853 3570 3086 3641; x_wconf 87' lang='lat' dir='ltr'><strong>amplius</strong></span> <span class='ocrx_word' id='word_1_753' title='bbox 3119 3571 3245 3625; x_wconf 89' lang='lat' dir='ltr'><strong>vivo</strong></span> <span class='ocrx_word' id='word_1_754' title='bbox 3295 3585 3427 3639; x_wconf 88' lang='lat' dir='ltr'><strong>ego,</strong></span> <span class='ocrx_word' id='word_1_755' title='bbox 3481 3569 3577 3622; x_wconf 86' lang='lat' dir='ltr'><strong>sed</strong></span> 
     </span>
    </p>
   </div>
   <div class='ocr_carea' id='block_1_102' title="bbox 1998 3660 3581 3728">
    <p class='ocr_par' dir='ltr' id='par_1_102' title="bbox 1998 3660 3581 3728">
     <span class='ocr_line' id='line_1_103' title="bbox 1998 3660 3581 3728; baseline -0.004 -10"><span class='ocrx_word' id='word_1_756' title='bbox 1998 3664 2133 3719; x_wconf 85' lang='lat' dir='ltr'><strong>vivit</strong></span> <span class='ocrx_word' id='word_1_757' title='bbox 2178 3664 2231 3719; x_wconf 87' lang='lat' dir='ltr'><strong>in</strong></span> <span class='ocrx_word' id='word_1_758' title='bbox 2279 3678 2365 3717; x_wconf 89' lang='lat' dir='ltr'><strong>me</strong></span> <span class='ocrx_word' id='word_1_759' title='bbox 2414 3662 2668 3718; x_wconf 85' lang='lat' dir='ltr'><strong>Christus</strong></span> <span class='ocrx_word' id='word_1_760' title='bbox 2690 3662 2773 3727; x_wconf 77' lang='lat'><strong>“,</strong></span> <span class='ocrx_word' id='word_1_761' title='bbox 2810 3678 2829 3712; x_wconf 77' lang='grc' dir='ltr'><strong>ι</strong></span> <span class='ocrx_word' id='word_1_762' title='bbox 2875 3672 2929 3715; x_wconf 87' lang='lat' dir='ltr'><strong>et</strong></span> <span class='ocrx_word' id='word_1_763' title='bbox 2973 3661 3103 3715; x_wconf 86' lang='lat' dir='ltr'><strong>illud</strong></span> <span class='ocrx_word' id='word_1_764' title='bbox 3140 3677 3152 3712; x_wconf 88' lang='lat'>:</span> <span class='ocrx_word' id='word_1_765' title='bbox 3184 3679 3205 3712; x_wconf 70' lang='grc' dir='ltr'><strong>ε</strong></span> <span class='ocrx_word' id='word_1_766' title='bbox 3237 3662 3321 3712; x_wconf 83' lang='lat' dir='ltr'><strong>An</strong></span> <span class='ocrx_word' id='word_1_767' title='bbox 3362 3660 3581 3728; x_wconf 79' lang='lat' dir='ltr'><strong>experi-</strong></span> 
     </span>
    </p>
   </div>
   <div class='ocr_carea' id='block_1_103' title="bbox 1997 3746 3582 3820">
    <p class='ocr_par' dir='ltr' id='par_1_103' title="bbox 1997 3746 3582 3820">
     <span class='ocr_line' id='line_1_104' title="bbox 1997 3746 3582 3820; baseline 0.003 -17"><span class='ocrx_word' id='word_1_768' title='bbox 1997 3761 2237 3804; x_wconf 86' lang='lat' dir='ltr'><strong>mentum</strong></span> <span class='ocrx_word' id='word_1_769' title='bbox 2271 3750 2516 3820; x_wconf 70' lang='lat' dir='ltr'><strong>quteritis</strong></span> <span class='ocrx_word' id='word_1_770' title='bbox 2548 3749 2818 3819; x_wconf 88' lang='lat' dir='ltr'><strong>loquentis</strong></span> <span class='ocrx_word' id='word_1_771' title='bbox 2850 3748 2903 3801; x_wconf 88' lang='lat' dir='ltr'><strong>in</strong></span> <span class='ocrx_word' id='word_1_772' title='bbox 2944 3763 3032 3803; x_wconf 89' lang='lat' dir='ltr'><strong>me</strong></span> <span class='ocrx_word' id='word_1_773' title='bbox 3064 3747 3266 3802; x_wconf 79' lang='lat' dir='ltr'><strong>Christi</strong></span> <span class='ocrx_word' id='word_1_774' title='bbox 3295 3748 3342 3785; x_wconf 78' lang='lat'><strong>&quot;</strong></span> <span class='ocrx_word' id='word_1_775' title='bbox 3362 3747 3385 3801; x_wconf 85' lang='lat'><strong>?</strong></span> <span class='ocrx_word' id='word_1_776' title='bbox 3407 3769 3424 3803; x_wconf 73' lang='grc' dir='ltr'><strong>ι</strong></span> <span class='ocrx_word' id='word_1_777' title='bbox 3453 3746 3582 3807; x_wconf 70' lang='lat' dir='ltr'><strong>“me</strong></span> 
     </span>
    </p>
   </div>
   <div class='ocr_carea' id='block_1_104' title="bbox 1998 3840 3583 3914">
    <p class='ocr_par' dir='ltr' id='par_1_104' title="bbox 1998 3840 3583 3914">
     <span class='ocr_line' id='line_1_105' title="bbox 1998 3840 3583 3914; baseline 0.003 -20"><span class='ocrx_word' id='word_1_778' title='bbox 1998 3850 2178 3896; x_wconf 90' lang='lat' dir='ltr'><strong>autem</strong></span> <span class='ocrx_word' id='word_1_779' title='bbox 2223 3840 2481 3903; x_wconf 87' lang='lat' dir='ltr'><strong>dicimus,</strong></span> <span class='ocrx_word' id='word_1_780' title='bbox 2528 3841 2821 3895; x_wconf 83' lang='lat' dir='ltr'><strong>observata</strong></span> <span class='ocrx_word' id='word_1_781' title='bbox 2853 3840 3109 3909; x_wconf 87' lang='lat' dir='ltr'><strong>privatim</strong></span> <span class='ocrx_word' id='word_1_782' title='bbox 3140 3855 3172 3892; x_wconf 86' lang='lat' dir='ltr'><strong>a</strong></span> <span class='ocrx_word' id='word_1_783' title='bbox 3209 3840 3366 3898; x_wconf 86' lang='lat' dir='ltr'><strong>nobis</strong></span> <span class='ocrx_word' id='word_1_784' title='bbox 3401 3844 3583 3914; x_wconf 90' lang='lat' dir='ltr'><strong>aliquo</strong></span> 
     </span>
    </p>
   </div>
   <div class='ocr_carea' id='block_1_105' title="bbox 1997 3932 3578 4003">
    <p class='ocr_par' dir='ltr' id='par_1_105' title="bbox 1997 3932 3578 4003">
     <span class='ocr_line' id='line_1_106' title="bbox 1997 3932 3578 4003; baseline 0.001 -15"><span class='ocrx_word' id='word_1_785' title='bbox 1997 3934 2160 3989; x_wconf 92' lang='lat' dir='ltr'><strong>modo</strong></span> <span class='ocrx_word' id='word_1_786' title='bbox 2184 3947 2248 3987; x_wconf 87' lang='lat' dir='ltr'><strong>ea</strong></span> <span class='ocrx_word' id='word_1_787' title='bbox 2296 3932 2637 4003; x_wconf 78' lang='lat' dir='ltr'><strong>expositione</strong></span> <span class='ocrx_word' id='word_1_788' title='bbox 2673 3935 2793 4002; x_wconf 66' lang='lat' dir='ltr'><strong>(iure</strong></span> <span class='ocrx_word' id='word_1_789' title='bbox 2821 3933 3001 3997; x_wconf 88' lang='lat' dir='ltr'><strong>docet,</strong></span> <span class='ocrx_word' id='word_1_790' title='bbox 3041 3950 3061 3984; x_wconf 75' lang='grc' dir='ltr'><strong>ι</strong></span> <span class='ocrx_word' id='word_1_791' title='bbox 3091 3932 3344 3989; x_wconf 86' lang='lat' dir='ltr'><strong>omnibus</strong></span> <span class='ocrx_word' id='word_1_792' title='bbox 3367 3934 3578 4002; x_wconf 85' lang='lat' dir='ltr'><strong>diebus,</strong></span> 
     </span>
    </p>
   </div>
   <div class='ocr_carea' id='block_1_106' title="bbox 1997 4024 3579 4098">
    <p class='ocr_par' dir='ltr' id='par_1_106' title="bbox 1997 4024 3579 4098">
     <span class='ocr_line' id='line_1_107' title="bbox 1997 4024 3579 4098; baseline 0.003 -18"><span class='ocrx_word' id='word_1_793' title='bbox 1997 4040 2170 4096; x_wconf 87' lang='lat' dir='ltr'><strong>usque</strong></span> <span class='ocrx_word' id='word_1_794' title='bbox 2204 4026 2274 4080; x_wconf 90' lang='lat' dir='ltr'><strong>ad</strong></span> <span class='ocrx_word' id='word_1_795' title='bbox 2315 4024 2849 4080; x_wconf 87' lang='lat' dir='ltr'><strong>consummationem</strong></span> <span class='ocrx_word' id='word_1_796' title='bbox 2889 4024 3069 4080; x_wconf 75' lang='lat' dir='ltr'><strong>smculi</strong></span> <span class='ocrx_word' id='word_1_797' title='bbox 3104 4043 3125 4077; x_wconf 74' lang='grc' dir='ltr'><strong>ι</strong></span> <span class='ocrx_word' id='word_1_798' title='bbox 3159 4026 3265 4081; x_wconf 88' lang='lat' dir='ltr'><strong>dici</strong></span> <span class='ocrx_word' id='word_1_799' title='bbox 3304 4029 3463 4098; x_wconf 79' lang='lat' dir='ltr'><strong>juxta</strong></span> <span class='ocrx_word' id='word_1_800' title='bbox 3516 4043 3579 4084; x_wconf 86' lang='lat' dir='ltr'><strong>ca</strong></span> 
     </span>
    </p>
   </div>
   <div class='ocr_carea' id='block_1_107' title="bbox 1995 4118 3578 4191">
    <p class='ocr_par' dir='ltr' id='par_1_107' title="bbox 1995 4118 3578 4191">
     <span class='ocr_line' id='line_1_108' title="bbox 1995 4118 3578 4191; baseline 0.001 -16"><span class='ocrx_word' id='word_1_801' title='bbox 1995 4135 2118 4191; x_wconf 76' lang='lat' dir='ltr'><strong>qua:</strong></span> <span class='ocrx_word' id='word_1_802' title='bbox 2172 4118 2412 4174; x_wconf 88' lang='lat' dir='ltr'><strong>humana</strong></span> <span class='ocrx_word' id='word_1_803' title='bbox 2468 4128 2660 4171; x_wconf 85' lang='lat' dir='ltr'><strong>natura</strong></span> <span class='ocrx_word' id='word_1_804' title='bbox 2708 4118 3179 4187; x_wconf 86' lang='lat' dir='ltr'><strong>comprehendere</strong></span> <span class='ocrx_word' id='word_1_805' title='bbox 3223 4130 3418 4188; x_wconf 87' lang='lat' dir='ltr'><strong>potest,</strong></span> <span class='ocrx_word' id='word_1_806' title='bbox 3451 4122 3578 4177; x_wconf 90' lang='lat' dir='ltr'><strong>dum</strong></span> 
     </span>
    </p>
   </div>
   <div class='ocr_carea' id='block_1_108' title="bbox 1996 4207 3577 4277">
    <p class='ocr_par' dir='ltr' id='par_1_108' title="bbox 1996 4207 3577 4277">
     <span class='ocr_line' id='line_1_109' title="bbox 1996 4207 3577 4277; baseline -0.001 -12"><span class='ocrx_word' id='word_1_807' title='bbox 1996 4211 2099 4265; x_wconf 81' lang='lat' dir='ltr'><strong>hoc</strong></span> <span class='ocrx_word' id='word_1_808' title='bbox 2118 4210 2173 4264; x_wconf 90' lang='lat' dir='ltr'><strong>in</strong></span> <span class='ocrx_word' id='word_1_809' title='bbox 2203 4208 2405 4264; x_wconf 89' lang='lat' dir='ltr'><strong>mundo</strong></span> <span class='ocrx_word' id='word_1_810' title='bbox 2424 4207 2677 4273; x_wconf 87' lang='lat' dir='ltr'><strong>exsistit;</strong></span> <span class='ocrx_word' id='word_1_811' title='bbox 2698 4223 2821 4262; x_wconf 89' lang='lat' dir='ltr'><strong>nam</strong></span> <span class='ocrx_word' id='word_1_812' title='bbox 2841 4222 3128 4277; x_wconf 85' lang='lat' dir='ltr'><strong>possumus</strong></span> <span class='ocrx_word' id='word_1_813' title='bbox 3152 4211 3338 4276; x_wconf 86' lang='lat' dir='ltr'><strong>etiam,</strong></span> <span class='ocrx_word' id='word_1_814' title='bbox 3363 4221 3577 4265; x_wconf 82' lang='lat' dir='ltr'><strong>servata</strong></span> 
     </span>
    </p>
   </div>
   <div class='ocr_carea' id='block_1_109' title="bbox 1996 4299 3579 4370">
    <p class='ocr_par' dir='ltr' id='par_1_109' title="bbox 1996 4299 3579 4370">
     <span class='ocr_line' id='line_1_110' title="bbox 1996 4299 3579 4370; baseline -0.001 -14"><span class='ocrx_word' id='word_1_815' title='bbox 1996 4301 2086 4356; x_wconf 81' lang='lat' dir='ltr'><strong>illa</strong></span> <span class='ocrx_word' id='word_1_816' title='bbox 2117 4299 2591 4370; x_wconf 87' lang='lat' dir='ltr'><strong>interpretatione,</strong></span> <span class='ocrx_word' id='word_1_817' title='bbox 2623 4309 2816 4354; x_wconf 88' lang='lat' dir='ltr'><strong>notare</strong></span> <span class='ocrx_word' id='word_1_818' title='bbox 2834 4299 3157 4355; x_wconf 87' lang='lat' dir='ltr'><strong>vocabulum</strong></span> <span class='ocrx_word' id='word_1_819' title='bbox 3180 4315 3297 4369; x_wconf 80' lang='lat' dir='ltr'><strong>ego,</strong></span> <span class='ocrx_word' id='word_1_820' title='bbox 3323 4308 3381 4352; x_wconf 92' lang='lat' dir='ltr'><strong>ut</strong></span> <span class='ocrx_word' id='word_1_821' title='bbox 3407 4314 3579 4369; x_wconf 87' lang='lat' dir='ltr'><strong>usque</strong></span> 
     </span>
    </p>
   </div>
   <div class='ocr_carea' id='block_1_110' title="bbox 1994 4387 3578 4459">
    <p class='ocr_par' dir='ltr' id='par_1_110' title="bbox 1994 4387 3578 4459">
     <span class='ocr_line' id='line_1_111' title="bbox 1994 4387 3578 4459; baseline -0.001 -14"><span class='ocrx_word' id='word_1_822' title='bbox 1994 4392 2062 4445; x_wconf 89' lang='lat' dir='ltr'><strong>ad</strong></span> <span class='ocrx_word' id='word_1_823' title='bbox 2096 4389 2623 4446; x_wconf 88' lang='lat' dir='ltr'><strong>consummationem</strong></span> <span class='ocrx_word' id='word_1_824' title='bbox 2646 4403 2773 4443; x_wconf 88' lang='lat' dir='ltr'><strong>cum</strong></span> <span class='ocrx_word' id='word_1_825' title='bbox 2807 4387 2894 4445; x_wconf 89' lang='lat' dir='ltr'><strong>his</strong></span> <span class='ocrx_word' id='word_1_826' title='bbox 2923 4391 3015 4459; x_wconf 86' lang='lat' dir='ltr'><strong>qui</strong></span> <span class='ocrx_word' id='word_1_827' title='bbox 3049 4390 3334 4443; x_wconf 85' lang='lat' dir='ltr'><strong>mittentur</strong></span> <span class='ocrx_word' id='word_1_828' title='bbox 3371 4393 3439 4443; x_wconf 88' lang='lat' dir='ltr'><strong>ad</strong></span> <span class='ocrx_word' id='word_1_829' title='bbox 3480 4392 3578 4444; x_wconf 81' lang='lat' dir='ltr'><strong>do-</strong></span> 
     </span>
    </p>
   </div>
   <div class='ocr_carea' id='block_1_111' title="bbox 1997 4480 3580 4552">
    <p class='ocr_par' dir='ltr' id='par_1_111' title="bbox 1997 4480 3580 4552">
     <span class='ocr_line' id='line_1_112' title="bbox 1997 4480 3580 4552; baseline -0.003 -13"><span class='ocrx_word' id='word_1_830' title='bbox 1997 4484 2231 4539; x_wconf 88' lang='lat' dir='ltr'><strong>cendum</strong></span> <span class='ocrx_word' id='word_1_831' title='bbox 2286 4496 2479 4538; x_wconf 87' lang='lat' dir='ltr'><strong>omnes</strong></span> <span class='ocrx_word' id='word_1_832' title='bbox 2525 4491 2716 4552; x_wconf 86' lang='lat' dir='ltr'><strong>gentes</strong></span> <span class='ocrx_word' id='word_1_833' title='bbox 2750 4481 2819 4547; x_wconf 80' lang='lat'><strong>“,</strong></span> <span class='ocrx_word' id='word_1_834' title='bbox 2861 4481 2931 4535; x_wconf 90' lang='lat' dir='ltr'><strong>sit</strong></span> <span class='ocrx_word' id='word_1_835' title='bbox 2978 4480 3087 4545; x_wconf 90' lang='lat' dir='ltr'><strong>ille,</strong></span> <span class='ocrx_word' id='word_1_836' title='bbox 3147 4483 3238 4551; x_wconf 90' lang='lat' dir='ltr'><strong>qui</strong></span> <span class='ocrx_word' id='word_1_837' title='bbox 3293 4482 3580 4536; x_wconf 85' lang='lat' dir='ltr'><strong>evacuavit</strong></span> 
     </span>
    </p>
   </div>
   <div class='ocr_carea' id='block_1_112' title="bbox 1995 4571 3578 4646">
    <p class='ocr_par' dir='ltr' id='par_1_112' title="bbox 1995 4571 3578 4646">
     <span class='ocr_line' id='line_1_113' title="bbox 1995 4571 3578 4646; baseline -0.006 -14"><span class='ocrx_word' id='word_1_838' title='bbox 1995 4577 2258 4646; x_wconf 83' lang='lat' dir='ltr'><strong>seipsum,</strong></span> <span class='ocrx_word' id='word_1_839' title='bbox 2285 4572 2459 4629; x_wconf 78' lang='lat' dir='ltr'><strong>forma</strong></span> <span class='ocrx_word' id='word_1_840' title='bbox 2494 4572 2635 4627; x_wconf 85' lang='lat' dir='ltr'><strong>servi</strong></span> <span class='ocrx_word' id='word_1_841' title='bbox 2662 4580 2873 4642; x_wconf 88' lang='lat' dir='ltr'><strong>sumpta</strong></span> <span class='ocrx_word' id='word_1_842' title='bbox 2896 4571 2942 4603; x_wconf 82' lang='lat'><strong>&quot;</strong></span> <span class='ocrx_word' id='word_1_843' title='bbox 2976 4591 2989 4626; x_wconf 93' lang='lat'><strong>:</strong></span> <span class='ocrx_word' id='word_1_844' title='bbox 3020 4580 3274 4641; x_wconf 87' lang='lat' dir='ltr'><strong>tanquam</strong></span> <span class='ocrx_word' id='word_1_845' title='bbox 3304 4580 3482 4624; x_wconf 82' lang='lat' dir='ltr'><strong>autem</strong></span> <span class='ocrx_word' id='word_1_846' title='bbox 3509 4571 3578 4625; x_wconf 88' lang='lat' dir='ltr'><strong>ab</strong></span> 
     </span>
    </p>
   </div>
   <div class='ocr_carea' id='block_1_113' title="bbox 1999 4660 3576 4733">
    <p class='ocr_par' dir='ltr' id='par_1_113' title="bbox 1999 4660 3576 4733">
     <span class='ocr_line' id='line_1_114' title="bbox 1999 4660 3576 4733; baseline -0.005 -12"><span class='ocrx_word' id='word_1_847' title='bbox 1999 4667 2104 4721; x_wconf 86' lang='lat' dir='ltr'><strong>hoc</strong></span> <span class='ocrx_word' id='word_1_848' title='bbox 2137 4665 2276 4721; x_wconf 90' lang='lat' dir='ltr'><strong>alius</strong></span> <span class='ocrx_word' id='word_1_849' title='bbox 2309 4664 2363 4719; x_wconf 91' lang='lat' dir='ltr'><strong>in</strong></span> <span class='ocrx_word' id='word_1_850' title='bbox 2386 4673 2528 4718; x_wconf 86' lang='lat' dir='ltr'><strong>statu</strong></span> <span class='ocrx_word' id='word_1_851' title='bbox 2558 4661 2883 4733; x_wconf 67' lang='lat' dir='ltr'><strong>praecedenti</strong></span> <span class='ocrx_word' id='word_1_852' title='bbox 2936 4675 3089 4716; x_wconf 89' lang='lat' dir='ltr'><strong>suam</strong></span> <span class='ocrx_word' id='word_1_853' title='bbox 3122 4660 3576 4724; x_wconf 85' lang='lat' dir='ltr'><strong>exinanitiouem,</strong></span> 
     </span>
    </p>
   </div>
   <div class='ocr_carea' id='block_1_114' title="bbox 1996 4754 3571 4831">
    <p class='ocr_par' dir='ltr' id='par_1_114' title="bbox 1996 4754 3571 4831">
     <span class='ocr_line' id='line_1_115' title="bbox 1996 4754 3571 4831; baseline -0.004 -18"><span class='ocrx_word' id='word_1_854' title='bbox 1996 4767 2123 4831; x_wconf 90' lang='lat' dir='ltr'><strong>post</strong></span> <span class='ocrx_word' id='word_1_855' title='bbox 2147 4757 2676 4814; x_wconf 85' lang='lat' dir='ltr'><strong>consummationem</strong></span> <span class='ocrx_word' id='word_1_856' title='bbox 2710 4754 2889 4811; x_wconf 60' lang='lat' dir='ltr'><strong>seaculi</strong></span> <span class='ocrx_word' id='word_1_857' title='bbox 2920 4755 2991 4809; x_wconf 86' lang='lat' dir='ltr'><strong>sit</strong></span> <span class='ocrx_word' id='word_1_858' title='bbox 3012 4769 3133 4809; x_wconf 91' lang='lat' dir='ltr'><strong>cum</strong></span> <span class='ocrx_word' id='word_1_859' title='bbox 3154 4755 3294 4819; x_wconf 90' lang='lat' dir='ltr'><strong>istis,</strong></span> <span class='ocrx_word' id='word_1_860' title='bbox 3318 4773 3336 4807; x_wconf 79' lang='grc' dir='ltr'><strong>ι</strong></span> <span class='ocrx_word' id='word_1_861' title='bbox 3367 4757 3571 4810; x_wconf 69' lang='lat' dir='ltr'><strong>donec.</strong></span> 
     </span>
    </p>
   </div>
   <div class='ocr_carea' id='block_1_115' title="bbox 1997 4846 3575 4922">
    <p class='ocr_par' dir='ltr' id='par_1_115' title="bbox 1997 4846 3575 4922">
     <span class='ocr_line' id='line_1_116' title="bbox 1997 4846 3575 4922; baseline -0.006 -12"><span class='ocrx_word' id='word_1_862' title='bbox 1997 4869 2027 4910; x_wconf 91' lang='lat' dir='ltr'><strong>a</strong></span> <span class='ocrx_word' id='word_1_863' title='bbox 2060 4852 2229 4908; x_wconf 84' lang='lat' dir='ltr'><strong>Patre</strong></span> <span class='ocrx_word' id='word_1_864' title='bbox 2262 4869 2282 4904; x_wconf 74' lang='grc' dir='ltr'><em>α</em></span> <span class='ocrx_word' id='word_1_865' title='bbox 2322 4848 2488 4922; x_wconf 91' lang='lat' dir='ltr'><strong>positi</strong></span> <span class='ocrx_word' id='word_1_866' title='bbox 2516 4847 2725 4903; x_wconf 85' lang='lat' dir='ltr'><strong>fuerint</strong></span> <span class='ocrx_word' id='word_1_867' title='bbox 2748 4861 2940 4903; x_wconf 90' lang='lat' dir='ltr'><strong>omnes</strong></span> <span class='ocrx_word' id='word_1_868' title='bbox 2966 4847 3173 4903; x_wconf 91' lang='lat' dir='ltr'><strong>inimici</strong></span> <span class='ocrx_word' id='word_1_869' title='bbox 3204 4848 3321 4917; x_wconf 87' lang='lat' dir='ltr'><strong>ejus</strong></span> <span class='ocrx_word' id='word_1_870' title='bbox 3366 4846 3575 4902; x_wconf 85' lang='lat' dir='ltr'><strong>subsel-</strong></span> 
     </span>
    </p>
   </div>
   <div class='ocr_carea' id='block_1_116' title="bbox 2000 4940 3571 5015">
    <p class='ocr_par' dir='ltr' id='par_1_116' title="bbox 2000 4940 3571 5015">
     <span class='ocr_line' id='line_1_117' title="bbox 2000 4940 3571 5015; baseline -0.006 -16"><span class='ocrx_word' id='word_1_871' title='bbox 2000 4944 2130 4999; x_wconf 88' lang='lat' dir='ltr'><strong>lium</strong></span> <span class='ocrx_word' id='word_1_872' title='bbox 2163 4943 2360 5015; x_wconf 87' lang='lat' dir='ltr'><strong>pedum</strong></span> <span class='ocrx_word' id='word_1_873' title='bbox 2407 4942 2528 5015; x_wconf 85' lang='lat' dir='ltr'><strong>ejus</strong></span> <span class='ocrx_word' id='word_1_874' title='bbox 2544 4943 2589 4975; x_wconf 76' lang='grc'><strong>’⁸</strong></span> <span class='ocrx_word' id='word_1_875' title='bbox 2627 4960 2648 4996; x_wconf 74' lang='grc' dir='ltr'><strong>ι</strong></span> <span class='ocrx_word' id='word_1_876' title='bbox 2692 4949 2813 5013; x_wconf 87' lang='lat' dir='ltr'><strong>post</strong></span> <span class='ocrx_word' id='word_1_877' title='bbox 2840 4941 2977 5009; x_wconf 66' lang='lat' dir='ltr'><strong>haec,</strong></span> <span class='ocrx_word' id='word_1_878' title='bbox 3006 4958 3026 4993; x_wconf 83' lang='grc' dir='ltr'><strong>ι</strong></span> <span class='ocrx_word' id='word_1_879' title='bbox 3066 4956 3194 4996; x_wconf 87' lang='lat' dir='ltr'><strong>cum</strong></span> <span class='ocrx_word' id='word_1_880' title='bbox 3236 4940 3523 4997; x_wconf 83' lang='lat' dir='ltr'><strong>tradiderit</strong></span> <span class='ocrx_word' id='word_1_881' title='bbox 3552 4959 3571 4990; x_wconf 72' lang='grc' dir='ltr'><strong>ο</strong></span> 
     </span>
    </p>
   </div>
   <div class='ocr_carea' id='block_1_117' title="bbox 2312 5084 3577 5163">
    <p class='ocr_par' dir='ltr' id='par_1_117' title="bbox 2312 5084 3577 5163">
     <span class='ocr_line' id='line_1_118' title="bbox 2312 5084 3577 5163; baseline 0.011 -23"><span class='ocrx_word' id='word_1_882' title='bbox 2312 5085 2359 5119; x_wconf 79' lang='grc'><strong>’⁸</strong></span> <span class='ocrx_word' id='word_1_883' title='bbox 2393 5084 2438 5141; x_wconf 82' lang='lat' dir='ltr'><strong>ll</strong></span> <span class='ocrx_word' id='word_1_884' title='bbox 2466 5084 2592 5145; x_wconf 86' lang='lat' dir='ltr'><strong>Cor.</strong></span> <span class='ocrx_word' id='word_1_885' title='bbox 2625 5104 2755 5156; x_wconf 87' lang='lat' dir='ltr'><strong>xttt,</strong></span> <span class='ocrx_word' id='word_1_886' title='bbox 2791 5093 2844 5148; x_wconf 84' lang='lat'><strong>5.</strong></span> <span class='ocrx_word' id='word_1_887' title='bbox 2957 5095 3005 5129; x_wconf 82' lang='lat'>&quot;</span> <span class='ocrx_word' id='word_1_888' title='bbox 3042 5093 3235 5151; x_wconf 80' lang='lat' dir='ltr'><strong>Matth.</strong></span> <span class='ocrx_word' id='word_1_889' title='bbox 3269 5110 3457 5163; x_wconf 80' lang='lat' dir='ltr'><strong>xxvrtt,</strong></span> <span class='ocrx_word' id='word_1_890' title='bbox 3489 5095 3577 5154; x_wconf 74' lang='grc'><strong>19.</strong></span> 
     </span>
    </p>
   </div>
   <div class='ocr_carea' id='block_1_118' title="bbox 2011 5301 2562 5378">
    <p class='ocr_par' dir='ltr' id='par_1_118' title="bbox 2011 5301 2562 5378">
     <span class='ocr_line' id='line_1_119' title="bbox 2011 5301 2562 5378; baseline -0.009 -18"><span class='ocrx_word' id='word_1_891' title='bbox 2011 5304 2088 5378; x_wconf 91' lang='grc' dir='ltr'><strong>νῷ</strong></span> <span class='ocrx_word' id='word_1_892' title='bbox 2122 5306 2222 5378; x_wconf 74' lang='grc' dir='ltr'><strong>οῦκ</strong></span> <span class='ocrx_word' id='word_1_893' title='bbox 2243 5301 2562 5378; x_wconf 66' lang='grc' dir='ltr'><strong>ἐφρακρσιν.</strong></span> 
     </span>
    </p>
   </div>
   <div class='ocr_carea' id='block_1_119' title="bbox 2085 5363 3442 5447">
    <p class='ocr_par' dir='ltr' id='par_1_119' title="bbox 2085 5363 3442 5447">
     <span class='ocr_line' id='line_1_120' title="bbox 2085 5363 3442 5447; baseline -0.011 -15"><span class='ocrx_word' id='word_1_894' title='bbox 2085 5377 2199 5447; x_wconf 76' lang='lat'><strong>(96)</strong></span> <span class='ocrx_word' id='word_1_895' title='bbox 2253 5363 2358 5447; x_wconf 64' lang='grc' dir='ltr'><strong>Ϋῷ.</strong></span> <span class='ocrx_word' id='word_1_896' title='bbox 2383 5373 2481 5447; x_wconf 72' lang='lat' dir='ltr'><strong>Sic</strong></span> <span class='ocrx_word' id='word_1_897' title='bbox 2500 5371 2671 5428; x_wconf 87' lang='lat' dir='ltr'><strong>codex</strong></span> <span class='ocrx_word' id='word_1_898' title='bbox 2696 5368 3025 5447; x_wconf 58' lang='lat' dir='ltr'><strong>Bodleianus</strong></span> <span class='ocrx_word' id='word_1_899' title='bbox 3049 5382 3087 5447; x_wconf 85' lang='lat'><strong>;_</strong></span> <span class='ocrx_word' id='word_1_900' title='bbox 3110 5365 3333 5447; x_wconf 77' lang='lat' dir='ltr'><strong>Regius,</strong></span> <span class='ocrx_word' id='word_1_901' title='bbox 3361 5363 3442 5417; x_wconf 82' lang='lat'><strong>16.</strong></span> 
     </span>
    </p>
   </div>
   <div class='ocr_carea' id='block_1_120' title="bbox 2085 5433 3591 5516">
    <p class='ocr_par' dir='ltr' id='par_1_120' title="bbox 2085 5433 3591 5516">
     <span class='ocr_line' id='line_1_121' title="bbox 2085 5433 3591 5516; baseline -0.011 -15"><span class='ocrx_word' id='word_1_902' title='bbox 2085 5433 2199 5516; x_wconf 60' lang='lat'><strong>(973</strong></span> <span class='ocrx_word' id='word_1_903' title='bbox 2233 5433 2433 5516; x_wconf 67' lang='grc' dir='ltr'><strong>Τοῦτ-ο.</strong></span> <span class='ocrx_word' id='word_1_904' title='bbox 2461 5442 2604 5516; x_wconf 64' lang='lat' dir='ltr'><strong>Lege</strong></span> <span class='ocrx_word' id='word_1_905' title='bbox 2622 5439 2836 5516; x_wconf 67' lang='grc' dir='ltr'><strong>τούτου.</strong></span> <span class='ocrx_word' id='word_1_906' title='bbox 2856 5438 3050 5516; x_wconf 83' lang='lat' dir='ltr'><strong>Totum</strong></span> <span class='ocrx_word' id='word_1_907' title='bbox 3074 5433 3220 5516; x_wconf 73' lang='lat' dir='ltr'><strong>hunc</strong></span> <span class='ocrx_word' id='word_1_908' title='bbox 3255 5437 3431 5516; x_wconf 61' lang='lat' dir='ltr'><strong>Locum</strong></span> <span class='ocrx_word' id='word_1_909' title='bbox 3454 5433 3591 5516; x_wconf 41' lang='lat' dir='ltr'><strong>Fer:-</strong></span> 
     </span>
    </p>
   </div>
   <div class='ocr_carea' id='block_1_121' title="bbox 2013 5502 3588 5580">
    <p class='ocr_par' dir='ltr' id='par_1_121' title="bbox 2013 5502 3588 5580">
     <span class='ocr_line' id='line_1_122' title="bbox 2013 5502 3588 5580; baseline -0.01 -9"><span class='ocrx_word' id='word_1_910' title='bbox 2013 5502 2195 5571; x_wconf 72' lang='lat' dir='ltr'><strong>rarius</strong></span> <span class='ocrx_word' id='word_1_911' title='bbox 2225 5515 2439 5568; x_wconf 91' lang='lat' dir='ltr'><strong>videtur</strong></span> <span class='ocrx_word' id='word_1_912' title='bbox 2485 5502 2681 5580; x_wconf 62' lang='lat' dir='ltr'><strong>legisse</strong></span> <span class='ocrx_word' id='word_1_913' title='bbox 2710 5526 2723 5562; x_wconf 90' lang='lat'><strong>:</strong></span> <span class='ocrx_word' id='word_1_914' title='bbox 2753 5507 2944 5580; x_wconf 84' lang='grc' dir='ltr'><strong>ῶσπερ</strong></span> <span class='ocrx_word' id='word_1_915' title='bbox 2976 5509 3024 5561; x_wconf 85' lang='grc' dir='ltr'><strong>εί</strong></span> <span class='ocrx_word' id='word_1_916' title='bbox 3055 5502 3176 5580; x_wconf 82' lang='grc' dir='ltr'><strong>είπε</strong></span> <span class='ocrx_word' id='word_1_917' title='bbox 3198 5504 3588 5580; x_wconf 61' lang='lat' dir='ltr'><strong>1061oj_vertit</strong></span> 
     </span>
    </p>
   </div>
   <div class='ocr_carea' id='block_1_122' title="bbox 2010 5575 3587 5653">
    <p class='ocr_par' dir='ltr' id='par_1_122' title="bbox 2010 5575 3587 5653">
     <span class='ocr_line' id='line_1_123' title="bbox 2010 5575 3587 5653; baseline -0.01 -11"><span class='ocrx_word' id='word_1_918' title='bbox 2010 5587 2183 5650; x_wconf 84' lang='lat' dir='ltr'><strong>enim,</strong></span> <span class='ocrx_word' id='word_1_919' title='bbox 2212 5595 2462 5653; x_wconf 77' lang='lat' dir='ltr'><strong>tanquam</strong></span> <span class='ocrx_word' id='word_1_920' title='bbox 2480 5575 2649 5635; x_wconf 60' lang='lat' dir='ltr'><strong>si&#39;hoc</strong></span> <span class='ocrx_word' id='word_1_921' title='bbox 2680 5575 2926 5653; x_wconf 62' lang='lat' dir='ltr'><strong>didisset,</strong></span> <span class='ocrx_word' id='word_1_922' title='bbox 2950 5579 3088 5653; x_wconf 78' lang='lat' dir='ltr'><strong>quod</strong></span> <span class='ocrx_word' id='word_1_923' title='bbox 3119 5580 3188 5633; x_wconf 78' lang='lat' dir='ltr'><strong>sit</strong></span> <span class='ocrx_word' id='word_1_924' title='bbox 3210 5593 3329 5653; x_wconf 67' lang='lat' dir='ltr'><strong>cum</strong></span> <span class='ocrx_word' id='word_1_925' title='bbox 3360 5575 3443 5629; x_wconf 79' lang='lat' dir='ltr'><strong>Itis</strong></span> <span class='ocrx_word' id='word_1_926' title='bbox 3468 5582 3587 5642; x_wconf 71' lang='lat' dir='ltr'><strong>post</strong></span> 
     </span>
    </p>
   </div>
   <div class='ocr_carea' id='block_1_123' title="bbox 2004 5649 3587 5719">
    <p class='ocr_par' dir='ltr' id='par_1_123' title="bbox 2004 5649 3587 5719">
     <span class='ocr_line' id='line_1_124' title="bbox 2004 5649 3587 5719; baseline -0.006 -8"><span class='ocrx_word' id='word_1_927' title='bbox 2004 5649 2507 5711; x_wconf 75' lang='lat' dir='ltr'><strong>consummationem</strong></span> <span class='ocrx_word' id='word_1_928' title='bbox 2537 5651 2722 5706; x_wconf 63' lang='lat' dir='ltr'><strong>seculi</strong></span> <span class='ocrx_word' id='word_1_929' title='bbox 2747 5649 2911 5719; x_wconf 75' lang='lat' dir='ltr'><strong>alius,</strong></span> <span class='ocrx_word' id='word_1_930' title='bbox 2929 5649 3181 5707; x_wconf 59' lang='lat' dir='ltr'><strong>cuiatem</strong></span> <span class='ocrx_word' id='word_1_931' title='bbox 3204 5649 3258 5704; x_wconf 78' lang='lat' dir='ltr'><strong>in</strong></span> <span class='ocrx_word' id='word_1_932' title='bbox 3283 5654 3428 5702; x_wconf 69' lang='lat' dir='ltr'><strong>statu</strong></span> <span class='ocrx_word' id='word_1_933' title='bbox 3448 5658 3587 5715; x_wconf 69' lang='lat' dir='ltr'><strong>pm-</strong></span> 
     </span>
    </p>
   </div>
   <div class='ocr_carea' id='block_1_124' title="bbox 2006 5720 2838 5782">
    <p class='ocr_par' dir='ltr' id='par_1_124' title="bbox 2006 5720 2838 5782">
     <span class='ocr_line' id='line_1_125' title="bbox 2006 5720 2838 5782; baseline -0.002 0"><span class='ocrx_word' id='word_1_934' title='bbox 2006 5726 2206 5782; x_wconf 77' lang='lat' dir='ltr'><strong>cedenti</strong></span> <span class='ocrx_word' id='word_1_935' title='bbox 2230 5739 2381 5779; x_wconf 79' lang='lat' dir='ltr'><strong>suam</strong></span> <span class='ocrx_word' id='word_1_936' title='bbox 2410 5720 2838 5780; x_wconf 68' lang='lat' dir='ltr'><strong>esinanitionem.</strong></span> 
     </span>
    </p>
   </div>
  </div>
