4020 6216
446 308 552 364 39.3

1936 306 2258 367 ORIGENIS

3602 307 3710 362 εει

452 420 620 477 Filius
643 438 662 474 ι
700 437 926 494 regnum
961 423 1094 486 Deo.
1141 429 1197 479 et
1221 422 1366 480 Patri
1388 423 1488 489 ",r
1535 425 1696 497 17o
1743 425 1902 482 Patre
1939 429 2022 483 di—

2143 426 2308 490 ιύτοῖς
2348 424 2452 479 τό·’
2498 442 2519 477 ι
2555 426 2686 481 Ἰδοὺ
2734 425 2849 495 ἐγὼ
2901 416 3018 497 μεθ’
3044 423 3200 497 ὑμῶν
3230 424 3367 495 είμι.
3396 443 3416 477 ι
3466 423 3709 497 Πότερον

450 524 611 573 cente
657 516 810 571 illis:
854 535 875 568 ι
906 517 1050 573 Ecce
1093 533 1193 590 ego
1244 518 1524 575 vobiscum
1554 522 1738 576 sum‘.
1780 540 1800 575 ι
1834 522 2023 579 Utrum

449 626 582 667 vero
615 612 869 668 omnibus
892 613 1085 669 diebus
1109 628 1281 684 usque
1305 616 1371 668 ad
1402 615 1503 671 hoc
1535 624 1769 688 tempus,
1810 633 1874 673 an
1897 619 2028 675 sim;

450 702 669 773 pliciter
702 702 961 759 nmnibus
988 703 1205 771 diebus,
1239 721 1306 759 an
1341 720 1445 761 non
1477 708 1753 776 omnibus,
1779 711 1874 764 sed
1905 724 2026 765 om-

451 796 531 860 ni,
584 802 770 864 potest
796 794 888 865 qui
933 795 1066 849 velit
1105 796 1475 853 considerare.
1517 798 1672 855 Nunc
1710 801 1857 856 enim
1910 816 2030 871 quae

452 887 730 957 proposita
766 897 893 942 sunt
934 901 1038 944 nos
1077 903 1184 943 non
1222 890 1543 959 permittunt
1591 905 1761 963 usque
1801 891 1934 948 adeo
1961 893 2031 949 ab

451 978 700 1034 oratione
730 978 960 1049 digredi.
988 1016 995 1027 ι

527 1067 588 1122 9.
621 1069 767 1123 Sane
800 1069 1097 1125 Heracleon
1140 1070 1254 1140 ipse
1300 1089 1571 1133 enarrans
1601 1093 1616 1131 :
1656 1096 1675 1129 ι
1708 1076 1904 1135 Postea
1932 1080 2030 1136 de-

451 1160 663 1216 scendit
711 1160 764 1215 in
798 1160 1172 1232 Capharnaum
1194 1167 1237 1230 ',
1270 1185 1290 1220 ι
1316 1167 1541 1222 alterius
1573 1185 1760 1226 rursus
1811 1173 2032 1242 dispen-

452 1253 681 1310 sationis
710 1253 1033 1324 principium
1065 1255 1243 1324 inquit
1276 1258 1567 1324 declarari,
1602 1276 1736 1317 voce
1767 1263 2030 1319 descendit

454 1358 561 1400 non
615 1346 790 1400 otiose
818 1343 997 1411 dicta;
1049 1354 1104 1400 ct
1140 1345 1315 1414 inquit
1366 1346 1688 1416 Capharnao
1735 1350 2032 1420 significari

454 1436 570 1492 haec
606 1447 850 1491 extrema
900 1436 1110 1504 mundi,
1157 1436 1272 1493 haec
1308 1439 1635 1504 materialia,
1670 1441 1738 1495 ad
1789 1456 1911 1512 qum
1942 1442 2036 1498 de-

454 1528 688 1584 scendit.
724 1546 743 1580 t
787 1527 853 1582 Et
884 1530 1009 1594 quia
1059 1543 1165 1583 non
1200 1540 1382 1600 aptus,
1411 1532 1609 1601 inquit,
1662 1543 1806 1588 esset
1862 1534 2034 1602 locus,

464 1620 598 1674 nihil
632 1634 694 1674 ea
746 1619 798 1674 in
854 1619 1085 1675 civitate
1116 1621 1200 1677 vel
1233 1622 1466 1685 fecisse.
1499 1624 1586 1679 vel
1622 1625 1837 1680 locutus
1871 1624 2037 1682 fuisse

2125 518 2203 582 δὲ,
2236 519 2415 584 πάσας
2456 519 2674 592 ἡμέρας
2708 519 2815 583 ἕως
2849 518 3005 573 τοῦδε
3036 515 3148 575 τοῦ.
3171 516 3391 589 χρόνου,
3426 516 3463 587 ἢ
3497 515 3706 583 ἁπλῶς,

2129 612 2308 675 πάσας
2343 611 2444 676 τάς
2474 611 2715 685 ἡμέρας,
2743 611 2898 666 τοῦδε
2928 611 3111 675 πάσας
3138 609 3276 682 (98),
3320 609 3460 664 ἀλλά
3501 611 3707 675 πᾶσαν,

2127 702 2301 757 ἔνεστι
2349 704 2572 757 σκοπεῖν
2610 702 2689 774 τῷ
2736 702 3061 774 βουλομένῳ.
3116 700 3233 756 Νῦν
3277 700 3389 773 γὰρ
3429 701 3581 772 ἡμᾶς
3608 700 3712 755 οὐκ

2127 794 2350 849 ἀπαιτεῖ
2377 793 2447 848 τὰ
2473 793 2807 867 προκείμενα
2833 795 2928 848 ἐπὶ
2955 791 3210 848 τοσοῦτον
3244 791 3593 864 παρεκδῆναι
3616 790 3711 845 τοῦ

2126 885 2308 955 λόγου.

2196 1073 2251 1129 9.
2304 1072 2362 1127 Ὀ
2403 1071 2651 1142 μέντοιγε
2689 1068 3003 1143 Ἡρακλέων
3034 1069 3116 1136 τὸ,
3154 1087 3174 1121 ι
3201 1067 3357 1124 Μετά
3380 1066 3543 1122 τοῦτο
3575 1082 3715 1122 κατ-

2131 1164 2228 1236 έϐη
2273 1166 2353 1229 είς
2396 1164 2813 1237 Καφαρναοὺμ,
2860 1181 2880 1215 ι
2934 1160 3096 1226 αὐτὸς
3126 1158 3507 1232 διηγούμενος,
3545 1159 3717 1230 ἄλλης

2131 1256 2292 1311 πάλιν
2320 1255 2629 1328 οἰκονομίας
2660 1257 2834 1327 ἀρχήν
2865 1270 2997 1325 φησι
3028 1251 3347 1326 δηλοῦσθαι,
3389 1253 3491 1306 οὐκ
3522 1252 3716 1324 ἀργῶς

2131 1347 2224 1402 τοῦ
2266 1347 2481 1416 κατέϐη
2516 1347 2834 1419 εἰρημένου·
2879 1345 2974 1400 καί
3006 1362 3139 1417 φησι
3184 1344 3284 1417 τὴν
3329 1345 3719 1416 Καφαρναοὺμ

2134 1439 2419 1512 σημαίνειν
2448 1438 2624 1493 ταῦτα
2653 1438 2722 1493 τὰ
2770 1436 2973 1508 ἔσχατα
3022 1436 3118 1491 τοῦ
3173 1436 3401 1507 κόσμου,
3442 1434 3619 1489 ταῦτα
3646 1434 3719 1489 τὰ

2134 1531 2293 1586 ὑλικά
2336 1534 2417 1596 είς
2463 1530 2499 1585 ἃ
2531 1530 2785 1602 κατῆλθε·
2831 1529 2925 1584 καὶ
2957 1528 3045 1582 διὰ
3071 1527 3151 1582 ’τὸ
3198 1528 3488 1591 ἀνοίκειον,
3523 1528 3717 1597 φησὶν,

2135 1620 2272 1678 εἶναι
2302 1623 2394 1678 τὸν
2423 1623 2610 1689 τόπον,
2640 1623 2762 1677 οὐδὲ
2790 1619 3106 1694 πεποιηκώς
3136 1638 3190 1674 τι
3221 1618 3436 1689 λέγεται
3464 1620 3523 1673 ὲν
3550 1620 3718 1690 αὐτῇ,

469 1706 695 1767 dicitur.
737 1730 756 1765 ι
795 1711 1162 1779 Quamobrem
1206 1716 1249 1769 si
1313 1715 1366 1770 in
1421 1716 1646 1787 reliquis
1691 1718 2038 1789 evangelistis

2143 1712 2169 1785 ἢ
2203 1709 2533 1782 λελαληκὼς.
2566 1712 2630 1765 Et
2666 1710 2764 1782 μὲν
2791 1706 2885 1766 οὖν
2921 1710 3056 1783 μηδὲ
3089 1713 3147 1765 ἐν
3177 1713 3289 1773 τοῖς
3314 1709 3521 1773 λοιποῖς
3543 1710 3723 1779 Εὐαγ-

458 1804 727 1874 scriptum
765 1804 978 1871 fuisset,
1004 1805 1140 1860 nihil
1179 1782 1577 1876 inCapharnao
1606 1782 1893 1863 Dominu-m
1938 1825 2039 1865 no-

2143 1782 2336 1873 γελίοις
2370 1803 2687 1876 πεποιηκώς
2730 1821 2816 1868 τι,
2859 1803 2892 1874 ῆ
2927 1782 3237 1874 λελαληκὼς
3277 1802 3337 1854 ὲν
3371 1804 3439 1873 τῇ
3482 1802 3723 1872 Καφαρ-

462 1906 639 1950 strum
685 1895 770 1951 vel
817 1896 1015 1952 fecisse
1061 1897 1145 1951 vel
1187 1897 1416 1963 dixisse,
1465 1897 1702 1954 fortasse
1732 1900 2038 1957 dubitasse-

463 2002 585 2040 mth
614 1988 855 2058 recipere
888 1988 1058 2057 ipsius
1088 1987 1615 2058 interpretationem.
1662 1990 1816 2047 Nunc
1854 2001 2035 2048 autem

460 2077 743 2133 Matthaeus
775 2078 997 2148 quidem
1058 2079 1344 2134 Dominum
1380 2091 1652 2148 nostrum,
1704 2083 1889 2139 relicta
1932 2083 2040 2139 Na-

460 2171 674 2234 zareth,
700 2171 1004 2242 profectum
1036 2172 1318 2230 habitasse
1349 2174 1730 2244 Capharnaum
1760 2175 2036 2232 civitatem

463 2265 791 2319 maritimam
808 2264 848 2327 ³,
884 2274 938 2319 ct
979 2265 1178 2321 exinde
1214 2267 1431 2322 initium
1469 2269 1800 2337 praedicandi
1847 2267 2040 2325 fecisse

466 2356 660 2425 inquit,
695 2350 1000 2411 dicentem:
1026 2374 1045 2408 ι
1080 2356 1425 2425 ﬁesipiscite,
1451 2358 1618 2413 instat
1640 2360 1784 2413 enim
1813 2375 2036 2431 regnum

468 2446 734 2501 ctelorum
770 2445 811 2500 ⁸.
851 2465 870 2497 ι
902 2446 1116 2501 Marcus
1170 2462 1303 2501 vero
1330 2448 1375 2513 ',
1432 2457 1718 2519 postquam
1774 2459 2039 2508 tentasset

469 2539 757 2594 Dominum
780 2538 1049 2605 diabolus,
1079 2550 1362 2609 postquam
1382 2540 1619 2595 traditus
1656 2540 1848 2599 fuisset
1875 2541 2040 2598 Joan-

466 2647 561 2688 nes
588 2632 641 2686 iu
671 2646 974 2697 carcerem,
1021 2632 1177 2686 nobis
1216 2633 1507 2687 annuntiat
1548 2632 1835 2690 Dominum
1878 2637 2042 2693 adre-

463 2726 611 2780 nisse
646 2725 701 2778 in
751 2721 1029 2777 Galilaeam
1077 2718 1465 2794 praediCantem
1498 2724 1860 2796 Evangelium
1892 2727 1988 2783 Dei
2018 2745 2034 2795 ;

464 2818 845 2887 ingrediuntur
897 2815 1063 2870 etiam
1122 2814 1504 2885 Capharnaum
1559 2827 1681 2891 post
1718 2818 2038 2876 electionem

467 2919 701 2981 quatuor
724 2909 1056 2979 piscatorum
1087 2909 1153 2965 ad
1182 2908 1517 2966 iunctionem
1547 2911 1792 2967 muneris
1817 2922 2038 2982 aposto-

465 3003 580 3072 lici,
634 3003 931 3075 statimque
981 3002 1227 3058 sabbatis
1277 3002 1463 3058 docuit
1516 3004 1568 3059 in
1632 3020 1945 3079 synagoga,
1983 3016 2041 3063 et

2137 1893 2311 1964 ναοῦμ
2347 1894 2375 1947 6
2418 1892 2623 1965 Κύριος
2666 1891 2823 1964 ήμῶν
2868 1891 3265 1963 ἀνεγέγραπτο,
3310 1891 3453 1962 τάχα
3494 1890 3561 1944 ἃν
3613 1889 3725 1943 ἐδι-

2129 1989 2414 2062 στάξαμεν
2457 1988 2586 2061 περὶ
2626 1986 2718 2042 τοῦ
2762 1983 3170 2059 παραδέξασθαι
3199 1982 3365 2038 αὑτοῦ
3412 1984 3514 2055 τὴν
3544 1984 3726 2056 ἑρμηο

2137 2082 2305 2136 νείαν.
2354 2080 2490 2133 Νυνὶ
2533 2079 2591 2133 δὲ
2637 2080 2666 2132 6
2709 2077 2985 2140 Ματθαῖος
3036 2074 3406 2130 καταλιπόντα
3454 2076 3591 2146 φησὶ
3625 2076 3724 2129 τὸν

2138 2172 2343 2245 Κύριον
2389 2169 2544 2241 ἡμῶν
2581 2168 2683 2241 τὴν
2728 2168 3014 2241 Ναζαρὲτ,
3060 2165 3285 2220 ἐλθόντα
3335 2164 3724 2237 κατῳκηκέναι

2139 2265 2220 2329 είς
2252 2262 2629 2335 Καφαρναοὺμ
2671 2258 3275 2335 τὴνπαραθαλασσίαν,
3316 2258 3413 2312 καὶ
3457 2257 3569 2311 ἀπὸ
3596 2258 3725 2312 τότε

2139 2354 2310 2427 ἀρχὴν
2337 2354 2432 2408 τοῦ
2470 2353 2768 2426 κηρύσσειν
2814 2351 3145 2424 πεποιῆσθαι
3183 2351 3434 2420 λέγοντα·
3488 2369 3508 2403 ι
3538 2350 3728 2405 Μετα-

2138 2450 2331 2512 νοεῖτε,
2361 2447 2555 2519 ῆγγικε
2582 2445 2690 2517 γὰρ
2722 2448 2756 2518 ὴ
2795 2444 3042 2517 βασιλεία
3072 2443 3181 2498 τῶν
3220 2442 3483 2516 οὐρανῶν.
3509 2461 3529 2496 ι
3574 2443 3634 2497 '0
3661 2442 3729 2497 δὲ

2136 2541 2364 2614 Μάρκος
2386 2540 2494 2595 ἀπὸ
2516 2538 2611 2594 τοῦ
2640 2540 2777 2613 πρὸς
2810 2539 2900 2593 τὸν
2932 2538 3176 2593 διάϐολον
3208 2534 3534 2609 πειρασμοῦ,
3582 2535 3729 2607 μετὰ

2138 2634 2201 2689 τὸ
2235 2633 2604 2706 παραδοθῆναι
2643 2632 2735 2686 τὸν
2771 2630 3044 2702 Ἰωάννην,
3094 2628 3426 2699 ἀπαγγέλλει
3468 2630 3601 2700 ἡμῖν
3640 2628 3728 2691 είς

2134 2727 2238 2797 τὴν
2269 2725 2554 2780 Γαλιλαίαν
2597 2722 2938 2796 κηρύσσοντα
2981 2722 3041 2775 τὸ
3078 2721 3409 2791 Εὐαγγέλιω
3445 2717 3539 2773 τοῦ
3585 2716 3727 2772 θεοῦ

2139 2818 2457 2891 ἐληλυθέναι
2486 2816 2576 2870 τδν
2604 2816 2830 2888 Κύριον·
2863 2814 2957 2868 καὶ
3000 2813 3138 2885 μετά
3165 2813 3265 2883 τὴν
3305 2814 3384 2876 είς
3415 2809 3729 2882 ἀποστολὴν

2140 2911 2371 2983 ἐκλογὴν
2415 2910 2523 2964 τῶν
2582 2907 2864 2977 τεσσάρων
2920 2905 3117 2959 ἁλιέων
3174 2903 3587 2977 εἰσπορεύονται
3643 2905 3731 2966 εἰς

2139 3008 2540 3080 Καφαρναοὺμ,
2571 3007 2666 3061 καὶ
2693 3005 2854 3070 εὐθὺς
2879 3009 2992 3070 τοῖς
3033 3002 3298 3058 σάϐϐασιν
3338 3000 3615 3055 ἐδίδασκεν
3641 3000 3732 3063 είς

463 3095 929 3164 obstupescebant
967 3112 1133 3168 super
1168 3096 1413 3152 doctrina
1461 3096 1633 3154 illius.
1689 3096 1829 3165 Quin
1874 3099 2036 3154 etiam

2143 3103 2240 3175 τὴν
2290 3102 2633 3171 συναγωγὴν,
2684 3100 2779 3154 καὶ
2839 3098 3233 3168 ἐξεπλήσσοντο
3280 3095 3374 3150 ἐπὶ
3422 3096 3490 3166 τῇ
3529 3094 3724 3165 διδαχῇ

465 3191 731 3245 actionem
757 3189 1046 3260 quamdam
1082 3204 1204 3245 cum
1233 3188 1429 3244 fecisse
1456 3188 1509 3242 in
1550 3188 1872 3258 Capharnao
1899 3189 2040 3246 scri-

465 3282 541 3339 bit
560 3320 578 3348 ,
606 3282 788 3337 statim
816 3281 959 3337 enim
985 3281 1194 3352 inquit“
1226 3299 1241 3336 :
1271 3300 1289 3332 ι
1315 3282 1440 3337 Erat
1461 3282 1515 3336 in
1548 3296 1822 3353 synagoga
1853 3297 2040 3338 eorum

465 3373 631 3430 homo
659 3371 868 3443 spiritui
893 3371 1171 3428 immundo
1203 3372 1493 3439 obnoxius,
1517 3381 1573 3427 et
1602 3372 1932 3429 exclamavit
1962 3374 2044 3430 di-

467 3480 640 3521 cens:
677 3464 760 3519 Ah
786 3463 918 3534 quid
953 3465 1030 3519 rei
1090 3466 1246 3520 nobis
1285 3476 1461 3521 tecum
1495 3475 1613 3531 est,
1641 3462 1768 3522 Jesu
1806 3465 2046 3522 Nazare—

467 3555 579 3613 ne?
603 3555 797 3611 venisti
848 3555 915 3611 ad
964 3557 1299 3626 perdendum
1341 3558 1485 3615 nos?
1513 3559 1637 3613 novi
1675 3568 1748 3623 te,
1785 3559 1908 3629 quis
1945 3558 2041 3627 sis,

468 3648 729 3705 nimirum
762 3647 854 3702 ille.
895 3646 1065 3704 Filius
1097 3646 1213 3703 Dei.
1253 3649 1320 3704 Et
1352 3649 1657 3720 increpavit
1696 3650 1845 3706 illum
1887 3649 2046 3707 Iesus

469 3741 695 3799 dicens:
737 3740 1088 3808 Obmutesce,
1150 3751 1206 3797 et
1262 3743 1350 3797 exi
1406 3741 1476 3797 ab
1531 3743 1772 3799 homine.
1818 3741 1883 3797 Et
1922 3758 2043 3798 cum

472 3832 854 3902 discerpsisset
880 3849 1004 3889 eum
1037 3834 1262 3902 spiritus
1293 3834 1627 3900 immundus,
1661 3834 2048 3890 exclamasset-

472 3938 581 3994 que
607 3939 745 3980 voce
777 3939 994 3995 magna,
1033 3927 1165 3980 exiit
1190 3927 1257 3980 ab
1283 3940 1369 3980 eo.
1399 3927 1463 3981 Et
1492 3929 1896 3998 obstupuerunt
1929 3942 2047 3982 om-

471 4029 592 4069 nes.
630 4033 650 4066 ι
686 4014 752 4068 Ει
791 4030 983 4070 socrus
1012 4016 1250 4072 Simonis
1281 4017 1544 4073 liberatur
1573 4018 1629 4073 in
1667 4019 1990 4089 Capharnao
2014 4032 2048 4075 a

472 4103 634 4158 febri.
665 4104 745 4158 Ad
775 4105 892 4159 haec
927 4103 1141 4160 Marcus
1172 4106 1611 4176 inquit'vesperi
1644 4116 1862 4165 curatos
1881 4108 2049 4165 fuisse

472 4211 664 4252 omnes
687 4196 826 4252 male
845 4198 1130 4263 habentes,
1152 4208 1207 4253 et
1225 4199 1315 4268 qui
1336 4214 1365 4252 a
1383 4199 1661 4254 daemoniis
1680 4201 2043 4271 agitabantur.

471 4288 612 4357 Quin
627 4290 793 4346 etiam
819 4289 997 4346 Lucas
1014 4290 1213 4345 similia
1237 4305 1359 4345 cum
1385 4288 1568 4346 Marco
1585 4291 1934 4362 loquitur’de
1944 4290 2050 4347 Ca-

473 4384 740 4454 pharnao,
760 4383 982 4439 dicens:
1003 4401 1021 4435 ι
1052 4383 1117 4438 Ει
1135 4384 1281 4438 venit
1296 4384 1349 4438 in
1368 4383 1753 4454 Capharnaum
1769 4383 2044 4438 civitatem

2142 3193 2330 3249 αὑτοῦ.
2367 3193 2525 3247 Ἀλλά
2564 3194 2660 3247 καὶ
2702 3190 2900 3265 πρᾶξιν
2941 3190 3105 3245 αὐτοῦ
3149 3188 3453 3262 ἀναγράφει
3494 3203 3731 3258 γεγενη-

2146 3286 2313 3359 μένην
2354 3286 2410 3338 ὲν
2443 3285 2850 3356 Καφαρναούμ’
2888 3283 3048 3348 εὐθὺς
3081 3283 3190 3354 γάρ
3232 3298 3430 3352 φησιν·
3472 3300 3492 3333 ι
3518 3280 3610 3334 Ἑν
3652 3283 3727 3352 τῇ

2145 3377 2434 3447 συναγωγῇ
2487 3375 2664 3429 αὐτῶν
2721 3370 2793 3446 ἦν
2826 3373 3112 3447 ἄνθρωπος
3156 3374 3214 3425 ὲν
3265 3371 3534 3442 πνεύματι
3586 3371 3731 3424 ἀκα-

2144 3468 2349 3540 θάρτῳ,
2378 3468 2472 3521 καλ⁸
2515 3466 2781 3538 ἀνέκραξε
2823 3466 2996 3536 λέγων
3018 3483 3031 3496 ’
3068 3466 3193 3529 Ἔα,
3220 3464 3272 3518 τί
3304 3466 3436 3536 ἡμῖν
3479 3464 3574 3518 καὶ
3618 3463 3727 3528 σοὶ,

2157 3561 2329 3633 Ἰησοῦ
2373 3558 2696 3632 Ναζαρηνὲς
2742 3555 2905 3631 ἦλθες
2953 3555 3215 3612 ἀπολέσαι
3265 3558 3443 3628 ήμᾶς;
3488 3555 3731 3626 Οἴδαμέν

2147 3672 2205 3709 σε
2234 3653 2316 3718 τίς
2358 3649 2429 3718 εἴ,
2469 3654 2498 3705 6
2530 3652 2657 3716 Υἱὸς
2688 3650 2782 3704 τοῦ
2822 3649 2979 3704 Θεοῦ.
3015 3651 3124 3704 Καὶ
3153 3650 3480 3722 ἐπετίμησεν
3509 3648 3657 3719 αὺτῷ
3698 3648 3734 3702 ό

2157 3743 2363 3818 Ἰησοῦς
2383 3744 2597 3814 ,λέγων’
2630 3740 2930 3814 Φιμώθητι,
2967 3743 3062 3796 καὶ
3093 3741 3273 3809 ἔξελθε
3310 3741 3368 3808 ἐξ
3399 3738 3566 3795 αὐτοῦ
3589 3756 3603 3770 ’
3634 3740 3733 3793 ὃτε

2146 3838 2241 3891 καὶ
2277 3834 2584 3908 ἐσπάραξεν
2613 3834 2776 3887 αὑτὸν
2810 3833 2870 3887 τὸ
2909 3831 3127 3905 πνεῦμα
3160 3833 3221 3887 τὸ
3267 3832 3600 3904 ἀκάθαρτον,
3629 3830 3736 3885 καὶ

2148 3929 2405 3999 φωνῆσαν
2434 3930 2585 4000 φωνῇ
2618 3926 2829 3999 μεγάλῃ
2858 3924 3081 3996 ἐξῆλθεν
3106 3922 3165 3989 ἐξ
3207 3923 3392 3980 αὑτοῦ.
3420 3925 3531 3978 Καὶ
3556 3922 3739 3995 song.

2145 4020 2395 4094 ϐήθησαν
2410 4018 2669 4086 ἅπαντες.
2692 4018 2885 4092 »ΚαΣὴ
2919 4017 3156 4091 πενθερὰ
3194 4016 3436 4090 Σίμωνος
3482 4015 3578 4070 τοῦ
3625 4032 3739 4069 πυ-

2149 4112 2307 4185 ρετοῦ
2339 4112 2743 4167 ἀπαλλάσσεται
2788 4112 2847 4165 ὲν
2894 4112 2958 4182 τῇ
3003 4108 3403 4181 Καφαρναούμ.
3438 4108 3585 4181 Πρὸς
3612 4107 3739 4161 τού-

2145 4220 2259 4267 τοις
2283 4206 2311 4257 6
2343 4204 2570 4277 Μάρκος
2599 4204 2733 4274 φησι
2763 4202 3000 4274 ἑσπέρας
3026 4202 3402 4274 γεγενημένης
3430 4203 3488 4254 ἐν
3515 4202 3580 4273 τῇ
3612 4201 3737 4253 Κα-

2148 4296 2434 4366 φαρναοὺμ
2471 4292 2903 4366 τεθεραπεῦσθαι
2941 4292 3151 4357 πάντας
3191 4292 3317 4356 τοὺς
3344 4291 3530 4355 κακῶς
3574 4291 3735 4362 ἔχον-

2146 4403 2247 4450 τας
2276 4386 2371 4439 καὶ
2406 4385 2898 4459 δαιμονιζομένους.
2945 4387 3057 4439 Καὶ
3095 4387 3124 4439 6
3156 4385 3372 4448 Λουκᾶς
3417 4382 3474 4436 δὲ
3504 4381 3574 4436 τά
3621 4399 3735 4435 παο

470 4475 923 4545 Galilmae,ibique
954 4476 1185 4531 docebat
1220 4476 1342 4531 illos
1366 4474 1623 4531 sabbatis.
1665 4474 1733 4531 Et
1759 4476 2041 4546 stupebant

2150 4473 2425 4548 ραπλήσια
2466 4474 2544 4546 τῷ
2582 4476 2794 4547 Μάρκῳ
2824 4474 3158 4544 ἀπαγγέλλει
3195 4474 3322 4546 περὶ
3360 4472 3460 4544 τῆς
3500 4473 3737 4543 Καφαρ-

471 4583 636 4640 super
655 4568 809 4639 171
839 4568 1085 4623 doctrina
1110 4568 1387 4640 ejus,quia
1405 4584 1531 4625 cum
1550 4578 1819 4640 potestate
1830 4568 2055 4638 conjun-

473 4668 593 4715 ctus
612 4670 731 4716 erat
756 4674 937 4715 sermo
957 4656 1146 4731 ipsius.
1169 4659 1235 4713 Et
1253 4660 1305 4713 in
1329 4673 1602 4731 synagoga
1632 4668 1749 4714 erat
1772 4659 1933 4714 homo
1950 4659 2051 4714 ha-

471 4748 610 4805 bens
628 4747 881 4818 spiritum
906 4748 1168 4803 damonis
1193 4748 1551 4815 immundi,et
1574 4747 2052 4806 cxciamavitvoce

473 4857 669 4913 magna
703 4843 888 4900 dicens
920 4862 934 4898 :
972 4843 1094 4909 Eia,
1124 4843 1256 4915 quid
1308 4844 1406 4900 tibi
1444 4844 1727 4901 nobiscum
1770 4853 1879 4912 est,
1918 4842 2049 4902 Jesu

472 4932 794 4991 Nazarene?
825 4936 1021 4992 venisti
1065 4936 1132 4990 ad
1171 4936 1503 5004 perdendum
1538 4937 1676 4993 nos?
1704 4938 1818 4993 scio
1847 4945 1898 4993 te
1927 4938 2050 5009 quis

472 5029 572 5098 sis,
600 5024 835 5085 Sanctus
871 5027 962 5085 ille
994 5027 1112 5084 Dei.
1146 5027 1214 5083 Et
1240 5027 1544 5099 increpavit
1573 5027 1728 5084 illum
1750 5027 1930 5105 Jesus,
1966 5028 2050 5086 di—
2084 5068 2089 5073 ~

472 5134 606 5177 cens
634 5137 650 5175 :
682 5118 1030 5186 Obmutesce,
1059 5128 1117 5176 et
1136 5118 1223 5174 exi
1255 5119 1324 5174 ab
1354 5133 1441 5173 eo.
1471 5118 1540 5174 Et
1571 5133 1695 5174 cum
1727 5120 2048 5190 projecisset

474 5210 626 5267 illum
662 5211 993 5267 dmmonium
1024 5210 1079 5266 in
1111 5209 1367 5277 medium,
1395 5209 1531 5264 exiit
1560 5208 1631 5264 ab
1661 5209 1775 5275 illo,
1804 5209 2049 5283 nihilque

473 5300 551 5357 illi
577 5304 782 5359 nocuit.
819 5323 838 5357 ι
877 5304 944 5360 Ει
982 5312 1170 5376 postea
1218 5311 1408 5357 narrat
1434 5302 1479 5369 ’,‘
1516 5303 1790 5373 quomodo
1823 5299 2049 5375 surgens

474 5390 739 5449 Dominus
780 5409 813 5449 e
843 5410 1117 5467 synagoga
1162 5395 1446 5466 ingressus
1472 5400 1557 5451 est
1602 5393 1658 5449 in
1708 5393 1927 5451 domum
1959 5397 2048 5451 Si.

2147 4566 2352 4637 ναοὺμ,
2406 4564 2614 4634 λέγων·
2677 4584 2696 4617 ι
2758 4565 2869 4618 Καὶ
2935 4559 3100 4637 ἦλθεν
3158 4565 3239 4627 είς
3306 4562 3732 4634 Καφαρναοὺμ,

2148 4654 2301 4710 πόλιν
2371 4655 2470 4726 τῆς
2531 4653 2818 4719 Γαλιλαίας
2843 4695 2858 4720 ,
2927 4655 3023 4709 καὶ
3084 4650 3152 4727 ἦν
3210 4652 3477 4707 διδάσκων
3528 4650 3735 4714 αὐτοὺς

2147 4749 2207 4802 έν
2258 4750 2372 4812 τοῖς
2448 4746 2700 4802 σάϐϐασι.
2762 4746 2875 4800 Καὶ
2927 4745 3319 4818 ἐξεπλήσσοντο
3375 4744 3468 4797 ἐπὶ
3524 4744 3591 4814 τῇ
3649 4741 3737 4795 δι-

2146 4841 2282 4913 δαχῇ
2334 4838 2522 4905 αὐτοῦ,
2561 4839 2643 4893 ὅτι
2691 4839 2750 4893 ὲν
2784 4839 3001 4911 ἐξουσίᾳ
3045 4835 3113 4910 ἦν
3143 4840 3173 4893 6
3202 4836 3359 4907 λόγος
3402 4833 3589 4890 αὐτοῦ.
3620 4833 3737 4887 Καὶ

2154 4933 2212 4991 ὲν
2236 4935 2302 5005 τῇ
2356 4934 2645 5004 συναγωγῇ
2686 4927 2754 5004 ἦν
2790 4931 3076 5005 ἄνθρωπος
3111 4929 3252 5001 ἔχων
3284 4927 3502 4999 πνεῦμα
3535 4925 3733 4996 δαιμο·

2153 5024 2268 5079 νίου
2309 5023 2643 5098 ἀκαθάρτου,
2678 5024 2771 5079 καὶ
2810 5022 3077 5097 ἁνέκραξε
3109 5023 3259 5093 φωνῇ
3302 5019 3548 5092 μεγάλῃ·
3603 5017 3731 5082 Ἔα,

2153 5117 2207 5171 τί
2238 5118 2373 5189 ἡμῖν
2412 5116 2508 5170 καὶ¹
2542 5116 2648 5181 σοὶ,
2695 5113 2870 5185 Ἰησοῦ
2912 5110 3242 5184 Ναζαρηνέ;
3273 5104 3440 5182 ἦλθες
3467 5105 3735 5161 ἀπολέσαι

2154 5212 2337 5282 quac;
2365 5206 2499 5265 Οἶδά
2531 5226 2589 5263 σε
2623 5209 2706 5272 τίς
2738 5204 2809 5270 εἴ,
2838 5209 2867 5261 6
2885 5208 3078 5276 ’Ἄγιος
3102 5203 3197 5258 τοῦ
3222 5201 3382 5259 Θεοῦ.
3409 5200 3520 5255 Καὶ
3546 5198 3734 5253 ἐπετί-

2162 5320 2335 5375 μησεν
2362 5301 2512 5373 αύτῷ
2542 5304 2571 5356 ὁ
2616 5299 2846 5374 Ἰησοῦς,
2868 5299 3060 5368 λέγων·
3090 5295 3393 5370 Φιμώθητι,
3426 5293 3523 5350 καὶ
3550 5289 3735 5358 ἔξελθε

2155 5396 2251 5449 ἀπ’
2281 5394 2469 5450 αὐτοῦ.
2503 5394 2638 5448 Τότε
2683 5396 2778 5449 καὶ
2824 5392 2986 5467 ῥίψαν
3027 5391 3191 5447 αὑτὸν
3222 5389 3287 5444 τὸ
3337 5387 3616 5469 δαιμόνιον
3655 5384 3737 5447 είς

545 5550 633 5626 f’l
656 5552 783 5626 cor.
809 5568 898 5619 xv,
926 5553 1021 5626 25.
1070 5556 1105 5626 ,ί
1133 5554 1322 5626 Matth.
1346 5570 1545 5617 xxvm,
1569 5554 1663 5626 20.
1741 5558 1763 5589 ⁸
1783 5554 1940 5613 Joau.
1980 5574 2039 5626 ll,

2143 5596 2153 5615 .
2223 5557 2244 5589 ³
2280 5554 2472 5611 Matth.
2503 5571 2583 5618 tv,
2609 5555 2694 5611 l5.
2756 5556 2928 5614 ‘ibid.
2961 5557 3048 5611 i7.
3115 5554 3137 5587 '
3163 5550 3327 5606 Marc.
3359 5564 3398 5616 ι,
3430 5544 3737 5615 ίὸ,1‹ιεθς.

477 5624 498 5654 ⁸
528 5623 660 5680 ibid.
686 5622 756 5677 24
778 5638 896 5694 seq.
1004 5625 1025 5650 '
1063 5625 1200 5682 ibid.
1226 5625 1288 5680 '51
1330 5640 1447 5696 seq.
1522 5626 1544 5659 ⁸
1564 5624 1696 5683 Luc.
1728 5642 1803 5695 tv,
1838 5628 1908 5686 35
1929 5622 2045 5699 seq.

550 5786 663 5861 (98)
709 5784 889 5842 Τοῦδε
909 5785 1129 5854 πάσας.
1164 5786 1303 5858 Lego
1329 5786 1503 5860 ῆοῦδὲ
1521 5788 1717 5853 πάσας.

2123 5630 2144 5661 ⁵
2171 5626 2305 5684 Luc.
2340 5642 2408 5694 tv,
2447 5627 2533 5695 58,
2569 5628 2658 5683 59.
