4020 6216
335 327 447 384 39.5

1436 326 1793 386 (ΞΟΜΜΕἈΤ.
1835 326 1903 381 IN
1941 325 2137 384 JOAN.
2181 325 2422 385 TOlIUS
2461 327 2531 386 X.

3490 334 3601 393 323

333 448 525 520 μέσον,
566 447 791 523 ἐξῆλθεν
836 448 930 504 ἀπ’
975 447 1161 514 αὑτοῦ,
1204 447 1372 521 μηδὲν
1409 446 1620 520 βλάψαν
1672 448 1855 504 αὐτόν.
1895 467 1915 496 ι

2026 447 2225 512 monis,
2255 457 2309 504 et
2353 463 2477 504 cum
2505 448 2845 520 increpasset
2876 448 3068 507 febrim
3111 448 3166 505 in
3202 463 3363 506 socru
3405 448 3602 521 ipsius,

335 539 451 595 Καὶ
479 542 621 613 μετά
648 541 819 596 ταῦτα
844 539 955 612 (99)
985 539 1326 610 ἀπαγγέλλει
1369 540 1446 606 ὡς
1476 538 1718 604 ἀναστάς
1750 542 1780 594 ὁ
1809 538 1923 593 Κύ-

334 649 456 706 ριος
501 634 613 688 ἀπὸ
650 634 777 706 τῆς,
803 634 1129 704 συναγωγῆς
1182 632 1432 706 είσῆλθεν
1474 633 1555 698 είς
1595 633 1696 705 τὴν
1743 633 1922 688 οίκίαν

336 723 606 797 Σίμωνος,
638 727 731 781 καὶ
762 727 1095 799 ἐπιτιμήσας
1138 725 1217 799 τῷ
1261 728 1322 780 ἐν
1360 728 1429 798 τῇ
1473 724 1711 797 πενθερᾷ
1753 723 1919 779 αὐτοῦ

337 816 563 888 πυρετῷ
630 816 944 888 ἀπήλλαξεν
1005 818 1179 892 αὐτὴν
1246 817 1350 889 τῆς
1403 817 1582 873 νόσου·
1664 816 1784 888 μεθ’
1852 818 1922 889 ἣν

335 905 798 982 θεραπευθεῖσαν,
826 922 847 958 ι
875 909 1105 977 Δύντος,
1182 911 1318 983 φησὶ⁵
1340 951 1356 976 ,
1409 909 1502 964 τοῦ
1560 909 1733 983 ἡλίου,
1782 908 1920 964 πάν-

331 1015 427 1064 τες
453 998 569 1055 ὅσοι
599 995 746 1073 εἶχον
768 1000 1126 1068 ἀσθενοῦντας
1153 1002 1330 1066 νόσοις
1357 1001 1433 1073 (l)
1470 998 1764 1069 ποικίλαις,
1781 996 1917 1072 ἦγον

334 1089 537 1157 αὑτοὺς
588 1091 727 1165 πρδς
781 1094 973 1149 αὐτόν’
1025 1097 1056 1150 ό
1095 1095 1152 1150 δέ
1206 1095 1287 1149 ἐνὶ
1331 1094 1549 1165 ἑκάστῳ
1592 1093 1773 1147 αὐτῶν
1819 1093 1918 1158 τὰς

335 1184 524 1255 χεῖρας
576 1176 792 1250 ἐπιθεὶς
826 1185 1154 1259 ἐθεράπευεν
1199 1187 1276 1259 (2)
1323 1185 1541 1251 αὐτούς.
1597 1185 1920 1258 Ἐξήρχοντο

336 1272 395 1327 δδ
430 1273 526 1328 καὶ
563 1274 818 1347 δαιμόνια
861 1276 970 1330 ἀπὸ
1004 1276 1212 1331 πολλῶν
1258 1276 1666 1350 κραυγάζοντα,
1707 1275 1804 1329 καὶ
1832 1274 1922 1329 λέ-

338 1378 526 1432 γοντα,
556 1364 639 1418 ὅτι
676 1366 750 1420 Σὺ
787 1361 840 1419 εἴ
866 1368 895 1420 ό
927 1366 1054 1431 Υἱὸς
1080 1367 1173 1421 τοῦ
1207 1366 1364 1422 Θεοῦ·
1396 1367 1493 1421 καὶ
1521 1364 1789 1438 ἐπιτιμῶν
1818 1364 1920 1418 οὐκ

340 1456 425 1511 ιτα
460 1457 601 1512 αὐτὰ
629 1458 830 1524 λαλεῖν,
860 1460 942 1513 ὅτι
966 1460 1190 1532 ᾔδεισαν
1221 1460 1460 1532 Χριστὸν
1491 1459 1652 1513 αὐτὸν
1695 1454 1855 1513 εἶναι.
1892 1477 1913 1511 ι

338 1548 524 1606 ταῦτα
558 1550 614 1603 δὲ
644 1550 820 1603 πάντα
857 1549 986 1619 περὶ
1016 1548 1125 1603 τῶν
1157 1548 1215 1599 ἐν
1254 1547 1631 1619 Καφαρναοὺμ
1665 1544 1742 1616 τῷ
1777 1547 1890 1599 Σω-

336 1639 466 1710 τῆρι
512 1639 810 1711 εἰρημένων
858 1635 1392 1708 καὶ-πεπραγμένων
1442 1636 1888 1706 παρεστήσαμεν,

337 1730 479 1802 ὑπὲρ
513 1728 606 1783 τοῦ
648 1728 863 1798 ἐλέγξαι
899 1728 999 1798 τὴν
1045 1726 1417 1798 Ἡρακλέωνος
1453 1724 1769 1797 ἑρμηνείαν,
1809 1723 1898 1777 λέ-

2024 536 2279 595 liberavit
2300 553 2419 593 eam
2445 552 2475 592 a
2508 538 2719 595 morbo.
2748 536 2876 595 Post
2910 554 3074 611 quam
3107 538 3411 605 liberatam,
3447 559 3467 592 ι
3494 537 3602 597 0c-

2023 630 2263 695 cidenle,
2282 630 2461 702 inquit
2494 632 2558 698 ¹⁹,
2585 631 2701 689 sole
2730 647 2923 689 omnes
2941 632 3033 703 qui
3055 632 3324 688 habebant
3351 632 3602 690 infirmos

2020 722 2193 780 variis
2228 722 2456 789 morbis,
2489 724 2763 780 ducebant
2803 723 2929 780 illos
2962 725 3030 779 ad
3072 739 3194 780 eum
3221 742 3235 779 :
3267 732 3323 779 at
3353 723 3440 778 ille
3483 725 3599 779 sin-

2020 812 2165 883 gulis
2193 828 2389 869 manus
2418 813 2704 883 imponens
2733 814 2959 870 sanabat
2991 828 3108 870 eos.
3143 813 3380 868 Exibunt
3420 822 3600 868 autem
3668 812 3675 818 ’

2021 905 2287 961 daemonia
2326 921 2357 961 a
2408 906 2595 963 multis
2641 906 2961 974 clamantia,
2999 920 3065 963 ac
3110 902 3493 962 dicentia:'l'u
3541 916 3603 959 es

2022 995 2114 1052 ille
2148 996 2320 1053 Filius
2353 996 2490 1053 Dei:
2522 1010 2578 1054 et
2612 998 2901 1070 increpans
2930 1014 3038 1054 non
3077 998 3293 1053 sinebat
3319 1012 3382 1052 ea
3429 994 3599 1068 loqui,
3637 1010 3644 1036 ι

2019 1089 2165 1158 quod
2196 1090 2443 1145 sciebant
2484 1090 2662 1160 ipsum
2711 1107 2834 1147 csse
2865 1091 3162 1147 Christum.
3195 1107 3215 1141 ι
3255 1088 3379 1144 lla-c
3418 1096 3600 1142 autem

2019 1181 2204 1235 omnia
2235 1181 2519 1238 docuimus
2564 1197 2629 1237 ex
2661 1182 2747 1238 bis
2776 1197 2898 1254 qua:
2931 1182 3190 1237 Servator
3214 1180 3298 1236 vel
3327 1179 3485 1247 dixit,
3514 1178 3604 1236 vel

2027 1268 2158 1325 fecit
2192 1271 2244 1326 in
2282 1270 2631 1342 Capharnao,
2670 1283 2727 1327 ut
2757 1273 3218 1343 redargueremus
3247 1271 3604 1328 Heraclconis

2021 1363 2558 1434 interpretationem,
2581 1366 2845 1424 dicentis:
2876 1386 2896 1421 ι
2925 1367 3079 1425 Hanc
3105 1369 3175 1426 ob
3197 1383 3418 1424 causam
3442 1365 3603 1424 Jesus

2021 1453 2222 1510 dicitur
2255 1470 2430 1527 neque
2458 1455 2659 1512 fecisse
2688 1456 2892 1528 aliquid
2924 1457 2975 1513 in
3009 1467 3209 1527 ea,aut
3233 1457 3448 1516 locutus
3466 1459 3601 1518 fuis-

2032 1562 2111 1602 se.
2149 1567 2168 1599 ι
2195 1546 2303 1601 Aut
2342 1546 2483 1602 enim
2528 1548 2985 1605 considerationcs
3025 1551 3159 1605 duas
3197 1552 3315 1605 urbi
3357 1551 3602 1622 Caphar-

2028 1651 2191 1691 naum
2233 1637 2432 1692 tribuat
2467 1637 2627 1691 etiam
2668 1638 2798 1706 ipse,
2836 1648 2893 1693 et
2941 1640 3149 1703 doceat,
3190 1643 3601 1711 et,pcrsuadeat

2029 1727 2340 1796 qualesnam
2380 1726 2518 1793 sint;
2559 1738 2652 1782 aut
2695 1729 2798 1783 hoc
2827 1729 3003 1784 facere
3036 1746 3143 1785 non
3171 1731 3377 1794 valens,
3417 1734 3598 1791 dicere

334 1836 554 1891 γοντοςο
590 1839 620 1873 ιι
665 1820 767 1874 Διὰ
800 1818 960 1874 τοῦτο
994 1818 1115 1873 οὐδὲ
1152 1816 1463 1888 πεποιηκώς
1498 1834 1548 1870 τι
1584 1815 1800 1884 λέγεται
1837 1816 1897 1870 ἐν

2031 1826 2207 1871 cesset
2243 1814 2582 1872 Servalorem
2617 1817 2814 1873 frustra
2858 1819 2912 1874 in
2951 1820 3182 1891 aliquem
3213 1821 3389 1876 locum
3431 1824 3597 1879 adve-

332 1911 507 1982 αὐτῇ,
546 1910 580 1982 ἢ
618 1908 948 1981 λελαληκώς.
997 1928 1016 1961 ι
1062 1910 1131 1962 Ἦ
1166 1906 1273 1979 γάρ
1308 1907 1402 1960 δύο
1436 1906 1674 1970 ἐπινοίας
1709 1906 1897 1961 διδότω

334 2003 432 2057 καὶ
487 2003 651 2067 αὐτὸς
697 2002 798 2073 τῆς
831 2001 1235 2073 Καφαρναοὺμ,
1272 1999 1368 2053 κα)⁸
1416 1999 1761 2072 παριστάτω,
1802 1999 1898 2053 καὶ

332 2093 581 2147 πεισάτω
636 2091 794 2156 ποίας
824 2108 838 2124 ο
890 2091 923 2162 ἢ
985 2090 1139 2145 τοῦτο
1196 2092 1415 2161 ποιῆσαι
1477 2088 1552 2162 μὴ
1604 2089 1900 2161 δυνάμενος

328 2180 653 2251 ἀφιστάσθω
709 2179 801 2235 τοῦ
860 2177 1036 2247 λέγειν
1105 2177 1194 2232 τὸν
1260 2177 1498 2248 Σωτῆρα
1550 2176 1725 2247 μάτην
1793 2174 1902 2229 τινὶ

332 2274 485 2345 τόπῳ
521 2272 598 2345 (5)
635 2268 1109 2344 ἐπιδεδημηκέναι.
1146 2268 1258 2323 Καὶ
1308 2270 1469 2340 ἡμεῖς
1517 2267 1604 2334 δέ,
1652 2265 1787 2321 Θεοῦ
1822 2265 1903 2320 δι-

2030 1907 2195 1962 nisse.
2248 1910 2319 1962 At
2369 1923 2499 1973 nos,
2541 1909 2652 1963 Deo
2689 1910 2886 1975 dante,
2925 1928 3048 1967 cum
3086 1917 3493 1984 pervenerimus
3529 1919 3598 1974 ad

2032 1998 2178 2053 hunc
2215 2007 2450 2064 textum,
2488 2001 2807 2056 conabimur
2850 2005 3198 2062 manifestare
3246 2024 3357 2063 non
3394 2025 3595 2065 vanum

2031 2089 2198 2145 fuisse
2243 2091 2385 2147 illius
2433 2106 2746 2159 accessum,
2795 2095 3006 2150 etiamsi
3057 2113 3123 2152 ex
3159 2098 3389 2155 lectione
3427 2101 3598 2157 ferme

2032 2174 2289 2252 appareat
2324 2198 2448 2238 eum
2502 2182 2569 2238 ad
2614 2182 2792 2254 aliqua
2839 2185 2956 2241 loca
3000 2188 3301 2257 profectum
3339 2192 3475 2246 nibil
3512 2192 3597 2248 fe-

2035 2284 2195 2326 CISSB.

333 2368 534 2434 δόντος,
572 2366 852 2436 γενόμενοι
890 2364 1030 2420 κατὰ
1064 2364 1134 2417 τά
1167 2361 1392 2418 τοιαῦτα
1428 2363 1602 2433 χωρία
1638 2362 1737 2433 τῆς
1801 2363 2259 2434 συναναγνώσεως
2294 2367 2428 2421 ὅπου
2464 2367 2611 2432 δόξαι
2651 2368 2814 2440 μηδὲν
2852 2369 2928 2441 (4)
2966 2373 3221 2442 ήνυκέναι
3257 2375 3598 2449 ἐπιδημήσας

336 2456 555 2528 χωρίοις
590 2455 722 2521 τισί,
763 2453 1135 2526 πειρασόμεθα
1168 2453 1230 2508 τὸ
1268 2451 1342 2523 μὴ
1382 2452 1609 2521 μάταιον
1632 2451 1744 2521 τῆς
1806 2449 2105 2526 ἐπιδημίας
2140 2457 2303 2510 αὑτοῦ
2341 2457 2636 2530 τρανῶσαι.

411 2543 496 2599 10.
541 2543 662 2598 Ἔτι
697 2544 754 2598 δὲ
789 2544 818 2598 ὁ
850 2542 1157 2607 Ματθαῖος,
1198 2541 1528 2606 εἰσελθόντος
1562 2540 1656 2596 τοῦ
1694 2542 1902 2612 Κυρίου

336 2638 420 2701 είς
455 2634 552 2709 τήν
587 2637 996 2709 Καφαρναοὺμ,
1038 2637 1171 2708 φησὶ
1205 2635 1295 2689 τὸν
1330 2633 1718 2705 ἑκατόνταρχον
1755 2629 1903 2702 αὐτῷ

332 2732 817 2805 προσεληλυθέναι,
850 2734 1098 2804 λέγοντα·
1137 2755 1156 2787 ι
1194 2735 1252 2790 '0
1278 2738 1408 2801 παῖς
1436 2754 1539 2808 μου
1574 2736 1830 2810 βέϐληται
1861 2735 1921 2791 ἐν

330 2827 400 2897 τῇ
448 2826 593 2900 οἰκίᾳ
625 2826 1014 2898 παραλυτικὸς,
1057 2826 1246 2891 δεινῶς
1286 2827 1729 2901 βασανιζόμενος,
1764 2849 1783 2883 ι
1825 2829 1920 2885 καὶ

333 2918 632 2989 ἀκηκοέναι
664 2919 781 2990 μεθ’
815 2920 977 2992 ἕτερα
1007 2920 1274 2992 είρημένα
1317 2920 1396 2992 τῷ
1433 2922 1626 2993 Κυρίῳ
1664 2923 1793 2994 περὶ
1819 2923 1918 2976 αὖ·
1942 2960 1985 3019 c

332 3009 426 3064 τοῦ
454 3011 637 3081 (5)16'
686 3030 706 3064 ι
745 3012 984 3082 Ὕπαγε,
1030 3014 1124 3067 καὶ
1165 3013 1243 3078 ὼς
1277 3013 1604 3077 ἐπίστευσας
1629 3013 1914 3087 γενηθήτω

334 3119 441 3157 σοι’
471 3123 492 3155 ι
520 3102 707 3158 καὶτὰ
745 3105 874 3176 περὶ
902 3105 1001 3177 τῆς
1026 3103 1119 3160 τοῦ
1136 3105 1347 3178 Πέτρου
1378 3105 1456 3177 (6)
1481 3106 1749 3180 πενθερᾶς
1774 3106 1915 3178 σύμ-

333 3212 489 3265 φωνα
510 3198 623 3259 τοῖς
642 3194 822 3260 ἄλλοις
843 3195 964 3250 δυσὶ
992 3197 1088 3251 καὶ
1113 3197 1276 3262 αὐτὸς
1307 3196 1668 3270 παρέστησεν.
1720 3197 1916 3268 Ἡγοῦ-

335 3304 437 3359 μαι
470 3282 533 3342 δὲ
564 3283 704 3343 εἶναι
747 3287 1048 3360 φιλότιμον,
1097 3289 1191 3343 καὶ
1235 3289 1445 3362 πρέπον
1486 3289 1568 3361 τῷ
1596 3290 1654 3344 ἐν
1695 3290 1916 3363 Χριστῷ

334 3376 626 3450 φιλομαθεῖ
666 3383 994 3449 συναγαγεῖν
1029 3379 1245 3456 (ἴλάπὸ
1275 3380 1385 3434 τῶν
1416 3380 1701 3453 τεσσάρων
1735 3381 1917 3452 Εὐαγ-

330 3472 530 3544 γελίων
566 3472 743 3527 πάντα
772 3474 843 3527 τὰ
863 3472 992 3544 περὶ
1018 3473 1119 3544 τῆς
1153 3473 1539 3546 Καφαρναοὺμ
1561 3474 1916 3546 ἀναγεγραμ-

335 3565 497 3636 μένα,
520 3564 615 3619 καὶ
638 3566 765 3630 τοὺς
792 3567 851 3618 ἐν
873 3565 1009 3637 αὐτῇ
1042 3564 1251 3635 λόγους,
1276 3565 1370 3618 καὶ
1395 3564 1533 3638 ἔργα
1556 3565 1653 3619 τοῦ
1683 3565 1912 3639 Κυρίου,

330 3655 429 3711 καὶ
459 3657 648 3720 ὁσάκις
675 3658 756 3720 είς
796 3655 965 3727 αὐτὴν
997 3656 1387 3730 ἐπιδεδήμηκε,
1425 3657 1523 3711 καὶ
1558 3656 1635 3721 ὣς
1675 3674 1808 3712 ποτε
1835 3657 1912 3732 (8)

334 3749 438 3823 μὲν
475 3748 692 3816 λέγεται
723 3747 1157 3821 καταὸεὸηκὲναι
1180 3752 1261 3814 είς
1292 3750 1485 3822 αὐτὴν,
1513 3750 1645 3804 ποτὲ
1681 3750 1737 3804 δὲ
1770 3752 1913 3806 είσε-

330 3841 640 3914 ληλυθιναι,
681 3842 777 3897 καὶ
830 3841 1025 3896 πόθεν·
1053 3841 1225 3896 ταῦτα
1277 3841 1387 3914 γὰρ
1431 3841 1680 3914 ἀλλήλοις
1727 3860 1915 3897 συντε-

331 3934 498 3990 θᾶντα
536 3933 637 3988 οὐκ
685 3934 837 3989 ἐάσει
874 3934 1020 4006 ήμᾶς
1062 3932 1340 3987 διαπεσεῖν
1381 3934 1461 3998 είς
1505 3934 1605 4004 τὴν
1637 3932 1768 4006 περὶ
1815 3934 1915 4006 τῆς

331 4031 717 4102 Καφαρναοὺμ
758 4025 1008 4100 ἐκδοχήν.
1056 4024 1205 4096 Πλὴν
1256 4025 1305 4077 εί
1339 4024 1435 4079 κα)⁸
1472 4023 1755 4089 νοσοῦντες
1796 4025 1915 4080 ἐκεῖ

333 4121 747 4194 θεραπεύονται,
782 4121 879 4175 καὶ
909 4119 1067 4175 άλλαι
1093 4115 1355 4190 δυνάμεις
1401 4117 1519 4169 ἐκεῖ
1555 4115 1816 4187 γίνονται,
1853 4114 1913 4170 τό

329 4230 393 4267 τε
422 4212 740 4286 κηρύσσειν,
773 4232 791 4266 ι
827 4210 1143 4282 ’Ἡγγικενή
1176 4205 1421 4283 βασιλεία
1447 4205 1555 4260 τῶν
1587 4207 1852 4279 οὐρανῶν,
1885 4225 1905 4260 ι

2108 2548 2193 2603 l0.
2225 2548 2492 2604 Praeterea
2517 2564 2647 2604 vero
2670 2549 2972 2615 Mattbteus,
3008 2552 3344 2626 ingrediente
3368 2558 3597 2614 Domino

2035 2637 2089 2691 in
2124 2637 2498 2710 Capharnaum
2520 2681 2536 2706 ,
2576 2640 2751 2710 inquit
2794 2644 3165 2702 centurionem
3199 2649 3263 2704 ad
3301 2650 3475 2720 ipsum
3504 2665 3597 2707 ac-

2018 2737 2249 2794 cessisse
2278 2736 2544 2794 dicentem
2573 2752 2589 2794 :
2625 2755 2645 2790 ι
2674 2736 2935 2797 Famulus
2963 2755 3119 2798 meus
3145 2746 3421 2804 decumbit
3455 2749 3596 2804 doni

2018 2827 2375 2899 paralyticus,
2405 2841 2469 2882 ac
2523 2827 2764 2898 graviter
2815 2829 3179 2887 discruciatur
3208 2832 3323 2888 ".0
3377 2843 3435 2889 et
3479 2844 3602 2904 post

2020 2920 2125 2976 alia
2157 2937 2274 2993 quae
2308 2920 2571 2976 Dominus
2616 2921 2683 2978 de
2721 2921 2842 2993 ipso
2872 2924 3037 2990 dicit,
3071 2925 3292 2982 audisse
3320 2943 3335 2979 :
3372 2942 3395 2979 ι
3426 2925 3593 2990 Vade,

2019 3024 2072 3070 et
2097 3014 2239 3069 sicut
2286 3010 2588 3075 credidisti,
2641 3011 2734 3068 fiat
2763 3014 2857 3070 tibi
2884 3016 2955 3083 ης
2986 3035 3004 3068 ι
3036 3026 3087 3071 et
3133 3017 3201 3071 de
3234 3016 3379 3071 Petri
3433 3032 3596 3074 socru

2019 3120 2260 3161 consona
2287 3104 2406 3160 aliis
2431 3105 2639 3162 duobus
2668 3108 2834 3163 etiam
2864 3107 2979 3178 ipse
3013 3108 3215 3165 docuit.
3240 3108 3476 3166 Proinde
3499 3110 3598 3166 lto-

2020 3199 2307 3257 norificum
2369 3209 2424 3258 et
2462 3201 2666 3260 Christi
2727 3205 2978 3262 studioso
3037 3207 3300 3263 decorum
3353 3209 3596 3262 arbitror

2017 3307 2158 3361 esse,
2195 3293 2451 3365 colligere
2481 3310 2547 3350 ex
2580 3305 2814 3364 qualuor
2838 3298 3148 3370 Evangeliis
3176 3314 3356 3355 omnia
3387 3314 3505 3370 qua:
3526 3299 3595 3355 de

2016 3381 2336 3454 Capliarnao
2364 3395 2492 3441 sunt
2519 3385 2748 3458 scripta,
2774 3403 3170 3461 sermonesque
3193 3391 3246 3446 in
3263 3406 3325 3446 ea
3353 3391 3592 3455 habitos,

2017 3482 2071 3529 et
2094 3488 2257 3541 opera
2285 3476 2526 3543 Domini,
2558 3486 2612 3532 et
2633 3479 2847 3548 quoties
2876 3483 2943 3536 ad
2968 3480 3141 3551 ipsam
3167 3481 3421 3547 accessit,
3452 3492 3593 3539 etut

2015 3565 2309 3637 aliquando
2333 3566 2552 3637 quidem
2584 3568 2934 3626 descendisse
2970 3571 3129 3642 172
3160 3572 3227 3627 ad
3260 3573 3431 3642 ipsam
3459 3572 3594 3628 dici-

2017 3666 2124 3724 tur,
2162 3659 2454 3729 aliquando
2487 3675 2618 3715 vero
2650 3661 2926 3731 ingressus
2956 3661 3159 3728 fuisse;
3183 3670 3239 3716 et
3268 3662 3430 3715 unde.
3465 3660 3592 3718 ﬂre

2017 3750 2163 3804 cnim
2198 3751 2344 3805 inter
2389 3763 2448 3806 se
2485 3750 2683 3805 collata
2732 3766 2836 3806 non
2883 3751 3068 3807 sinent
3106 3766 3205 3807 nos
3242 3753 3495 3809 aberrare
3539 3755 3592 3809 in

2018 3840 2104 3895 bis
2137 3855 2257 3910 quae
2291 3841 2358 3896 ad
2395 3840 2814 3910 intelligentiam
2848 3842 3089 3899 civitatis
3129 3841 3431 3914 Capharnai
3468 3860 3595 3916 pcr-

2019 3929 2214 3985 tinenl.
2255 3929 2524 3986 Caeterum
2556 3932 2769 3987 etiamsi
2808 3942 3142 4005 mgrotantes
3170 3934 3277 3990 illic
3304 3945 3591 4000 curentur,

2016 4029 2076 4076 et
2102 4021 2221 4076 alia:
2265 4022 2498 4079 virtutes
2529 4022 2640 4079 illic
2670 4021 2823 4089 ﬂant,
2855 4024 2982 4080 inde
3022 4031 3203 4079 tamen
3256 4023 3451 4095 incipit
3481 4024 3592 4080 Do-
3634 4066 3649 4070 -

2017 4111 2528 4184 minusprzedicare,
2546 4114 2691 4184 quod
2713 4131 2734 4166 ι
2755 4114 2922 4170 instat
2938 4129 3161 4185 regnum
3185 4115 3449 4171 cmlorum
3473 4115 3535 4171 ⁸⁸.
3562 4133 3586 4170 ι

2017 4203 2070 4259 id
2101 4205 2242 4275 quod
2269 4204 2484 4262 videtur
2505 4207 2719 4278 signum
2753 4221 2896 4275 esse,
2915 4217 2975 4263 ut
2998 4208 3268 4279 principio
3297 4209 3588 4266 subosten-

306 4290 546 4358 ’ἐκεῖθεν
567 4302 815 4375 ἄρχεται,
853 4301 1029 4357 ἔοικεν
1061 4296 1201 4355 εἶναι
1232 4297 1520 4372 σύμὸολον,
1545 4297 1620 4363 ὼς
1648 4297 1791 4353 κατὰ
1815 4298 1913 4363 τὰς

2022 4296 2218 4362 dimus,
2241 4296 2339 4354 loci
2370 4297 2647 4367 cujusdam
2674 4299 3002 4364 bumilioris,
3021 4301 3112 4371 qui
3135 4299 3370 4356 fortasse
3395 4315 3593 4357 conso-

329 4396 510 4470 ἀρχὰς
552 4396 910 4468 ὑπεδείξαμεν
957 4397 1052 4467 (9),
1080 4393 1466 4468 OWSMépou
1498 4392 1645 4457 τινὸς
1685 4392 1909 4466 χωρίου,

333 4490 731 4563 παρακλήσεως
772 4489 914 4560 τάχα
953 4487 1041 4543 διὰ
1072 4487 1165 4541 τὸν
1209 4485 1419 4558 Ἰησοῦν
1445 4483 1756 4557 γινομένου,
1808 4501 1913 4539 πα-

338 4580 714 4656 ρακαλέσαντα
756 4581 845 4651 ἐφ’
892 4576 974 4643 οἷς
1013 4577 1238 4644 ἐδίδαξε,
1291 4578 1388 4633 καὶ
1441 4575 1741 4647 πεποίηκεν
1798 4577 1916 4630 ἐκεῖ

332 4667 430 4722 τοῦ
460 4667 625 4723 τόπου
667 4669 886 4739 χωρίου
931 4666 1369 4737 παρακλήσεως
1388 4684 1401 4696 ·
1448 4665 1606 4737 ἴσμεν
1662 4664 1771 4738 γὰρ
1816 4666 1915 4720 κα)⁴

335 4760 515 4815 τόπων
545 4759 785 4832 ὀνόματα
824 4757 1087 4829 ἐπώνυμα
1123 4756 1456 4828 τυγχάνοντα
1488 4756 1602 4819 τοῖς
1637 4752 1780 4808 κατὰ
1821 4752 1914 4807 τὸν

349 4849 555 4923 Ἰησοῦν
585 4850 936 4924 πράγμασιν*
981 4849 1171 4920 ὥσπερ
1195 4847 1266 4902 τά
1310 4846 1578 4921 Γέργεσα,
1614 4844 1745 4902 ἔνθα
1776 4861 1916 4917 παρ-

410 5037 456 5071 ¹⁶
484 5034 620 5093 Luc.
653 5052 729 5105 tv,
764 5036 869 5101 ιο,
900 5035 992 5090 41.
1071 5034 1113 5066 ⁸⁸
1145 5033 1336 5089 Matth.
1369 5047 1491 5096 vut,
1522 5030 1579 5088 6.
1653 5030 1696 5064 ¹¹
1729 5031 1862 5088 ibid.
1891 5033 1982 5090 l5.

403 5150 660 5274 393531
679 5147 1163 5274 ἔῶίἐῖῇῖέη
1202 5146 1374 5218 Regio
1400 5145 1588 5203 codice
1610 5143 1762 5203 deest
1792 5147 1907 5214 καί,

565 5240 579 5274 ›
639 5238 671 5274 ιι
1125 5258 1141 5272 .

337 5218 435 5276 sed
474 5218 704 5276 b'abetur
738 5222 792 5274 in
820 5218 1141 5275 Bodleiano.

436 5290 485 5353 l)
520 5291 701 5346 Codex
724 5289 1071 5353 Bodleiauus,
1099 5286 1347 5352 ἀσθενεῖς
1376 5289 1436 5342 ἐν
1468 5287 1660 5352 νόσοις.

436 5291 453 5343 l
520 5291 701 5346 Codex
724 5289 1071 5353 Bodleiauus,
1099 5289 1347 5352 ἀσθενεῖς
1376 5289 1436 5342 ἐν
1468 5289 1660 5352 νόσοις.

407 5289 485 5430 έῖζ
508 5360 689 5417 Codex
719 5357 1064 5425 Bodleiauus,
1095 5356 1448 5430 ἐθεράπευεν,
1485 5358 1689 5430 Regius
1710 5357 1909 5431 ἐθερά-

334 5445 559 5485 πευσεν.

412 5501 492 5571 (ὅ)
524 5499 706 5571 Codex
730 5497 1075 5571 Bodleianus,
1101 5495 1181 5569 τῷ
1195 5497 1386 5571 τόπῳ.

410 5566 490 5638 (⁷4)
534 5568 719 5626 Codex
764 5568 1112 5639 Bodleiamts,
1153 5566 1259 5639 ’τῆς
1302 5566 1756 5637 συναναγνώσεὼς
1806 5585 1912 5623 που

338 5637 570 5711 δοξάσῃς
601 5638 765 5711 μηδὲν
801 5637 1170 5711 ἂνᾲηνυκέναι.

413 5705 674 5779 (5)Ἱ7ερἷ
709 5705 928 5779 αὐτοῦ.
973 5709 1065 5764 Sic
1117 5706 1288 5765 codex
1338 5705 1663 5767 Bodleianus
1721 5716 1910 5777 recte;

340 5776 543 5846 Regius
567 5776 700 5849 παρ’
729 5776 913 5833 αὐτοῦ.

2014 4384 2238 4445 lationis
2268 4389 2422 4446 locus
2456 4389 2688 4446 efﬁcitur
2732 4403 2831 4460 per
2857 4388 3045 4448 Iesum
3073 4391 3297 4447 dantem
3335 4390 3410 4446 illi
3442 4390 3587 4447 sola-

2018 4494 2142 4535 men
2174 4495 2239 4536 ex
2281 4482 2366 4537 his
2398 4496 2518 4550 quae
2549 4483 2660 4540 illic
2696 4482 2962 4540 docuitet
2988 4482 3117 4538 fecit
3146 4485 3200 4537 in
3239 4482 3360 4538 loco
3386 4484 3478 4553 qui
3507 4492 3593 4539 est

2017 4569 2395 4626 consolationis
2429 4589 2554 4644 ager
2575 4589 2597 4628 :
2629 4572 2836 4630 scimus
2857 4572 3003 4628 enim
3032 4572 3199 4629 etiam
3226 4572 3470 4629 locorum
3494 4586 3594 4628 no—

2018 4661 2162 4716 mina
2198 4662 2440 4732 ejusdem
2475 4665 2710 4720 nominis
2752 4679 2874 4722 esse
2920 4680 3046 4721 cum
3091 4665 3257 4720 rebus
3282 4678 3379 4734 per
3408 4662 3591 4722 Iesum

2018 4749 2218 4815 factis;
2250 4755 2705 4822 quemadmodum
2748 4754 2989 4827 Cergesa
3033 4756 3188 4823 urbs,
3219 4755 3307 4811 ubi
3359 4772 3592 4829 rogave-

2021 4851 2151 4899 runt
2195 4858 2319 4900 eum
2354 4844 2603 4904 locorum
2634 4847 2853 4907 illorum
2882 4849 3033 4907 cives
3093 4859 3154 4906 ut
3181 4864 3213 4908 e
3247 4850 3446 4910 finibus
3477 4853 3593 4910 suis

2058 5030 2104 5063 ¹³
2136 5030 2328 5088 Matth.
2355 5045 2434 5098 Iv,
2468 5030 2556 5088 l7.

2071 5144 2318 5238 161,”?
2335 5147 2769 5238 Ηέξρθγνάεεξε
2800 5150 2854 5238 ευ
2886 5152 3084 5238 κοράίςε
3126 5151 3320 5238 ﬁctio»
3356 5150 3451 5238 sed
3497 5166 3589 5238 τρε

2016 5220 2307 5294 stituiture
2333 5220 2647 5294 Bodleiano,
2676 5222 2764 5276 ubi
2793 5237 2914 5294 mox
2940 5223 3136 5293 legitur
3170 5220 3457 5294 σύμφωνα,
3481 5237 3591 5281 non

2016 5290 2344 5363 συμφώνως,
2369 5292 2448 5345 uti
2481 5290 2643 5363 b_abe_t
2672 5294 2844 5347 codex
2874 5290 3096 5363 Regius.

2088 5359 2166 5437 (ἶ)
2189 5360 2577 5431 Συναγαγεῖν.
2612 5359 2687 5415 Ita
2718 5364 2890 5418 codex
2934 5359 3296 5437 Bodleianus;
3355 5361 3587 5435 Regius,

2017 5432 2300 5627 Ξυῖἐῖ
2330 5512 2495 5556 ποτε.
2530 5488 2623 5560 Sic
2675 5502 2843 5559 codex
2894 5466 3249 5571 Bodleiamlsi
3298 5502 3353 5559 ί¹¹
3411 5502 3585 5579 Reg“,

2055 5586 2147 5627 ees
2197 5589 2294 5627 ως·

2055 5586 2173 5627 θρςῑ
2197 5586 2294 5635 ως.

2091 5642 2169 5721 (9)
2194 5639 2645 5721 ςγπεδείξαμεν.
2663 5642 2754 5700 Sic
2776 5643 2948 5702 codex
2974 5641 3330 5716 Bodleiauus;
3364 5646 3582 5721 Regius,

2022 5710 2420 5784 ὑπεδεξάμεθα.
