3962 6206
487 339 595 396 327

1957 334 2116 392 ORIG
2127 337 2280 394 ENlS

3640 338 3748 393 3R

487 458 883 527 discederet“,
925 458 1377 528 interpretatione
1405 469 1511 526 est,
1555 458 1815 515 habitatio
1845 460 2047 529 ejicien-

2161 459 2428 513 εκάλεσαν
2473 459 2637 514 αὑτὸν
2675 457 2977 532 μεταϐῆναι
3025 459 3091 512 ἐκ
3131 455 3241 512 τῶν
3285 457 3451 530 δριων
3485 456 3671 514 αὐτῶν
3697 462 3751 514 oi

483 552 640 606 tium.
674 551 909 606 Rursum
953 551 1019 606 de
1045 551 1369 622 Capharnao
1397 552 1515 609 haec
1553 553 1714 608 etiam
1743 551 2062 608 observavi-

483 655 628 706 mus,
662 639 714 693 in
746 654 808 694 ea
845 652 951 694 non
1002 640 1176 694 solum
1224 641 1524 712 praedicare
1582 640 1870 696 Dominum
1914 639 2064 695 ince-

482 730 624 802 pisse
651 746 666 784 :
705 749 722 782 ι
753 729 924 786 instat
957 731 1220 787 caelorum
1258 747 1522 804 regnum;
1554 750 1574 786 ι
1613 747 1824 800 verum,
1858 740 1918 787 ut
1947 740 2060 788 tres

478 821 824 890 evangelista;
873 825 1184 893 ostendunt,
1222 825 1428 896 primas
1465 824 1576 879 illic
1619 825 1782 881 etiam
1829 825 2057 880 virtutes

477 913 736 970 edidisse.
765 914 1004 981 Quorum
1031 917 1216 971 nullus
1241 917 1294 971 in
1327 917 1411 972 his
1437 915 1781 972 mirabilibus
1801 932 1923 988 quae
1945 917 2057 986 pri-

478 1019 624 1060 mum
652 1006 790 1060 iacta
821 1006 990 1062 fuisse
1015 1007 1234 1077 scripsit
1259 1007 1311 1062 in
1340 1007 1686 1076 Capharuao,
1705 1008 1946 1062 imitatus
1970 1015 2056 1063 est

478 1095 532 1152 in
569 1099 809 1153 notando
833 1099 1009 1168 primo
1040 1099 1308 1155 miraculo
1329 1099 1650 1172 discipulum
1674 1098 1936 1155 Joannem
1969 1099 2054 1154 di-

477 1200 692 1244 centem
717 1207 730 1243 :
755 1188 900 1244 «Hoc
921 1191 1132 1246 initium
1155 1191 1433 1263 signorum
1462 1190 1801 1248 ediditlesus
1827 1192 1879 1246 in
1907 1192 2057 1247 Cana

475 1282 708 1338 Galilaeae
736 1283 832 1338 η.»
854 1281 1041 1354 Neque
1067 1284 1210 1340 enim
1233 1294 1352 1339 erat
1383 1285 1596 1340 initium
1623 1287 1900 1354 signorum
1928 1285 2059 1340 illud

476 1375 619 1445 quod
642 1377 846 1430 editum
877 1376 979 1431 fuit
1009 1377 1062 1431 in
1094 1376 1437 1445 Capharnao,
1468 1393 1534 1433 eo
1556 1379 1698 1448 quod
1722 1379 2056 1449 praecipuum

473 1469 689 1538 quidem
713 1469 923 1540 signum
946 1468 1066 1524 Filii
1088 1470 1177 1525 Dei
1202 1469 1273 1525 sit
1298 1470 1725 1536 exhilaratio;at
1749 1481 1976 1541 propter
1991 1484 2057 1526 ea

474 1575 596 1628 quae
639 1561 952 1617 hominibus
981 1563 1256 1626 accidunt,
1283 1563 1352 1618 sit
1382 1563 1915 1632 repraesentativum;
1947 1577 2054 1616 non

475 1663 584 1707 tam
644 1669 740 1723 per
776 1657 1111 1710 curationem
1157 1655 1844 1726 Verbopulchritudinem
1904 1669 2057 1710 suam

472 1752 804 1811 ostentante,
839 1746 965 1798 dum
988 1759 1165 1816 agros
1209 1753 1385 1810 curat,
1418 1758 1582 1814 quam
1623 1744 1748 1798 dum
1770 1743 1954 1798 sobria
1971 1756 2060 1810 po-

2163 549 2274 604 τῶν
2327 550 2528 622 χοίρων
2579 550 2688 621 (l0)
2750 551 2984 615 πολῖται,
3043 549 3407 622 ἑρμηνεύεται
3464 553 3751 620 παροικια

2163 643 2634 712 ἐπιϐεϐληκότων.
2675 643 2796 698 Ἔτι
2829 642 2888 696 δὲ
2920 643 3018 698 καὶ
3043 642 3204 697 τοῦτο
3233 644 3363 715 περὶ
3391 642 3491 714 τῆς
3519 644 3751 715 Καφαρ-

2162 733 2338 805 ναοὺμ
2366 733 2770 807 τετηρήκαμεν,
2818 733 2993 790 ὅτιού
3032 732 3193 804 μόνον
3238 735 3297 788 ἐν
3349 731 3488 804 αὐτῇ
3533 732 3745 806 κηρύσ-

2162 839 2276 876 σειν
2308 821 2391 889 ab,
2426 841 2446 874 ι
2487 824 2757 891 Ἤγγικεν
2789 824 2823 894 ὴ
2858 821 3104 892 βασιλεία
3140 821 3251 875 τῶν
3280 821 3551 894 οὐρανῶν,
3589 843 3610 876 ι
3646 824 3749 896 ἦρ-

2117 947 2123 952 -
2161 913 2306 978 ξατο·
2341 913 2496 980 ἀλλά,
2527 914 2670 968 κατὰ
2699 915 2826 978 τοὺς
2855 917 3004 986 τρεῖς
3027 913 3439 984 εὐαγγελιστάς,
3473 915 3574 980 τὰς
3601 915 3752 988 πρώ-

2155 1021 2256 1069 τας
2300 1005 2556 1076 δυνάμεις
2596 1006 2714 1058 ἐκεῖ
2755 1005 3076 1076 πεποίηκεν.
3117 1005 3306 1068 Οὐδεὶς
3337 1005 3394 1059 δέ
3425 1005 3535 1062 τῶν
3571 1005 3746 1078 τριιῖιν

2159 1098 2246 1168 ἐφ’
2273 1092 2356 1162 οἷς
2383 1097 2600 1170 πρῶτον
2632 1097 2908 1170 ἀνέγραψε
2947 1097 3274 1170 παραδόξοις
3312 1099 3371 1152 ἐν
3403 1101 3469 1170 τῇ
3507 1099 3747 1173 Καφαρ·

2157 1190 2334 1260 ναοὺμ
2384 1189 2772 1262 γεγενημένας
2813 1188 2914 1260 τὴν
2949 1187 3042 1243 τοῦ⁹
3081 1189 3326 1262 μαθητοῦ
3366 1189 3621 1247 Ἰωάννου
3649 1191 3748 1244 ἐπὶ

2158 1281 2236 1354 τῷ
2278 1281 2482 1354 πρώτῳ
2538 1282 2687 1354 ἔργῳ
2743 1282 3045 1354 σημείωσιν
3096 1283 3390 1354 πεποίηται
3453 1283 3744 1352 λέγοντος·

2164 1392 2185 1426 ι
2215 1372 2430 1443 Ταύτην
2461 1373 2635 1445 ἀρχὴν
2665 1372 2776 1426 τῶν
2805 1372 3048 1445 σημείων
3082 1373 3337 1446 ἐποίησεν
3368 1377 3398 1428 ὁ
3449 1375 3659 1446 Ἰησοῦς
3687 1378 3748 1429 ἐν

2160 1466 2316 1536 Κανᾷ
2335 1464 2436 1536 τῆς
2461 1463 2769 1529 Γαλιλαίας.
2798 1484 2817 1518 t
2846 1466 2922 1519 υύ
2955 1466 3064 1538 γὰρ
3085 1461 3153 1538 ἦν
3183 1465 3325 1538 ἀρχὴ
3352 1465 3461 1520 τῶν
3497 1467 3746 1538 σημείων

2157 1556 2219 1610 τὸ
2264 1559 2321 1610 ἐν
2351 1556 2750 1627 Καφαρναοὺμ,
2783 1555 2863 1628 τῷ
2897 1556 3312 1628 προηγούμενον
3343 1557 3441 1628 μὶν
3495 1559 3746 1630 σημείων

2159 1642 2300 1702 εἶναι
2332 1647 2425 1701 τοῦ
2455 1647 2586 1701 Υίοῦ
2618 1649 2713 1702 τοῦ
2748 1647 2883 1702 Θεοῦ
2915 1648 3012 1720 τὴν
3050 1650 3390 1721 εὐφροσύνην
3415 1667 3428 1679 ’
3467 1650 3556 1704 διὰ
3586 1649 3648 1702 δὲ
3673 1649 3744 1706 τὰ

2159 1741 2269 1804 τοῖς
2287 1738 2594 1811 ἀνθρώποις
2627 1739 3013 1812 συμϐεϐηκότα
3039 1742 3446 1813 παραστατικὸν
3471 1743 3609 1813 (ll),
3639 1745 3742 1816 οὐχ

473 1836 620 1890 tione
643 1851 738 1892 eos
767 1836 1060 1903 exhilarat,
1084 1836 1279 1908 quibus
1301 1851 1395 1908 per
1421 1835 1783 1892 valetudinem
1802 1834 2047 1891 convivio

2155 1828 2326 1892 οὕτως
2358 1829 2456 1900 τὴν
2499 1829 2798 1901 θεραπείαν
2842 1830 3286 1902 ἐπιδεικνυμένου
3336 1832 3432 1886 τοῦ
3464 1831 3644 1902 Λόγου
3677 1835 3742 1888 τὸ

471 1927 738 1983 interesse
769 1929 914 1982 licet.

2161 1919 2290 1974 ίδιον
2339 1917 2552 1983 κάλλος,
2611 1921 2668 1973 ἐν
2707 1919 2787 1992 τῷ
2829 1919 3155 1992 θεραπεύειν
3201 1922 3328 1987 τοὺς
3375 1921 3742 1990 πεπονθότας,

467 2024 592 2079 ὅσον
624 2025 683 2079 ἐν
715 2024 794 2096 τῷ
821 2024 1136 2098 εὐφραίνειν
1181 2023 1260 2096 τῷ
1293 2023 1542 2098 νηφαλίῳ
1575 2025 1779 2094 πόματι
1803 2023 1928 2086 τοὺς
1965 2019 2054 2075 διὰ
2084 2012 2175 2071 τοῦ
2208 2014 2469 2084 ὑγιαίνειν
2493 2016 2586 2071 καὶ
2618 2015 2822 2086 εὐωχία
2847 2017 3129 2088 σχολάζειν
3160 2017 3512 2089 δυναμένους.

535 2141 620 2194 ll.
659 2159 677 2192 ι
717 2141 785 2195 Et
823 2143 1125 2211 proximum
1159 2153 1275 2198 erat
1315 2143 1517 2199 Pascha
1550 2143 1861 2200 Judteorum
1899 2147 1968 2202 ¹⁸.
2014 2163 2041 2201 ι

460 2231 858 2303 Sapientissimi
889 2232 1116 2291 Joannis
1147 2236 1477 2308 diligentiam
1516 2252 1730 2293 mecum
1759 2248 2044 2310 reputans,

467 2325 778 2394 quaerebant
807 2324 936 2392 quid
965 2323 1068 2380 sibi
1101 2323 1231 2378 velit
1256 2323 1686 2379 additamentum
1707 2321 2044 2376 Judworum.

465 2417 598 2483 Quae
628 2415 772 2470 enim
807 2415 911 2470 alia
939 2429 1073 2485 gens
1099 2415 1266 2468 habet
1293 2413 1580 2469 Paschalis
1603 2412 2002 2467 solemnitatem
2025 2407 2051 2464 τ

465 2508 737 2576 Quocirca
785 2523 905 2562 cum
959 2505 1262 2561 sull'ecisset
1303 2504 1522 2560 dicere:
1555 2503 1622 2558 Et
1647 2503 1701 2558 in
1742 2503 2048 2572 propinquo

465 2611 582 2655 erat
611 2599 817 2654 Pascha
847 2620 859 2654 :
891 2596 1016 2652 vide
1043 2611 1111 2650 ne
1143 2595 1282 2650 forte
1312 2595 1518 2651 Pascha
1546 2593 1853 2649 Iudaeorum
1887 2593 2036 2648 dica-

463 2703 554 2746 tur
578 2689 644 2745 ad
694 2688 1065 2744 ditl'erentiatn
1113 2683 1400 2740 Paschatis
1449 2683 1622 2741 divini
1656 2702 1670 2741 :
1703 2683 2046 2755 quandoqui-

465 2785 589 2837 rlem
621 2781 857 2836 alterum
891 2789 976 2834 est
1009 2777 1217 2834 Pascha
1268 2777 1587 2842 humanum,
1633 2790 1828 2846 nempe
1855 2789 2043 2832 eorum

464 2873 558 2943 qui
617 2887 722 2927 non
787 2871 1067 2926 celebrant
1114 2871 1242 2925 illud
1273 2886 1340 2924 ex
1389 2868 1668 2924 voluntate
1712 2867 2041 2938 Scriptum;

465 2966 695 3019 alterunt
728 2977 859 3017 vero
892 2961 1160 3025 divinum,
1191 2977 1378 3016 verum
1415 2959 1652 3025 scilicet,
1677 2959 1821 3028 quod
1843 2959 2040 3030 spiritu

463 3066 522 3114 et
568 3056 804 3111 veritate
844 3054 1123 3124 perficitur
1170 3055 1240 3109 ab
1274 3055 1359 3110 bis
1404 3053 1496 3124 qui
1539 3052 1706 3107 Deum
1741 3051 1933 3121 spiritu
1985 3059 2041 3107 et

2224 2130 2310 2185 ll.
2355 2149 2373 2182 ι
2413 2125 2525 2184 Καὶ
2559 2132 2725 2210 ἐγγὺς
2757 2126 2824 2204 ἦν
2868 2131 2931 2188 τὸ
2970 2133 3165 2206 Πάσχα
3212 2133 3322 2189 τῶν
3382 2135 3671 2192 Ἰουδαίων.
3709 2156 3731 2190 ι

2148 2223 2262 2296 Τὴν
2311 2222 2406 2278 τοῦ
2457 2223 2766 2295 σοφωτάτου
2831 2225 3077 2280 Ἰωάννου
3131 2226 3399 2294 ἐξετάζων
3443 2229 3736 2302 ἀκρίϐειαν

2147 2315 2266 2368 κατ’
2290 2315 2546 2386 ἐμαυτὸν,
2582 2314 2810 2389 ἐζήτουν
2829 2317 2883 2371 τί
2914 2318 3160 2388 βούλεται
3187 2319 3337 2391 αὐτῷ
3364 2322 3398 2392 ἡ
3423 2321 3738 2396 προσθήκη,

2144 2403 2265 2461 τῶν
2309 2407 2622 2462 Ἰουδαίων.
2653 2407 2814 2462 Ποίου
2847 2409 2956 2480 γάρ
2985 2409 3145 2464 ἄλλου
3173 2410 3359 2477 ἔθνους
3386 2414 3533 2466 ἐστὶν
3565 2414 3736 2485 ἑορτὴ

2145 2497 2208 2552 τὸ
2228 2498 2455 2570 Πάσχα;
2494 2499 2696 2572 Διόπερ
2727 2499 3001 2572 αύταρκες
3037 2495 3106 2574 ἦν
3146 2502 3320 2558 εἰπεῖν
3355 2503 3481 2574 (12)’
3515 2505 3632 2558 Καὶ
3662 2500 3738 2575 ἦν

2149 2590 2314 2659 ἐγγὺς
2336 2589 2396 2642 τὸ
2426 2590 2634 2661 Πάσχαο
2668 2592 2880 2662 μήποτε
2919 2592 2976 2645 δὲ
3001 2593 3123 2647 ἐπεὶ
3159 2594 3222 2648 τὸ
3253 2595 3351 2667 μέν
3374 2596 3431 2650 τί
3461 2597 3580 2649 ἐστι
3610 2597 3735 2649 Πά-

2149 2697 2254 2753 σχα
2282 2667 2618 2754 ἀνθρώπινον
2664 2682 2772 2738 τῶν
2808 2683 2882 2756 μὴ
2911 2684 3054 2739 κατά
3083 2683 3338 2760 βούλησιν
3369 2688 3470 2758 τῆς
3502 2688 3734 2760 Γραφῆς

2145 2773 2540 2828 ἐπιτελούντων
2564 2775 2727 2829 αύτόο
2764 2775 2826 2830 τὸ
2857 2776 2915 2831 δέ
2939 2795 2991 2831 τι
3021 2777 3185 2842 θεῖον⁹
3224 2779 3286 2833 τδ
3310 2779 3531 2851 ἀληθὲς,
3564 2779 3738 2832 πνεύ-

2150 2881 2278 2937 ματι
2325 2868 2418 2921 καὶ
2451 2866 2678 2940 ἀληθείᾳ
2721 2869 3112 2942 ὲνεργούμενον
3148 2871 3254 2926 ύπὺ
3301 2871 3410 2926 τῶν
3456 2873 3738 2942 πνεύματι

2146 2959 2239 3013 καὶ
2263 2959 2491 3032 ἀληθείᾳ
2534 2961 2982 3034 προσκυνούντων
3009 2963 3099 3017 τὸν
3126 2964 3280 3029 Θεὸν,
3300 2963 3736 3018 άντιδιέσταλται

2146 3049 2284 3120 πρὸς
2311 3050 2403 3106 τὸν
2442 3050 2604 3117 θεῖον,
2633 3052 2694 3108 τδ
2723 3054 3015 3126 λεγόμενον
3047 3054 3168 3110 τῶν
3193 3055 3508 3113 Ἰουδαίων.
3537 3053 3735 3111 Ἀκού-

465 3150 699 3205 veritate
731 3148 981 3203 adorant.
1025 3146 1330 3201 Audiamus
1378 3146 1543 3216 igitur
1589 3143 1798 3199 Domini
1828 3144 1894 3199 de
1938 3143 2042 3198 Pa—

2151 3156 2330 3210 σωμεν
2358 3140 2489 3209 γοῦν
2521 3141 2614 3196 τοῦ
2649 3143 2855 3212 Κυρίου
2885 3145 3304 3215 νομοθετοῦντος
3331 3145 3392 3199 τὸ
3423 3145 3640 3217 Πάσχα,
3673 3148 3734 3202 τί

465 3240 656 3296 achate
695 3239 868 3310 legem
919 3237 1218 3292 saucietttis
1252 3234 1441 3299 verba,
1473 3234 1690 3303 quando
1726 3234 1887 3289 etiam
1929 3234 2040 3304 pri-

465 3344 613 3385 mum
651 3328 986 3382 nominatum
1023 3326 1199 3381 fuitin
1228 3325 1510 3393 Scriptura
1546 3324 1586 3354 "
1619 3341 1631 3376 :
1677 3342 1694 3374 ι
1732 3323 1798 3379 Ει
1829 3323 2040 3378 locutus

459 3430 544 3476 est
570 3419 830 3474 Dominus
856 3418 924 3473 ad
965 3418 1185 3490 Moysen
1218 3427 1274 3473 et
1298 3417 1478 3470 Aaron
1506 3416 1558 3471 itt
1603 3423 1748 3471 terra
1793 3415 2038 3487 Egypti,

463 3512 699 3570 dicens:
737 3507 893 3584 [(15)
935 3509 1138 3565 Mensis
1171 3510 1271 3564 iste
1304 3508 1458 3564 vobis
1506 3508 1718 3562 initium
1771 3509 2036 3562 mensium

464 3604 570 3660 erit
598 3622 613 3660 :
654 3604 867 3674 primus
912 3604 1016 3656 erit
1042 3601 1197 3656 vobis
1225 3599 1279 3656 in
1308 3599 1583 3654 mensibus
1611 3597 1759 3652 anni.
1793 3597 2040 3668 Loquere

458 3696 528 3752 ad
583 3697 898 3750 universum
953 3703 1158 3747 emtum
1213 3691 1451 3747 filiorum
1502 3691 1704 3755 Israel,
1760 3691 2035 3764 dicens:]

463 3785 622 3857 173
636 3787 853 3841 Decima
871 3785 1075 3840 mensis
1094 3782 1254 3854 hujus
1273 3783 1426 3840 tollat
1443 3782 1812 3852 unusquisque
1837 3799 2037 3855 agnum

459 3894 558 3946 per
588 3877 842 3942 familias,
875 3886 930 3930 et
959 3877 1153 3931 domos
1167 3889 1430 3944 suasmet
1449 3883 1572 3945 post
1607 3889 1802 3944 pauca,
1838 3876 1888 3930 iu
1914 3875 2037 3946 qui-

458 3969 564 4022 bus
592 3968 830 4022 nondum
866 3967 1077 4022 Pascha
1108 3969 1428 4022 nontiuatim
1459 3969 1662 4024 dictum
1696 3967 2039 4031 luerat,sub-

456 4061 642 4130 jungit
669 4059 710 4091 "
739 4076 753 4113 :
791 4078 810 4112 ι
840 4058 930 4113 Sic
975 4068 1153 4112 autem
1193 4058 1342 4112 illunt
1377 4060 1678 4114 comedetis
1706 4073 1720 4112 :
1750 4058 1928 4114 Renes
1953 4072 2038 4114 ve-

2145 3247 2299 3302 φησι,
2347 3233 2435 3286 ὅτε
2478 3233 2572 3287 καὶ
2629 3233 2844 3306 πρῶτον
2898 3235 3213 3308 ὠνόμασται
3267 3240 3325 3292 ἐν
3378 3241 3446 3310 τῇ
3498 3239 3727 3310 Γραφῇ⁶

2149 3344 2169 3378 ι
2201 3327 2309 3381 Καὶ
2342 3323 2462 3380 εἷπε
2498 3328 2700 3402 Κύριος
2736 3331 2874 3403 πρὸς
2915 3333 3158 3404 Μωῦσῆν
3181 3333 3274 3386 καὶ
3315 3331 3520 3405 Ἀαρὼν
3553 3335 3615 3386 ἐν
3649 3337 3726 3405 τῇ

2141 3417 2418 3487 Αἰγύπτου
2452 3420 2647 3490 λέγων’
2700 3422 2758 3476 '0
2805 3423 2911 3496 μὴν
2950 3417 3105 3489 οὗτος
3150 3424 3281 3495 ὑμῖν
3317 3425 3460 3496 ἁρχὴ
3511 3425 3727 3497 μηνῶν,

2142 3509 2362 3582 πρῶτός
2399 3512 2546 3565 ἐστιν
2580 3512 2708 3584 ύμῖν
2740 3515 2796 3566 ἐν
2826 3517 2940 3579 τοῖς
2963 3515 3098 3586 μησὶ
3121 3515 3215 3569 τοῦ
3244 3515 3511 3570 ἐνιαυτοῦ.
3545 3517 3731 3587 Δάλη-

2142 3617 2234 3654 σον
2265 3600 2402 3672 πρὸς
2451 3603 2629 3658 πᾶσαν
2676 3605 2992 3676 συναγωγὴν
3035 3605 3168 3660 υἱῶν
3215 3606 3432 3679 Ἰσραὴλ
3454 3646 3471 3671 ,
3523 3606 3721 3676 λέγων·

2141 3693 2221 3765 Τῇ
2268 3693 2468 3767 δεκάτῃ
2523 3694 2618 3748 τοῦ
2673 3695 2840 3767 μηνὸς
2889 3696 3080 3752 τούτου
3129 3697 3445 3752 λαϐέτωσαν
3487 3699 3730 3766 ἕκαστος

2139 3786 2410 3858 πρόϐατον
2440 3789 2560 3840 κατ’
2601 3790 2786 3852 οἴκους
2812 3790 3076 3860 πατριῶν·
3118 3810 3136 3843 ι
3174 3791 3268 3845 καὶ
3299 3792 3416 3862 μετ’
3449 3793 3630 3862 ὀλίγα,
3661 3794 3729 3848 ἐν

2138 3872 2220 3940 οἷς
2263 3876 2472 3934 οὐδέπω
2515 3877 2575 3931 τὸ
2621 3879 2814 3950 Πάσχα
2858 3880 3118 3952 ὀνομαστὶ
3164 3883 3381 3954 εἴρητο,
3423 3884 3721 3955 ἐπιφέρει·

2144 3985 2162 4018 ι
2205 3967 2361 4024 Οὕτω
2392 3969 2448 4023 δέ
2484 3968 2722 4039 φάγεσθε
2771 3973 2930 4026 αύτόο
2961 3975 3016 4027 αἱ
3039 3975 3238 4044 ὀσφύες
3265 3975 3419 4046 ὑμῶν
3453 3973 3730 4046 περιεζω-

2140 4060 2354 4130 σμέναι,
2383 4061 2478 4114 καὶ
2505 4062 2571 4116 τά
2599 4063 2920 4136 ὑποδήματα
2947 4066 3101 4138 ὑμῶν
3127 4069 3186 4121 ἐν
3211 4069 3324 4131 τοῖς
3352 4069 3511 4121 ποσὶν
3534 4067 3720 4138 ὑμῶν,

457 4153 556 4208 stri
577 4150 945 4206 circumcincti
977 4158 1164 4212 erunt,
1184 4155 1239 4202 et
1257 4147 1629 4204 calceamenta
1655 4161 1834 4203 vestra
1859 4150 1910 4202 in
1941 4164 2034 4217 pe-

2151 4152 2230 4204 ιαὶ
2265 4153 2323 4204 αἱ
2358 4151 2648 4225 βακτηρίαι
2697 4157 2755 4208 ὲν
2785 4159 2907 4224 ταῖς
2938 4159 3129 4231 χερσὶν
3171 4159 3348 4230 ὑμῶν,
3395 4159 3490 4213 καὶ
3532 4159 3724 4214 ἔδεσθε

459 4243 620 4300 dibus
648 4243 866 4310 vestris,
898 4251 952 4298 et
981 4239 1231 4296 baculiin
1261 4239 1514 4295 manibus
1539 4239 1754 4306 vestris,
1773 4248 1832 4294 et
1854 4253 2037 4294 come-

2151 4240 2266 4294 ιῦτδ
2302 4240 2439 4310 μετά
2474 4243 2729 4313 σπουδῆςο
2773 4245 2968 4316 Πάσχα
3001 4246 3119 4300 ἐστὶ
3163 4246 3259 4300 τοῦ
3306 4246 3537 4318 Κυρίου.
3587 4265 3609 4299 s
3637 4248 3723 4301 Οὐ

459 4335 604 4391 detis
629 4335 800 4405 ipsum
817 4349 940 4388 cum
967 4329 1320 4386 festinatione
1347 4346 1360 4384 :
1388 4328 1598 4394 Pascha
1627 4339 1710 4384 est
1739 4329 1950 4384 Domini
1973 4347 1984 4381 :
2011 4347 2030 4379 ι

2151 4330 2247 4400 γάρ
2277 4347 2412 4401 φησι
2433 4348 2445 4360 °
2489 4332 2680 4403 Πάσχα
2709 4335 2858 4388 ἐστὶν
2891 4335 3062 4408 ὑμῶν.
3099 4336 3211 4390 Kal.
3250 4337 3366 4407 μετ’
3407 4336 3562 4406 ὀλίγα
3594 4335 3727 4390 δεύ-

459 4443 562 4486 nec
589 4428 736 4484 enim
766 4427 894 4481 dicit
917 4443 930 4481 :
962 4425 1167 4480 Pascha
1193 4432 1275 4479 est
1298 4431 1558 4478 vestrum.
1583 4422 1646 4477 Et
1671 4422 1833 4492 paulo
1857 4432 1972 4491 post
1992 4423 2035 4456 ¹⁹

2151 4436 2292 4493 τερον
2323 4419 2500 4487 οὕτως
2528 4423 2780 4496 ὀνομάζει
2810 4425 2908 4498 τὴν
2942 4428 3167 4500 ἑορτήν·
3201 4446 3223 4478 ι
3275 4429 3386 4482 Καὶ
3409 4429 3584 4492 ἔσται,
3619 4427 3722 4481 ἐὰν

452 4521 540 4578 sic
567 4520 764 4576 iterum
795 4517 1041 4572 nominat
1079 4514 1479 4570 solemnitatem
1509 4530 1524 4567 :
1563 4531 1583 4565 ι
1619 4513 1680 4568 Et
1713 4513 1836 4577 erit,
1868 4511 1913 4566 si
1945 4511 2024 4566 di-

2151 4513 2330 4582 ιέγωσι
2359 4515 2497 4584 πρὸς
2518 4516 2659 4587 ὑμᾶς
2681 4518 2732 4570 οἱ
2763 4518 2870 4570 υἱοὶ
2893 4517 3064 4590 ὑμῶν·
3099 4519 3194 4583 Τίς
3219 4521 3253 4592 η
3277 4519 3505 4592 λατρεία
3527 4519 3670 4592 αὕτη
3696 4539 3713 4586 ;

455 4612 637 4669 xerint
660 4609 814 4666 vobis
837 4608 929 4662 lilii
959 4606 1124 4662 vestri
1157 4625 1170 4660 :
1198 4605 1328 4672 Quae
1347 4615 1434 4661 est
1457 4605 1558 4659 ista
1583 4603 1812 4675 religio?
1842 4603 2032 4658 dicetis

2151 4604 2228 4657 ιαὶ
2260 4605 2434 4676 ἐρεῖτε
2463 4607 2678 4671 αὐτοῖς’
2723 4609 2894 4663 Θυσία
2934 4609 2996 4662 τδ
3029 4611 3220 4682 Πάσχα
3247 4611 3343 4664 τοῦ
3371 4611 3602 4684 Κυρίου,
3633 4612 3720 4676 ῶς

453 4701 525 4756 ad
555 4715 651 4755 eos
687 4717 700 4754 :
736 4697 970 4755 Victima
1001 4707 1084 4751 est
1107 4694 1316 4752 Pascha
1359 4695 1592 4759 Domini,
1623 4693 1875 4765 quoniam
1901 4709 2028 4764 pro-

2151 4695 2402 4750 ;σκέπασε
2436 4700 2560 4764 τοὺς
2585 4699 2766 4764 οἴκους
2787 4700 2897 4754 τῶν
2919 4699 3050 4754 υἱῶν
3086 4701 3322 4774 Ἰσραήλ.
3358 4720 3378 4754 ι
3410 4701 3520 4756 Καὶ
3547 4702 3720 4756 πάλιν

456 4790 591 4845 texit
627 4787 815 4844 domos
843 4787 1071 4842 ﬁliorum
1103 4784 1291 4843 lsrael.
1323 4803 1342 4838 ι
1370 4784 1721 4854 Rursumque
1747 4792 1870 4852 post
1895 4798 2029 4853 pau-

2151 4785 2184 4838 ἱέ
2217 4788 2333 4859 μετ’
2359 4789 2515 4859 ὀλίγα
2540 4808 2553 4821 ο
2605 4810 2624 4842 ι
2665 4789 2804 4846 Eine
2839 4794 2896 4848 δὲ
2936 4793 3140 4866 Κύριος
3179 4795 3316 4866 πρὸς
3344 4795 3590 4865 Μωῦσῆν
3619 4796 3723 4850 καὶ

450 4891 517 4931 ca
548 4875 638 4927 ὀε
677 4891 696 4925 ι
734 4873 974 4928 Locutus
1017 4881 1101 4927 est
1150 4881 1334 4927 autem
1382 4872 1642 4928 Dominus
1690 4874 1756 4928 ad
1806 4871 2025 4943 Moysen

2151 4880 2348 4952 Ἀαρὼν
2379 4883 2551 4953 λέγων
2569 4902 2583 4915 ·
2611 4881 2782 4950 Οὗτος
2808 4889 2837 4940 ὁ
2875 4887 3036 4958 νόμος
3065 4886 3158 4940 τοῦ
3201 4887 3390 4958 Πάσχα
3413 4905 3427 4918 ⁸
3463 4889 3582 4950 Πᾶς
3613 4888 3717 4941 ἀλ-

452 4976 508 5024 ct
540 4969 720 5034 Aaron
766 4964 992 5020 dicens:
1039 4962 1162 5017 llaec
1214 4973 1297 5019 est
1348 4965 1432 5018 lex
1478 4964 1799 5020 Paschalis:
1834 4963 2025 5020 Omnis

2151 4973 2354 5046 ιογενὴς
2396 4977 2496 5030 οὐκ
2543 4977 2718 5031 ἔδεται
2752 4979 2844 5033 ἀπ’
2899 4979 3081 5033 αὑτοῦ.
3142 4999 3161 5032 ι
3208 4981 3321 5035 Kal.
3370 4981 3531 5035 πάλιν
3589 4980 3718 5052 μετ’

453 5058 756 5130 alienigena
797 5071 862 5110 ex
903 5070 968 5110 eo
1011 5070 1115 5109 non
1168 5056 1504 5112 comedet“.
1528 5075 1547 5107 ι
1582 5053 1650 5108 Ει
1682 5070 1869 5110 rursus
1907 5063 2028 5124 post

2151 5061 2316 5132 ἱλίγα·
2357 5085 2376 5118 ι
2423 5067 2548 5121 Ἐὰν
2588 5069 2647 5123 δέ
2680 5087 2764 5133 τις
2791 5070 3063 5143 προσέλθῃ
3106 5070 3243 5142 πρὸς
3267 5072 3412 5142 ὑμᾶς
3433 5072 3718 5143 προσήλυ-

454 5161 624 5219 pauca
656 5165 672 5203 :
710 5163 730 5199 ι
761 5144 820 5201 Si
857 5144 983 5217 quis
1017 5155 1201 5202 autem
1231 5146 1532 5203 accesserit
1568 5147 1637 5201 ad
1665 5160 1760 5201 vos
1781 5145 2028 5219 prosely-

2151 5171 2244 5223 τος,
2279 5159 2375 5213 καὶ
2402 5163 2527 5232 ποιῇ
2565 5161 2628 5214 τὸ
2659 5162 2850 5232 Πάσχα
2877 5163 3106 5235 Κυρίου,
3137 5165 3510 5232 περιτεμεῖται
3537 5161 3717 5217 αὐτοῦ

563 5310 606 5340 ιδ
644 5309 831 5365 Matth.
873 5326 988 5376 vtn,
1028 5309 1061 5363 ι
1087 5327 1102 5373 ;
1133 5309 1297 5364 Marc.
1334 5326 1388 5378 v,
1424 5310 1517 5373 l7;
1552 5309 1680 5368 Luc.
1714 5323 1834 5373 vm,
1871 5310 1958 5362 l7.
2037 5312 2079 5343 ¹⁸
2107 5311 2264 5367 Joan.
2297 5329 2354 5380 lt,
2390 5315 2473 5368 ll.

457 5376 776 5434 ‘°ibid.tt.
885 5381 926 5414 η
955 5382 1084 5437 ibid.
1113 5380 1308 5444 26.27.
1373 5376 1750 5436 "°ibid.43.
1853 5381 1896 5411 ἰ
1926 5382 2058 5438 ibid.
2091 5383 2182 5437 te.

2617 5316 2663 5348 ‘“
2699 5316 2830 5373 ibid.
2863 5317 2950 5374 15.
3062 5317 3106 5349 ⁸⁷
3136 5315 3307 5375 Exod.
3333 5332 3427 5381 XII,
3456 5317 3552 5372 1οὸ
3580 5329 3710 5388 seq.

2214 5549 2324 5625 (te)
2357 5551 2583 5625 Ejzeir.
2619 5552 2802 5612 Codex
2830 5554 3173 5625 Bodleianus,
3209 5560 3258 5613 εί
3283 5553 3454 5616 εἶπεν.

2145 5623 2330 5747 mag?»
2372 5623 2500 5681 Haec
2546 5641 2610 5681 ex
2664 5625 3112 5698 interpretatione
3159 5623 3393 5688 Perionii
3449 5636 3744 5706 suppt.ri-

435 5553 442 5601 ἵ
529 5551 642 5623 (l0)
676 5550 922 5620 Χοίρων.
954 5551 1314 5610 Scribendum
1345 5552 1564 5623 videtur
1586 5549 1824 5623 χωρίων.

524 5620 638 5695 (tl)
671 5625 1160 5695 Πειραστατικόκ.
1193 5623 1282 5695 Sic
1323 5624 1508 5695 cedes
1533 5620 1892 5686 Bodleianns;
1932 5620 2041 5695 Re-

456 5691 1054 5768 gius,'_rrsptozattx6v.
1103 5692 1346 5768 liuetius
1376 5693 1587 5765 legebat
1639 5691 2040 5767 περιστατικά,

457 5761 558 5837 sex
594 5761 767 5828 οὓτως
805 5764 949 5818 κατὰ
985 5761 1080 5832 τὴν
1117 5761 1434 5831 θεραπείαν.
