3962 6206
1263 267 1617 338 COMMEN'I‘.
1656 282 1726 338 IN
1759 271 1956 338 tam.
2001 266 2246 340 Tomos
2283 273 2353 339 x.

3321 279 3425 342 530

202 395 291 456 πᾶν
325 399 628 472 ἀρσενικόν.
662 418 680 451 ι
722 398 1144 473 Παρατηρητέον
1171 401 1247 465 δὲ,
1285 402 1366 454 ὅτι
1407 403 1465 454 ἐν
1501 406 1568 476 τῇ
1592 405 1750 474 νομο-

1860 411 1964 468 tus,
1993 412 2050 458 et
2075 402 2270 459 fecerit
2305 401 2510 459 Pascha
2550 401 2784 468 Domini,
2830 401 3235 458 circumcidetis
3266 417 3428 458 omne

201 496 326 565 823i;
353 493 592 564 οὖδαμοῦ
617 493 856 562 λέγεται,
885 495 1076 564 Πάσχα
1117 496 1290 567 ὑμῶν,
1326 497 1442 551 ἀλλ’
1477 497 1622 558 ἅπαξ
1652 499 1748 568 μὲν

201 589 246 639 ἐν
265 581 335 648 οἷς
362 584 714 656 προεθέμεθα
743 587 911 656 χωρὶς
937 587 1118 658 πάσης
1147 588 1483 660 προσθήκης,
1526 591 1645 661 τρὶς
1669 591 1747 651 δὲ.

205 677 303 728 «Τὸ
333 676 524 744 Πάσχα
550 675 646 728 τοῦ
684 675 890 747 Κυρίου
934 695 951 727 ι
997 675 1140 748 Πρὸς
1167 677 1222 730 δὲ
1251 679 1312 732 τὸ
1344 678 1750 750 παραδέξασθαι
1789 671 1810 686 ”

199 766 318 820 τοῦθ’
343 767 516 830 οὕτως
543 767 690 836 ἔχειν
716 767 847 838 περὶ
876 768 968 838 τῆς
993 767 1255 838 διαφορᾶς
1289 769 1384 822 τοῦ
1430 771 1612 839 πάσχα
1644 771 1751 821 Κυ-

196 858 294 928 ρίου
318 857 410 911 καὶ
431 857 616 926 πάσχα
649 855 921 910 Ἰουδαίων
946 855 1142 926 ἴδωμεν
1163 856 1254 910 διαὶ
1269 858 1338 910 τὰ
1361 859 1418 910 ἐν
1439 855 1515 927 τῷ
1555 855 1618 908 Ἦ
1627 858 1751 928 satiat

192 949 362 1002 τοῦτον
394 949 484 1002 τὸν
508 947 711 1020 τρόπον
736 947 1031 1020 εἰρημένα·
1065 966 1084 999 ι
1119 946 1230 1011 Τὰς
1251 947 1550 1019 νουμηνίας
1573 946 1747 1017 ὑμῶν.

192 1041 271 1093 καὶ
295 1040 361 1092 τά
391 1039 650 1102 σάῦδατα,
687 1039 783 1092 καὶ
819 1039 1034 1110 ἡμέραν
1065 1038 1308 1109 μεγάλην
1333 1038 1430 1091 οὐκ
1462 1037 1747 1108 ἀνέχομαι·

189 1133 444 1202 νηστείαν,
477 1132 570 1185 καὶ
601 1130 805 1202 ἀργίαν
837 1132 932 1184 καὶ
976 1129 1075 1193 τὰς
1107 1129 1403 1200 νουμηνίας
1444 1127 1622 1197 ὑμῶν,
1655 1127 1750 1180 καὶ

187 1223 274 1285 τὰς
307 1223 498 1294 ἑορτάς
526 1222 681 1292 ὑμῶν
713 1225 863 1292 μισεῖ
893 1223 926 1293 ἡ
956 1221 1100 1292 ψυχή
1131 1238 1252 1292 μου.
1296 1241 1313 1270 ι
1346 1221 1458 1273 Οὐκ
1504 1219 1612 1272 ἴδια
1641 1218 1750 1289 γάρ

188 1313 366 1366 ἑαυτοῦ
407 1331 573 1384 φησιν
612 1316 640 1366 6
679 1313 883 1383 Κύριος
914 1314 982 1366 τὰ
1024 1311 1128 1366 ὑπὸ
1167 1312 1276 1365 τῶν
1325 1311 1750 1383 ἁμαρτανόντων

188 1405 582 1476 ἐπιτελούμενα,
610 1405 718 1458 ὑπὸ
744 1406 843 1475 τῆς
865 1404 1041 1476 ψυχῆς
1067 1403 1252 1469 αὑτοῦ,
1276 1405 1327 1457 εἴ
1348 1404 1431 1468 τίς
1458 1402 1587 1456 ποτέ
1610 1405 1746 1466 ἐστι,

191 1498 479 1566 μισούμενα
503 1498 636 1569 (I-l),
687 1496 811 1549 οὔτε
847 1496 947 1560 τὰς
983 1497 1301 1568 νουμηνίας,
1334 1495 1458 1550 οὔτε
1503 1497 1572 1550 τά
1615 1495 1747 1549 6&6-

188 1587 332 1649 ϐατα,
358 1584 481 1638 οὔτε
512 1586 725 1657 ἡμέραν
752 1585 1014 1656 μεγάλην,
1048 1585 1169 1640 οὔτε
1198 1586 1472 1659 νηστείαν,
1505 1585 1628 1640 οὗτε
1651 1585 1749 1649 τὰς

187 1677 388 1747 ἑορτάς.
443 1677 533 1731 Ἐν
606 1676 853 1747 μέντοιγε
908 1679 974 1747 τῇ
1037 1676 1326 1748 νομοθεσίᾳ
1375 1678 1474 1748 τῆς
1537 1677 1747 1742 Ἐξόδου

1852 493 2026 562 ipsius
2079 495 2470 550 masculinum.
2505 513 2525 546 ι
2559 493 2826 548 Czeterum
2860 483 2990 546 illud
3026 492 3425 546 observandum

1849 594 1955 648 est,
1987 590 2130 655 quod
2164 587 2216 639 iu
2249 586 2386 657 legis
2414 587 2697 640 sanctione
2731 585 2914 637 unllibi
2958 583 3192 648 dicatur,
3220 584 3424 639 Pascha

1851 684 2110 737 vestrum.
2144 676 2236 730 sed
2283 678 2334 730 in
2368 677 2451 731 bis
2485 692 2602 744 qua:
2633 675 2944 738 citavimus,
2973 660 3143 727 semel
3189 684 3426 738 tantum,

1855 785 1874 816 ι
1910 767 2138 832 Pascha,
2164 787 2182 819 ι
2225 768 2431 836 absque
2470 767 2578 820 ullo
2621 755 3020 831 additamenta,
3051 775 3108 818 et
3137 775 3237 827 ter,
3275 784 3293 816 ‹
3319 765 3426 820 Pa-

1850 859 1976 912 scha
2007 858 2239 912 Domini.
2272 877 2290 910 ι
2327 858 2394 914 Ut
2427 874 2555 911 vero
2589 845 2977 912 eonlirmemus
3010 846 3110 911 hoc
3133 857 3211 909 sic
3235 870 3294 909 se
3325 855 3425 908 ha»

1854 952 1981 1004 bere
2005 952 2072 1005 de
2100 950 2408 1005 diII'ereutia
2459 941 2744 1004 Paschalis
2776 949 2988 1003 Domini
3039 959 3096 1004 et
3141 946 3427 1002 Paschalis

1849 1042 2184 1106 Iudaeorum,
2215 1043 2499 1098 videamus
2526 1059 2648 1114 qius
2682 1043 2735 1097 in
2779 1043 2914 1096 Isaia
2943 1044 3084 1096 hunc
3114 1041 3168 1094 in
3207 1042 3424 1094 modum

1852 1144 1978 1190 sunt
2012 1137 2213 1205 scripta
2241 1129 2287 1169 “
2313 1153 2328 1189 :
2373 1155 2390 1185 ο
2421 1133 2711 1189 Novilunia
2765 1146 2968 1201 vestra,
2995 1143 3050 1189 et
3093 1133 3349 1195 Sabbata,
3373 1145 3428 1188 et

1853 1230 1994 1282 diem
2029 1245 2277 1297 magnam
2329 1245 2432 1282 non
2463 1228 2672 1292 tolero;
2701 1227 2986 1296 jejunium,
3016 1235 3072 1280 et
3110 1225 3424 1296 segnitiam,

1855 1328 1910 1374 et
1943 1311 2219 1374 novilnnia
2237 1329 2499 1382 vestra,et
2523 1319 2844 1374 festivitates
2870 1326 3080 1371 veSIras
3099 1317 3215 1372 odit
3242 1317 3425 1369 anima

1853 1427 1995 1465 mea.
2029 1429 2048 1462 ι
2091 1411 2311 1465 Minime
2335 1411 2478 1464 enim
2509 1414 2576 1465 ad
2609 1411 2846 1480 seipsum
2899 1410 3118 1478 proprie
3153 1409 3426 1476 pertinere

1853 1504 2027 1572 inquit
2066 1503 2326 1559 Dominus
2373 1519 2492 1573 qum
2539 1520 2566 1556 a
2625 1502 3006 1571 peccatoribus
3041 1500 3424 1570 perficiuntur.

1853 1595 2005 1667 [(l6)
2043 1597 2111 1652 ab
2155 1597 2335 1650 anima
2376 1595 2512 1661 ejus,
2546 1597 2588 1649 si
2624 1605 2744 1664 qua:
2783 1591 3000 1648 tandem
3048 1593 3136 1647 illa
3163 1602 3268 1656 est,
3300 1591 3428 1646 odio

1852 1686 2086 1760 habita,]
2127 1703 2234 1742 non
2262 1679 2559 1752 novilunia,
2597 1679 2976 1748 nonSabbata,
3008 1699 3113 1738 non
3136 1684 3279 1738 diem
3313 1699 3427 1736 ma-

189 1745 303 1840 περὶ
341 1745 616 1822 σαὸδάτου
659 1767 831 1822 ταῦτα
875 1745 1111 1837 uiuae
1161 1787 1180 1820 ι
1227 1745 1364 1822 Εἷπε
1407 1745 1463 1822 δὲ
1505 1771 1746 1841 Μωῡσῆς

1860 1797 2033 1850 gnam,
2073 1796 2176 1834 non
2225 1778 2516 1848 jejunium,
2565 1794 2672 1832 non
2726 1777 3070 1831 festivitates.
3105 1775 3338 1830 Rursum
3375 1774 3426 1829 in

192 1861 312 1929 πρὸς
357 1860 555 1923 αὐτούς
578 1877 594 1892 ·
645 1858 818 1913 Τοῦτο
856 1859 917 1912 τὸ
970 1859 1123 1930 ῥῆμα
1166 1858 1195 1912 ὃ
1233 1859 1460 1931 ἐλάλησε
1505 1859 1741 1932 Κύριος·

193 1956 426 2008 Σάὸεατα
473 1955 777 2017 ἀνάπαυσις
828 1952 956 2021 ἁγία
1001 1951 1078 2023 τῷ
1131 1953 1354 2025 Κυρίῳο
1405 1973 1424 2005 ι
1463 1955 1574 2007 Καὶ
1628 1954 1745 2025 μετ’

193 2049 359 2115 ὀλίγαο
423 2065 442 2098 ι
511 2043 645 2100 Eine
713 2046 768 2098 δὲ
817 2049 845 2100 6
896 2046 1152 2117 Μωῦσῆς·
1231 2047 1459 2116 Φάγετε,
1508 2049 1748 2121 σήμερον

195 2140 290 2210 γάρ
325 2141 438 2192 ἐστι
478 2139 727 2192 σάϐϐατα
758 2138 835 2209 τῷ
881 2139 1089 2210 Κυρίῳ.
1138 2158 1156 2192 ι
1201 2141 1311 2192 Καὶ
1359 2142 1416 2193 ἐν
1472 2141 1748 2212 ’Λριθμοῖς

195 2230 286 2299 πρὸ
329 2228 530 2281 τούτων
578 2227 664 2297 ἐφ’
710 2229 917 2300 ἑκάστῃ
956 2229 1116 2299 ἑορτῇ
1166 2217 1386 2294 θυσιῶν,
1433 2229 1509 2292 ὡς
1552 2231 1749 2302 ἑορτῆς

193 2319 344 2388 οὔσης
365 2319 506 2372 κατά
524 2319 616 2371 τὸν
649 2319 811 2389 νόμον
834 2319 928 2372 τοῦ
955 2318 1355 2390 ἐνδελεχισμοῢ,
1386 2322 1479 2374 καὶ
1513 2322 1750 2392 ἑκάστης

195 2416 409 2486 ἡμέρας,
459 2413 631 2467 ταῦτα
672 2413 1000 2484 γέγραπταιο
1059 2431 1076 2464 ι
1128 2413 1238 2466 Καὶ
1277 2412 1505 2484 ἐλάλησε
1544 2413 1748 2487 Κύριος

198 2509 319 2583 πρὸς
358 2507 597 2577 Μωῦσῆν
617 2523 631 2536 '
678 2505 1032 2575 Ἀπάγγειλαι
1057 2508 1170 2569 τοῖς
1204 2507 1341 2570 υἱοῖς
1383 2505 1622 2578 Ἰσραὴλ,
1657 2505 1750 2561 καὶ

196 2602 326 2671 ἐρεῖς
355 2600 488 2672 πμ
511 2600 708 2663 αὐτοὺς
733 2599 924 2668 λέγων’
953 2598 1033 2652 Τὰ
1059 2598 1208 2671 δῶρά
1234 2617 1358 2670 μου,
1388 2594 1599 2671 δόματά
1625 2619 1748 2672 μου,

195 2693 522 2765 παρπώματά
572 2710 675 2764 μου
728 2693 808 2754 εἰς
871 2691 1041 2762 ὀσμὴν
1098 2681 1324 2754 εὐωδίας
1389 2689 1749 2765 διατηρήσετε

196 2786 509 2858 προσφέρειν
546 2801 636 2854 μοι
669 2785 726 2836 ἐν
761 2787 880 2847 ταῖς
908 2785 1117 2854 ἑορταῖς
1143 2801 1266 2854 μου.
1298 2785 1408 2836 Καὶ
1445 2787 1588 2856 ἐρεῖς
1615 2785 1750 2856 πρὸς

193 2879 403 2940 αὐτούς·
445 2877 628 2930 Ταῦτα
669 2877 739 2929 τά
779 2875 1149 2948 καρπώματα,
1194 2877 1296 2930 ὅσα
1338 2879 1640 2949 προσάξετε
1671 2873 1748 2950 τῷ

195 2970 386 3041 Κυρίῳ.
417 2990 436 3022 ι
482 2969 637 3032 ’ἰδίας
665 2968 776 3039 γὰρ
797 2967 987 3039 ἑορτάς
1010 2968 1280 3039 ὠνόμασε,
1304 2969 1399 3022 καὶ
1429 2970 1490 3022 οὐ
1523 2969 1631 3022 τῶν
1666 2987 1750 3023 νο-

1853 1873 2194 1942 legislatione
2238 1873 2405 1927 Exodi
2461 1871 2575 1925 hate
2627 1873 2695 1925 de
2736 1867 2978 1924 Sabbato
3033 1869 3292 1923 dicuntur
3333 1867 3424 1922 ¹³ι

1857 1985 1875 2019 ι
1907 1967 2052 2021 Dixit
2080 1975 2258 2020 autem
2290 1956 2501 2036 Moyses
2529 1964 2596 2018 ad
2623 1979 2718 2018 eos
2749 1981 2762 2017 :
2789 1953 2900 2018 Hoc
2921 1971 3005 2018 est
3035 1961 3254 2016 verbum
3280 1961 3424 2032 quod

1854 2058 2063 2112 locutus
2089 2068 2172 2112 est
2193 2045 2490 2111 Dominus:
2524 2053 2764 2108 Sabbata
2793 2055 3012 2124 requies
3045 2065 3232 2108 saneta
3267 2063 3430 2109 erunt

1855 2148 2102 2200 Domino.
2126 2165 2143 2198 ι
2181 2146 2245 2200 Et
2277 2153 2397 2215 post
2425 2161 2594 2215 pauca
2623 2143 2706 2198 ’δε
2742 2163 2760 2194 ι
2789 2141 2936 2198 Dixit
2965 2155 3144 2198 autem
3179 2144 3425 2215 Moyses:

1852 2232 2155 2304 Comedite,
2185 2227 2345 2294 hodie
2394 2239 2538 2294 enim
2573 2249 2697 2293 sunt
2735 2231 2975 2292 Sabbala
3031 2239 3276 2291 Domino.
3310 2256 3328 2290 ι
3365 2237 3430 2290 Et

1856 2333 1908 2386 in
1935 2330 2213 2398 Numeris,
2263 2339 2391 2386 ante
2427 2332 2525 2386 bas
2572 2331 2822 2386 victimas
2855 2345 2977 2400 qua:
3021 2329 3327 2384 offeruntur
3372 2329 3426 2383 in

1853 2424 2082 2494 singulis
2134 2422 2540 2489 festivitatibus,
2572 2422 2799 2493 perinde
2847 2421 3005 2491 quasi
3059 2421 3257 2491 singuli
3313 2421 3430 2474 dies

1857 2509 1976 2570 festi
2033 2517 2142 2569 sint
2185 2513 2340 2583 juxta
2390 2515 2562 2585 legem
2611 2513 2996 2569 eudelechismi
3045 2511 3135 2584 [id
3167 2523 3250 2567 est
3281 2511 3427 2582 iugis

1851 2603 2204 2680 oblationis],
2249 2607 2366 2663 haec
2411 2607 2616 2678 scripta
2659 2608 2891 2662 sunt":
2932 2625 2953 2659 ι
2987 2606 3054 2661 Ει
3091 2606 3303 2662 locutus
3345 2619 3431 2660 est

1857 2699 2113 2755 Dominus
2151 2699 2220 2754 ad
2262 2697 2481 2769 Moysen
2515 2706 2528 2752 ':
2560 2698 2827 2752 Renuntia
2864 2695 2989 2752 Iiliis
3031 2696 3216 2762 Israel,
3259 2707 3308 2748 et
3346 2695 3428 2751 Ιο-

1855 2809 2021 2864 quere
2047 2792 2113 2847 ad
2137 2806 2250 2856 eos,
2269 2792 2456 2846 dicens
2483 2809 2496 2844 :
2533 2780 2844 2856 Donaiuea,
2870 2803 3096 2844 munera
3126 2777 3432 2848 mea,obla-

1855 2887 2029 2940 tiones
2077 2900 2227 2938 meas
2275 2883 2328 2937 iu
2387 2883 2614 2936 odorem
2668 2879 2957 2936 suavitatis
3009 2879 3433 2949 perseverabitis

1853 2977 2052 3033 offerre
2092 2977 2223 3031 mibi
2281 2975 2335 3029 in
2391 2973 2782 3030 festivitatibus
2819 2974 2976 3028 meis.
3024 2974 3090 3027 Et
3123 2973 3270 3028 dices
3309 2974 3430 3028 eis:

195 3063 614 3134 μοθετουμένων,
663 3061 760 3124 τὰς
801 3061 1123 3148 ἐκκειμένας
1165 3063 1222 3113 ἐν
1264 3064 1330 3132 τῇ
1386 3063 1598 3133 Γραφῇ,
1651 3063 1748 3116 καὶ

1860 3071 1948 3125 llte
1987 3079 2116 3124 sunt
2147 3067 2476 3132 oblationes,
2502 3080 2638 3134 quas
2679 3063 2926 3120 oll’eretis
2962 3065 3212 3122 Domino.
3239 3084 3259 3118 ι
3302 3065 3434 3134 Quae

195 3146 332 3225 δῶρα
353 3154 538 3219 αὑτοῦ,
564 3155 660 3206 καὶ
685 3149 890 3222 δόματα
915 3142 1102 3206 αὑτοῦ.
1133 3153 1356 3223 Ὅμοιον
1381 3153 1437 3205 δέ
1461 3163 1514 3206 τι
1539 3154 1750 3218 τούτοις

193 3248 302 3300 ἐστὶ
343 3248 435 3300 καὶ
475 3246 605 3318 περὶ
655 3245 749 3298 τοῦ
783 3245 911 3298 λαοῦ
945 3248 1002 3298 ἐν
1056 3247 1122 3316 τῇ
1165 3244 1357 3316 Ἐξόδῳ
1406 3247 1756 3317 ἀναγεγραμ-

199 3339 370 3408 μένον,
397 3341 544 3402 ὅστις
588 3337 694 3390 ὑπὸ
733 3335 830 3389 τοῦ
861 3337 994 3390 Θεοῦ
1043 3336 1172 3400 ἴδιος
1209 3333 1350 3391 εἶναι
1386 3338 1637 3408 λέγεται,
1666 3340 1754 3392 ὅτε

198 3430 266 3501 μὴ
295 3432 614 3503 ἁμαρτάνειδ
643 3427 1034 3500 ἀποκηρύττων
1063 3427 1120 3481 δὲ
1156 3428 1317 3482 αὐτὸν
1353 3429 1410 3480 ἐν
1450 3431 1514 3500 τῇ
1565 3447 1757 3500 μοσχο-

197 3524 337 3594 maia.
373 3523 498 3575 λαὸν
533 3519 814 3584 Μωῦσὲως
849 3514 1096 3591 ὠνόμασε
1118 3538 1132 3552 ο
1154 3540 1172 3572 ι
1199 3513 1344 3590 Πρὸς
1362 3522 1468 3594 γάρ
1535 3521 1636 3591 μὲν
1667 3521 1756 3574 τὸν

195 3613 380 3684 Φαραὼ
429 3615 609 3684 ἐρεῖς,
665 3609 826 3683 φησί·
868 3611 1004 3665 Τάδε
1058 3609 1210 3678 λέγει
1261 3612 1496 3684 Κύριος·
1554 3612 1756 3679 ἑξαπό-

201 3705 390 3758 στειλον
417 3707 508 3758 τὸν
532 3704 660 3757 λαόν
686 3721 804 3773 μου,
832 3703 916 3756 ἵνα
937 3703 1210 3775 λατρεύσῃ
1242 3722 1330 3774 μοι
1355 3707 1412 3758 ἐν
1437 3707 1503 3775 τῇ
1539 3707 1732 3776 ἐρήμῳ

198 3793 284 3846 ἐὰν
321 3796 378 3849 δὲ
420 3789 493 3867 μὴ
535 3795 700 3867 βούλῃ
737 3796 1113 3860 ἐξαποστεῖλαι
1156 3796 1248 3850 τὸν
1298 3797 1423 3851 λαόν
1473 3815 1596 3867 μου,
1645 3791 1752 3851 ἰδοὺ

200 3887 297 3956 ἐγὼ
338 3889 712 3956 ἐξαποστέλλω
737 3890 828 3941 ἐπί
875 3888 954 3951 σὲ,
999 3889 1094 3942 καὶ
1128 3889 1222 3941 ἐπὶ
1260 3890 1386 3952 τοὺς
1423 3885 1758 3961 Θεράποντάς

200 3995 303 4044 σου,
343 3979 436 4033 καὶ
475 3981 569 4033 ἐπὶ
606 3980 698 4032 τὸν
726 3979 854 4032 λαόν
880 3996 995 4043 σου,
1032 3980 1126 4032 καὶ
1163 3979 1255 4030 ἐπὶ
1287 3980 1412 4042 τοὺς
1445 3979 1626 4042 οἴκους
1662 3995 1756 4031 σου

199 4072 504 4142 κυνόμυιαν,
549 4071 643 4125 καὶ
679 4070 1078 4142 πλησθήσονται
1120 4072 1176 4124 αἱ
1229 4062 1398 4124 οἰκίαι
1443 4069 1550 4122 τῶν
1594 4072 1759 4141 Αἰγυ-

203 4167 358 4219 πτίων
383 4166 481 4236 τῆς
505 4164 824 4234 κυνομυίας,
856 4165 949 4216 καὶ
995 4165 1073 4226 είς
1095 4163 1193 4234 τὴν
1219 4155 1340 4233 γῆν,
1381 4163 1465 4232 ἐφ’
1500 4157 1568 4232 ἧς
1596 4165 1756 4228 εἰσιν,

203 4258 274 4308 ἐπ’
303 4258 489 4327 αὐτῆς·
516 4258 611 4311 καὶ
636 4254 995 4327 παραδοξάσω
1018 4257 1084 4324 τῇ
1109 4246 1291 4325 ἡμέρᾳ
1319 4255 1500 4326 ἐκείνῃ
1527 4255 1626 4326 τὴν
1655 4255 1759 4326 γῆν

205 4347 381 4418 Γεσὲμ,
424 4348 510 4418 ἐφ’
543 4343 610 4418 ἦς
639 4350 667 4400 6
703 4339 830 4408 λαός
862 4357 963 4416 μου
1001 4343 1220 4396 ἔπεστιν
1254 4345 1340 4396 ἐπ’
1366 4345 1554 4416 αὐτῆς,
1595 4345 1680 4415 ἐφ’
1715 4337 1760 4414 ᾧ

1858 3161 2002 3216 enim
2033 3157 2298 3230 exposita!
2325 3166 2451 3212 sunt
2482 3157 2533 3210 in
2569 3147 2861 3225 Scriptura
2893 3156 3238 3222 feStiviIates,
3280 3173 3432 3222 suas,

1859 3267 1965 3305 non
2000 3264 2213 3312 eorum,
2242 3248 2439 3316 quibus
2457 3247 2554 3316 lex
2583 3247 2836 3314 traditur,
2861 3247 3186 3318 appellavit;
3213 3259 3266 3303 et
3293 3251 3432 3305 dona

1858 3359 1954 3399 sua
1997 3356 2206 3412 suaque
2271 3345 2516 3394 munera.
2564 3325 2660 3394 His
2711 3352 2895 3394 autem
2944 3341 3202 3408 quiddam
3259 3343 3436 3397 simile

1857 3436 2119 3504 scriptum
2153 3442 2237 3488 est
2283 3429 2337 3486 in
2374 3423 2561 3487 Exodo
2591 3431 2659 3486 de
2693 3432 2913 3503 populo,
2950 3433 3112 3505 175,
3137 3449 3296 3502 quem
3335 3437 3435 3490 Do-

1863 3516 2041 3580 minus
2066 3537 2167 3579 uOu
2201 3533 2514 3595 peccantem
2547 3538 2704 3578 suu.n
2727 3539 2848 3578 esse
2881 3540 3006 3579 cum
3035 3526 3284 3591 dixisset,
3316 3542 3436 3580 rur-

1860 3634 1954 3672 sus
2003 3619 2290 3680 eumdem,
2330 3617 2456 3686 quia
2506 3615 2732 3669 vitulum
2780 3613 3104 3678 conflasset,
3151 3616 3434 3680 abdicans,

1861 3697 2058 3777 Moysis
2085 3709 2342 3777 pepulqu
2365 3706 2688 3760 uoruinavit.
2731 3723 2750 3756 ι
2773 3706 2850 3760 Ad
2886 3705 3228 3760 Pharaonem
3265 3708 3434 3767 enim,

1862 3799 2122 3865 inquit",
2173 3800 2319 3852 dices
2358 3816 2370 3851 :
2401 3796 2524 3850 Ilaec
2575 3796 2707 3850 dicit
2751 3796 3007 3851 Dominus
3041 3812 3056 3850 ι
3093 3797 3314 3852 Dimitte
3340 3813 3438 3866 pov-

1863 3891 2045 3962 pulmtt
2084 3905 2286 3954 meum,
2313 3899 2370 3942 ut
2393 3888 2669 3944 sacrificet
2695 3881 2826 3942 mihi
2859 3888 2910 3942 iu
2937 3888 3157 3943 deserto
3184 3903 3200 3942 :
3231 3889 3276 3944 si
3311 3905 3440 3944 vero

1865 3982 2105 4038 uolueris
2139 3981 2418 4034 dimittere
2448 3979 2708 4050 populum
2735 3993 3086 4043 meum,ecee
3109 3994 3207 4050 ego
3229 3980 3436 4034 mittam

1865 4077 1916 4129 in
1954 4085 2024 4140 te,
2063 4084 2118 4128 et
2148 4073 2206 4127 in
2244 4087 2435 4127 servos
2466 4083 2606 4134 tuos,
2640 4080 2695 4126 et
2723 4071 2776 4124 in
2813 4069 3070 4141 populum
3107 4077 3355 4134 tuum,et
3385 4072 3438 4125 iu

1863 4167 2052 4217 domos
2084 4171 2204 4215 tuas
2245 4175 2462 4214 muscas
2489 4161 2734 4228 caninas,
2773 4169 2828 4214 et
2859 4160 3227 4231 implebuntur
3250 4162 3442 4216 domus

1862 4253 2245 4326 Egyptiorum
2291 4252 2493 4307 muscis
2533 4252 2767 4316 caninis,
2807 4252 2946 4304 etin
2983 4261 3210 4315 terram,
3242 4252 3291 4304 in
3334 4266 3440 4320 qua

1865 4359 2010 4407 sunt,
2039 4347 2090 4399 iu
2121 4361 2182 4399 ea
2211 4340 2500 4400 immittam
2528 4361 2542 4397 :
2575 4353 2628 4397 et
2660 4343 2978 4412 glorilicabo
3005 4344 3055 4396 iu
3089 4343 3175 4395 die
3203 4341 3291 4395 illa
3322 4351 3439 4396 ter-

203 4440 289 4490 οὐκ
315 4441 426 4492 ἐστι
453 4437 746 4508 κυνόμυια,
783 4437 868 4490 ῖνα
889 4427 1057 4507 εἰδῇς,
1083 4436 1164 4488 ὅτι
1188 4434 1298 4503 ἐγώ
1325 4437 1440 4506 εἰμι
1484 4437 1706 4510 Κύριος,
1729 4440 1754 4492 6

1865 4452 1982 4496 ram
2014 4433 2236 4503 Cesem,
2263 4439 2314 4492 in
2351 4453 2458 4508 qua
2485 4437 2717 4506 populus
2756 4450 2910 4490 meus
2941 4435 3100 4499 inest,
3132 4443 3357 4515 eatenus
3385 4443 3441 4484 ut

204 4530 386 4601 Κύριος
417 4531 599 4599 πάσης
619 4529 719 4597 τῆς
746 4526 867 4594 γῆς.
901 4528 1012 4579 Καὶ
1034 4524 1189 4578 δώσω
1217 4527 1500 4597 διαστολὴν
1527 4530 1629 4583 ἀνὰ
1672 4529 1759 4600 μέ-

207 4635 284 4671 σον
307 4621 394 4672 τοῦ
421 4617 556 4689 ἐμοῦ
592 4617 742 4670 λαοῦ.
770 4616 911 4686 Πρὸς
937 4615 993 4668 δὲ
1015 4615 1106 4668 τὸν
1139 4616 1376 4669 Μωῡσέα
1403 4617 1631 4688 ὲλάλησε
1653 4613 1758 4671 Κύ-

208 4728 304 4779 ριος
327 4711 516 4780 λέγων’
548 4709 761 4773 Βάδιζε,
788 4706 1056 4778 κατάϐηθι
1079 4708 1140 4760 τὸ
1169 4707 1354 4779 τάχος,
1383 4709 1624 4781 ὴνόμησε
1650 4710 1759 4783 γὰρ

205 4803 228 4853 6
264 4802 377 4865 λαός
403 4819 521 4866 σου,
565 4801 657 4863 οὓς
679 4798 946 4870 ἐξήγαγες
991 4800 1055 4851 ἐκ
1103 4800 1206 4870 γῆς
1231 4800 1342 4871 (15)
1389 4802 1685 4870 Αἰγύπτου.
1736 4821 1755 4853 ι

206 4892 392 4966 Ὠσπερ
432 4889 529 4946 οὖν
567 4895 596 4944 6
637 4891 765 4954 λαὸς
814 4891 890 4961 μὴ
932 4891 1264 4962 ἁμαρτάνων
1307 4893 1425 4961 μὲν,
1477 4893 1572 4946 τοῦ
1621 4889 1757 4948 Θεοῦ

201 4983 350 5048 ἐστιν,
409 4982 744 5054 ἁμαρτάνων
782 4982 840 5035 δὲ
877 4983 977 5036 οὐκ
1022 4983 1100 5036 ἔτι
1133 4983 1351 5051 λέγεται
1399 4982 1536 5039 εἶναι
1569 4987 1756 5040 αὐτοῦ’

199 5075 326 5128 οὕτω
371 5077 469 5128 καὶ
513 5076 572 5126 αἱ
614 5073 820 5145 ἑορταὶ,
869 5074 960 5126 ὅτε
1011 5074 1110 5144 μὲν
1161 5075 1444 5144 μισοῦνται
1497 5077 1602 5128 ὑπὸ
1660 5078 1761 5148 τῆς

199 5169 278 5222 τοῦ
304 5168 512 5240 Κυρίου
555 5165 754 5236 ψυχῆς,
783 5164 892 5217 τῶν
917 5167 1339 5236 ἁμαρτανόντων
1383 5167 1520 5220 εἰσὶν
1555 5169 1758 5238 ἑορταί·

290 5287 333 5315 "
362 5286 472 5337 Isa.
505 5298 548 5346 ι,
585 5281 673 5341 l5.
711 5281 800 5335 I4.
897 5279 948 5312 ”
976 5280 1148 5339 Exod.
1183 5283 1407 5344 “1.23.
1485 5283 1530 5314 "
1556 5283 1688 5340 ibid.
1713 5283 1808 5339 25.

199 5354 234 5383 ’⁷
259 5355 428 5408 Exod.
463 5367 642 5416 xuii,
669 5350 723 5402 7.

258 5467 367 5534 (14)
410 5464 552 5518 Ὑπὸ
591 5460 703 5530 τῆς
727 5460 946 5534 ,ψυχῆς
981 5464 1193 5525 αὑτοῦ,
1219 5461 1404 5534 εἴτις
1443 5463 1586 5516 ποτέ
1608 5463 1758 5534 ἐστι,

196 5533 550 5606 μισούμενα,
601 5533 1021 5606 Equidemdtwc
1047 5542 1267 5606 exstant
1292 5533 1342 5606 tu
1373 5535 1570 5606 codd.”
1590 5533 1758 5602 liegio

200 5619 241 5657 ιτι
267 5601 584 5663 Βέιιῖυατίηο,
617 5601 712 5655 sed
745 5601 1121 5655 desiderantur
1142 5602 1192 5654 in
1223 5601 1409 5656 codice
1439 5601 1756 5666 Bodleiano,

197 5691 341 5742 quem
376 5685 608 5729 Sl‘CUlUS
640 5682 725 5725 est
767 5670 1077 5734 Ferrarius,
1115 5672 1384 5742 itumerito
1409 5672 1656 5740 culpatus
1689 5673 1756 5725 ab

1869 4532 1922 4584 in
1960 4530 2046 4584 illa
2105 4547 2208 4585 non
2261 4531 2329 4585 sit
2380 4545 2563 4583 musca
2601 4526 2797 4581 canina
2831 4540 2846 4579 :
2887 4534 2944 4578 ut
3001 4527 3144 4580 scias
3183 4524 3438 4594 quoniam

1867 4635 1968 4689 ego
1991 4637 2108 4674 sum
2131 4617 2410 4684 Dominus,
2440 4617 2978 4671 Dnuiiuusnniversze
3005 4625 3184 4668 teme.
3211 4613 3276 4668 Et
3299 4616 3440 4669 dabo

1866 4705 2230 4764 differentiam
2286 4709 2427 4761 inter
2473 4706 2727 4776 populum
2781 4719 2983 4758 meum.
3011 4735 3082 4744 —
3111 4707 3188 4759 Ad
3217 4705 3437 4776 Moysen

1867 4809 2048 4854 autem
2078 4798 2288 4853 locutus
2315 4809 2398 4852 est
2434 4796 2716 4858 Domiutts,
2737 4791 2962 4848 dicens:
2986 4790 3149 4859 Vade,
3176 4798 3440 4852 descende

1865 4891 2140 4956 celeriter,
2201 4889 2364 4958 impie
2420 4887 2564 4942 enim
2615 4886 2782 4956 gessit
2835 4885 3061 4956 populus
3114 4897 3254 4955 tuus,
3303 4904 3442 4958 quos

1866 4983 2099 5036 eduxisti
2129 4996 2194 5035 ex
2225 4990 2364 5033 terra
2396 4973 2612 5049 Egypti
2635 4977 2702 5032 ’⁷.
2741 4996 2760 5030 θ
2798 4978 3155 5046 Quamobrem
3181 4991 3236 5033 ut
3272 4996 3440 5051 popu-

1871 5073 1956 5127 lus
2008 5089 2116 5127 non
2163 5087 2397 5144 peccans
2450 5069 2678 5140 pupulus
2713 5071 2804 5126 Dei
2848 5083 2952 5136 est,
2979 5087 3216 5142 peccans
3253 5083 3435 5126 autem

1871 5181 1977 5220 non
2007 5165 2135 5218 item
2161 5182 2176 5224 ;
2203 5165 2274 5217 ita
2301 5175 2352 5217 et
2380 5164 2732 5228 festivitates,
2760 5178 2884 5217 cum
2909 5162 3119 5217 Domini
3144 5164 3321 5217 anima
3345 5178 3439 5216 eas

1884 5283 1930 5314 ”
1961 5281 2118 5336 Num.
2150 5295 2353 5345 xxvm,
2389 5280 2412 5332 I
2446 5291 2498 5334 et
2519 5296 2635 5350 seq.
2712 5279 2756 5310 ⁸⁸
2790 5279 2960 5332 Exod.
2987 5293 3104 5344 vllt,
3135 5276 3198 5330 2|
3235 5287 3289 5332 et
3317 5292 3438 5346 seq.

1871 5474 2044 5603 “1.15)
2094 5534 2188 5585 Ἐκ
2230 5529 2359 5603 γῆς.
2395 5532 2552 5603 Deest
2586 5531 2638 5585 in
2684 5532 2919 5587 editione
2953 5531 3157 5598 lluetii,
3216 5533 3308 5587 sed
3343 5545 3441 5587 exe

1863 5601 1975 5658 stat
2002 5601 2056 5656 in
2095 5603 2282 5657 codii-e
2317 5601 2630 5656 Bodleiano.

1926 5673 2039 5743 (16)
2070 5671 2194 5726 Haec
2232 5674 2285 5724 in
2315 5669 2634 5726 Ferrariana
2669 5671 3112 5741 interpretatione
3131 5671 3438 5730 desiderata

199 5741 397 5810 lluetio,
449 5744 610 5813 quasi
650 5757 711 5796 ea
754 5742 970 5812 Urigeni
1028 5741 1339 5811 gratificans
1393 5742 1755 5811 praatermise‘
1855 5741 2242 5814 stippleviiiitis.

506 5839 775 5896 Parnm.
838 5840 956 5900 Gn.
1015 5837 1188 5898 XIV.

2923 5830 2986 5898 11
