3962 6206
496 288 617 342 555
1548 317 1553 321 -
1961 288 2281 354 (ιῐιιιξιῖκιε

3654 299 3765 355 δ’-ιθ

505 409 629 473 scit,
684 409 828 480 quod
877 423 1001 465 vera
1041 409 1207 474 dicat,
1256 418 1314 465 ut
1359 421 1413 467 et
1464 428 1560 468 vos
1606 413 1863 470 credatis.
1914 415 2053 469 Fact:

2180 412 2390 482 Πάσχα,
2441 410 2665 465 καὶτῶν
2701 407 2981 482 Ἀζύμων,
3026 407 3493 480 ἐξετασθησόμενα
3540 406 3648 473 δὲ,
3686 410 3766 474 ὡς

505 508 633 556 sunt
660 501 807 556 enim
849 502 985 569 haec,
1020 510 1083 556 ut
1113 499 1395 572 Scriptura
1447 504 1764 576 impleretur
1800 524 1814 560 :
1854 508 1928 563 οε
1960 522 2066 562 non

506 593 872 648 comminuetis
936 607 1003 647 ea:
1056 606 1138 646 eo.
1194 613 1213 647 ι
1276 595 1414 661 Quitt
1467 596 1570 651 alia
1614 598 1898 652 innumera
1941 606 2068 651 sunt

504 691 698 754 praeter
723 682 836 737 haec
885 684 953 737 ad
989 683 1275 741 lectionem
1312 687 1556 756 Apostoli
1593 687 1979 749 examinanda.
2012 699 2067 743 et

501 776 567 830 de
595 772 885 842 Paschate,
928 783 982 830 et
1007 776 1073 831 de
1102 775 1306 846 azymis
1336 793 1349 830 :
1385 779 1744 833 examinanda
1774 788 1977 844 autem,
2009 791 2067 834 ιιι

505 876 664 921 antea
688 866 946 931 diximus,
980 867 1276 937 scriptione
1305 880 1561 925 accurata
1587 870 1886 940 longissimi
1917 872 2062 927 libri.

501 956 654 1012 Nunc
679 968 859 1013 autem
883 960 1045 1015 veluti
1073 976 1170 1031 per
1193 962 1572 1032 compendium
1598 963 1714 1017 hrec
1742 963 1794 1017 in
1825 965 2061 1018 medium

498 1049 811 1114 aﬂ’crentes.
842 1066 962 1120 quae
986 1063 1247 1122 apparent
1286 1056 1451 1110 dubia
1481 1066 1702 1125 propter
1728 1057 2060 1126 prapositam

498 1139 803 1206 lectionem,
845 1142 925 1197 sic
949 1142 1159 1199 solvere
1185 1145 1533 1209 tentabimus,
1577 1144 1710 1199 illud
1749 1145 1911 1199 etiam
1945 1159 2060 1199 tne-

497 1236 672 1290 tnnria
721 1242 1066 1302 repetentes:
1117 1251 1135 1285 ι
1173 1231 1272 1288 llic
1302 1244 1389 1289 est
1429 1234 1521 1290 ille
1565 1236 1753 1306 Agnus
1804 1234 1919 1297 Dei,
1969 1235 2060 1304 qui

482 1327 644 1382 tollit
672 1334 950 1395 peccatum
978 1322 1160 1378 mundi
1196 1323 1263 1389 ³⁸,
1302 1341 1322 1376 ι
1362 1324 1613 1393 quoniam
1640 1333 1695 1379 et
1718 1325 1771 1379 in
1803 1323 2062 1380 Paschate

490 1432 520 1470 ‘t
559 1433 625 1473 ex
654 1416 810 1487 agnis
843 1435 865 1469 ι
920 1414 1121 1485 inquit,
1161 1432 1180 1467 ι
1220 1423 1275 1467 et
1302 1414 1467 1469 haedis
1495 1414 1723 1469 sutuetis
1746 1414 1812 1469 δ’.
1849 1434 1868 1468 ι
1908 1414 2063 1469 Vide-

496 1519 583 1565 tur
635 1507 795 1561 etiam
825 1502 1063 1558 Joannes
1091 1502 1424 1572 evangelista
1469 1518 1592 1559 cum
1632 1502 1801 1558 Paulo
1830 1519 2062 1560 consen-

497 1601 641 1655 tiens
668 1595 867 1652 sintilia
900 1593 1060 1650 dubia
1087 1594 1286 1647 habere
1312 1595 1379 1648 de
1408 1594 1490 1649 his
1511 1609 1631 1663 quae
1659 1610 1689 1648 a
1718 1595 1873 1648 nobis
1902 1595 2057 1648 inda-

478 1700 615 1762 ‘gata
647 1697 794 1744 sum.
827 1687 1118 1741 Dicendum
1153 1692 1332 1739 autem
1367 1694 1453 1741 est
1474 1687 1541 1740 ad
1567 1687 1692 1754 hoc,
1721 1687 1768 1740 si
1811 1705 1831 1739 ι
1864 1685 2058 1742 Sermo

2168 494 2592 574 προειρήκαμεν,
2615 501 3027 575 προηγουμένης
3051 499 3369 554 πολυὸἰδλου
3395 501 3760 574 συγγραφῖἱς.

2167 597 2280 650 Νῦν
2320 597 2377 650 δὲ
2405 597 2480 660 ὡς
2525 599 2584 651 ὲν
2625 598 2858 667 ἐπιτομῇ
2906 594 2995 648 διὰ
3040 594 3139 664 τὴν
3184 593 3557 663 προκειμένην
3607 593 3763 659 λέξιν

2166 686 2337 741 ταῦτα
2372 686 2738 759 παραθέμενοι
2762 727 2777 752 ,
2812 685 2879 740 τὰ
2925 684 3221 756 φαινόμενα
3257 685 3330 748 ὡς
3381 685 3440 737 ἐν
3485 684 3794 757 βραχέσιν

2164 776 2305 832 οὕτω
2343 777 2493 833 λύειν
2543 777 2950 851 πειρασόμεθα,
2993 775 3430 847 ὑπομνησθέντες
3478 777 3579 830 καὶ
3621 775 3757 829 τοῦο

2173 887 2194 917 ι
2222 863 2388 934 Οὗτός
2416 868 2816 943 ἐστινόἋμνδς
2847 869 2940 923 τοῦ
2974 867 3130 933 Θεοῦ,
3173 870 3202 921 6
3235 868 3405 939 αἴρων
3437 867 3537 939 τὴν
3566 869 3758 938 ἁμαρ-
3866 872 3877 887 ⁸

2164 959 2285 1015 τίαν
2314 959 2408 1013 τοῦ
2434 959 2662 1031 κόσμου,
2711 979 2729 1011 ι
2761 960 2881 1013 ἐπεὶ
2910 959 3003 1013 καὶ
3024 960 3082 1012 ἐν
3108 957 3186 1030 τῷ
3218 958 3408 1029 Πάσχα
3443 976 3463 1009 ι
3496 959 3617 1014 ἀπὸ
3645 957 3759 1010 τῶν

2163 1049 2381 1122 ἀμνῶν,
2425 1053 2594 1123 φησι,
2645 1052 2740 1106 καὶ
2786 1051 2893 1105 τῶν
2943 1050 3148 1123 ἐρίφων
3210 1049 3465 1122 λήψεσθε.
3522 1069 3542 1101 ι
3597 1049 3761 1115 Δόξει

2163 1143 2256 1196 καὶ
2278 1140 2388 1212 (33)
2417 1144 2446 1196 ὁ
2467 1142 2852 1215 εὐαγγελιστὴς
2880 1143 3119 1214 συνᾴδων
3143 1140 3221 1213 τῷ
3243 1140 3440 1212 Παύλῳ
3462 1140 3763 1204 τοιαύταις

2163 1232 2439 1302 ἐνέχεσθαι
2476 1233 2585 1289 τῶν
2627 1233 3010 1307 ἐξητασμένων
3070 1232 3344 1305 ἀπορίαις.
3379 1230 3629 1285 Λεκτέον
3679 1231 3760 1295 δὲ,

2160 1322 2262 1386 ὅτι,
2299 1323 2347 1376 εί
2383 1342 2401 1374 ι
2454 1323 2511 1378 '0
2539 1325 2708 1395 Λόγος
2746 1325 2937 1396 γέγονε
2979 1323 3138 1397 σὰρξ,
3182 1342 3200 1375 ι
3236 1319 3333 1377 καί
3380 1340 3547 1394 φησιν
3579 1324 3612 1376 6
3641 1324 3761 1376 Κύ-

2162 1430 2295 1485 ριος,
2332 1434 2352 1467 ι
2406 1415 2532 1470 Ἐάν
2579 1416 2653 1488 μὴ
2701 1417 2912 1488 φάγητε
2959 1418 3057 1489 τὴν
3102 1416 3280 1488 σάρκα
3325 1414 3421 1468 τοῦ
3463 1414 3603 1468 Υἱοῦ
3657 1414 3757 1469 τοῦ

2159 1506 2473 1580 ἀνθρώπου,
2503 1508 2596 1562 καὶ
2627 1508 2786 1581 πίητε
2814 1505 2974 1562 αὑτοῦ
3004 1506 3066 1562 τὸ
3092 1502 3251 1579 αἷμα,
3284 1507 3385 1560 οὐκ
3408 1505 3567 1576 ἔχετε
3603 1505 3758 1575 ζωὴν

2159 1601 2218 1653 ἐν
2269 1600 2500 1664 ἑαυτοῖς.
2541 1601 2598 1654 Ὀ
2644 1600 2870 1673 τρώγων
2907 1617 3008 1672 μου
3047 1600 3145 1671 τὴν
3193 1600 3391 1671 σάρκα,
3431 1598 3527 1652 καὶ
3575 1597 3757 1650 πίνων

2162 1710 2261 1763 μου
2298 1692 2363 1747 τὸ
2396 1689 2568 1765 αἷμα,
2612 1694 2723 1765 ἔχει
2764 1694 2907 1767 ζωὴν
2955 1692 3169 1750 αἰώνιον
3193 1711 3206 1724 ·
3249 1691 3403 1762 κάγὼ
3447 1692 3757 1761 ἀναστήσω

493 1784 668 1837 lactus
704 1788 788 1835 est
829 1792 960 1834 caro
982 1777 1050 1845 ⁸⁸,
1091 1796 1110 1831 ι
1157 1787 1213 1832 et
1248 1776 1426 1848 inquit
1450 1776 1710 1832 Dominus
1756 1775 1801 1811 ⁸⁸
1838 1793 1854 1831 :
1891 1797 1909 1829 ι
1945 1777 2053 1832 Nisi

2162 1784 2324 1839 αὑτὸν
2351 1786 2408 1839 ἐν
2439 1787 2506 1858 τῇ
2534 1784 2733 1859 ἐσχάτῃ
2761 1786 2944 1859 ἡμέρα
2967 1803 2980 1816 ·
3016 1788 3050 1859 ἡ
3086 1786 3192 1858 γὰρ
3223 1783 3361 1858 σάρξ
3401 1800 3505 1855 μου
3530 1782 3753 1856 ἀληθής

493 1870 953 1929 manducaveritis
986 1884 1204 1925 carnem
1244 1867 1368 1923 Filii
1404 1867 1668 1933 hominis,
1709 1877 1763 1924 et
1807 1868 2057 1925 biberitis

492 1964 609 2034 eius
639 1963 981 2033 sanguinem,
1014 1975 1121 2015 non
1162 1959 1431 2015 habebitis
1460 1958 1625 2013 vitam
1661 1959 1714 2013 in
1746 1958 1922 2015 vobis.
1952 1962 2053 2028 Qui

493 2055 784 2109 manducat
806 2066 978 2107 meam
998 2064 1239 2114 carnem,
1269 2058 1324 2104 et
1350 2049 1485 2103 bibit
1510 2064 1686 2103 meum
1713 2051 2053 2118 sanguinein,

495 2146 658 2201 habet
686 2144 851 2199 vitam
888 2151 1151 2198 aeternam
1181 2159 1195 2195 :
1227 2147 1282 2194 et
1324 2153 1426 2211 ego
1468 2139 1808 2197 resuscitabo
1838 2156 1961 2196 cum
2000 2141 2053 2195 in

491 2236 784 2291 novissimo
822 2235 909 2290 die
949 2251 966 2291 :
1006 2247 1139 2289 caro
1175 2231 1321 2287 enim
1355 2244 1475 2286 mea
1517 2245 1643 2287 vere
1674 2240 1760 2287 est
1796 2231 1970 2296 cibus,
2002 2242 2056 2287 et

492 2327 654 2399 1'77
687 2326 909 2396 sanguis
935 2339 1087 2380 meus
1116 2339 1243 2381 vere
1268 2330 1357 2380 est
1382 2329 1539 2393 potus
1579 2338 1594 2387 ;
1624 2322 1718 2393 qui
1761 2320 2055 2377 manducat

491 2435 665 2475 meam
706 2432 946 2482 carnem,
991 2424 1046 2472 et
1081 2415 1216 2471 bibit
1252 2428 1431 2470 meum
1465 2413 1806 2482 sanguinem,
1862 2410 1917 2466 in
1968 2426 2056 2466 me

491 2519 696 2577 manet,
731 2518 785 2566 et
825 2524 925 2581 ego
965 2509 1017 2562 in
1055 2507 1147 2563 illo
1190 2524 1206 2575 ;
1251 2526 1270 2560 ι
1321 2506 1553 2561 fortasse
1600 2505 1740 2560 hanc
1778 2520 1901 2561 esse
1930 2520 2056 2560 car-

494 2618 615 2658 ncm
643 2602 780 2672 Δειιὶ
810 2600 1046 2656 tollentis
1097 2607 1373 2670 peccatum
1408 2595 1621 2664 mundi,
1671 2605 1726 2652 et
1755 2596 1901 2651 hunc
1930 2608 2052 2651 esse

478 2695 803 2762 sanguinem
837 2691 903 2749 de
931 2706 1037 2759 quo
1079 2704 1281 2762 ponere
1334 2701 1559 2743 necesse
1602 2686 1675 2742 sit
1726 2700 1891 2756 super
1918 2686 2054 2742 duos

490 2790 675 2852 postes
700 2788 756 2835 et
782 2794 946 2849 super
982 2779 1145 2834 limen
1195 2777 1248 2833 in
1294 2777 1380 2834 bis
1411 2778 1659 2833 domibus
1695 2777 1741 2810 ⁸⁸
1773 2777 1824 2831 in
1855 2777 2053 2847 quibus

404 2890 415 2903 κ
484 2871 823 2927 comedimus
848 2868 1054 2925 Pascha
1083 2884 1098 2923 :
1127 2877 1291 2940 atque
1315 2884 1380 2925 ex
1420 2867 1581 2938 hujus
1623 2865 1763 2936 Agni
1792 2867 2052 2922 carnibus

488 2961 774 3018 comedere
816 2969 1071 3032 oportere
1112 2961 1166 3016 in
1225 2961 1408 3017 mundi
1459 2971 1723 3028 tempore,
1769 2961 1913 3031 quod
1966 2967 2051 3015 est

488 3070 593 3111 nox
630 3072 648 3122 ;
680 3070 834 3111 assus
889 3068 1017 3110 vero
1063 3069 1257 3111 carnes
1304 3068 1424 3110 esse
1477 3051 1883 3108 manducandas
1925 3066 2047 3106 cum

485 3163 624 3218 pane
637 3163 700 3202 ex
715 3147 937 3218 azymis,
952 3145 1381 3216 quandoquidem
1403 3128 1495 3199 Dei
1509 3142 1700 3198 Sermo
1715 3159 1820 3198 non
1841 3154 2048 3199 tantum
2079 3122 2120 3179 (ἶ

482 3248 566 3294 est
595 3254 748 3294 caro.
784 3237 964 3308 lnquit
993 3237 1198 3309 igitur:
1238 3254 1258 3290 ι
1296 3235 1405 3307 Ego
1432 3250 1551 3290 sum
1587 3236 1744 3307 panis
1773 3236 1900 3291 vita:
1923 3234 2002 3302 ⁸³;
2026 3254 2045 3289 ι

483 3337 574 3385 et:
613 3345 634 3380 ι
671 3327 768 3383 Hic
797 3337 876 3382 est
910 3326 1086 3398 panis,
1127 3325 1218 3396 qui
1254 3325 1321 3381 de
1360 3325 1502 3381 caelo
1533 3325 1833 3391 descendit,
1867 3336 1927 3381 ut
1956 3326 2049 3396 qui

482 3434 549 3475 ex
580 3418 696 3488 ipso
726 3417 1043 3483 comederit,
1074 3431 1178 3470 non
1212 3425 1418 3486 pereat.
1457 3415 1567 3486 Ego
1615 3430 1735 3470 sum
1770 3414 1927 3486 panis
1967 3416 2048 3471 vi-

480 3524 604 3574 vus,
651 3510 741 3579 qui
780 3511 848 3563 de
889 3508 1026 3566 caelo
1053 3508 1306 3563 descendi
1352 3525 1366 3562 :
1401 3507 1447 3562 si
1476 3508 1598 3578 quis
1644 3508 2050 3563 manducaverit

481 3621 550 3661 ex
606 3604 710 3660 hoc
754 3619 912 3675 pane,
970 3603 1113 3658 vivet
1152 3604 1204 3657 in
1250 3610 1511 3657 aeternum
1556 3601 1627 3654 ⁸⁸.
1685 3618 1705 3651 ι
1763 3598 1874 3656 Nec
1918 3614 2067 3670 sane

481 3695 839 3767 ignorandum
864 3706 948 3751 est
979 3710 1197 3751 omnem
1221 3694 1405 3750 cibum
1435 3694 1660 3750 abusive
1687 3707 1881 3765 panem
1914 3692 2044 3759 dici,

480 3789 932 3858 quemadmodum
972 3789 1039 3844 de
1073 3788 1255 3861 Moyse
1280 3788 1542 3859 scriptum
1572 3795 1658 3842 est
1690 3786 1740 3841 in
1780 3785 2046 3843 Deutero-

480 3881 665 3936 nomio
688 3880 733 3913 ⁸⁵
751 3898 766 3935 :
785 3898 803 3931 ι
830 3882 1194 3951 Quadraginta
1219 3882 1410 3936 diebus
1440 3896 1635 3952 panem
1665 3897 1768 3936 non
1788 3882 2045 3946 comedit,

478 3977 533 4023 et
567 3983 761 4036 aquam
804 3983 909 4023 non
943 3968 1098 4032 bibit,
1135 3989 1155 4022 ι
1186 3984 1284 4040 pro
1320 3986 1384 4026 eo
1418 3971 1563 4041 quod
1590 3981 1694 4034 est,
1721 3969 1908 4041 Neque
1940 3972 2046 4026 sic-

478 4074 623 4125 cum,
650 4072 824 4127 neque
852 4059 1132 4113 humidum
1156 4061 1394 4126 gusta-vit
1425 4063 1627 4117 cibum.
1656 4063 1810 4128 Quod
1841 4062 2046 4116 idcirco

477 4149 785 4215 observavi,
813 4149 937 4218 quia
961 4148 1111 4201 dicat
1138 4147 1375 4204 Joannes
1403 4150 1457 4203 iu
1492 4165 1591 4205 suo
1625 4149 1916 4220 Evangelia
1946 4150 1999 4182 ⁸⁸
2029 4169 2043 4204 :

485 4267 507 4297 c
535 4245 599 4297 Et
630 4241 786 4311 panis
811 4241 978 4295 etiam
1007 4255 1171 4310 quem
1204 4255 1304 4310 ego
1332 4240 1488 4302 dabo,
1516 4254 1643 4294 caro
1684 4254 1802 4294 mea
1830 4252 1912 4296 est
1940 4252 2043 4312 pro

477 4333 663 4391 mundi
692 4333 821 4390 vita.
861 4351 880 4385 ι
919 4332 1185 4386 Caeterum
1232 4332 1286 4385 in
1324 4330 1525 4400 iutybis
1559 4329 1895 4385 comedimus
1922 4345 2045 4384 car-

478 4444 572 4483 nes
605 4425 752 4497 agni,
790 4434 843 4478 et
873 4438 1088 4495 axytna,
1111 4422 1195 4476 vel
1228 4437 1351 4476 cum
1390 4437 1489 4476 nos
1518 4419 1748 4491 paenitet
1785 4428 2040 4490 peccato-
2076 4454 2120 4508 Β

479 4534 595 4572 rum
619 4528 952 4581 nostrorum,
974 4525 1029 4570 et
1058 4513 1424 4586 aﬂligimurca
1445 4513 1667 4567 tristitia
1692 4527 1811 4582 qua;
1836 4519 1903 4567 ex
1933 4512 2041 4568 Dt-o

474 4618 575 4674 est,
608 4623 831 4678 qumque
883 4616 1139 4677 operatur
1190 4605 1346 4660 nobis
1397 4606 1450 4660 in
1496 4604 1722 4659 salutem
1775 4604 2043 4674 poeniten-

477 4703 609 4755 tiatn
638 4700 685 4733 ⁸⁷
722 4716 827 4754 non
858 4699 1222 4769 prenileudam
1267 4713 1284 4764 ;
1320 4696 1402 4753 vel
1445 4713 1566 4752 cum
1614 4698 1684 4750 ob
1722 4696 2040 4751 vexationes

475 4801 527 4844 et
561 4798 826 4843 tormenta
860 4796 1171 4857 quaerentes
1202 4788 1508 4842 enutrimur
1534 4786 1600 4840 ab
1628 4785 1759 4855 ipsis
1791 4801 1909 4855 quae
1954 4787 2039 4839 itt-

478 4880 765 4933 veniuntur
817 4879 1068 4933 veritatis
1121 4878 1611 4948 speculationibus.
1668 4875 1784 4930 Non
1852 4892 2037 4932 come-

475 4971 649 5029 denda
681 4979 766 5026 est
791 4970 961 5038 igitur
987 4970 1112 5040 agni
1143 4984 1271 5025 caro
1286 4970 1475 5032 cruda,
1501 4969 1727 5036 perinde
1748 4982 1810 5023 ac
1834 4966 2040 5024 faciunt

474 5062 669 5120 littera:
692 5063 861 5129 servi,
896 5077 1044 5117 more
1074 5061 1435 5116 animantium
1468 5061 1679 5116 ratione
1709 5060 2034 5125 carentium,

542 5225 587 5256 ³⁸
611 5225 773 5296 Joan.
809 5223 991 5296 1,29.“
1034 5224 1079 5259 ”
1110 5225 1279 5296 Exod.
1309 5241 1406 5290 xu.
1436 5225 1492 5281 5‘-
1565 5223 1799 5296 “10ml.
1831 5240 1868 5291 ιν
1902 5226 1989 5283 “-

2154 5226 2293 5282 loau.
2329 5244 2402 5290 vt,
2429 5228 2498 5281 54
2526 5242 2642 5296 seq.

2163 1877 2277 1930 ἐστι
2307 1875 2526 1949 βρῶσις,
2558 1878 2735 1932 καὶτὸ
2765 1872 2904 1949 αἷμά
2941 1895 3041 1949 μου
3080 1877 3286 1949 ἀληθής
3328 1876 3442 1929 ἐστι
3471 1873 3639 1936 πόσις
3669 1890 3686 1904 ο
3719 1875 3750 1927 6

2160 1966 2386 2039 τρώγων
2421 1985 2521 2040 μου
2544 1967 2645 2040 τὴν
2673 1967 2851 2041 σάρκα
2870 2007 2884 2033 ,
2919 1969 3010 2023 καὶ
3050 1968 3218 2023 πίνων
3254 1984 3354 2039 μου
3386 1965 3448 2020 τὸ
3490 1959 3661 2037 αἷμα,
3691 1965 3750 2016 ἐν

2163 2061 2285 2132 ἐμοὶ
2319 2059 2490 2131 μένει,
2532 2059 2689 2130 κάγὼ
2722 2062 2780 2114 ἐν
2824 2059 2992 2132 αὐτῷ,
3028 2080 3047 2112 ι
3083 2061 3290 2133 μήποτε
3338 2057 3474 2130 αὕτη
3510 2060 3673 2111 ἐστιν
3712 2058 3744 2126 ἡ

2164 2151 2300 2224 σὰρξ
2322 2151 2415 2206 τοῦ
2444 2153 2686 2225 αἴροντος
2714 2154 2814 2224 τὴν
2843 2153 3117 2225 ἁμαρτίαν
3146 2149 3241 2205 τοῦ
3285 2149 3491 2219 κόσμου
3534 2146 3747 2218 ἀμνοῦ,

2162 2245 2254 2299 καὶ
2282 2243 2426 2298 τοῦτ’
2452 2244 2567 2299 ἔστι
2596 2246 2656 2299 τὸ
2694 2241 2833 2316 αἷμα
2853 2284 2867 2310 ,
2909 2245 3001 2314 ἀφ’
3048 2237 3110 2298 οὗ
3155 2241 3357 2295 τιθέναι
3389 2240 3473 2293 δεῖ
3500 2239 3606 2292 ἐπὶ
3637 2238 3748 2291 τῶν

2159 2333 2251 2388 δύο
2284 2332 2554 2406 σταθμῶν,
2587 2336 2682 2390 καὶ
2726 2335 2819 2388 ἐπὶ
2859 2334 2957 2406 τὴν
2995 2332 3154 2405 φλιάν
3199 2334 3258 2386 ἐν
3300 2334 3409 2395 τοῖς
3436 2331 3620 2395 οἴκοις
3641 2368 3659 2393 ,
3691 2330 3749 2381 ἐν

2159 2420 2240 2491 οἷς
2270 2426 2518 2499 ἐσθίομεν
2548 2427 2610 2481 τὸ
2636 2427 2849 2498 Πάσχα,
2875 2428 2969 2482 καὶ
2994 2425 3102 2481 ἀπὸ
3140 2425 3249 2480 τῶν
3282 2423 3375 2478 τοῦ
3400 2423 3580 2495 ἀμνοῦ
3619 2422 3745 2476 τοὺ-

2159 2535 2250 2571 του
2286 2519 2369 2572 δεῖ
2397 2522 2586 2588 φαγεῖν
2629 2519 2806 2592 κρεῶν
2837 2520 2895 2573 ἐν
2932 2518 3010 2590 τῷ
3052 2516 3148 2572 τοῦ
3190 2517 3395 2588 κόσμου
3425 2514 3614 2589 χρόνῳ
3634 2554 3654 2582 ,
3687 2515 3747 2577 ὃς

2160 2608 2277 2661 ἐστι
2317 2607 2449 2676 νύξ·
2492 2609 2631 2664 ὀτττά
2670 2609 2822 2664 δὲτά
2849 2609 2987 2683 κρέα
3015 2607 3150 2679 πυρὶ
3191 2605 3424 2679 βρωτέων
3459 2604 3611 2678 μετά
3646 2606 3744 2659 τοῦ

2158 2696 2266 2752 ἀπὸ
2292 2697 2515 2770 ἀζύμων
2553 2700 2717 2772 ἄρτου
2737 2716 2751 2730 ο
2781 2702 2810 2755 6
2851 2699 2957 2771 γὰρ
2983 2697 3079 2753 τοῦ
3112 2696 3247 2752 Θεοῦ
3280 2697 3451 2767 Λόγος
3478 2695 3540 2750 οὗ
3574 2696 3742 2768 μόνον

2159 2788 2275 2842 ἐστὶ
2299 2788 2454 2861 σάρξ.
2476 2790 2613 2862 Φησὶ
2631 2788 2761 2859 γοῦν
2778 2806 2808 2854 ο,
2823 2808 2843 2842 ι
2882 2788 3027 2859 Ἐγώ
3053 2789 3167 2860 ειμι
3188 2788 3219 2843 6
3241 2787 3407 2859 ἄρτος
3422 2783 3706 2858 τῆςζωῆς·
3724 2807 3742 2838 ι
3827 2776 3843 2783 ’

2157 2878 2272 2945 καὶ,
2290 2903 2308 2936 ι
2328 2878 2493 2946 Οῧτός
2506 2883 2651 2935 ἐστιν
2664 2881 2694 2935 6
2716 2879 2878 2952 ἄρτος
2898 2881 2927 2934 6
2955 2880 3019 2933 ἐκ
3039 2876 3134 2932 τοῦ
3159 2876 3218 2930 οὐ
3225 2872 3387 2949 ρανοῦ
3419 2872 3530 2943 (26)
3569 2889 3743 2925 καταο

2156 2967 2357 3022 ϐαίνων
2381 3007 2395 3032 ,
2426 2968 2513 3022 ἵνα
2542 2986 2627 3032 τις
2665 2968 2724 3035 ἐξ
2770 2966 2932 3023 αὐτοῦ
2966 2967 3115 3039 φάγῃ
3137 3005 3151 3029 ,
3195 2965 3291 3018 καὶ
3337 2961 3412 3034 μὴ
3442 2960 3735 3033 ἀποθάνῃο

2168 3057 2309 3129 Ἐγώ
2335 3060 2447 3131 εἰμι
2470 3060 2498 3113 ό
2528 3059 2690 3131 ἄρτος
2715 3059 2745 3111 ό
2773 3058 2945 3124 ζῶν,ὁ
2971 3059 3036 3112 ἐκ
3064 3054 3158 3109 τοῦ
3186 3052 3416 3126 οὐρανοῦ
3446 3051 3701 3114 καταϐάς
3719 3067 3735 3081 ·

2154 3150 2247 3205 ἐάν
2286 3168 2370 3215 τις
2419 3152 2565 3223 φάγῃ
2608 3150 2673 3204 ἐκ
2712 3148 2905 3227 τούτου
2954 3146 3048 3203 τοῦ
3096 3146 3297 3218 ἄρτου,
3328 3143 3482 3216 ζήσει
3523 3144 3613 3206 εἰς
3644 3141 3738 3195 τὸν

2153 3243 2339 3298 αἰῶνα.
2379 3263 2397 3294 ι
2430 3244 2545 3297 Οὐκ
2586 3242 2877 3314 ἀγνοητέον
2925 3240 3190 3315 μέντοιγε,
3232 3238 3314 3292 ὅτι
3362 3238 3510 3290 πᾶσα
3545 3234 3735 3307 τροφὴ

2153 3333 2633 3407 καταχρηστικὼτε
2642 3351 2730 3406 ρον
2753 3333 2917 3406 ἄρτος
2939 3330 3190 3400 λέγεται,
3222 3327 3300 3392 ὡς
3329 3327 3422 3381 ἐπὶ
3444 3327 3582 3381 Μωῦ
3592 3325 3735 3387 σέως

2153 3426 2211 3480 ἐν
2267 3425 2346 3498 τῷ
2396 3422 2799 3498 Δευτερονομίῳ
2840 3421 3176 3495 γέγραπται·
3229 3437 3249 3470 ι
3308 3416 3734 3488 Τεσσαράκοντα

2151 3518 2367 3590 ἡμέρας
2395 3517 2558 3590 ἄρτον
2577 3518 2676 3572 οὐκ
2704 3516 2897 3587 ἔφαγε,
2920 3516 3015 3570 καὶ
3037 3513 3180 3585 ὓδωρ
3209 3514 3310 3566 οὐκ
3340 3509 3512 3573 ἔπιεν,
3546 3529 3564 3561 ι
3608 3510 3736 3563 ἀντὶ

2148 3608 2263 3670 τοῦ,
2287 3608 2409 3663 οὔτε
2425 3609 2594 3680 ξηρᾶς
2623 3607 2746 3662 οὔτε
2779 3607 2952 3679 ὑγρᾶς
2979 3604 3267 3677 μετείληφε
3295 3601 3520 3674 τροφῆς.
3552 3599 3735 3653 Τοῦτο

2148 3699 2205 3753 δέ
2231 3717 2320 3771 μοι
2343 3702 2635 3772 τετήρηται
2658 3698 2748 3752 διά
2785 3698 2845 3753 τὸ
2868 3697 2963 3751 καὶ
2985 3698 3044 3750 ἐν
3071 3693 3149 3767 τῷ
3180 3692 3320 3748 κατά
3354 3691 3612 3762 Ἰωάννην
3635 3691 3732 3745 λέ-

2147 3791 2338 3862 γεσθαι
2365 3809 2379 3824 ·
2418 3810 2438 3844 ι
2468 3792 2579 3845 Kal
2605 3792 2634 3845 6
2660 3789 2822 3862 ἄρτος
2852 3789 2930 3853 δὲ,
2954 3788 3013 3842 ὃν
3044 3786 3155 3857 ἐγὼ
3182 3781 3360 3850 δώσω,
3382 3786 3416 3856 ἡ
3452 3783 3592 3856 σάρξ
3626 3801 3731 3855 μου

2150 3881 2297 3935 ἐστὶν
2325 3880 2464 3953 ὑπὲρ
2496 3880 2595 3950 τῆς
2629 3879 2722 3933 τοῦ
2750 3877 2956 3948 κόσμου
2984 3875 3143 3947 ζωῆς.
3182 3894 3202 3928 ι
3240 3874 3475 3928 Ἤτοιδέ
3509 3872 3601 3926 διὰ
3629 3874 3733 3939 τὰς

2149 3972 2241 4026 ἐπὶ
2260 3974 2373 4035 τοῖς
2400 3972 2789 4044 ἁμαρτήμασιν
2816 3968 2975 4041 ἡμῶν
3003 3968 3288 4040 μετανοίας
3302 3968 3400 4039 τὴν
3420 3965 3560 4020 κατά
3588 3964 3731 4019 Θεὸν

2147 4063 2322 4135 λύπην
2360 4064 2711 4135 λυπουμένων
2733 4101 2749 4126 ,
2787 4060 3072 4133 μετάνοιαν
3101 4062 3181 4124 εἰς
3213 4058 3486 4131 σωτηρίαν
3513 4057 3728 4128 ἀμεταο

2151 4155 2377 4226 μέλητον
2408 4156 2540 4227 ἡμῖν
2577 4150 2952 4225 ἐργαζομένην
2974 4189 2991 4217 ,
3039 4150 3131 4205 ἐπὶ
3164 4149 3425 4221 πικρίδων
3466 4147 3727 4220 ἐσθίομεν

2147 4245 2283 4317 κρέα
2307 4245 2401 4299 τοῦ
2432 4244 2629 4315 ἀμνοῦ,
2654 4245 2748 4297 καὶ
2769 4242 2839 4297 τά
2875 4242 3088 4314 ἄζυμα’
3122 4241 3157 4312 ἢ
3200 4241 3287 4296 διὰ
3327 4240 3425 4305 τὰς
3456 4239 3729 4310 βασάνους

2147 4333 2433 4405 ζητοῦντες
2456 4336 2548 4387 καὶ
2568 4334 2887 4405 τρεφόμενοι
2915 4333 3023 4388 ἀπὸ
3053 4332 3162 4386 τῶν
3186 4332 3591 4405 εὑρισκομένων
3624 4331 3730 4400 τῆς

2145 4424 2400 4496 ἀληθείας
2444 4425 2832 4497 θεωρημάτων.
2869 4426 2981 4480 Οὐκ
3020 4425 3177 4497 ὠμὴν
3215 4420 3307 4478 οὖν
3349 4422 3582 4496 βρωτέον
3624 4422 3725 4493 τὴν

2149 4517 2327 4588 σάρκα
2348 4516 2443 4570 τοῦ
2471 4516 2664 4588 ἀμνοῦ,
2691 4516 2878 4590 ὥσπερ
2904 4515 3145 4571 ποιοῦσιν
3171 4516 3220 4569 οί
3248 4515 3349 4587 τῆς
3379 4512 3575 4579 λέξεως
3600 4512 3725 4566 δοῦ-

2145 4607 2225 4662 λοι
2258 4608 2455 4680 τρόπον
2484 4607 2690 4677 ἀλόγων
2718 4607 2873 4673 ζώων
2901 4607 2996 4661 καὶ
3029 4605 3551 4680 ἀποτεθηριωμένων
3580 4602 3722 4675 πρὸς

2144 4701 2272 4765 τοὺς
2298 4698 2512 4771 άληθῶς
2537 4699 2806 4768 λογικοὺς,
2834 4699 2922 4753 διὰ
2951 4698 3044 4753 τοῦ
3071 4700 3306 4753 συνιέναι
3335 4695 3620 4768 βούλεσθαι
3650 4695 3720 4748 τὰ

2145 4789 2484 4860 πνευματικά
2506 4828 2521 4854 ,
2568 4788 2729 4859 λόγου
2787 4787 3291 4860 μεταλαμϐάνοντες
3341 4785 3451 4858 (27)
3512 4785 3721 4856 θηρίων

2145 4883 2600 4954 ἀπηγριωμένων.
2630 4879 3005 4951 Φιλοτιμητέον
3034 4879 3089 4932 δὲ
3119 4878 3197 4949 τῷ
3225 4880 3305 4941 εἰς
3335 4877 3524 4949 ἕψησιν
3549 4893 3720 4947 μετα·

2145 4971 2472 5044 λαμϐάνοντι
2492 4972 2552 5025 τὸ
2576 4971 2724 5043 ὠμὸν
2745 4970 2844 5040 τῆς
2864 4971 3106 5041 Γραφῆς,
3138 4971 3212 5039 μὴ
3231 4968 3323 5021 ἐτι-ι⁵
3341 4967 3404 5021 τὸ
3433 4963 3720 5036 πλαδαρὼ-

2141 5080 2319 5136 τερον,
2350 5065 2444 5118 καὶ
2472 5062 2851 5134 ὑδαρέστερον,
2877 5060 2971 5114 καὶ
2996 5057 3350 5130 ἐκλελυμένον
3377 5054 3719 5128 μεταλαμϐά-

2718 5226 2764 5261 ⁸²
2791 5226 2960 5283 Exod.
2997 5241 3095 5290 xtl,
3123 5227 3176 5291 7,
3198 5225 3291 5281 22.
3369 5224 3416 5259 ⁸³
3440 5221 3598 5277 Joau.
3628 5236 3704 5285 vt,

474 5294 562 5349 58.
637 5295 684 5328 “
714 5297 844 5352 ibid.
864 5294 1052 5351 50-52.
1125 5294 1171 5328 ⁸⁸
1217 5296 1374 5352 Deut.
1409 5311 1487 5360 tx,
1533 5296 1587 5350 9.
1663 5294 1709 5326 “
1749 5291 1905 5381 Joatt.
1943 5311 2018 5360 vt,

2220 5298 2264 5330 ⁸⁷
2293 5296 2335 5353 ll
2361 5299 2590 5362 Conv",
2607 5291 2704 5381 l0.

540 5429 656 5500 (25)
684 5430 852 5496 Δόξει
871 5434 989 5488 καί.
1017 5433 1107 5489 Sic
1130 5435 1297 5488 codex
1320 5431 1671 5495 Bodleianus;
1696 5432 1867 5487 editio
1893 5433 2035 5489 liue-

473 5498 729 5572 ιῖῖέὲῥξοιι
760 5500 870 5572 γὰρ
900 5501 1014 5572 καί·

542 5568 656 5645 (26)
698 5568 857 5645 ’ρὲὲέὶ
887 5569 996 5645 τοῦ
1025 5571 1307 5645 οῂρανοῦ.
1338 5571 1430 5629 Sic
1456 5571 1628 5628 codex
1662 5570 2031 5645 Bodleiauus;

470 5637 690 5712 Regius,
717 5640 747 5693 6
775 5637 836 5704 ἐξ
858 5637 1108 5712 οὐρανοῦζ
1236 5648 1247 5712 '_

539 5709 658 5781 (27)
691 5711 885 5782 Λόγου
907 5709 1485 5781 μεταλαμϐάνοντες,
1513 5721 1623 5768 etc.
1674 5710 1798 5768 Β.ρο
1827 5711 2031 5766 habent

2143 5435 2305 5492 codd.
2335 5433 2679 5501 Bodleianus,
2717 5435 2916 5504 Regius
2938 5445 2992 5490 et
3021 5434 3372 5490 Barberinus.
3399 5430 3580 5489 Vertit
3607 5431 3708 5488 l‘e-

2145 5505 2383 5574 riouius,
2421 5524 2439 5556 ι
2480 5506 2707 5560 rationis
2726 5506 3022 5574 participes
3044 5504 3281 5560 ferarum
3315 5504 3648 5567 bestiarum;
3687 5526 3705 5555 υ

2142 5573 2428 5645 Ferrarius
2462 5575 2672 5645 videtur
2720 5573 3004 5645 legendum
3026 5584 3269 5645 putasse,
3294 5573 3511 5645 ﬂavos
3543 5589 3707 5643 μετα-

2141 5643 2436 5709 ϐάλλοντας
2481 5643 2685 5717 θηρίων
2712 5643 3171 5716 ἀπηγριωμένων,
3203 5648 3343 5714 quod
3376 5643 3549 5713 magis
3588 5645 3702 5712 pla-

2139 5725 2244 5769 cet.
