3962 6206
249 324 342 375 37.7
1335 307 1688 384 COMMENT.
1733 324 1799 379 IN

1907 323 2040 380 )AN.
2079 323 2318 381 TOMUS
2351 322 2416 377 Χ.
3376 316 3490 372 3⁸38

255 461 344 496 δειν
371 442 436 496 τά
456 443 845 514 γεγραμμένα,
868 443 1005 515 ὅπερ
1027 443 1269 499 ποιοῦσιν
1293 449 1340 501 oi
1374 449 1693 520 κνηθόμενοι
1717 449 1815 519 τὴν

1919 455 1973 501 et
2009 447 2348 502 saevientium
2393 449 2582 500 contra
2635 453 2729 496 eos
2757 437 2848 508 qui
2882 438 3084 494 idcirco
3108 437 3318 492 ratione
3353 452 3480 492 vere

248 534 418 604 ἀκοὴν,
454 534 548 588 καὶ
581 535 692 588 ἀπὸ
722 535 822 605 μὲν
847 535 947 604 τῆς
978 534 1235 605 ἀληθείας
1261 538 1693 611 ἀποστρέφοντες
1717 541 1811 592 αὑ-

245 627 349 696 τὴν,
375 627 466 680 ἐπὶ
491 627 551 679 δὲ
595 627 657 678 τὸ
697 627 981 697 ἀνειμένον
1017 627 1110 680 καὶ
1141 627 1495 700 ὑδαρέστερον
1527 630 1628 701 τῆς
1660 630 1812 683 πολι-

245 719 380 781 τείας
426 717 937 788 μεταλαμϐάνοντες
987 717 1087 781 τὰς
1139 721 1259 772 κατ’
1314 721 1513 783 αὐτοὺς
1569 723 1809 791 ἀγωγάς.

256 810 433 879 Ἡμεῖς
475 809 530 861 δὲ
571 808 646 878 τῷ
684 808 859 872 ζέοντι
916 799 1217 879 πνεύματι,
1266 811 1360 864 καὶ
1422 814 1535 874 τοῖς
1599 811 1811 882 διδομέ-

244 918 344 963 νοις
379 901 488 970 (⁸28)
520 901 621 952 ὑπὸ
649 899 783 952 Θεοῦ
813 900 1096 972 διαπύροις
1139 901 1348 970 λόγοις,
1391 903 1608 967 ὁποίους
1653 904 1813 972 Ἱερε-

244 992 370 1060 μίας
407 994 612 1063 εἰλήφει
659 993 765 1046 ἀπὸ
800 993 891 1046 τοῦ
924 994 1171 1062 λέγοντος
1212 995 1349 1064 πρὸς
1374 995 1567 1048 αὐτόν⁸
1609 1014 1628 1047 ι
1679 996 1811 1050 Ἰδοὺ

238 1083 442 1135 δέδωκα
462 1086 579 1145 τοὺς
600 1083 792 1150 λόγους
826 1100 927 1153 μου
959 1086 1038 1146 είς
1059 1083 1118 1136 τὸ
1145 1084 1317 1154 στόμα
1343 1101 1436 1137 σου
1462 1084 1592 1155 πῦρ,
1621 1104 1638 1136 ι
1672 1085 1810 1139 όπτά

241 1175 545 1244 ποιήσωμεν
569 1174 636 1225 τε
665 1175 798 1243 κρέα
837 1172 928 1225 τοῦ
964 1172 1135 1244 ἀμνοῦ
1157 1213 1171 1236 ,
1203 1173 1341 1226 ὥστε
1376 1175 1502 1237 τοὺς
1532 1174 1810 1246 μεταλαμ-

237 1261 492 1325 ϐάνοντας
521 1263 703 1314 αὐτῶν
735 1263 911 1329 λέγειν
930 1302 943 1324 ,
974 1262 1207 1332 Χριστοῦ
1243 1265 1299 1316 ὲν
1329 1265 1457 1333 ἡμῖν
1505 1262 1808 1328 λαλοῦντος,

235 1355 316 1406 ὅτι
350 1373 367 1404 ι
391 1354 453 1406 Ἡ
477 1353 676 1422 καρδία
698 1353 854 1423 ἡμῶν
885 1355 1146 1424 καιομένη
1168 1350 1235 1425 ἧν
1263 1356 1322 1407 ὲν
1355 1357 1420 1425 τῇ
1445 1353 1569 1424 ὁδῷ,
1599 1355 1674 1417 ὡς
1705 1355 1813 1426 διή-

236 1460 408 1510 νοιγεν
437 1445 565 1512 ἡμῖν
599 1443 695 1505 τὰς
728 1443 766 1494 1"
771 1443 967 1514 ραφάς.
1002 1463 1018 1494 ι
1046 1445 1108 1496 El
1131 1444 1187 1497 δὲ
1208 1446 1286 1508 είς
1316 1445 1374 1498 τὸ
1395 1445 1631 1498 τοιοῦτον
1665 1447 1810 1516 ἡμᾶς

237 1533 462 1603 ζητῆσαι
491 1534 622 1604 πυρὶ
647 1533 882 1603 ὀπτῆσαι
903 1535 1082 1604 δεήσει
1102 1533 1169 1586 τὰ
1196 1534 1288 1588 τοῦ
1315 1535 1424 1605 (29)
1453 1534 1624 1606 ἀμνοῦ
1647 1535 1807 1605 κρέα,

237 1625 562 1696 παραθετέον
593 1625 692 1695 τὴν
721 1625 1007 1694 ὁμολογίαν
1038 1619 1098 1680 οὗ
1129 1627 1418 1679 ἐπεπόνθει
1459 1629 1551 1680 ἐπὶ
1583 1629 1695 1690 τοῖς
1723 1627 1810 1680 λό-

237 1735 349 1785 γοις
388 1717 477 1770 τοῦ
513 1715 649 1769 Θεοῦ
683 1716 888 1780 πάθους
933 1717 1196 1788 Ἱερεμίας
1229 1718 1401 1786 λέγων
1424 1735 1436 1749 ·
1476 1738 1493 1769 ί
1537 1719 1644 1772 Καὶ
1685 1719 1810 1788 ὲγέ-

239 1826 352 1860 νετο
374 1808 448 1871 ὡς
477 1807 587 1878 πῦρ
621 1808 908 1878 καιόμενον
928 1848 942 1871 ,
977 1808 1171 1877 φλέγον
1204 1810 1262 1862 ὲν
1297 1811 1406 1872 τοῖς
1434 1809 1644 1873 ὀστέοις
1679 1826 1803 1880 μου,

240 1903 328 1956 καὶ
369 1905 628 1972 παρεῖμαι
679 1901 940 1954 πάντοθεν
965 1941 979 1963 ,
1023 1902 1113 1954 καὶ
1152 1902 1212 1954 οὐ
1259 1901 1492 1972 δύναμαι
1540 1903 1743 1973 φέρειν.
1779 1922 1797 1955 ι

255 1995 497 2063 ’Δρκτέον
517 1993 574 2046 δὲ
603 1994 663 2046 ὲν
687 1993 765 2063 τῷ
790 1992 988 2045 ἐσθίειν
1013 1993 1119 2046 ἀπὸ
1148 1995 1246 2063 τῆς
1275 1995 1533 2066 κεφαλῆς,
1561 1997 1805 2050 τουτέστι

244 2088 345 2140 τῶν
367 2087 802 2158 κορυφαιοτάτων
827 2085 919 2137 καὶ
948 2084 1188 2156 ἁρχικῶν
1221 2084 1506 2156 δογμάτων
1542 2103 1608 2139 πε
1619 2088 1670 2157 ρ⁸ι
1699 2087 1806 2140 τῶν

246 2179 597 2250 ἐπουρανίωνο
646 2178 741 2231 καὶ
786 2176 1153 2246 καταληκτέον
1195 2176 1286 2229 ἐπὶ
1331 2179 1457 2240 τοὺς
1492 2178 1692 2242 πόδας,
1740 2179 1806 2231 τὰ

244 2272 432 2341 ἔσχατα
453 2271 557 2328 τῶν
590 2269 926 2341 μαθημάτων
949 2267 1016 2321 τά
1041 2267 1307 2337 ζητοῦντα.
1338 2270 1465 2341 περὶ
1493 2270 1591 2340 τῆς
1621 2270 1805 2324 τελευ-

244 2364 391 2426 ταίας
420 2365 474 2430 εν
506 2365 616 2425 τοῖς
643 2356 760 2414 οῦσι
792 2360 1036 2430 φύσεως,
1082 2360 1200 2430 ἦτοι
1238 2359 1346 2412 τῶν
1377 2361 1739 2432 ὑλικωτέρων,
1769 2362 1802 2433 ἢ

241 2454 348 2504 τῶν
380 2451 739 2522 καταχθονίων
759 2490 774 2513 ,
802 2451 836 2521 ἢ
867 2451 974 2503 τῶν
1008 2449 1258 2521 πονηρῶν
1311 2449 1634 2520 πνευμάτων
1654 2489 1668 2514 ,
1713 2452 1806 2503 καὶ

242 2544 549 2614 ἀκαθάρτων
579 2543 890 2613 δαιμονίων.
931 2542 986 2595 '0
1007 2541 1115 2613 γὰρ
1143 2541 1269 2614 περὶ
1297 2541 1474 2594 αὐτῶν
1507 2541 1661 2610 λόγος
1690 2543 1806 2595 ἓτε-

240 2653 335 2705 ρος
373 2634 445 2687 ὣν
476 2633 653 2687 αὐτῶν
676 2674 692 2697 ,
741 2633 1161 2704 ἐναποκείμενος
1194 2636 1304 2696 τοῖς
1341 2633 1660 2704 μυστηρίοις
1707 2635 1805 2704 τῆς

241 2728 452 2798 Γραφῆς
484 2725 704 2779 δύναται
747 2725 1146 2797 τροπικώτερον
1179 2725 1333 2788 πόδες
1365 2724 1679 2796 ὠνομάσθαι
1709 2724 1801 2777 τοῦ

234 2817 422 2886 ἀμνοῦ.
457 2817 564 2869 Καὶ⁸
595 2815 705 2870 τῶν
747 2816 1027 2874 ἐνδοσθίων
1056 2817 1140 2882 δὲ,
1175 2815 1515 2887 ὲσωτερικῶν
1542 2815 1636 2870 καὶ
1672 2818 1805 2870 ἀπο-

237 2905 656 2974 κεκρυμμένων,
686 2905 784 2957 οὐκ
815 2905 1097 2974 ἀφεκτέον.
1151 2905 1237 2969 Ὠς
1280 2906 1359 2958 ἐνὶ
1388 2905 1444 2958 δὲ
1487 2905 1697 2977 σώματι
1737 2910 1800 2979 τῇ

234 2994 412 3065 ἁπάσῃ
444 2995 826 3066 προσελθετέον
868 2997 1054 3067 Γραφῇ
1075 3037 1089 3060 ,
1127 2998 1220 3051 καὶ
1249 2998 1347 3062 τὰς
1381 3001 1438 3051 ἐν
1466 3001 1532 3070 τῇ
1568 2999 1803 3072 ἁρμονία

233 3084 330 3153 τῆς
372 3085 479 3155 (50)
517 3086 698 3156 πάσης
744 3086 1038 3151 συνθέσεως
1080 3088 1250 3159 αὐτῆς
1298 3089 1664 3152 εὐτονωτάτας
1708 3091 1802 3143 καὶ
1831 3123 1872 3181 C

239 3177 591 3246 στερροτάτας
641 3177 868 3248 συνοχὰς
913 3178 972 3232 οὐ
1021 3180 1413 3250 συντριπτέον,
1459 3181 1582 3234 οὐδὲ
1624 3181 1804 3236 διακο-

236 3264 391 3315 πτέον
416 3304 431 3325 ,
461 3265 595 3336 ὅπερ
629 3269 988 3338 πεποιήκασιν
1028 3270 1077 3322 oi
1106 3269 1204 3339 τὴν
1238 3269 1462 3342 ἑνότητα
1488 3269 1582 3323 τοῦ
1610 3273 1666 3324 ὲν
1701 3273 1806 3326 πά-

237 3368 354 3415 σαις
379 3358 495 3419 ταῖς
516 3356 758 3424 Γραφαῖς
793 3359 1096 3431 πνεύματος
1123 3361 1182 3412 τὸ
1207 3363 1330 3414 ὅσον
1365 3363 1450 3414 ἐπ’
1480 3363 1660 3426 αὐτοῖς
1683 3379 1804 3416 συν-

240 3444 522 3513 τρίϐοντες.
555 3447 705 3518 Αῦτη
754 3448 994 3519 μέντοιγε
1019 3454 1050 3522 ἡ
1080 3452 1186 3505 ἀπὸ
1212 3451 1306 3505 τοῦ
1339 3451 1510 3522 ἀμνοῦ
1544 3471 1804 3532 προειρη-

245 3536 368 3606 μένη
405 3541 704 3609 :pogmtsia
725 3540 822 3612 τὴν
847 3542 1012 3595 νύκτα
1049 3543 1213 3614 μόνην
1247 3545 1394 3613 ἡμᾶς
1436 3545 1683 3615 τρεφέτω
1708 3544 1801 3597 τοῦ

241 3625 296 3675 ἐν
319 3627 391 3698 τῷ
415 3629 510 3700 βίῳ
537 3631 788 3695 σκότους’
815 3632 887 3696 ὠς
917 3632 1022 3704 γὰρ
1047 3633 1146 3702 τῆς
1175 3634 1435 3705 ἀνατολῆς
1464 3635 1561 3705 τῆς
1593 3635 1804 3707 ἡμέρας

240 3716 342 3772 τῶν
378 3722 511 3790 μετά
539 3724 628 3776 τὸν
670 3723 780 3794 βίον
813 3723 998 3776 τοῦτον
1037 3725 1189 3778 οὐδὲν
1234 3725 1618 3780 καταλειπτέον
1649 3725 1802 3780 ἔσται

243 3809 364 3878 ἡμῖν
402 3815 498 3885 τῆς
549 3817 640 3868 ἐπὶ
681 3815 775 3868 τοῦ
825 3816 1090 3887 παρόντος
1153 3817 1313 3887 μόνου
1361 3817 1630 3890 χρησίμου
1673 3821 1802 3890 ἡμῖν

245 3900 376 3957 οὕτω
417 3907 638 3978 τροφῆς.
687 3909 1070 3981 Παρελθοῦσης
1123 3909 1232 3980 γὰρ
1289 3909 1389 3979 τῆς
1437 3910 1661 3975 νυκτὸς,
1709 3913 1802 3966 καὶ¹

245 3997 563 4070 ἐπελθούσης
600 4001 698 4071 τῆς
745 4002 879 4070 μετὰ
916 4002 1084 4080 ταῦτα
1123 4002 1357 4073 ἡμέρας,
1397 3999 1490 4054 τὸν
1538 4001 1802 4073 μηδαμῶς

245 4085 341 4136 ἀπὸ
363 4085 466 4139 τῶν
499 4088 865 4160 παλαιοτέρων
896 4095 988 4143 καὶ
1017 4091 1312 4162 γατωτέρω
1336 4089 1647 4161 ζυμούντων
1673 4091 1804 4156 ἄζυ-

251 4192 337 4242 μον
367 4177 577 4247 ἔχοντες
605 4179 767 4250 ἄρτον
797 4182 1098 4252 φαγόμεθα,
1142 4183 1406 4254 χρήσιμον
1442 4183 1573 4252 ἡμῖν
1603 4183 1799 4254 ἐσόμε-

246 4282 340 4329 νον,
363 4268 466 4333 ἓως
496 4269 622 4341 δοθῇ
657 4271 717 4322 τὺ
746 4273 881 4341 μετα
912 4272 1002 4325 τὸν
1026 4273 1232 4344 ἄζυμον
1263 4273 1371 4344 (51)
1411 4274 1606 4344 μάννα,
1638 4277 1670 4346 ή
1703 4277 1801 4345 ἀγ-

246 4358 418 4431 γελικὴ
461 4361 556 4414 καὶ
607 4361 682 4433 μὴ
731 4362 1038 4435 ἀνθρωπίνη
1085 4366 1278 4436 τροφή.
1337 4366 1581 4438 Ἐκάστῳ
1618 4367 1798 4421 τοίνυν

1917 548 2142 592 tttuutttr
2178 537 2302 607 quia
2338 536 2510 591 velint
2537 530 2836 600 intelligere
2871 529 3200 599 spiritualia,
3245 528 3296 583 id
3332 529 3478 598 quod

1917 631 2128 684 ratione
2154 638 2306 684 caret
2336 629 2573 682 ferarum
2621 623 2917 694 agrestium
2962 622 3332 676 immutantes.
3369 618 3476 673 Sed

1915 723 2306 777 elaborandum
2325 729 2408 776 est
2431 713 2818 773 transmutanti
2841 712 3164 767 cruditatem
3182 708 3478 776 Scriptura:

1913 818 1980 870 ad
2011 815 2335 876 coctionem,
2369 825 2436 866 ne
2468 810 2520 863 in
2554 808 2753 878 aliquid
2789 805 3082 868 humidius,
3113 811 3168 857 et
3197 801 3476 870 aquosius,

1915 917 1969 962 et
2018 905 2336 960 dissolutum
2395 908 2717 956 transmutat
2760 914 2823 954 ea
2873 912 2993 968 quae
3047 896 3247 964 scripta
3298 902 3474 949 sunt:

1915 997 2053 1065 quod
2085 995 2292 1050 faciunt
2327 994 2634 1064 prurientes
2664 992 2903 1056 auribus,
2947 998 3001 1044 et
3029 1004 3059 1042 a
3089 987 3324 1042 veritate
3349 983 3473 1053 qui-

1914 1091 2033 1143 dem
2062 1103 2156 1143 eas
2183 1097 2487 1143 avertentes
2502 1087 2572 1154 “,
2598 1085 2664 1140 ad
2697 1084 2979 1140 remissam
3011 1090 3190 1135 autem
3223 1087 3278 1134 et
3302 1077 3479 1132 ﬂacci-

1914 1182 2034 1234 dam
2069 1180 2276 1233 vivendi
2312 1181 2576 1234 rationem
2609 1194 2702 1231 sua
2746 1175 2992 1230 instituta
3029 1179 3474 1226 transmutantes.

1912 1270 2022 1326 Nos
2053 1286 2179 1324 vero
2219 1270 2443 1324 ferventi
2483 1270 2697 1336 Spiritu,
2731 1278 2785 1323 et
2825 1264 3008 1336 ignitis
3053 1260 3401 1316 sermonibus
3445 1275 3474 1310 a

1913 1361 2023 1415 Deo
2075 1360 2236 1424 datis,
2290 1358 2478 1428 quales
2525 1357 2791 1412 Jeretnias
2833 1363 3140 1422 sumpserat
3174 1352 3242 1404 ab
3285 1365 3348 1402 eo
3383 1350 3475 1417 qui

1911 1453 2011 1507 sibi
2049 1451 2308 1506 dicebat:
2345 1467 2366 1501 ι
2406 1449 2544 1504 Ecce
2580 1463 2680 1518 ego
2729 1448 2847 1502 dedi
2899 1459 3179 1500 sermones
3227 1456 3376 1496 meos
3422 1441 3474 1493 in

1911 1557 1973 1598 os
2006 1551 2153 1597 tuum
2195 1543 2370 1610 ignem
2405 1540 2474 1603 “,
2523 1558 2541 1591 ι
2582 1553 2732 1594 assas
2779 1537 3048 1590 faciamus
3079 1533 3201 1602 agni
3239 1547 3471 1595 carnes;

1913 1633 1983 1686 ita
2011 1643 2069 1687 ut
2098 1633 2190 1702 qui
2221 1646 2318 1686 eas
2351 1629 2649 1700 capiemus,
2676 1626 2894 1682 Christo
2925 1625 2976 1678 in
3014 1623 3169 1676 nobis
3199 1621 3472 1689 loquente,

1910 1725 2196 1779 dicamus:
2227 1741 2246 1774 ι
2290 1720 2480 1776 Nonne
2513 1733 2611 1773 cor
2649 1726 2896 1772 nostrum
2923 1715 3121 1769 ardens
3153 1721 3271 1768 erat
3314 1709 3476 1779 178

1907 1817 1959 1871 iu
1990 1816 2094 1880 via,
2130 1815 2255 1870 dum
2305 1812 2542 1883 aperiret
2583 1810 2740 1864 nobis
2778 1807 3093 1877 Scripturas
3123 1805 3169 1836 ⁵ο
3204 1803 3228 1857 ?
3262 1821 3282 1856 ι
3322 1802 3474 1869 Quod

1906 1908 1950 1962 si
1986 1906 2050 1959 ad
2085 1906 2223 1960 banc
2253 1919 2366 1959 rem
2399 1901 2744 1972 quaerendam
2773 1913 2960 1954 assure
2988 1896 3097 1966 igni
3125 1893 3247 1964 agni
3272 1907 3470 1947 carnes

1906 2013 2043 2066 opus
2077 1997 2205 2062 erit,
2243 1995 2295 2048 in
2323 1994 2556 2048 medium
2589 1989 2922 2045 afferendum
2952 1995 3037 2042 est
3066 1986 3118 2040 id
3148 1983 3288 2054 quod
3313 1998 3474 2038 occa-

1907 2091 2059 2144 sione
2086 2088 2375 2142 verborum
2419 2084 2514 2138 Dei
2571 2096 2796 2153 passum
2825 2094 2885 2136 se
2918 2079 3123 2133 fatetur
3163 2075 3470 2133 Jeremias:

1912 2198 1930 2231 ι
1963 2179 2028 2233 Et
2055 2177 2229 2232 factus
2260 2185 2346 2232 est
2372 2184 2430 2230 ut
2461 2174 2601 2244 ignis
2629 2171 2980 2233 comburens,
3012 2169 3212 2224 ardens
3245 2169 3297 2222 in
3337 2168 3477 2223 ossi-

1907 2270 2007 2324 bus
2051 2269 2230 2322 meis:
2261 2275 2316 2321 et
2347 2265 2589 2320 resolvor
2633 2261 2896 2332 undique,
2943 2269 3000 2316 et
3041 2259 3315 2316 sustinere
3363 2273 3486 2316 non.

1907 2374 2121 2428 possum
2153 2360 2223 2414 ⁵³.
2252 2377 2272 2410 ι
2313 2356 2679 2425 Incipiendum
2714 2363 2894 2407 autem
2921 2363 3031 2417 est,
3073 2352 3196 2406 dum
3228 2351 3471 2406 comedi-

1909 2467 2047 2514 mus,
2075 2466 2104 2504 a
2133 2449 2331 2519 capite,
2371 2449 2474 2503 hoc
2501 2455 2582 2502 est
2610 2460 2639 2500 a
2662 2445 2932 2513 supremis
2953 2455 3007 2500 et
3031 2445 3308 2514 primariis
3369 2447 3467 2501 do-

1905 2543 2176 2614 gmatibus
2209 2542 2274 2595 de
2301 2540 2462 2596 rebus
2493 2535 2970 2608 supercmlestibus
2998 2554 3012 2603 ;
3039 2549 3094 2590 et
3119 2537 3470 2592 desinendum

1908 2636 1961 2690 iu
2012 2633 2198 2704 pedes,
2245 2632 2500 2687 nimirum
2555 2630 2607 2684 in
2653 2629 2875 2686 ultimas
2920 2627 3272 2697 disciplinas,
3323 2643 3472 2696 quie-

1907 2720 2088 2780 rentes
2128 2723 2194 2778 de
2227 2722 2419 2779 ultima
2472 2729 2662 2775 natura
2711 2718 2764 2773 in
2809 2718 3048 2784 entibus,
3087 2717 3182 2772 vel.
3204 2717 3270 2772 de
3312 2719 3474 2772 rebus

1907 2810 2298 2877 tuaterialibus,
2331 2809 2414 2865 vel
2453 2808 2821 2875 terrestribus,
2855 2809 2942 2863 vel
2984 2807 3140 2862 malis
3179 2806 3470 2876 spiritibus

1905 2911 1961 2958 et
1997 2903 2222 2973 impuris
2250 2900 2599 2956 daemonibus.
2651 2899 2785 2955 Nam
2831 2900 2947 2954 ﬁeri
2997 2908 3168 2970 potest
3202 2910 3259 2953 ut
3287 2915 3471 2954 sermo

1907 2991 1974 3046 de
2002 2990 2155 3061 ipsis,
2187 2991 2433 3046 diversus
2462 2991 2738 3045 exsisteus
2771 2991 2838 3046 ab
2878 2991 2986 3045 illis
3014 2990 3358 3057 sublimibus,
3387 3007 3472 3044 re-

1907 3083 2157 3139 conditus
2186 3084 2238 3138 iu
2264 3083 2538 3155 mysteriis
2561 3083 2885 3153 Scriptum,
2915 3085 3084 3154 pedes
3108 3085 3232 3154 agni
3267 3085 3472 3155 tropice

1908 3178 2220 3232 nominatus
2257 3177 2349 3232 sit.
2392 3175 2532 3243 Quin
2563 3177 2631 3230 ab
2661 3177 2954 3241 intestinis,
2997 3187 3054 3232 et
3094 3177 3470 3246 interioribus,

1905 3277 1959 3322 et
2002 3266 2268 3321 abstrusis
2297 3281 2403 3320 non
2439 3266 2800 3321 recedendum
2843 3275 2964 3332 est;
2997 3268 3093 3322 sed
3123 3267 3192 3320 ad
3225 3267 3473 3337 Scriptu-

1907 3372 2022 3412 ram
2050 3367 2217 3412 totam
2248 3359 2470 3428 perinde
2503 3369 2666 3426 atque
2707 3357 2774 3412 ad
2822 3373 2990 3412 unum
3022 3372 3216 3428 corpus
3244 3362 3474 3414 accede.

1907 3464 2026 3504 mus
2048 3459 2284 3520 oportet,
2313 3465 2411 3504 nec
2431 3448 2827 3505 ‘collacerandze
2849 3449 3323 3521 discittdendazqne
3345 3463 3472 3507 sunt

1906 3552 2019 3596 tum
2049 3542 2529 3609 constantissime,
2571 3552 2682 3597 tum
2718 3541 3032 3597 fortissima:
3065 3543 3360 3598 harmonia:
3391 3555 3472 3599 to—.

1905 3635 2015 3690 tius
2068 3633 2480 3704 compositionis
2526 3635 2695 3705 ipsius
2735 3651 2751 3690 :
2785 3634 2836 3688 id
2873 3635 3014 3703 quod
3059 3635 3306 3690 fecerunt
3351 3637 3464 3704 qui,

1904 3732 2165 3792 quantum
2221 3723 2272 3776 in
2325 3721 2457 3791 ipsis
2491 3731 2591 3788 est,
2651 3720 2812 3774 unius
2859 3719 3120 3776 unitatem
3151 3719 3382 3789 Spiritus
3411 3721 3464 3774 in

1903 3817 2159 3871 omnibus
2214 3812 2512 3884 Scripturis
2584 3812 2934 3868 exsisteutem
2988 3812 3340 3869 collacerant.
3403 3812 3468 3868 Et

1905 3921 2037 3962 sane
2094 3907 2207 3961 bazc
2255 3907 2514 3974 praedicta
2561 3919 2627 3959 ex
2673 3918 2812 3972 agno
2856 3905 3160 3974 propbetia,
3204 3921 3306 3959 una
3352 3906 3467 3960 Sola

1908 4005 2071 4052 nocte
2102 3996 2470 4062 tenebrarum,
2503 4010 2623 4065 quae
2669 4004 2796 4049 sunt
2839 3995 2891 4050 in
2921 3996 3173 4065 prmscnti
3202 3996 3332 4061 vita,
3370 4011 3470 4052 nos

1905 4087 2150 4152 nutriat;
2186 4095 2440 4156 tanquam
2488 4086 2633 4140 enim
2676 4088 2957 4142 exoriente
2999 4086 3085 4141 die
3127 4101 3309 4140 rerum
3349 4095 3470 4155 post

1902 4189 2223 4245 prmsentem
2251 4178 2420 4230 vitam
2452 4176 2780 4244 futurarum,
2804 4179 2884 4234 sic
2910 4195 3008 4235 nos
3037 4179 3169 4234 nihil
3202 4179 3466 4249 reliquum

1904 4268 2081 4324 facere
2113 4269 2370 4324 debemus
2399 4269 2466 4324 de
2496 4271 2622 4326 cibo
2657 4271 2830 4326 solum
2873 4271 3032 4327 nobis
3072 4272 3124 4326 in
3175 4273 3463 4340 praesentia

1905 4361 2043 4415 utili.
2074 4361 2207 4415 Cum
2254 4361 2400 4415 enim
2448 4378 2553 4417 nox
2584 4363 2932 4432 przeterierit,
2983 4380 3048 4420 ac
3089 4364 3466 4434 supervenerit

247 4447 385 4516 ἡμῶν
425 4450 636 4504 θυέσθω
684 4453 746 4504 τὸ
785 4453 1051 4524 πρόϐατον
1099 4455 1156 4506 ὲν
1203 4457 1362 4508 παντὶ
1394 4456 1526 4527 οίκῳ
1569 4461 1800 4528 πατριᾶς

1907 4464 2093 4524 postea
2147 4453 2286 4518 dies,
2335 4469 2590 4524 azymum
2643 4456 2904 4510 habentes
2945 4455 3360 4526 haudquaquam
3399 4469 3464 4508 ex

247 4543 403 4612 ἡμῶν,
436 4548 530 4598 καὶ
562 4547 784 4601 δυνατὸν
809 4547 946 4600 ἔστω
971 4547 1118 4600 τόνδε
1153 4547 1254 4617 μέν
1294 4565 1414 4601 τινα
1441 4554 1798 4621 παρανομεῖν,

246 4633 309 4703 μὴ
329 4636 520 4692 θύοντα
542 4639 605 4691 τὸ
635 4638 900 4710 πρόϐατον
927 4678 941 4697 ,
969 4639 1060 4691 τὸν
1095 4639 1152 4692 δὲ
1181 4640 1360 4693 πᾶσαν
1385 4641 1670 4709 φυλάττειν
1695 4643 1797 4714 τὴν

239 4727 438 4798 ἐντολὴν
461 4729 681 4791 θύοντα,
717 4731 808 4783 καὶ
833 4732 1176 4803 περιέψοντα,
1202 4734 1294 4786 καὶ
1321 4735 1504 4788 ὀστέον
1528 4736 1689 4790 αὑτοῦ
1719 4737 1793 4808 μὴ

239 4820 599 4890 ωντρίῦοντα.
648 4822 756 4875 Καὶ
783 4821 952 4886 οὕτως
995 4826 1052 4876 ἐν
1095 4811 1319 4896 βραχέσι
1373 4826 1674 4897 συμφώνως
1725 4832 1790 4900 τῇ

232 4908 549 4980 ἀποστολικῇ
603 4910 794 4981 ἐκδοχῇ
829 4912 920 4964 καί
962 4911 1041 4981 τῷ
1083 4913 1142 4966 ὲν
1179 4911 1256 4983 τῷ
1293 4913 1608 4986 Εὑαγγελίῳ
1637 4917 1795 4987 ἀμνῷ

227 5000 553 5054 ἀποδιδόσθω
585 5001 695 5071 (52)
743 5001 804 5055 τὺ
841 5001 996 5056 τυθὲν
1045 5003 1236 5074 Πάσχα
1279 5005 1531 5075 Χριστός.
1567 5007 1639 5060 Οὐ
1688 5009 1796 5078 γὰρ

225 5093 501 5163 νομιστέον
528 5093 599 5146 τά
621 5093 866 5164 ἱστορικὰ
895 5094 1178 5174 ἱστορικῶν
1204 5093 1340 5150 εἶναι
1369 5096 1591 5162 τύπους,
1617 5100 1796 5153 καὶτὰ

225 5185 509 5256 σωματικά
545 5185 894 5255 σωματικῶν,
926 5187 1060 5240 ἀλλά
1085 5186 1151 5240 τά
1182 5189 1467 5258 σωματικά
1510 5207 1802 5261 πνευματιο

225 5278 361 5339 ὠν,
396 5279 493 5332 καὶ
537 5277 611 5331 τὰ
661 5278 908 5348 ἱστορικά
944 5278 1168 5350 νοητῶν.
1216 5279 1500 5351 Ἀναὸῆναι
1538 5279 1615 5351 τῷ
1658 5281 1798 5354 λόγῳ

321 5372 422 5425 “ll
452 5372 596 5424 Tim.
631 5388 703 5432 tv.
730 5373 785 5436 '5,
816 5374 868 5426 4.

290 5465 618 5540 (ﬂgitio-lex
651 5466 872 5540 fleeing,
910 5467 1030 5540 κατ’
1060 5467 1223 5520 αὑτοῦ
1248 5467 1555 5540 ἀναγωγάς.
1601 5469 1792 5540 Ἡμεῖς

227 5538 274 5589 δέ
299 5537 375 5606 τῷ
409 5535 590 5599 ζέοντι
615 5539 725 5599 τοῖς
749 5537 1046 5608 διδομένοις
1098 5550 1240 5604 elc.;
1281 5535 1604 5595 Bodleianus
1636 5535 1694 5595 ut
1734 5543 1786 5594 itt

231 5620 402 5661 nostro
432 5617 608 5660 textu.

291 5678 398 5744 {‘29)
432 5677 528 5731 Sic
560 5678 727 5730 habet
762 5677 930 5730 codex
965 5675 1308 5742 Bndleianns,
1338 5677 1474 5732 male
1515 5694 1644 5732 vero
1689 5695 1784 5732 eo-

230 5748 320 5802 de:
351 5747 574 5817 Rrgius,
604 5749 699 5810 Εἰς
719 5746 775 5801 δὲ
798 5746 856 5800 τὸ
886 5746 1125 5802 τοιοῦτον
1155 5745 1409 5820 ζητῆσαι,
1440 5750 1573 5819 πυρὶ
1618 5749 1784 5820 ὀπτῆ-

1900 4548 2196 4614 veteribus,
2227 4556 2282 4602 et
2309 4562 2374 4602 ex
2407 4547 2491 4602 bis
2517 4547 2608 4617 qui
2644 4546 2854 4603 inferne
2889 4547 3232 4612 fermentant,
3269 4562 3462 4616 panem

1897 4641 2229 4696 comedimus
2273 4640 2429 4694 nobis
2458 4654 2697 4708 eousque
2738 4639 3102 4708 profuturum,
3137 4641 3310 4696 donec
3347 4650 3486 4709 po:t.

1897 4749 2145 4805 azytnunt
2179 4733 2336 4786 fuerit
2377 4733 2532 4786 nobis
2558 4731 2742 4784 datum
2778 4745 2991 4793 manna,
3033 4733 3135 4786 hoc
3176 4741 3260 4787 est
3301 4748 3470 4803 auge;

1902 4828 2038 4881 licus
2065 4823 2153 4878 ille
2187 4829 2240 4877 et
2272 4837 2377 4878 non
2411 4823 2680 4876 humanus
2705 4820 2876 4875 cibus.
2911 4822 2994 4875 Ab
3019 4838 3340 4894 unoquoque
3370 4825 3482 4894 ἱείς,

1904 4929 1988 4973 tur
2019 4925 2263 4972 nostrum
2291 4914 2598 4968 immoletur
2622 4916 2742 4969 ovis
2781 4917 2834 4970 in
2866 4915 3013 4969 omni
3055 4915 3214 4970 domo
3247 4916 3464 4974 familia:

1905 5022 2124 5066 nostra.
2160 5008 2344 5064 Facile
2365 5009 2530 5061 etiam
2563 5005 2704 5062 factu
2735 5009 2826 5074 sit,
2853 5017 2908 5062 ut
2936 5008 3132 5076 aliquis
3163 5019 3462 5078 transgres-

1905 5118 1996 5155 sor
2045 5101 2116 5156 sit
2155 5100 2313 5168 legis,
2359 5113 2464 5154 non
2503 5107 2748 5153 mactans
2785 5114 2960 5164 ovem,
2995 5100 3122 5166 alio,
3149 5101 3458 5158 universum

1904 5205 2158 5249 servante
2208 5193 2545 5256 mandatum,
2592 5201 2865 5247 mactante
2895 5202 2950 5246 et
2995 5201 3287 5260 coquente,
3315 5201 3372 5247 et
3399 5208 3462 5256 os

1903 5286 2023 5353 ejus
2059 5301 2164 5339 non
2200 5286 2593 5354 confringeute.
2626 5285 2690 5339 Et
2712 5285 2812 5346 sic.
2844 5292 2902 5336 ut
2930 5297 3090 5356 quam
3141 5281 3476 5340 brevissime.

947 5372 992 5404 "
1021 5371 1220 5428 Jerem.
1242 5391 1293 5439 v,
1317 5376 1402 5428 14.
1477 5377 1520 5408 ⁸ο
1546 5375 1676 5430 Luc.
1714 5394 1861 5446 utv,
1889 5382 1980 5436 52.
2056 5383 2100 5414 “
2129 5381 2333 5439 Jerem.
2361 5399 2450 5449 xx,
2493 5382 2550 5452 9.⁴

1902 5492 1990 5528 σαι
2015 5476 2072 5529 δὲ
2103 5476 2220 5541 ἄξει
2240 5476 2307 5528 τὰ
2333 5475 2448 5537 τοῦ,
2487 5485 2593 5528 ete.

1969 5545 2078 5615 (30)
2109 5548 2290 5601 (Iudex
2331 5545 2673 5615 Bodleiauus,
2707 5543 2805 5615 τάς
2834 5542 3251 5615 ἁρμονίαςτῆς.

1969 5561 2078 5615 (ου)
2109 5561 2290 5601 Utulex
2331 5561 2673 5606 uoutetanus,
2707 5561 2805 5605 τας
2834 5561 3095 5666 αρὲιονιας
3122 5561 3251 5614 της.

1967 5616 2078 5685 (51)
2110 5615 2289 5670 Codex
2316 5613 2670 5685 Bodleianus.
2705 5613 2767 5666 τὸ
2793 5630 2896 5685 κατ
2965 5613 3027 5685 τὸ
3057 5614 3291 5685 ἄζυμον.

1966 5683 2076 5756 (52)
2105 5685 2245 5741 ldctu
2277 5687 2446 5740 codex
2479 5683 2823 5746 Bodleianus,
2853 5683 3223 5740 ἀποδίδοσθαι.
