4020 6216
325 297 426 351 ’5-⁷ιι

1421 302 1775 360 COMMENT.
1812 304 1879 361 IN
1911 302 2107 360 JOAN.
2150 303 2389 360 TOMUS
2429 303 2499 358 X.’

3462 307 3577 363 διε

325 413 385 468 δὲ
407 414 575 468 αὑτοῦ
616 414 713 488 τὴν
751 414 914 482 λέξιν,
954 416 1038 469 ἵνα
1073 416 1149 479 ὡς
1175 417 1234 470 ἐν
1275 418 1614 490 τηλικούτοις
1644 421 1872 492 ἀναστρὲ

1971 420 2173 484 ,rebns
2226 422 2375 476 nullo
2406 433 2671 492 apparatu
2706 429 3037 486 vereanlem,
3084 423 3180 478 sed
3226 432 3576 494 contemptim

329 523 454 575 φειν
488 507 582 560 τὸν
611 507 778 580 ἄνδρα
816 506 1292 580 παρερριμμένως,
1343 510 1436 563 καὶ
1483 511 1714 583 ὑδαρῶς,
1764 514 1903 584 μετὰ

330 597 561 666 μηδενὸς
590 596 1083 652 κατασκευαπικοῦ
1114 597 1514 670 θεωρήσαντες,
1561 599 1760 671 μᾶλλον
1799 602 1903 655 αὐ-

325 687 419 741 τοῦ
450 690 965 761 καταφρονήσωμεν.

396 801 484 856 t5.
527 821 547 854 ι
590 803 700 857 Καὶ
731 801 899 874 ἀνέϐη
941 802 1022 869 εἰς
1066 805 1416 879 Ἰεροσόλυμα
1454 808 1483 861 ὁ
1535 805 1764 879 Ἰησοῦς,
1804 809 1900 863 καὶ

318 888 479 964 εὗρεν
530 895 589 948 ὲν
630 894 709 965 τῷ
742 894 876 967 ἱερῷ
930 899 1057 961 τοὺς
1103 897 1415 963 πωλοῦντας
1464 899 1613 971 βόας,
1660 901 1757 955 καὶ
1799 918 1897 954 πε-

322 986 599 1057 ριστερὰς,
659 987 753 1041 καὶ
798 990 926 1052 τοὺς
976 990 1341 1062 κερματιστὰς
1377 988 1739 1062 καθημένους.
1782 995 1895 1063 καὶ

316 1078 554 1147 ποιήσας
594 1078 918 1148 φραγέλλιον
957 1080 1023 1133 ὲκ
1072 1083 1320 1152 σχοινίων
1363 1080 1651 1148 ἐξέϐαλλεν
1686 1086 1753 1138 ἐκ
1799 1085 1894 1140 τοῦ

316 1168 466 1240 ἱεροῦ
491 1169 560 1222 τά
576 1186 636 1222 τε
668 1170 937 1243 πρόϐατα,
970 1169 1212 1238 καὶτοὺς
1241 1173 1388 1245 βόας,
1428 1177 1523 1229 καὶ
1559 1176 1669 1230 τῶν
1707 1177 1901 1231 κολλυ-

315 1258 518 1313 ϐιστῶν
580 1260 763 1333 ἐξέχεε
820 1260 889 1317 τὰ
957 1265 1240 1336 κέρματα,
1295 1264 1392 1321 καὶ
1449 1267 1551 1332 τὰς
1616 1268 1896 1340 τραπέζας

310 1351 612 1423 ἀνέστρεψε
652 1352 785 1426 (34y
823 1358 915 1409 καὶ
952 1359 1066 1421 τοῖς
1115 1356 1215 1422 τὰς
1245 1361 1578 1433 περιστερὰς
1623 1363 1894 1420 πωλοῦσιν

310 1442 497 1499 εἶπεν·
530 1445 731 1517 Ἄρατε
768 1446 941 1503 ταῦτα
968 1448 1239 1516 ἐντεῦθεν,
1284 1454 1358 1526 μὴ
1394 1456 1597 1508 ποιεῖτε
1628 1456 1720 1509 τὸν
1747 1450 1894 1511 οἷκον

310 1540 409 1594 τοῦ
452 1541 663 1616 Πατρός
699 1561 800 1615 μου
834 1540 983 1601 οἶκον
1024 1546 1312 1618 ἐμπορίου.
1356 1548 1493 1601 Τότε
1541 1548 1890 1621 ἐμνήσθησαν

306 1632 359 1684 οἱ
394 1631 629 1703 μαθηταὶ
653 1632 844 1699 αὑτοῦ,
876 1637 959 1690 ὅτι
1001 1634 1390 1709 γεγραμμένον
1414 1639 1563 1694 ἐστίν
1582 1657 1595 1670 ·
1640 1640 1697 1693 '0
1722 1638 1889 1711 ζῆλος

308 1724 405 1779 τοῦ
441 1725 591 1782 οἴκου
635 1744 728 1782 σου
758 1729 1140 1799 καταφάγεταί
1176 1746 1261 1801 με.
1302 1748 1321 1782 t
1355 1729 1716 1800 Σημειωτέον,
1747 1730 1830 1784 ὅτι
1857 1733 1886 1785 ὁ

306 1818 412 1887 μὲν
439 1816 688 1894 Ἰωάννης
722 1819 973 1893 δεύτερον
992 1820 1152 1893 ἔργον
1166 1820 1259 1874 τοῦ
1303 1820 1476 1892 Ἰησοῦ
1497 1821 1803 1894 ἀναγράφει
1823 1823 1885 1877 τὸ

307 1908 569 1978 περὶτῶν
604 1911 663 1965 ὲν
701 1910 780 1982 τῷ
811 1910 942 1983 ἱερῷ
972 1912 1300 1984 εὑρεθέντων
1328 1912 1421 1965 ὑπ’
1451 1913 1616 1967 αὐτοῦ
1646 1913 1886 1969 πωλούν-

300 2014 414 2052 των
439 1999 590 2070 βόας,
617 2002 713 2056 καὶ
744 2002 1008 2075 πρόϐατα,
1032 2005 1125 2058 καὶ
1151 2005 1477 2077 περιστεράς
1496 2021 1510 2036 ⁸
1542 2008 1591 2059 οἱ
1620 2006 1676 2059 δὲ
1707 2006 1884 2061 λοιποὶ

303 2090 495 2160 σχεδὸν
534 2091 669 2164 πρὸς
711 2091 789 2163 τῷ
813 2092 975 2156 τέλει,
1015 2086 1107 2148 ἐπὶ
1138 2094 1240 2164 τῆς
1271 2093 1413 2149 κατὰ
1444 2095 1507 2148 τὸ
1535 2094 1704 2160 πάθος
1737 2098 1882 2151 οἰκο-

299 2181 498 2251 νομίας
541 2184 603 2237 τὸ
652 2185 1027 2257 παραπλήσιον
1071 2186 1345 2239 ποιοῦσιν·
1396 2187 1488 2241 καὶ
1522 2187 1551 2239 ὁ
1585 2188 1686 2258 μὲν
1726 2189 1881 2242 Ματ-

296 2272 452 2336 θαῖος
494 2272 694 2339 οὕτως·
726 2295 745 2327 ι
786 2276 895 2329 Καὶ
938 2275 1268 2342 εἰσελθόντος
1302 2278 1467 2333 αὐτοῦ
1516 2283 1595 2347 εξς
1649 2280 1878 2355 Ἱεροσό-

299 2360 469 2431 λυμα,
524 2364 740 2438 ἐσείσθη
811 2369 959 2420 πᾶσα
998 2368 1031 2438 ἡ
1078 2368 1233 2433 πόλις
1277 2369 1545 2440 λέγουσαθ
1592 2373 1690 2437 Τίς
1731 2374 1879 2428 ἐστιν

296 2444 488 2521 οὗτος
519 2456 582 2508 υἱ
608 2455 665 2509 δὲ
686 2456 830 2528 ϐχλοι
848 2457 1053 2528 ἔλεγον⁸
1073 2454 1242 2524 Οὗτός
1267 2463 1415 2516 ἐστιν
1459 2463 1664 2535 Ἰησοῦς
1689 2467 1718 2519 ὁ
1746 2482 1878 2539 προ-

298 2543 498 2613 φήτης,
528 2546 556 2598 ὁ
585 2546 696 2599 ἀπὸ
721 2547 974 2619 Ναζαρὲτ
1005 2549 1105 2619 τῆς
1142 2551 1461 2617 Γαλιλαίας·
1499 2556 1592 2608 καὶ
1629 2555 1877 2628 εἰσῆλθεν

307 2634 518 2705 Ἰησοῦς
550 2638 629 2701 εἰς
668 2637 730 2691 τὸ
773 2640 935 2712 ἱερὸν,
981 2645 1075 2697 καὶ
1104 2643 1323 2709 ἐξέϐαλε
1356 2646 1564 2712 πάντας
1603 2650 1729 2714 τοὺς
1758 2660 1875 2704 πω-

296 2726 523 2793 λοῦντας
547 2732 641 2786 καὶ
670 2732 1037 2803 ἀγοράζοντας
1068 2736 1127 2789 ὲν
1158 2736 1237 2808 τῷ
1270 2738 1419 2810 ἱερῷ,
1467 2740 1563 2793 καὶ
1608 2739 1708 2806 τὰς
1739 2750 1876 2816 τρα-

298 2815 467 2905 πέζας
493 2818 602 2873 τῶν
644 2821 1014 2905 ,κολλυϐιστῶν
1064 2828 1400 2899 κατέστρεψε
1455 2829 1590 2901 (55),
1639 2834 1734 2887 καὶ
1774 2815 1874 2901 τὰς

296 2906 563 2980 καθέδρας
583 2904 693 2965 τῶν
725 2912 1049 2970 πωλούντων
1077 2916 1175 2980 τὰς
1213 2921 1544 2993 περιστεράς
1564 2938 1578 2954 ο
1605 2922 1701 2976 καλ⁵
1725 2924 1872 2994 λέγει

291 2998 474 3089 adtul;
497 3016 511 3030 ·
542 3000 887 3074 Γέγραπταιο
948 3006 1007 3059 ’0
1050 3004 1198 3073 οἶκός
1247 3026 1348 3081 μου
1385 3008 1532 3077 οἶκος
1565 3018 1877 3089 προσευχῆς

293 3088 658 3199 κληθήσεταιί
724 3094 896 3199 fuci;
961 3092 1017 3150 δὲ
1093 3099 1257 3153 αὑτὸν
1332 3105 1533 3157 ποιεῖτε
1605 3088 1868 3177 σπήλαιον
1896 3141 1938 3199 C

2006 522 2061 568 et
2083 513 2204 569 sine
2242 513 2519 579 firmitate,
2548 512 2718 582 magis
2748 514 2920 581 ipsum
2954 515 3336 583 despiciemus.

2074 790 2161 845 15.
2199 809 2219 842 ι
2242 788 2307 845 Et
2336 788 2582 845 ascendit
2617 787 3040 856 Hierosolymam
3077 785 3259 851 Jesus.
3288 797 3345 843 et
3377 790 3578 859 reperit

2002 880 2054 934 in
2088 879 2285 948 templo
2311 895 2428 945 eos,
2460 879 2553 950 qui
2589 878 2891 933 vendebant
2918 878 3104 943 boves,
3133 887 3189 931 et
3219 893 3372 941 oves,
3397 888 3453 932 et
3475 894 3572 932 eos

2000 971 2230 1035 lumbas,
2265 980 2320 1025 et
2352 972 2654 1027 tnensarios
2682 970 2958 1026 sedentes.
2984 968 3053 1025 Et
3080 985 3200 1025 cum
3231 969 3450 1025 fecisset
3478 969 3579 1024 fis-

1997 1062 2194 1134 gellum
2225 1077 2256 1117 e
2288 1061 2571 1126 fonticulis,
2620 1060 2780 1130 ejecit
2828 1077 2860 1116 e
2894 1060 3096 1131 templo
3121 1075 3250 1116 oves
3279 1058 3463 1125 simul,
3506 1074 3575 1115 ac

1999 1153 2206 1219 boves;
2241 1161 2297 1207 et
2328 1153 2725 1209 mensariorum
2752 1167 2827 1208 ius
2853 1151 3069 1215 effudit,
3100 1160 3158 1206 et
3187 1165 3407 1207 mensas
3440 1149 3569 1207 sui»

1996 1246 2193 1299 vertit:
2227 1254 2279 1300 et
2316 1244 2423 1309 his,
2459 1245 2551 1314 qui
2583 1243 2865 1299 columbas
2894 1242 3218 1308 vendebant,
3253 1242 3420 1297 dixit:
3456 1241 3571 1296 Au-

1995 1333 2135 1389 ferte
2166 1333 2268 1389 ista
2300 1335 2450 1397 hinc,
2482 1348 2582 1387 nec
2613 1332 2774 1388 facile
2801 1334 3020 1393 domum
3068 1330 3250 1386 Patris
3303 1332 3430 1397 mei,
3467 1332 3569 1387 do-

1996 1442 2143 1481 mum
2179 1437 2476 1482 mercatus.
2520 1423 2673 1480 Tunc
2703 1424 2973 1481 recordati
3002 1433 3127 1479 sunt
3155 1423 3407 1493 discipuli
3452 1423 3571 1494 ejus

1994 1517 2253 1586 scriptum
2284 1531 2407 1572 esse
2433 1535 2448 1572 :
2503 1515 2664 1571 Zelus
2695 1516 2888 1571 domus
2921 1524 3028 1571 tua:
3057 1515 3293 1571 comedit
3324 1530 3413 1571 me
3439 1514 3510 1571 ⁵⁸.
3546 1534 3567 1568 ι

1994 1604 2295 1661 Notandum
2332 1606 2548 1675 quidem
2583 1615 2669 1659 est
2700 1604 2965 1660 Joannem
3001 1606 3244 1661 scribere
3274 1607 3569 1661 secundum

1989 1695 2117 1752 Jesu
2173 1710 2313 1766 opus
2362 1695 2534 1751 fuisse
2563 1696 2616 1751 id
2651 1697 2791 1766 quod
2831 1696 2958 1753 fecit
2990 1711 3118 1768 erga
3167 1707 3415 1767 repertos
3439 1712 3471 1753 a
3508 1714 3569 1752 se

1920 1776 1961 1835 Β
1990 1789 2284 1846 vendentes
2316 1802 2468 1854 oves,
2498 1796 2554 1844 et
2586 1788 2778 1855 boves,
2825 1799 2882 1844 et
2927 1789 3207 1844 columbas
3239 1791 3293 1845 in
3326 1792 3565 1861 templo;

1990 1897 2113 1938 cum
2142 1881 2321 1937 caeteri
2368 1879 2486 1937 fere
2513 1881 2570 1935 in
2614 1880 2744 1947 fine,
2774 1881 3013 1936 vicinum
3059 1880 3190 1936 illttd
3219 1881 3424 1936 faciant
3452 1884 3568 1937 dis-

1993 1973 2297 2045 pensationi
2326 1973 2403 2029 illi
2431 1988 2552 2044 quae
2600 1984 2722 2031 erat
2749 1985 2992 2046 tempore
3020 1976 3324 2044 passionis;
3356 1987 3412 2032 et
3439 1976 3569 2031 Mat-

1988 2069 2159 2123 tlncus
2184 2066 2400 2136 quidem
2429 2067 2511 2121 sic
2532 2066 2612 2121 "z
2647 2083 2668 2117 ι
2700 2066 2765 2121 Ει
2790 2080 2910 2121 cum
2942 2067 3202 2123 intrasset
3234 2069 3347 2138 ipse
3378 2068 3568 2125 Hiero-

1986 2162 2271 2233 solymam,
2298 2171 2570 2215 commota
2592 2168 2677 2215 est
2701 2160 2951 2215 universa
2971 2160 3188 2226 civitas,
3210 2161 3395 2220 dicens
3412 2160 3566 2228 :Quis

1983 2264 2069 2310 est
2106 2253 2236 2309 hic?
2266 2251 2463 2308 Turbae
2493 2260 2676 2307 autem
2712 2250 2999 2307 dicebant:
3030 2250 3129 2307 Hic
3166 2266 3252 2307 est
3287 2252 3445 2309 Jesns
3473 2254 3564 2309 ille

1982 2352 2246 2422 preplieta
2287 2364 2317 2405 a
2350 2349 2622 2405 Nazareth
2660 2345 2918 2403 Galilaete.
2954 2345 3023 2401 Et
3055 2344 3283 2401 intravit
3317 2345 3472 2403 Jesus
3504 2348 3564 2404 in

1985 2443 2238 2514 templum
2265 2483 2281 2510 ,
2309 2452 2366 2498 et
2396 2441 2556 2513 eiecit
2579 2454 2772 2495 omnes
2806 2439 3105 2495 vendentes
3139 2447 3194 2496 et
3226 2450 3469 2498 ementes
3501 2442 3555 2499 in

1984 2534 2218 2604 templo;
2269 2547 2593 2603 mensasque
2659 2532 3055 2587 mensariorum
3090 2570 3105 2597 ,
3155 2541 3211 2587 et
3270 2533 3562 2593 cathedras

1982 2624 2327 2680 vendentium
2385 2623 2665 2681 columbas
2722 2622 2993 2678 subvertit
3046 2641 3061 2678 :
3121 2635 3177 2680 et
3227 2625 3362 2681 dicit
3396 2627 3478 2682 eis
3534 2646 3551 2683 :

1979 2716 2253 2784 Scriptum
2280 2725 2361 2772 est
2382 2733 2399 2770 ι
2418 2716 2619 2771 Domus
2646 2729 2784 2780 mea,
2810 2716 3005 2770 domus
3036 2717 3367 2786 precationis
3394 2733 3559 2773 voca-

1978 2809 2157 2877 bitur;
2188 2816 2245 2863 at
2270 2823 2367 2863 vos
2389 2806 2570 2864 facitis
2600 2806 2749 2862 illam
2781 2807 3090 2876 speluncam
3121 2808 3412 2864 latronum.
3442 2828 3462 2862 ι
3488 2809 3559 2866 At

1976 2899 2189 2957 Marcus
2214 2900 2295 2954 “z
2331 2919 2353 2952 ι
2376 2898 2442 2955 Et
2467 2900 2693 2954 veniunt
2735 2896 3205 2970 Hierosolymam:
3250 2901 3558 2971 ingressus-

1973 3004 2080 3060 que
2126 2988 2282 3046 Jesus
2313 2990 2368 3045 in
2400 2988 2658 3060 templum
2710 2988 2876 3059 coepit
2905 2987 3104 3056 ejicere
3137 2994 3231 3046 eos
3272 2993 3365 3062 qui
3417 3006 3551 3048 vcn-

1974 3085 2172 3139 debant
2200 3092 2254 3139 et
2283 3082 2536 3139 emebant
2576 3083 2634 3138 in
2685 3082 2926 3152 templo:
2955 3093 3010 3136 et
3050 3098 3266 3139 mensas
3299 3095 3552 3156 argenta-

287 3179 527 3251 λῃστῶν.
566 3198 584 3234 t
632 3184 691 3237 ’0
719 3184 778 3238 δὲ
808 3184 1067 3258 Μάρκος·
1108 3196 1130 3242 ι
1169 3190 1281 3245 Καὶ
1306 3192 1553 3264 ἔρχονται
1584 3195 1664 3258 εις
1702 3171 1869 3271 ⁷Ἰερο-

1974 3177 2179 3229 riorum
2215 3174 2484 3245 sellasque
2537 3174 2885 3232 vendentium
2914 3171 3195 3230 columbas
3242 3176 3549 3233 subvertit:

288 3273 535 3345 σέλνμαο
566 3277 658 3330 καὶ
689 3277 942 3332 εἰσελθὼν
971 3283 1051 3346 εἰς
1080 3283 1141 3337 τὸ
1167 3284 1309 3355 ἱερὸν
1344 3285 1547 3359 ἤρξατο
1588 3289 1869 3345 ἐκϐάλλειν

284 3366 417 3431 τοὺς
463 3369 778 3435 πωλοῦντας
828 3375 923 3427 καὶ
974 3375 1343 3448 ἀγοράζοντας
1380 3381 1440 3433 ὲν
1467 3380 1547 3451 τῷ
1574 3382 1720 3455 ἱερῷ,
1772 3386 1867 3438 καὶ

284 3458 391 3522 τὰς
423 3460 700 3532 τραπέζας
727 3463 837 3517 τῶν
876 3464 1239 3521 κολλυϐιστῶν
1276 3469 1593 3542 ἀνέστρεψε,
1632 3474 1726 3527 καὶ
1765 3475 1864 3540 τὰς

284 3549 557 3623 καθέδρας
592 3551 701 3607 τῶν
736 3553 1061 3610 πωλούντων
1097 3557 1196 3623 τὰς
1238 3562 1587 3633 περιστερὰς,
1637 3565 1731 3618 καὶ
1763 3566 1864 3620 οὐκ

284 3640 447 3709 ἧῬιεν
487 3642 574 3697 ἶνα
614 3660 700 3707 τις
745 3644 994 3720 διενέγκῃ
1042 3648 1233 3714 σκεῦος
1279 3651 1367 3705 διὰ
1397 3652 1492 3706 τοῦ
1531 3654 1711 3726 ἱεροῦ·
1769 3654 1863 3710 καὶ

284 3731 553 3798 ἐδίδασκε,
602 3737 695 3790 καί¹
737 3735 921 3807 ἔλεγεν
960 3740 1170 3804 αὐτοῖς·
1215 3745 1291 3796 Οὐ
1336 3744 1667 3815 γέγραπται,
1710 3748 1792 3801 ὅτι
1833 3750 1863 3802 ὁ

281 3818 432 3888 οἶκός
478 3842 581 3896 μου
622 3823 768 3893 οῐκος
819 3833 1130 3904 προσευχῆς
1184 3834 1514 3907 κληθήσεται
1564 3839 1701 3892 πᾶσι
1745 3843 1860 3904 τοῖς

280 3913 524 3982 ἔθνεσινς
609 3919 797 3991 Ὑμεῖς
849 3922 907 3976 δὲ
979 3923 1317 3996 πεποιήκατε
1376 3926 1539 3979 αὐτὸν
1597 3928 1860 4000 σπήλαιον

276 4001 515 4075 λῃστῶν.
558 4022 578 4057 t
630 4007 689 4061 ὐ
725 4008 783 4063 δὲ
833 4012 1076 4076 Λουκᾶς
1115 4029 1136 4064 ι
1183 4014 1295 4068 Καὶ
1325 4014 1403 4080 ὡς
1432 4014 1679 4088 ἤγγισεν,
1737 4017 1859 4074 ἰδὼν

276 4091 381 4163 τὴν
412 4093 586 4160 πόλιν,
622 4094 882 4157 ἔκλαυσεν
913 4104 1000 4158 ἐπ’
1036 4103 1205 4177 αὐτὴν
1238 4104 1372 4177 (56),
1417 4104 1624 4175 λέγων·
1661 4108 1782 4162 Ὅτι
1809 4112 1858 4164 ei

278 4182 453 4251 ἔγνως
483 4186 542 4240 ὲν
571 4190 637 4259 τῇ
664 4189 847 4263 ήμέρᾳ
870 4193 1044 4268 ταύτῃ
1092 4195 1187 4248 καὶ
1213 4195 1278 4248 σὺ
1321 4195 1390 4251 τά
1422 4196 1558 4269 πρὸς
1596 4199 1818 4272 εἰρήνην
1837 4217 1852 4231 ο

275 4275 377 4328 νῦν
401 4274 458 4330 δὲ
483 4278 688 4352 ὲκρύϐη
713 4283 822 4336 ἀπὸ
844 4284 1136 4357 ὀφθαλμῶν
1162 4302 1277 4351 σου,
1307 4288 1387 4341 ὄτι
1411 4288 1631 4359 ἥξουσιν
1649 4291 1854 4364 ήμὲραι

275 4365 372 4418 ἐπὶ
408 4365 489 4432 σὲ,
523 4370 617 4424 καὶ
649 4374 1140 4443 περικυκλώσουσι,
1169 4377 1259 4431 καί
1295 4377 1572 4443 συνέξουσί
1624 4396 1685 4433 σε
1712 4381 1851 4436 πάν-

1972 3282 2073 3322 ιιεο
2122 3265 2471 3335 permittebat
2530 3275 2591 3321 ut
2637 3265 2924 3336 quisquam
2967 3265 3277 3335 deportaret
3312 3274 3408 3325 Vas
3454 3285 3549 3340 per

1971 3357 2228 3429 templum
2254 3374 2270 3424 ;
2302 3366 2358 3413 et
2385 3358 2639 3424 docebat,
2669 3359 2857 3415 dicens
2886 3360 3031 3417 illis:
3062 3359 3254 3416 Nonne
3281 3363 3553 3433 scriptum

1968 3460 2087 3506 est-
2123 3450 2323 3506 Domus
2356 3464 2495 3515 mea,
2537 3449 2732 3505 domus
2757 3452 3088 3522 precationis
3113 3452 3396 3509 vocabitur
3424 3469 3539 3508 om.

1966 3542 2124 3596 nibus
2148 3540 2444 3613 gentibus?
2484 3539 2589 3596 Vos
2618 3551 2799 3595 autem
2830 3542 3039 3598 fecistis
3067 3557 3188 3598 eant
3222 3543 3539 3612 speluncam

1965 3633 2254 3689 latronum.
2277 3652 2298 3687 ι
2330 3632 2507 3689 Lucas
2533 3647 2662 3688 vero
2690 3634 2771 3687 ⁶¹;
2814 3651 2832 3685 ι
2869 3633 2934 3686 Et
2971 3641 3030 3688 ut
3058 3635 3539 3704 appmpinquavit.

1962 3725 2154 3780 videns
2181 3725 2481 3790 civitatem,-
2529 3722 2681 3779 ﬂevit
2725 3737 2889 3792 super
2933 3723 3103 3791 illam,
3138 3724 3361 3781 dicens:
3400 3724 3538 3792 Quia

1962 3814 2007 3869 si
2029 3812 2377 3884 cognovisses
2399 3821 2455 3866 et
2481 3820 2538 3866 tu
2568 3811 2621 3867 in
2655 3811 2743 3867 die
2766 3810 2858 3866 illa
2889 3824 3009 3882 qua
3031 3814 3099 3870 ad
3133 3816 3361 3885 pacem!
3394 3832 3537 3873 nunc

1961 3916 2141 3959 autem
2171 3903 2444 3960 occultata
2481 3912 2606 3959 sunt
2633 3903 2705 3960 ab
2744 3904 2918 3960 oculis
2943 3907 3069 3975 tuis,
3118 3907 3248 3979 quia
3277 3888 3553 3978 superve:

1960 3996 2111 4052 nient
2146 3995 2240 4052 tibi
2273 3995 2387 4051 dies
2415 4034 2431 4061 ,
2460 4004 2517 4051 et
2550 3995 2968 4054 circumdabant
3016 4007 3089 4068 te,
3116 4009 3173 4057 et
3214 4002 3434 4075 cingent
3483 4014 3536 4061 te

1960 4089 2217 4158 undique,
2247 4096 2303 4143 et
2335 4087 2451 4143 solo
2477 4088 2769 4158 equabunt
2801 4098 2875 4157 te,
2911 4100 2963 4147 et
2993 4092 3134 4149 filios
3164 4102 3306 4161 tuos,
3333 4108 3390 4152 et
3422 4112 3529 4153 non

1959 4180 2265 4251 relinquent
2299 4179 2457 4252 181
2509 4180 2564 4236 in
2609 4190 2662 4236 te
2698 4180 2929 4252 lapidem
2966 4198 3133 4256 super
3178 4184 3434 4259 lapidem,
3467 4205 3534 4246 eo

1956 4274 2099 4342 quod
2129 4287 2238 4329 non
2279 4272 2602 4345 cognoveris
2651 4283 2865 4345 tempus
2912 4277 3244 4335 visitationis
3286 4289 3409 4336 tua.
3465 4283 3531 4338 Et

1956 4364 2232 4437 ingressus
2266 4366 2321 4421 in
2355 4364 2637 4436 templum,
2665 4367 2834 4437 coapit
2864 4368 3065 4439 ejicere
3086 4371 3405 4436 vendentes,
3447 4375 3530 4427 di-

273 4450 449 4516 τοθεν,
488 4457 582 4509 καὶ
612 4457 888 4528 ὲδαφιοῦσί
919 4479 1001 4529 σε,
1046 4465 1233 4520 καὶτὰ
1259 4467 1424 4521 τέκνα
1471 4484 1585 4534 σου,
1623 4471 1717 4525 καὶ
1754 4472 1854 4525 οὐκ

1971 4474 2087 4516 :ens
2134 4460 2279 4516 illis:
2319 4459 2598 4530 Scriptum
2635 4470 2719 4516 est
2758 4476 2774 4515 :
2804 4459 2873 4516 Et
2898 4461 3002 4516 erit
3033 4462 3225 4518 domus
3257 4478 3400 4529 mea,
3426 4465 3523 4519 do-

272 4543 543 4615 άφήσουσι
566 4546 710 4603 λίθον
734 4551 826 4605 ἐπὶ
857 4551 1003 4608 λίθον
1035 4556 1093 4611 ἐν
1127 4557 1229 4622 σοὶ,
1266 4558 1381 4612 ἀνθ’
1416 4552 1491 4614 ὧν
1527 4561 1626 4614 οὐκ
1675 4560 1848 4631 ἔγνως

269 4635 366 4688 τὸν
395 4638 582 4708 καιρὸν
610 4641 708 4712 τῆς
732 4643 1036 4717 ἐπισκοπῆς
1078 4662 1191 4701 σου.
1226 4649 1336 4703 Καὶ
1376 4651 1634 4707 εἰσελθὼν
1664 4655 1746 4717 εἰς
1786 4654 1846 4709 τὸ

269 4728 419 4799 ἱερὸν
444 4730 649 4801 ήρξατο
675 4733 955 4791 ἐκϐάλλειν
997 4738 1121 4803 τοὺς
1161 4739 1494 4807 πωλοῦντας,
1527 4742 1699 4813 λέγων
1743 4746 1841 4798 αὐ-

264 4819 382 4880 τοῖς
399 4835 414 4848 ο
446 4818 791 4892 Γέγραπται·
826 4825 936 4879 Καὶ
957 4825 1108 4881 ἔσται
1135 4829 1165 4881 ὀ
1190 4824 1336 4894 οἶκός
1377 4848 1477 4903 μου
1499 4829 1647 4898 οἶκος
1670 4851 1841 4906 προσ-

262 4906 454 4977 ευχῆςο
496 4910 653 4981 ὑμεῖς
688 4912 746 4967 δὲ
768 4915 1061 4989 ἐποιήσατε
1085 4919 1247 4975 αὐτὸν
1273 4921 1535 4994 σπήλαιον
1558 4924 1788 4998 λῃστῶν.
1816 4947 1835 4981 s

268 4999 416 5051 Ἐπ’
439 5000 497 5054 δὲ
529 5003 624 5056 καὶ
661 5003 820 5059 τοῦτο
864 5012 1305 5084 παρατηρητέον,
1359 5013 1440 5067 ὅτι
1472 5017 1586 5079 τοῖς
1615 5018 1840 5088 εἰρημέ-

262 5106 376 5152 νοις
413 5092 561 5161 παρὰ
588 5097 700 5158 τοῖς
739 5097 916 5168 τρισὶν
942 5099 1037 5152 ἐπὶ
1062 5104 1129 5173 τῇ
1159 5104 1240 5167 εἰς
1285 5104 1628 5175 Ἰεροσόλυμα
1669 5107 1840 5180 ἀνόδῳ

260 5182 356 5274 τοῦ
391 5183 621 5253 Κυρξου,
650 5187 773 5242 καθ’
803 5189 872 5261 ἣν
906 5190 1082 5247 ταῦτα
1126 5195 1424 5267 πεποίηκεν
1474 5199 1534 5251 ὲν
1572 5197 1648 5269 τῷ
1688 5199 1836 5274 ἱερῷ,

1955 4571 2076 4610 mus
2118 4554 2481 4625 precationis;
2524 4568 2621 4610 vos
2669 4563 2853 4610 autem
2888 4553 3095 4611 fecistis
3123 4555 3268 4610 illam
3301 4556 3523 4626 spelun-

1952 4661 2070 4699 cam
2102 4645 2393 4700 latronum.
2427 4665 2448 4699 ι
2485 4644 2754 4702 Ρτωιενεε
2794 4647 2897 4702 hoc
2919 4647 3081 4702 etiam
3116 4648 3515 4705 observandum

1950 4746 2056 4802 est,
2084 4737 2227 4805 quod
2263 4736 2348 4791 his
2375 4752 2494 4805 quae
2514 4736 2658 4792 dicta
2683 4747 2809 4792 sunt
2831 4738 2973 4808 apud
3008 4746 3119 4794 tres
3152 4740 3517 4809 evangelistas

1948 4829 2001 4884 in
2028 4843 2255 4885 ascensu
2291 4828 2502 4883 Domini
2532 4830 2598 4884 ad
2623 4829 3074 4903 Hierosolymam,
3101 4832 3154 4889 in
3172 4847 3281 4907 quo
3307 4835 3422 4892 nec
3437 4837 3516 4891 fe-

1947 4922 2026 4977 cit
2052 4922 2106 4977 in
2137 4921 2361 4989 templo,
2392 4921 2591 4977 similia
2626 4924 2907 4994 scripserit
2926 4924 3166 4984 Joannes
3194 4938 3314 4999 post
3342 4930 3511 4985 multa

1946 5014 2116 5070 fuisse
2149 5012 2312 5078 facta,
2350 5028 2544 5084 nempe
2586 5025 2708 5086 post
2738 5017 2967 5074 alterum
3019 5019 3187 5091 ipsius
3219 5023 3508 5076 adventum

1947 5108 2013 5163 ad
2032 5106 2483 5179 Hierosolymam,
2506 5122 2535 5161 ε
2565 5110 2813 5180 ρτωεεηιί
2842 5111 3135 5167 diversum.
3161 5111 3300 5167 Sunt
3328 5123 3508 5167 autem

1948 5201 2091 5256 hunc
2140 5201 2197 5255 in
2248 5200 2466 5257 modum
2517 5203 2944 5261 consideranda:
2997 5213 3162 5275 atque
3214 5206 3269 5260 in
3318 5205 3510 5276 primis

260 5270 328 5322 τὰ
372 5274 724 5369 παραπλήσια
769 5279 1076 5352 ἀνέγραψεν
1112 5285 1140 5337 ὁ
1196 5284 1446 5359 Ἰωάννης
1484 5284 1623 5358 μετὰ
1666 5270 1836 5344 πολλὰ

1971 5310 2063 5366 [nae
2097 5310 2127 5351 a
2164 5293 2418 5353 Matthteo
2449 5298 2733 5352 traduntur
2766 5298 2844 5355 ὀι
2899 5314 2920 5349 ι
2948 5297 3015 5353 Et
3042 5270 3166 5352 cum
3208 5270 3504 5369 appropin-

260 5365 564 5457 γεγονέναι,
603 5370 742 5440 μετὰ
785 5373 977 5445 ἑτέραν
1007 5376 1172 5431 αὑτοῦ
1214 5380 1360 5453 παρὰ
1406 5382 1505 5453 τὴν
1540 5383 1834 5455 ἐπιδημίαν

1971 5365 2199 5456 [uassent
2237 5384 2640 5457 Hierosolymis,
2670 5396 2724 5441 et
2772 5387 3047 5443 venissent
3092 5365 3399 5459 Betbpltage
3438 5389 3505 5445 ad

260 5461 373 5522 τοῖς
430 5459 838 5533 Ἰεροσολύμοις.
884 5465 1041 5520 Οῦτω
1094 5468 1152 5524 δὲ
1192 5472 1650 5543 κατανοητέον.τά
1679 5476 1833 5548 εἰρη-

1971 5488 2177 5533 ιιοιιιειη
2198 5477 2496 5543 Olivarum,
2524 5486 2649 5532 tunc
2671 5475 2828 5533 Jesns
2852 5477 3000 5533 misit
3026 5477 3158 5534 duos
3186 5479 3502 5550 discipulos,

330 5598 379 5630 ⁸⁸
395 5597 547 5656 Joan.
568 5618 627 5669 η,
649 5604 709 5658 15
735 5618 851 5673 seq.
951 5606 998 5639 υ
1027 5606 1426 5672 Matth.xxr,l0
1456 5622 1572 5679 seq.

331 5715 445 5795 ζ
477 5718 656 5795 titulo:
690 5718 1033 5795 Bodleianns,
1065 5722 1347 5795 ἀνέτρεψε.

331 5784 446 5855 (51))
483 5786 623 5843 ldem
650 5790 820 5845 codex
852 5784 1178 5850 Bodleianus
1199 5784 1434 5863 'itérunt,
1465 5795 1748 5869 ἀνέτρεψε.

1676 5612 1899 5669 “Marc.
1916 5630 1991 5679 τι,
2023 5614 2090 5669 i5
2110 5630 2226 5684 seq.
2300 5614 2340 5645 ⁶¹
2358 5613 2487 5670 Luc.
2508 5631 2622 5684 nx,
2644 5612 2707 5671 41
2726 5630 2841 5687 seq,
2933 5618 2978 5651 “
3001 5616 3192 5676 Matth.
3208 5635 3320 5685 xxi.
3337 5618 3364 5675 1
3380 5634 3497 5689 seq.

1934 5729 2119 5872 ad?)
2167 5730 2350 5789 Codex
2386 5732 2713 5792 Bodleianus
2743 5750 2840 5808 pro
2868 5738 2957 5792 ta‘
2990 5739 3182 5813 αὐτήν,
3212 5740 3378 5798 habet
3410 5742 3500 5795 ἐπ’

1971 5816 2034 5852 υτ
2076 5838 2093 5854 ο

1971 5816 2093 5854 aen.
