4020 6216
501 320 608 381 3ιῦ

1982 320 2305 380 ORIGENIS

3641 318 3747 375 355

504 440 692 492 dit-ens
736 438 851 493 eis:
880 436 956 493 Ite
986 438 1040 493 in
1067 437 1274 505 vicum,
1304 439 1395 508 qni
1431 454 1464 495 e
1498 439 1719 511 regione
1749 438 1919 496 vestri
1964 448 2070 501 est,

2183 435 2345 508 μόνον
2375 435 2470 491 καὶ
2503 435 2716 507 πρῶτόν
2755 452 2821 504 γε
2871 435 2940 489 τά
2984 432 3250 507 Ματθαίῳ
3281 432 3395 506 (37)
3437 432 3745 505 λεγόμενα·

503 536 559 582 ct
578 528 760 582 statim
783 529 1067 584 invenietis
1093 529 1304 585 asinam
1324 530 1619 601 alligatam,
1641 540 1695 586 et
1717 530 1919 602 pullum
1945 546 2069 586 cum

503 631 603 681 ea;
644 616 852 677 solvite.
888 626 942 673 et
975 619 1230 675 adducite
1259 620 1422 675 mihi:
1473 630 1527 676 et
1569 622 1614 676 si
1644 621 1772 691 quis
1803 621 1958 677 vobis
1986 620 2071 675 di-

504 707 647 761 xerit
679 724 694 761 :
735 705 872 774 Quid
901 706 1112 767 facitis?
1137 712 1366 770 dicetis:
1409 714 1672 769 Dominus
1700 713 1784 769 his
1813 728 1948 783 opus
1972 713 2069 767 ba-

503 798 636 852 bet:
679 807 738 853 et
782 800 1070 857 confestim
1117 805 1356 860 dimittet
1385 819 1497 861 eos.
1545 804 1657 860 που
1686 816 1867 861 autem
1901 815 2070 859 totum

507 885 709 943 factum
734 902 836 954 est,
869 902 924 946 ut
947 893 1264 964 impleretur
1286 896 1429 965 quod
1457 894 1657 951 dictum
1699 906 1783 952 est
1817 911 1913 965 per
1945 909 2071 966 pro-

506 978 727 1048 phetam
757 983 1058 1040 dicentem:
1092 987 1265 1043 Dicite
1291 988 1417 1044 tilia:
1442 988 1602 1044 Sion:
1639 988 1777 1044 Ecce
1805 987 1916 1042 Rex
1951 994 2075 1044 tuus

504 1072 657 1128 venit
682 1086 1025 1140 mansuetus,
1057 1089 1111 1133 ct
1133 1079 1329 1134 sedens
1358 1094 1521 1149 super
1545 1079 1773 1141 asinam.
1797 1088 1851 1134 et
1869 1078 2072 1147 pullum

507 1161 678 1217 lilium
711 1162 1023 1237 subiugatis.
1055 1165 1286 1222 Profecti
1319 1177 1501 1224 autem
1536 1169 1788 1241 discipuli
1828 1170 2074 1227 iecerunt

508 1255 650 1311 sicut
680 1267 1009 1328 przeceperat
1043 1259 1150 1315 illis
1171 1260 1352 1330 Jesus,
1378 1272 1434 1318 et
1464 1263 1805 1320 adduxerunt
1834 1264 2072 1330 asinam,

505 1356 561 1400 et
590 1347 793 1418 pullum
819 1389 836 1415 ,
874 1360 929 1405 et
980 1350 1355 1421 imposuerunt
1404 1370 1570 1425 super
1613 1372 1707 1412 eos
1751 1358 2072 1413 vestimenta

504 1454 636 1507 sua,
666 1450 723 1496 et
752 1441 951 1498 insedit
985 1443 1110 1498 illis.
1144 1431 1381 1501 Plurima
1418 1457 1600 1504 autem
1658 1449 1819 1504 turba
1862 1459 2074 1505 strave-

508 1539 632 1584 runt
671 1532 993 1588 vestimcnta
1020 1549 1115 1588 sua
1143 1535 1194 1590 iu
1220 1537 1328 1591 via.
1364 1537 1535 1594 Porro
1563 1538 1755 1605 turbae,
1786 1555 1907 1610 qua:
1940 1556 2074 1611 pra:-

504 1621 770 1677 ttedebant
793 1640 936 1690 eum,
966 1635 1021 1680 et
1049 1627 1432 1695 sequebantur,
1460 1630 1772 1685 clamabant
1799 1631 2070 1687 dicentes:

508 1712 759 1770 liosanna
783 1717 892 1771 lilio
921 1718 1107 1786 David,
1138 1719 1461 1778 benedictus
1483 1724 1573 1794 qtti
1603 1723 1750 1779 venit
1776 1724 1829 1779 in
1854 1726 2075 1780 nomine

510 1805 754 1861 Domini:
790 1805 1042 1862 llos-tuna
1081 1809 1134 1863 in
1162 1808 1470 1868 altissimis!
1505 1831 1525 1865 ι
1568 1813 1776 1869 Deinde
1810 1829 1942 1869 vero
1988 1828 2076 1869 se-
2106 1794 2149 1848 Β

506 1908 747 1967 qunntttr
784 1918 798 1953 :
837 1918 855 1951 t
880 1901 945 1955 Et
988 1917 1110 1956 cum
1165 1903 1424 1959 intrasset
1475 1905 1590 1975 ipse
1621 1905 2073 1976 Hierosolymam,

509 2002 777 2046 tonttnota
809 2005 895 2048 est
920 1994 1170 2050 universa
1205 1994 1418 2061 civitas,
1449 2015 1469 2048 ι
1516 2010 1639 2067 qua:
1683 1996 1736 2050 itt
1779 1996 2079 2068 superiori-

513 2087 612 2138 bus
641 2084 954 2141 citavimus.
1003 2085 1157 2142 Nunc
1191 2102 1322 2144 vero
1354 2090 1516 2145 verba
1569 2089 1735 2145 Marci
1766 2090 2081 2146 considere-

513 2189 631 2230 mus
653 2175 735 2231 ":
773 2194 793 2228 ι
828 2176 895 2231 Et
923 2192 1045 2233 cum
1073 2180 1509 2251 appropinquant
1563 2181 1978 2254 Hierosolymis,
2010 2184 2078 2238 ad

512 2265 819 2338 Bethphage
863 2277 920 2324 et
945 2267 1285 2339 Bethaniam,
1312 2270 1467 2341 juxta
1495 2282 1730 2328 montem
1773 2273 2076 2340 Olivarum,

509 2358 712 2413 emittit
759 2360 895 2415 duos
920 2375 953 2416 e
981 2345 1260 2433 discipulis
1290 2364 1403 2420 suis
1424 2402 1443 2432 ,
1480 2375 1537 2421 et
1581 2366 1712 2421 dicit
1740 2364 1883 2421 illis:
1914 2365 2079 2421 Abite

513 2450 787 2517 invicnm,
809 2452 900 2523 qui
931 2468 964 2509 e
991 2454 1214 2526 regione
1240 2457 1404 2512 vestri
1454 2467 1540 2513 est
1562 2497 1579 2524 ,
1603 2466 1657 2512 et
1688 2457 1877 2512 statim
1901 2459 2081 2528 ingre—

515 2543 730 2600 dientes
756 2546 808 2599 in
846 2546 999 2602 illum
1029 2547 1324 2605 invenietis
1355 2550 1555 2621 pullum
1588 2549 1888 2621 alligatum,
1919 2565 2081 2621 super

516 2651 677 2706 quem
706 2636 883 2694 nullus
915 2638 1092 2695 adhuc
1116 2638 1393 2695 hominum
1416 2640 1591 2697 sedit:
1623 2641 1816 2696 solvite
1843 2655 1990 2708 eum,
2023 2648 2080 2696 et

515 2729 786 2784 adducite.
818 2729 885 2785 Et
913 2730 959 2787 si
985 2731 1111 2802 quis
1139 2731 1297 2788 vobis
1325 2733 1552 2789 dixerit:
1582 2734 1694 2790 Cur
1721 2732 1897 2790 facitis
1937 2735 2081 2790 hoc?

516 2822 682 2877 dicite
714 2823 857 2892 quod
893 2822 1157 2883 Dominus
1183 2840 1251 2881 eo
1299 2839 1436 2896 opus
1473 2827 1679 2893 habet,
1719 2835 1777 2883 et
1823 2827 2080 2884 continuo

519 2911 667 2974 illum
695 2912 871 2968 mittet
896 2912 1022 2969 huc.
1052 2913 1120 2970 Et
1146 2916 1417 2984 abierunt,
1445 2929 1501 2974 et
1529 2919 1852 2975 invenerunt
1875 2920 2076 2990 poliunt

515 3001 793 3072 alligatum
829 3002 985 3073 juxta
1014 3005 1238 3074 januam
1284 3007 1417 3064 l’oris
1452 3009 1504 3063 itt
1542 3009 1726 3076 bivio,
1765 3019 1821 3065 et
1867 3010 2082 3066 solvunt

2176 546 2195 578 ι
2237 527 2348 580 Kal
2364 527 2455 580 ὅτε
2504 527 2729 599 ἤγγισεν
2766 527 2849 591 εἰς
2899 525 3265 597 Ἱεροσόλυμα,
3310 526 3407 580 καὶ
3450 521 3620 597 ἦλθεν
3668 528 3746 590 εἰς

2171 619 2464 691 Βηθφαγὴν
2493 619 2633 690 πρὸς
2656 619 2717 673 τὸ
2745 618 2871 691 ὅρος
2911 616 3020 672 τῶν
3076 617 3320 682 Ἐλαιῶν,
3367 616 3489 669 τότε
3540 615 3745 686 Ἰησοῦς

2170 710 2458 768 ἀπέστειλε
2499 711 2594 766 δύο
2632 710 2900 782 μαθητάς,
2949 710 3126 780 λέγων
3175 710 3396 773 αὐτοῖς·
3440 706 3742 778 Πορεύεσθε

2171 806 2252 870 είς
2281 804 2379 876 τὴν
2413 802 2606 875 κώμην
2634 803 2733 875 τὴν
2765 803 3026 857 ἀπέναντι
3059 801 3172 873 (38)
3205 801 3379 872 ὑμῶν,
3419 801 3517 854 καὶ
3548 798 3743 861 εὐθέως

2171 897 2429 968 εὑρήσετε
2460 896 2580 950 δνον
2598 894 2908 966 δεδεμένην,
2932 894 3027 947 καὶ
3058 893 3237 946 πῶλον
3270 894 3389 964 μετ’
3415 890 3592 960 αὐτῆς
3611 907 3626 921 ·
3655 889 3743 941 λύ-

2173 1005 2363 1052 σαντες
2381 986 2617 1057 ἀγάγετέ
2642 1004 2732 1059 μοι
2748 1004 2762 1017 ·
2792 986 2885 1041 :tal
2911 986 3005 1043 ἐάν
3029 1003 3112 1049 τις
3139 986 3268 1056 ύμῖν
3305 985 3452 1057 εῐπῃο
3477 984 3545 1036 Τί
3584 984 3745 1034 ποιεῖς

2169 1097 2231 1133 τε
2259 1077 2450 1144 τούτω
2478 1081 2675 1150 ἐρεῖτε,
2697 1078 2778 1132 ὅτι
2803 1079 2834 1132 ὁ
2852 1076 3054 1148 Κύριος
3082 1076 3262 1131 αὐτῶν
3282 1075 3469 1147 χρείαν
3495 1075 3631 1144 ἔχει’
3661 1073 3740 1125 εύ-

2172 1171 2268 1235 θὺς
2289 1170 2346 1229 δὲ
2377 1169 2664 1229 ἀποστελεῖ
2693 1170 2908 1234 αὐτούς.
2943 1169 3112 1223 Τοῦτο
3139 1168 3195 1222 δέ
3218 1169 3459 1237 γέγονεν,
3494 1167 3587 1220 ἵνα
3614 1165 3747 1235 πλη-

2176 1264 2321 1335 ρωθῇ
2347 1264 2406 1317 τὸ
2435 1262 2599 1335 ῥηθὲν
2634 1263 2722 1318 διά
2752 1262 2845 1317 τοῦ
2890 1263 3167 1335 προφήτου
3209 1260 3490 1330 λέγοντος⁸
3540 1258 3748 1317 Εἴπατε

2170 1358 2238 1428 τῇ
2292 1356 2521 1428 θυγατρὶ
2569 1355 2739 1410 Σιών·
2808 1354 2939 1415 Ἰδοὺ
2994 1356 3024 1409 ὁ
3074 1351 3328 1424 βασιλεύς
3373 1368 3467 1405 σου
3525 1349 3749 1420 ἔρχεται

2174 1447 2374 1519 πραῢς,
2410 1448 2505 1501 καὶ
2530 1444 2872 1518 ἐπιϐεϐηκὼς
2901 1446 2996 1500 ἐπὶ
3027 1445 3170 1509 ὃνον,
3210 1444 3305 1503 καὶ
3338 1442 3517 1495 πῶλον
3546 1441 3750 1504 ὑποζυ-

2172 1539 2313 1609 γίου.
2362 1539 2727 1612 Πορευθέντες
2776 1537 2835 1592 δὲ
2878 1539 2928 1591 ei
2974 1536 3233 1608 μαθηταὶ,
3280 1533 3374 1589 καὶ
3424 1535 3751 1604 ποιήσαντες

2173 1630 2353 1694 καθὼς
2385 1629 2715 1704 προσέταξεν
2738 1630 2920 1693 αὐτοῖς
2948 1630 2977 1682 ὁ
3013 1628 3242 1700 Ἰησοῦς,
3259 1628 3466 1699 ἧγαγον
3484 1625 3585 1697 τὴν
3607 1624 3749 1683 ὄνον.

2174 1722 2379 1778 καὶτὸν
2398 1720 2596 1787 πῶλον,
2629 1722 2724 1775 καὶ
2750 1720 3027 1792 ἐπέθηκαν
3050 1720 3143 1773 ἐπ’
3176 1719 3355 1774 αὐτῶν
3372 1717 3484 1789 (39)
3522 1716 3598 1769 τά
3620 1716 3749 1787 ἱμά-

2176 1831 2267 1872 τια
2320 1812 2523 1877 αὐτῶν,
2582 1812 2678 1866 καὶ
2724 1810 3049 1865 ἐπεκάθισεν
3099 1809 3282 1863 ἐπάνω
3324 1808 3525 1863 αὐτῶν.
3592 1808 3652 1860 '0
3694 1807 3751 1859 δέ

2178 1906 2426 1969 πλεῖστος
2465 1904 2622 1977 δχλος
2664 1904 2943 1975 ἔστρωσαν
2996 1901 3205 1957 ἑαυτῶν
3233 1900 3304 1955 τά
3344 1901 3536 1972 ἱμάτια
3586 1900 3646 1953 ἐν
3686 1896 3751 1973 τῇ

2176 1996 2306 2068 ὁδῷ·
2338 1997 2387 2049 οἱ
2423 1995 2481 2049 δὲ
2519 1994 2666 2066 ὄχλοι
2709 1995 2761 2047 of.
2806 1995 3137 2064 προάγοντες
3184 1991 3347 2046 αὑτὸν
3388 1989 3526 2060 (40),
3576 1988 3675 2041 καὶ
3701 1991 3750 2045 οι

2177 2087 2592 2152 ἀκολουθοῦντες
2650 2086 2886 2159 ἔκραξαν
2903 2103 2918 2122 ·
2981 2085 3208 2144 Ὡσαννά
3263 2082 3341 2155 τῷ
3397 2082 3499 2154 υἱῷ
3550 2078 3746 2144 Acr-.325,

2178 2178 2537 2251 εὐλογημένος
2562 2180 2591 2232 ὁ
2611 2177 2904 2250 ἐρχόμενος
2919 2180 2977 2232 ἐν
2999 2178 3222 2248 ὀνόματι
3245 2175 3449 2247 Κυρίου
3467 2191 3482 2204 ⁸

2179 2273 2237 2324 ἐν
2283 2274 2396 2334 τοῖς
2440 2269 2703 2347 ὑψίστοις.
2751 2288 2770 2320 t
2826 2269 2983 2340 Ἑξῆς
3028 2267 3086 2321 δὲ
3123 2266 3326 2321 τούτων
3370 2264 3520 2318 ἐστί⁸
3574 2283 3593 2314 ι
3640 2262 3753 2319 Καὶ

2178 2361 2510 2425 εἰσελθόντος
2543 2360 2707 2414 αὑτοῦ
2746 2362 2827 2425 είς
2871 2359 3235 2432 Ἱεροσόλυμα,
3276 2357 3493 2427 ἐσείσθη
3526 2357 3681 2410 πᾶσα
3718 2354 3753 2425 ἡ

2178 2451 2353 2516 πόλις,
2383 2472 2403 2505 ι
2437 2452 2594 2507 ἅτινα
2623 2450 2973 2524 παρεθέμεθα
3001 2452 3060 2509 ἐν
3086 2453 3201 2514 τοῖς
3222 2449 3328 2522 πρὸ
3355 2448 3582 2502 τούτων.
3624 2446 3753 2502 Δεύς

2178 2563 2313 2617 τερα
2338 2544 2481 2599 δὲτά
2499 2544 2728 2615 Μάρκου
2748 2559 2762 2573 ο
2809 2561 2828 2594 ι
2871 2542 2981 2597 Kal
3003 2543 3093 2599 ὅτε
3125 2540 3435 2609 ἐγγίζουσιν
3464 2539 3544 2602 εἰς
3589 2537 3751 2608 Ἱερο-

2181 2638 2406 2709 σόλυμα,
2456 2638 2538 2702 είς
2576 2636 2873 2708 Βηθφαγὴν
2910 2636 3005 2689 καὶ
3043 2632 3333 2705 Βηθανίαν,
3361 2630 3499 2703 πρὸς
3526 2630 3589 2684 τὺ
3624 2630 3753 2701 ὅρος

2178 2730 2287 2784 τῶν
2340 2729 2584 2792 Ἐλαιῶν,
2639 2726 2954 2787 ἀποστέλλει
2993 2724 3087 2779 δύο
3120 2725 3227 2780 τῶν
3274 2720 3531 2794 μαθητῶν
3562 2719 3748 2783 αὐτοῦ,

2179 2826 2274 2877 καί
2291 2820 2439 2890 λέγει
2467 2821 2681 2885 αὐτοῖς’
2730 2819 2999 2888 Ὑπάγετε
3028 2819 3108 2880 είς
3140 2816 3239 2889 τὴν
3268 2813 3462 2885 κώμην
3481 2811 3584 2883 τὴν
3623 2829 3752 2869 asa“:-

2178 2912 2358 2969 ἐναντι
2387 2909 2559 2982 ὑμῶν,
2587 2911 2682 2965 καὶ
2710 2909 2871 2974 εὐθὺς
2897 2908 3247 2981 πορευόμενοι
3273 2907 3353 2970 είς
3376 2905 3572 2974 αὐτὴν,
3594 2903 3754 2975 εὑρή-

2182 3021 2305 3079 σετε
2335 3003 2513 3058 πῶλον
2540 3001 2840 3075 δεδεμένον,
2864 3003 2948 3072 ἐφ’
2975 3001 3035 3054 ὃν
3067 3000 3240 3064 οὐδεὶς
3269 2997 3420 3052 οὔπω
3446 2995 3757 3068 ἀνθρώπων

518 3094 690 3149 illum.
731 3095 796 3150 Et
831 3097 1077 3153 nonnulli
1107 3112 1321 3165 eorum,
1363 3101 1457 3171 qui
1501 3102 1609 3157 illic
1640 3104 1858 3158 stabant
1877 3140 1904 3169 ,-
1940 3104 2083 3159 dice-

2183 3094 2430 3158 ἐκάθισεο
2464 3093 2662 3148 λύσατε
2685 3093 2869 3157 αὐτὸν,
2892 3093 2987 3146 καὶ
3019 3093 3233 3165 φέρετε.
3266 3089 3373 3143 Kal
3395 3087 3492 3142 ἐάν
3515 3104 3602 3150 τις

518 3186 648 3239 bant
676 3185 816 3244 illis:
850 3187 990 3255 Quid
1017 3188 1196 3247 facitis
1223 3189 1493 3248 solventes
1528 3193 1734 3264 pullum
1754 3195 1779 3250 τ
1803 3196 1875 3251 At
1897 3195 1975 3252 illi
2003 3197 2083 3251 di-

520 3288 719 3332 xerunt
748 3279 829 3335 eis
856 3281 1313 3350 quemadmodum
1347 3296 1679 3354 prteceperat
1704 3284 1895 3354 Iesus;
1925 3296 1980 3344 et
2004 3287 2084 3342 si-

520 3369 723 3423 nebant
769 3370 930 3425 illos:
963 3381 1018 3429 et
1046 3376 1385 3431 adduxerunt
1414 3375 1617 3445 pullum
1659 3377 1727 3433 ad
1771 3376 1953 3434 Jesum
1982 3419 1999 3445 ,
2031 3389 2087 3435 et

520 3457 824 3527 iniecerunt
864 3462 1024 3533 182
1079 3463 1157 3519 illi
1212 3465 1537 3521 vestimenta
1581 3481 1700 3525 sua.
1748 3467 1857 3523 Alii
1905 3478 2084 3525 autem

521 3549 744 3607 frondes
765 3554 1047 3610 caadebant
1069 3555 1137 3611 de
1156 3557 1463 3622 arboribus,
1490 3568 1544 3614 et
1559 3560 1877 3615 sternebant
1896 3560 1951 3615 in
1977 3561 2083 3616 via.

521 3641 588 3697 Et
616 3642 709 3712 qui
738 3645 1114 3712 pmcedebant
1141 3686 1157 3711 ,
1207 3648 1414 3719 quique
1446 3652 1816 3720 sequebantur
1836 3690 1853 3717 ,
1884 3653 2088 3709 clama-

520 3734 649 3790 bant
698 3735 979 3793 dicentes:
1031 3736 1308 3808 ﬂosattna,
1361 3740 1673 3799 benedictus
1723 3744 1815 3814 qui
1856 3745 2000 3800 venit
2032 3745 2087 3799 in

522 3828 742 3903 nomine
791 3831 1042 3890 Domini:
1077 3832 1426 3889 Benedictum
1475 3837 1618 3905 quod
1666 3839 1814 3902 venit
1861 3851 2087 3907 regnum

522 3921 693 3984 patris
723 3923 894 3977 nostri
932 3924 1131 3979 David:
1162 3923 1418 3981 ﬂosanna
1451 3928 1504 3980 in
1538 3928 1857 3984 altissimis!
1906 3927 1974 3983 Et
2008 3928 2091 3983 in-

521 4023 743 4077 gressus
778 4019 863 4064 est
893 4009 1317 4084 Hierosolymam
1350 4015 1403 4070 in
1439 4017 1720 4086 templum,
1748 4028 1801 4074 et
1834 4032 1955 4073 cum
1981 4019 2091 4075 cir-

525 4103 921 4172 cumspexisset
954 4106 1156 4172 omnia,
1188 4106 1412 4176 jamque
1448 4118 1660 4179 tempus
1693 4120 1835 4166 esset
1871 4127 2092 4182 vesper-

526 4197 723 4262 tinum,
773 4196 1048 4267 ingressus
1071 4206 1155 4253 est
1186 4198 1502 4254 Bethaniatn
1531 4216 1653 4256 cum
1682 4203 2005 4271 duodecim;
2036 4215 2091 4259 et

524 4298 742 4355 postero
769 4288 857 4344 die
881 4328 897 4354 ,
933 4304 1057 4345 cum
1101 4293 1342 4348 exissent
1375 4291 1657 4360 Bethania,
1688 4296 1906 4350 esuriit.
1936 4315 1956 4349 ι
1997 4299 2093 4352 Dc-

528 4382 651 4436 inde
679 4390 802 4451 post
833 4381 967 4438 ﬁcus
999 4384 1252 4440 arefacta
1286 4385 1621 4455 mysterium,
1652 4403 1670 4437 ι
1710 4389 1933 4443 veniunt
1965 4389 2087 4445 llic-

2183 3186 2312 3262 εἴπῃ
2330 3203 2345 3217 ν
2386 3186 2453 3240 Τί
2477 3188 2680 3249 ποιεῖτε
2710 3182 2897 3247 τοῦτος
2936 3182 3152 3249 εἴπατε,
3178 3185 3264 3240 ὅτι
3292 3182 3321 3234 ὁ
3350 3180 3554 3251 Κύριος
3588 3177 3757 3232 αὐτοῦ

2184 3280 2374 3353 χρείαν
2419 3278 2553 3350 ἔχει,
2609 3276 2702 3353 καὶ
2758 3275 2919 3340 εὐθὺς
2964 3274 3128 3328 αὐτὸν
3174 3271 3462 3328 ἀποστελεῖ
3488 3264 3614 3325 ὧδε.
3646 3270 3753 3324 Καὶ

2183 3371 2447 3442 ἀπῆλθον,
2496 3369 2592 3424 καὶ
2636 3361 2797 3440 εὖρον
2840 3366 3020 3421 πῶλον
3066 3364 3348 3435 δεδεμένον
3405 3362 3544 3434 πρὸς
3585 3360 3758 3433 θύραν

2184 3462 2290 3530 ἔξω
2315 3462 2408 3516 ἐπὶ
2436 3460 2532 3514 τοῦ
2558 3459 2822 3531 ἀμφόδου,
2852 3456 2947 3526 καὶ
2976 3456 3194 3515 λύουσιν
3242 3453 3428 3508 αὐτόν.
3469 3452 3582 3506 Καί
3610 3466 3759 3514 τινες

2183 3555 2293 3609 τῶν
2319 3556 2434 3608 ἐκεῖ
2453 3553 2702 3608 ἑστώτων
2730 3551 2923 3619 ἔλεγον,
2942 3550 3125 3613 αὐτοῖς
3142 3564 3156 3578 ·
3201 3547 3267 3600 Τί
3307 3547 3508 3599 ποιεῖτε
3540 3542 3757 3605 λύοντες

2185 3648 2277 3702 τὸν
2314 3646 2528 3712 πῶλον;
2563 3646 2628 3699 Oi
2657 3644 2716 3697 δέ
2752 3640 2907 3697 εἷπον
2946 3642 3129 3705 αὐτοῖς
3164 3638 3346 3703 καθὼς
3381 3634 3536 3690 εἶπεν
3570 3638 3599 3689 ό
3648 3635 3757 3704 ἰη-

2188 3738 2346 3803 σοῢς⁸
2393 3737 2487 3791 καὶ
2512 3736 2729 3807 ἀφῆκαν
2771 3732 2999 3798 αὐτούς’
3037 3732 3133 3786 καὶ
3176 3730 3397 3803 φέρουσι
3438 3728 3531 3781 τὸν
3582 3724 3761 3780 πῶλον

2190 3831 2325 3903 πρὸς
2351 3829 2441 3884 τὸν
2481 3827 2702 3900 Ἰησοῦν,
2734 3827 2828 3880 καὶ
2859 3823 3238 3880 ἐπιϐάλλουσιν
3284 3819 3433 3892 αύτῷ
3467 3818 3539 3874 τὰ
3568 3817 3765 3889 ἱμάτια

2188 3927 2387 3987 αὐτῶν.
2425 3925 2607 3980 ’Ἄλλοι
2640 3924 2698 3978 δὲ
2719 3922 3003 3985 στοιϐάδας
3031 3920 3294 3989 κόψαντες
3326 3920 3391 3972 ἐκ
3424 3916 3534 3968 τῶν
3572 3912 3763 3986 ἀγρῶν

2190 4020 2468 4093 ἔστρωσαν
2488 4019 2569 4082 είς
2584 4016 2683 4088 τὴν
2702 4016 2837 4070 ὁδόν.
2857 4014 2967 4068 Kal
2983 4015 3033 4067 oi
3061 4012 3414 4082 προάγοντες,
3444 4007 3539 4062 καὶ
3561 4008 3610 4060 οἱ
3637 4007 3767 4059 ἀκο-

2190 4110 2505 4174 λουθοῦντες
2516 4106 2746 4181 ἔκραζον
2758 4122 2772 4137 ·
2791 4103 3040 4169 Ὡσαννά,
3056 4102 3248 4174 εύλογη
3256 4099 3414 4173 μένος
3424 4100 3452 4159 ό
3469 4098 3767 4171 ἐρχόμενος

2192 4207 2251 4259 ἐν
2278 4202 2499 4274 ὀνόματι
2520 4200 2747 4273 Κυρίου’
2772 4195 3122 4268 Εὐλογημένη
3156 4196 3189 4266 ἠ
3222 4192 3490 4267 ἐρχομένη
3515 4189 3768 4260 βασιλεία

2191 4295 2284 4348 τοῦ
2319 4293 2532 4365 Πατρδς
2560 4291 2717 4363 ἡμῶν
2745 4289 2931 4352 Δαυῖδ·
2988 4286 3218 4341 Ὡσαννά
3249 4288 3307 4339 ἐν
3352 4287 3465 4347 τοῖς
3496 4282 3766 4357 ᾁψίστοις.

2194 4385 2304 4439 Kal
2323 4383 2570 4454 εἰσῆλθεν
2595 4385 2674 4448 εἰς
2715 4383 3078 4454 Ἰεροσόλυμα,
3103 4380 3183 4442 εἱς
3201 4377 3264 4430 τὸ
3288 4376 3454 4446 ἱερὸν,
3484 4376 3581 4428 καὶ
3609 4389 3767 4444 περι-

527 4469 878 4540 rosolymam.
908 4470 975 4526 Et
999 4471 1274 4544 ingressus
1296 4474 1349 4530 itt
1386 4474 1663 4544 templum,
1692 4477 1858 4547 cepit
1889 4479 2083 4550 ejicere

2197 4476 2527 4549 δλεψάμενος
2558 4475 2756 4539 πάντα,
2790 4474 2888 4544 ὀψὲ
2919 4472 3020 4546 ήδη
3065 4469 3231 4541 οὔσης
3260 4469 3360 4540 τῆς
3395 4466 3564 4539 ὥρας,
3608 4464 3767 4531 biﬁl-

525 4563 840 4630 vendentes,
876 4582 897 4617 ι
932 4574 988 4620 et
1013 4580 1134 4635 qua:
1176 4580 1479 4636 sequuntur
1518 4571 1663 4626 hunc
1705 4571 1761 4626 in
1796 4573 2013 4629 modum
2058 4592 2089 4631 a

524 4653 670 4712 Luca
700 4666 923 4713 narrata
943 4657 1024 4713 “z
1065 4677 1084 4711 ι
1118 4657 1188 4714 Et
1217 4662 1419 4729 evenit,
1451 4679 1575 4718 cum
1602 4667 2093 4737 apprOpinqnasset

532 4752 597 4801 ad
624 4746 927 4822 Betltpbage
948 4761 1003 4809 et
1034 4754 1374 4821 Bethaniam,
1407 4755 1564 4825 juxta
1590 4768 1845 4825 montem,
1872 4763 1965 4831 qui
1995 4778 2089 4816 vo-

528 4850 685 4895 catur
707 4840 1003 4908 Olivarnm,
1029 4846 1176 4902 misit
1191 4848 1329 4903 duos
1351 4841 1669 4918 discipulos,
1693 4849 1909 4908 dicens:
1937 4854 2095 4909 Abite

529 4934 586 4989 in
633 4936 914 4991 castellum
946 4939 1091 5009 quod
1136 4949 1220 4995 est
1251 4955 1319 4996 ex
1351 4943 1603 5010 adverso,
1656 4944 1710 4998 in
1744 4947 1888 5015 quod
1924 4947 2095 5002 intro-

527 5036 721 5085 euntes
771 5028 1057 5092 invenietis
1098 5032 1299 5103 pullum
1349 5034 1670 5103 alligatum,
1707 5038 1759 5092 itt
1794 5053 1902 5108 quo
1935 5055 2094 5094 nemo

529 5136 764 5191 unquam
796 5122 1075 5178 hominum
1100 5122 1280 5191 sedit;
1312 5125 1504 5182 solvite
1525 5128 1702 5193 illum,
1724 5138 1782 5182 et
1808 5130 2090 5196 adducito;

528 5225 581 5271 et
604 5216 649 5272 si
678 5216 802 5286 quis
827 5232 924 5272 vos
949 5217 1396 5288 interrogaverit:
1428 5220 1607 5287 Quare
1630 5220 1882 5276 solvitis?
1907 5221 1986 5277 sic
2007 5222 2094 5278 di-

529 5308 868 5376 cetis:'Quia
905 5309 1166 5365 Dominus
1203 5327 1269 5365 eo
1300 5325 1435 5381 opus
1470 5312 1652 5366 habet.
1689 5313 1958 5368 Abierant
1998 5331 2095 5368 att-

539 5398 639 5454 titu
669 5402 943 5473 discipuli,
975 5415 1030 5458 et
1071 5404 1391 5460 invenerunt
1419 5405 1560 5461 sicut
1592 5406 1808 5460 dixerat
1835 5408 1935 5464 eis.
1976 5407 2093 5483 Sol-

597 5493 647 5531 “
668 5497 815 5553 Marc
912 5514 988 5559 χι,
1021 5498 1045 5553 i
1081 5517 1198 5571 seq.
1276 5501 1323 5535 “
1348 5500 1479 5556 an.
1514 5516 1624 5564 ιιι,
1653 5500 1724 5555 29
1760 5517 1878 5571 seq.

602 5591 716 5659 (37)
744 5592 921 5649 Codex
949 5595 1289 5661 Bodleianus,
1326 5595 1466 5651 κατά
1495 5597 1791 5651 Ματθαῖον.

602 5664 715 5729 ('58)
742 5664 886 5717 Idem
914 5667 1079 5720 codex
1109 5664 1451 5731 Bodleianus,
1478 5667 1778 5722 κατέναντι.

603 5734 714 5811 (39)
753 5734 895 5801 [deut
934 5735 1103 5793 codex
1141 5735 1484 5804 Bodleianus,
1514 5738 1600 5796 ἐπ’
1634 5737 1810 5794 αύῖόκι.

2195 4572 2285 4626 θεν
2305 4572 2385 4635 είς
2403 4569 2672 4642 Βηθανίαν
2702 4569 2841 4640 μετά
2865 4565 2973 4620 τῶν
2995 4563 3224 4627 δώδεκα,
3277 4563 3375 4615 καὶ
3407 4563 3474 4631 τῇ
3504 4558 3771 4630 ἐπαύριον

2196 4663 2517 4731 ἐξελθόντων
2558 4662 2736 4717 αὐτῶν
2776 4664 2885 4720 ἀπὸ
2916 4664 3203 4737 Βηθανίας,
3242 4661 3550 4717 ἐπείνασεν.
3583 4674 3603 4706 ι
3634 4651 3774 4707 Εἶτα

2202 4756 2338 4828 μετὰ
2372 4756 2470 4829 τὴν
2503 4757 2601 4827 τῆς
2633 4756 3026 4829 ξηραινομένης
3055 4756 3224 4826 συκῆς
3268 4748 3600 4821 οἰκονομίαν,
3637 4765 3657 4798 ς
3688 4744 3775 4815 ἕρ·

2200 4868 2384 4922 χονται
2419 4853 2499 4915 εἰς
2545 4833 2924 4921 Ἰεροσόλυμα.⁴
2959 4850 3070 4903 Καὶ
3108 4844 3362 4902 είσελθὼν
3399 4846 3481 4907 είς
3515 4842 3579 4895 τὺ
3623 4838 3774 4910 ἱερὸν

2199 4947 2400 5020 ἤρξατο
2423 4945 2701 5000 ἐκϐάλλειν
2730 4944 2857 5007 τοὺς
2888 4940 3224 5006 πωλοῦντας,
3250 4960 3270 4993 ι
3294 4938 3385 5019 καὶ
3409 4935 3480 4992 τά
3511 4934 3640 5005 ἑξῆς
3676 4930 3771 4985 τοῦ

2199 5043 2381 5095 Λουκᾶ
2427 5041 2537 5113 (41)
2585 5038 2773 5095 τοῦτον
2817 5040 2910 5094 τὸν
2939 5037 3170 5111 τρόπον·
3208 5055 3227 5087 ι
3258 5034 3369 5089 Kal
3417 5030 3641 5099 ἐγένετο
3692 5026 3774 5088 ὡς

2198 5136 2423 5206 ἤγγισεν
2459 5136 2540 5198 είς
2571 5132 2862 5206 Βηθφαγὴν
2904 5132 2997 5186 καὶ
3036 5128 3329 5205 Βηθανίαν,
3367 5123 3502 5197 πρὸς
3546 5122 3608 5175 τὸ
3647 5120 3777 5191 ὅρος

2199 5227 2260 5279 τὸ
2289 5208 2616 5298 καλούμενον
2663 5224 2908 5287 Ἐλαιῶν,
2940 5220 3224 5278 ἀπέστειλε
3252 5217 3346 5272 δύο
3370 5217 3477 5270 τῶν
3513 5211 3781 5284 μαθητῶν

2200 5321 2400 5390 λέγων’
2454 5319 2726 5388 Ὑπάγετε
2761 5319 2841 5383 είς
2878 5317 2977 5390 τὴν
3023 5315 3306 5371 κατέναντι
3353 5311 3584 5383 κώμην,
3632 5309 3693 5360 ὲν

2199 5412 2638 5485 εἰσπορευόμενοι
2676 5413 2936 5486 εὑρήσετε
2996 5409 3173 5465 πῶλον
3223 5405 3501 5476 δεδεμένον
3526 5442 3542 5468 ,
3580 5399 3670 5472 ἐφ’

2265 5603 2379 5668 (ίο)
2415 5602 2593 5657 Codex
2623 5599 2972 5659 Bodleiantts,
2999 5593 3183 5668 tat-3103.

2264 5662 2376 5746 (il
2406 5672 2547 5728 ldent
2573 5674 2738 5728 codex
2771 5669 3111 5733 Bodleianus,
3135 5663 3214 5740 τῷ
3233 5662 3433 5735 Aoum}.
