3962 6206
432 227 536 282 357

1842 232 2002 289 ORIG
2012 232 2163 288 Ele

3560 228 3677 281 ’548

433 349 698 413 rordiam,
731 352 1042 421 cumprimis
1078 354 1324 411 videntes
1353 355 1576 413 Joamtis
1616 365 1821 412 textum
1866 358 1994 410 inci-

2098 371 2193 425 νην
2226 355 2356 426 ἡμῖν
2387 351 2615 422 δύναμιν
2661 348 3000 421 ἐκθησόμεθα
3043 347 3256 418 τρόπον.
3309 343 3416 398 Kal.
3447 345 3679 417 πρῶτόν

436 440 666 506 pientent
691 442 760 496 ab
787 442 891 497 illis
915 445 1096 500 verbis
1123 462 1146 515 ε,
1164 465 1182 499 ι
1208 446 1271 502 Ει
1301 449 1546 504 ascendit
1568 447 1726 504 Jesus
1748 448 1998 504 Hieroso-

436 534 633 602 lymam
665 535 730 588 “.
755 554 774 587 ι
810 536 903 591 Est
928 538 1088 609 igitur
1113 539 1504 614 Hierosolyma,
1524 554 1581 598 ut
1602 544 1716 615 ipse
1743 543 1999 598 Dominus

435 628 593 679 docet
626 626 679 678 iu
722 624 1016 691 Evangelio
1045 631 1684 688 secundumMatthmunt
1710 634 1779 699 7°,
1817 651 1836 684 ι
1860 626 2000 689 ὀἰνί-

438 722 519 766 tus
559 711 701 783 regis
753 716 953 784 magni,
980 735 1000 769 ι
1034 734 1140 773 non
1168 719 1221 773 in
1252 721 1519 782 convalle,
1555 721 1636 776 vel
1672 720 1877 776 inferne
1902 721 1997 775 ali-

437 802 560 858 cubi
594 805 792 874 posita,
815 807 907 861 sed
935 809 986 862 in
1015 808 1124 863 alto
1143 822 1324 866 monte
1345 813 1632 877 aediﬁcata,
1663 829 1725 868 ac
1759 824 2000 869 tumuti-5

437 897 489 948 in
545 896 772 952 circuitu
819 899 966 967 ejus,
1026 901 1180 970 cujus
1221 905 1565 973 participatio
1598 904 1713 971 ejus
1750 905 1803 958 in
1856 904 1997 972 idip—

435 1002 556 1040 sum
606 988 648 1020 "
676 1003 688 1038 :
721 1007 741 1040 ι
772 1002 848 1055 et,
921 1009 943 1043 ι
971 991 1097 1046 illuc
1128 995 1489 1048 ascenderunt
1547 995 1724 1051 tribus
1764 995 1996 1059 Domini,

437 1077 800 1134 testimonium
853 1081 1038 1136 lsraeli
1093 1083 1160 1138 ".
1192 1102 1210 1135 ι
1267 1083 1506 1140 Vocatur
1552 1099 1734 1140 autem
1785 1086 1902 1141 haec
1945 1096 2003 1141 et

430 1169 650 1236 civitas,
686 1179 742 1224 et
773 1170 1115 1240 Jerusalem,
1152 1176 1219 1230 ad
1254 1191 1419 1246 quam
1466 1176 1649 1231 nullus
1682 1192 1870 1233 eorum
1907 1180 1997 1248 qni

434 1269 660 1314 manent
688 1260 741 1315 iu
772 1264 967 1329 terris,
1001 1267 1242 1320 ascendit
1272 1303 1288 1332 ,
1321 1282 1494 1336 neque
1528 1269 1870 1338 ingreditur;
1906 1269 1999 1323 sed

434 1352 686 1418 qualibet
723 1355 925 1420 anima,
948 1371 1071 1426 quae
1095 1360 1397 1414 naturalem
1434 1360 1595 1417 habet
1622 1362 1997 1417 celsitudinem

434 1446 652 1514 vimque
688 1456 846 1503 acute
884 1449 1219 1521 intelligendi
1252 1455 1719 1525 perspiciendique
1749 1457 1999 1527 intelligi-

440 1536 592 1601 bilia,
626 1538 787 1606 hujus
814 1540 1055 1597 civitatis
1077 1553 1159 1597 est
1193 1546 1349 1603 civis.
1376 1545 1519 1601 Fieri
1545 1549 1711 1603 etiam
1736 1559 1914 1618 potest
1944 1559 2001 1606 ut

437 1631 489 1685 in
521 1638 744 1701 peccato
781 1635 853 1688 sit
893 1637 1057 1690 etiam
1109 1636 1526 1709 Hierosolymita
1554 1659 1568 1695 :
1598 1643 1741 1712 quod
1789 1642 1999 1712 possint

2099 464 2163 516 γε
2189 446 2382 516 ἴδωμεν
2410 445 2505 515 τὴν
2532 442 2624 496 τοῦ
2657 442 2899 496 Ἰωάννου
2923 440 3064 506 λέξιν
3087 437 3392 509 ἀρχομένην
3414 438 3521 491 ἀπὸ
3542 437 3674 491 τοῦ·

2104 556 2122 588 ι
2148 537 2257 589 Καὶ
2287 532 2450 604 ἀνέϐη
2476 535 2554 596 είς
2595 531 2936 603 Ἱεροσόλυμα
2984 531 3010 582 ό
3049 527 3273 600 Ἰησοῦς,
3303 546 3321 578 ι
3379 527 3681 599 Ἰεροσόλυ-

2099 644 2176 697 μα
2201 625 2381 680 τοίνυν
2423 622 2589 686 ἐστὶν,
2623 623 2698 686 ὡς
2722 621 2880 683 αὐτὸς
2911 622 2968 673 ὲν
2998 618 3077 690 τῷ
3116 618 3257 672 κατά
3283 616 3563 672 Ματθαῖον
3592 617 3679 671 δι-

2097 719 2283 773 δάσκει
2326 719 2355 771 ὁ
2405 716 2626 788 Κύριος,
2671 734 2690 766 ι
2716 713 2809 767 τοῦ
2862 712 3094 784 μεγάλου
3143 710 3407 781 βασιλέως
3437 710 3620 773 πόλις,
3648 729 3671 764 ι

2096 810 2195 864 οὐκ
2220 813 2277 863 ὲν
2309 808 2535 871 κοιλάδι,
2588 806 2621 879 ἢ
2650 807 2798 860 κάτω
2831 822 2933 858 που
2978 803 3225 873 κειμένη,
3258 801 3370 855 ἀλλ’
3397 804 3454 854 ὲν
3478 799 3679 873 ὑψηλῷ

2096 901 2211 973 ὄρει
2229 897 2646 971 ᾡκοδομημένη,
2672 897 2763 950 καὶ
2792 916 2811 948 ι
2835 895 2937 969 ὅρη
2967 894 3151 964 κύκλῳ
3177 892 3366 962 αὐτῆς,
3387 886 3454 963 ἦς
3477 896 3511 963 η
3546 910 3681 963 μετ-

2096 994 2196 1065 οχὴ
2238 991 2404 1062 αὐτῆς
2451 988 2543 1043 ἐπὶ
2579 988 2640 1043 τὸ
2692 986 2855 1041 αὐτό·
2887 1006 2907 1038 ι
2958 984 3073 1049 καὶ,
3106 1002 3124 1035 ι
3149 986 3266 1037 ἐκεῖ
3307 982 3587 1054 ἀνέϐησαν
3620 984 3678 1035 al

2099 1085 2263 1156 φυλαὶ
2295 1081 2521 1153 Κυρίου,
2552 1081 2846 1153 μαρτύριον
2879 1080 2936 1131 ὲν
2965 1078 3041 1149 τῷ
3087 1074 3319 1148 Ἰσραήλ.
3351 1095 3369 1126 ι
3409 1074 3685 1129 Καλεῖται

2097 1179 2154 1232 δὲ
2182 1178 2276 1231 xal
2307 1177 2340 1247 ἠ
2375 1174 2525 1238 πόλις
2558 1170 2715 1242 αὐτὴ,
2747 1172 2840 1225 καὶ
2881 1167 3255 1240 Ἰερουσαλὴμ,
3285 1168 3364 1230 είς
3396 1167 3461 1236 ἣν
3496 1166 3683 1229 οὐδεὶς

2097 1271 2204 1325 τῶν
2234 1269 2325 1322 ἐπὶ
2370 1266 2476 1335 γῆς
2526 1262 2820 1325 ἀναϐαίνει,
2869 1260 2990 1315 οὐδὲ
3017 1260 3351 1331 εἰσέρχεται⁹
3397 1258 3493 1311 καὶ
3521 1258 3685 1311 πᾶσά

2099 1380 2162 1433 γε
2192 1364 2224 1434 ἡ
2256 1357 2480 1430 φυσικὸν
2504 1356 2698 1427 ἔχουσα
2729 1354 2932 1425 δίαρμα
2969 1351 3134 1423 ψυχὴ,
3162 1352 3256 1404 καὶ⁸
3289 1347 3521 1420 ὀξύτητα
3552 1366 3688 1419 von-

2098 1456 2205 1509 τῶν
2235 1449 2567 1525 διορατικὴν,
2611 1448 2813 1518 ταύτης
2859 1448 2959 1516 τῆς
2989 1444 3197 1506 πόλεως
3244 1442 3467 1513 πολίτης
3496 1440 3686 1509 ὑπάρ-

2098 1563 2200 1616 χει.
2251 1545 2361 1598 Kal.
2391 1540 2611 1596 δυνατὸν
2640 1540 2697 1593 ἐν
2723 1534 2965 1609 ἁμαρτίᾳ
2995 1532 3132 1588 εἶναι
3184 1533 3278 1589 καὶ
3309 1532 3402 1585 τὸν
3441 1531 3683 1603 Ἱεροσο-

2100 1636 2328 1708 λυμίτην
2346 1652 2361 1665 ·
2395 1632 2615 1686 δυνατὸν
2655 1630 2763 1701 γὰρ
2793 1627 2887 1682 καὶ
2912 1628 3037 1689 τοὺς
3062 1623 3456 1695 εὐφυεστάτους
3485 1623 3682 1708 ἁμαρ·

434 1722 597 1777 etiam
617 1727 824 1794 optimo
858 1726 1072 1797 ingenio
1106 1731 1314 1800 praditi
1362 1746 1587 1802 peccare
1613 1772 1629 1801 ,
1678 1734 1729 1787 ni
1765 1735 1994 1790 celerius

2102 1704 2301 1791 τάνειν,
2331 1726 2380 1778 εἰ
2426 1721 2502 1796 μὴ
2543 1718 2928 1790 ὲπιστρέψαιεν
2975 1714 3112 1785 μετά
3152 1712 3248 1784 τὴν
3272 1710 3554 1802 ἀμαρτίαν
3584 1707 3684 1802 τά-

433 1823 556 1883 post
609 1827 892 1885 peccatum
949 1821 1219 1884 redeant.
1284 1823 1574 1891 perdentes
1633 1826 1994 1895 aptitudinem

436 1902 602 1971 illam,
633 1916 689 1959 et
713 1905 877 1963 futuri
917 1911 969 1965 in
1000 1927 1106 1965 una
1131 1929 1317 1967 earum
1351 1915 1629 1970 civitatum
1662 1932 1783 1985 qua:
1810 1917 2001 1971 alienae

434 2004 562 2050 sunt
585 2012 611 2051 a
649 1995 857 2064 Iudaea,
898 2015 1006 2055 non
1034 2001 1206 2057 solum
1255 2005 1497 2069 advenae,
1533 2021 1721 2062 verum
1752 2009 1913 2063 etiam
1944 2009 1998 2063 in

433 2103 493 2143 ca
515 2103 708 2145 nomen
724 2106 882 2146 suum
895 2096 1096 2150 daturi.
1111 2096 1361 2152 Ascendit
1373 2096 1530 2154 Iesus
1549 2099 1994 2172 Hierosolymam,

433 2188 717 2250 postquam
762 2196 918 2253 opem
970 2184 1181 2241 tulisset
1238 2188 1323 2242 his
1369 2188 1461 2258 qui
1521 2200 1680 2244 erant
1742 2191 1796 2245 in
1852 2192 1998 2247 Cana

430 2266 697 2337 Galiltca;
728 2288 792 2327 ac
832 2275 1030 2331 deinde
1069 2276 1453 2348 Capharnaum
1485 2280 1785 2346 descendit,
1822 2282 1998 2337 lactu-

435 2374 528 2414 rus
574 2359 964 2436 Hierosolymis
1002 2382 1123 2438 qua:
1166 2377 1291 2423 sunt
1326 2370 1544 2439 scripta.
1584 2371 1807 2441 Reperit
1837 2375 1998 2447 185

430 2466 560 2522 ergo
608 2455 661 2508 in
697 2456 931 2526 templo,
964 2461 1108 2527 quod
1142 2470 1197 2515 et
1243 2462 1434 2517 domus
1483 2462 1658 2519 Patris
1693 2464 1997 2522 Servatoris

429 2562 552 2601 esse
574 2548 795 2610 dicitur.
832 2549 933 2604 hoc
971 2561 1053 2607 est
1086 2554 1138 2607 in
1176 2553 1454 2620 Ecclesia,
1493 2557 1577 2612 vel
1622 2561 1675 2612 in
1708 2561 2000 2614 annuntia-

432 2636 583 2691 tione
615 2638 969 2693 ecclesiastici
1013 2651 1067 2696 et
1122 2643 1240 2697 sani
1274 2645 1561 2707 sermonis,
1592 2646 1854 2714 quosdam
1903 2647 1996 2718 qui

430 2728 648 2781 domum
681 2727 877 2792 l'atris,
909 2731 1128 2786 domum
1153 2746 1424 2790 mercatus
1448 2734 1708 2793 facerent.
1739 2738 1817 2793 Ac
1849 2754 1995 2793 sem-

431 2832 526 2885 per
550 2818 763 2885 aliquos
788 2823 992 2890 reperit
1018 2821 1177 2880 Jesus
1214 2827 1265 2879 in
1304 2827 1525 2895 templo.
1575 2829 1803 2895 Quando
1849 2831 1995 2886 enim

432 2907 598 2971 inea,
649 2923 771 2978 quae
816 2911 1014 2967 dicitur
1051 2914 1313 2982 Ecclesia,
1360 2934 1483 2987 qua:
1534 2931 1621 2975 est
1662 2921 1855 2977 domus
1901 2921 1992 2977 Dei

428 2997 682 3063 viventis,
715 3000 965 3056 columna
992 3011 1047 3057 et
1069 3004 1465 3062 firmamentum
1487 3011 1735 3066 veritatis
1763 3011 1832 3076 ",
1882 3004 1990 3067 non
2020 3037 2065 3097 ε

429 3095 556 3141 sunt
582 3087 749 3156 aliqui
782 3094 1042 3146 mensarii
1065 3097 1338 3162 sedentes,
1353 3098 1551 3166 quibus
1570 3114 1707 3169 opus
1732 3101 1801 3154 sit
1820 3102 1989 3172 plagis

428 3191 497 3230 ea
524 3176 735 3247 ﬂagello
762 3195 793 3234 e
815 3179 1074 3239 funiculis
1097 3200 1124 3238 a
1152 3183 1278 3240 Jesu
1313 3185 1458 3243 facto
1480 3187 1506 3241 ἳ
1535 3189 1745 3244 Rursus
1772 3193 1991 3259 quando

431 3285 539 3324 non
571 3282 697 3325 sunt
741 3276 1057 3343 argentarii,
1110 3278 1304 3346 quibus
1353 3280 1423 3333 sit
1469 3295 1609 3348 opus
1653 3282 1863 3337 illorum
1916 3298 1992 3338 res

427 3361 648 3429 effundi,
682 3380 746 3420 ac
785 3382 1000 3423 inensas
1024 3368 1262 3439 Ipsorum
1287 3369 1574 3426 subverti?
1600 3371 1830 3438 Quando
1860 3375 1989 3429 item

431 3468 535 3509 non
568 3464 695 3509 sunt
737 3457 828 3526 qui
880 3468 1246 3515 mercatorum
1306 3475 1458 3516 more
1493 3463 1736 3517 vendunt
1783 3464 1988 3531 boves,

428 3559 563 3611 «litos
587 3548 831 3615 oportuit
880 3563 1105 3605 servare
1145 3551 1213 3605 ad
1261 3560 1524 3618 aratrum,
1570 3561 1630 3607 ut
1680 3553 1895 3624 injectis
1922 3559 1989 3613 ad

427 3634 607 3705 ipsum
643 3640 917 3707 manibus,
959 3655 1061 3696 nec
1088 3642 1156 3696 ad
1188 3644 1489 3711 posteriora
1516 3649 1791 3714 conversi,
1823 3665 1990 3720 regno

430 3728 520 3787 Dei
570 3729 682 3784 sint
736 3731 889 3800 apti?
921 3732 1027 3790 Sed
1074 3736 1290 3806 quando
1326 3751 1432 3791 non
1470 3745 1597 3792 sunt
1640 3739 1993 3808 praeferentes

430 3833 791 3876 mammonam
821 3823 1121 3893 iniquitatis
1168 3828 1359 3883 ovibus
1394 3843 1514 3897 quae
1549 3829 1681 3899 ipsis
1710 3831 1989 3885 materiam

425 3923 487 3963 se
532 3914 760 3964 ornandi
812 3915 1090 3980 prmbenl?
1136 3916 1275 3971 Sunt
1325 3920 1489 3974 etiam
1542 3922 1850 3991 complures
1900 3924 1988 3993 qui

427 3998 798 4055 sinceritatem
829 4009 884 4055 et
917 4003 1207 4071 puritatem
1245 4009 1513 4074 privatam
1557 4012 1703 4067 omni
1732 4016 1992 4070 amaritu-

429 4089 554 4144 dine
582 4099 639 4145 et
664 4090 757 4147 bili
798 4102 1079 4161 spernant,
1127 4098 1288 4150 etiam
1336 4099 1472 4154 lucri
1527 4101 1763 4158 infelicis
1819 4119 1983 4160 causa

431 4183 729 4251 prodentes
754 4184 1095 4257 diligentiam
1124 4203 1314 4245 eorum
1360 4194 1449 4259 qni
1487 4193 1694 4262 tropice
1723 4194 1990 4250 columba:

424 4271 699 4328 -licuntur.
728 4273 864 4330 Cum
900 4276 1068 4346 igitur
1105 4280 1309 4349 reperit
1352 4280 1610 4336 Servator
1660 4284 1713 4337 in
1763 4284 1985 4352 templo,

2100 1837 2236 1890 χιον,
2264 1814 2558 1877 ἀπολόντας
2580 1812 2678 1884 τὴν
2698 1810 2946 1879 εύφυῖαν,
2978 1807 3069 1860 καὶ
3096 1806 3222 1877 μίαν
3248 1801 3353 1858 τῶν
3375 1800 3682 1890 ἀλλοτρίων
3744 1804 3753 1815 ⁸

2098 1889 2196 1981 τῆς
2235 1905 2488 1969 ἰουδαίας
2518 1902 2741 1964 πόλεων,
2771 1901 2832 1954 ού
2872 1899 3029 1970 μόνον
3056 1896 3505 1968 παροικήσοντας,
3540 1889 3685 1949 ἀλλὰ

2099 2003 2194 2056 καὶ
2233 1994 2765 2070 ὲγγραφησομένους.
2807 1988 3109 2045 Ἀναῦαίνει
3268 1984 3625 2085 Ἰεροσόλυ.
3653 1982 3682 2036 ὁ

2112 2087 2316 2160 Ἰησοῦς
2346 2085 2481 2158 μετά
2525 2084 2585 2137 τὸ
2629 2080 2892 2154 βοηθῆσαι
2938 2081 3049 2142 τοῖς
3081 2080 3139 2131 ὲν
3183 2076 3338 2147 Κανᾷ
3375 2073 3477 2144 τῆς
3512 2074 3555 2126 Γ
3558 2073 3683 2129 αλι-

2098 2182 2272 2246 λαίας,
2300 2181 2393 2234 καὶ
2424 2179 2551 2250 ἑξῆς
2585 2179 2663 2242 εἰς
2689 2176 2785 2247 τὴν
2812 2173 3185 2244 Καφαρναοὺμ
3213 2168 3679 2239 καταϐεϐηκέναι,

2099 2275 2186 2331 ἴνα
2230 2275 2431 2346 ποιήσῃ
2473 2274 2532 2325 ὲν
2586 2272 2695 2333 τοῖς
2749 2264 3136 2338 Ἱεροσολύμοις
3178 2262 3249 2317 τὰ
3286 2257 3679 2332 γεγραμμένα.

2099 2363 2237 2440 Εὗρε
2263 2366 2392 2437 γοῦν
2437 2367 2494 2419 ὲν
2540 2365 2617 2434 τῲ
2652 2361 2803 2434 ἱερῷ,
2834 2362 2970 2432 ὅπερ
3015 2360 3106 2414 καὶ
3147 2354 3293 2422 οἶκος
3326 2356 3418 2410 τοῦ
3449 2357 3677 2428 Πατρὸς

2098 2457 2235 2515 εἶναι
2267 2458 2482 2527 λέγεται
2517 2455 2613 2509 τοῦ
2646 2454 2914 2525 Σωτῆρος,
2948 2452 3219 2506 τουτέστιν
3249 2451 3306 2502 ἐν
3334 2450 3400 2520 τῇ
3437 2446 3680 2517 Ἐκκληο

2100 2553 2210 2624 σία,
2240 2551 2275 2623 ἢ
2301 2553 2358 2605 ὲν
2388 2552 2455 2621 τῇ
2486 2546 2788 2618 ἐπαγγελίᾳ
2819 2545 2913 2600 τοῦ
2950 2540 3400 2615 ἐκκλησιαστικοῦ
3429 2541 3524 2593 καὶ
3550 2540 3680 2608 ὑγι-

2096 2646 2332 2709 αίνοντος
2362 2643 2545 2713 λόγου,
2571 2642 2723 2706 τινὰς
2750 2642 2840 2695 τὸν
2865 2636 3012 2694 οἷκον
3037 2636 3132 2691 τοῦ
3165 2635 3375 2707 Πατρὸς
3400 2628 3677 2703 ἐμπορίου

2097 2735 2379 2799 ποιοῦντας
2404 2730 2567 2787 οἷκον.
2602 2730 2711 2784 Καὶ
2736 2730 2823 2784 ἀεί
2856 2742 3008 2790 τινας
3030 2724 3272 2798 εὑρίσκει
3303 2724 3332 2776 ό
3374 2718 3586 2790 Ἰησοῦς
3618 2721 3677 2772 ὲν

2095 2826 2173 2899 τῷ
2198 2824 2346 2899 ιερῷ.
2403 2823 2543 2877 Πότε
2591 2820 2698 2894 γὰρ
2727 2822 2785 2873 ἐν
2827 2821 2894 2891 τῇ
2929 2813 3306 2887 ὀνομαζομένῃ
3347 2810 3675 2882 Ἐκκλησίᾳο

2095 2919 2216 2991 ἥτις
2265 2916 2410 2970 ἐστὶν
2435 2910 2581 2976 οἶκος
2619 2910 2752 2965 Θεοῦ
2796 2910 3014 2974 ζῶντος,
3052 2907 3241 2971 στῦλος
3268 2906 3363 2959 καὶ
3389 2902 3676 2975 ἑδραίωμα

2094 3008 2190 3081 τῆς
2214 3004 2486 3080 ἀληθείας,
2510 3006 2612 3059 οὐκ
2640 3004 2745 3057 εἰσί
2785 3019 2926 3066 τινες
2952 2999 3315 3074 κερματισταὶ
3342 2996 3674 3067 καθήμενοι,

2092 3100 2334 3172 δεόμενοι
2383 3097 2608 3168 πληγῶν
2659 3098 2723 3150 ὲκ
2764 3094 2858 3148 τοῦ
2907 3094 3018 3149 ἀπὸ
3069 3090 3242 3163 Ἰησοῦ
3295 3087 3675 3160 πεποιημένου

2091 3192 2417 3263 φραγελλίου
2463 3194 2529 3245 ὲκ
2569 3190 2838 3262 σχοινίων,
2875 3188 2969 3241 καὶ
2996 3184 3287 3259 χρῄζοντες
3320 3179 3676 3237 κολλυϐισταὶ

2089 3285 2182 3339 τοῦ
2209 3282 2486 3356 ἐκκεῖσθαι
2517 3281 2696 3335 αὐτῶν
2726 3279 2796 3334 τὰ
2841 3278 3111 3350 κέρματα,
3158 3270 3559 3345 ἀνατρέπεσθαι
3609 3286 3674 3323 τε

2089 3376 2267 3431 αὐτῶν
2310 3375 2408 3440 τὰς
2440 3372 2751 3447 τραπέζας;
2784 3372 2921 3425 Πότε
2967 3370 3010 3423 δ’
3038 3370 3138 3424 ούκ
3166 3368 3303 3461 είσὶιν
3345 3368 3395 3419 ei
3420 3362 3676 3461 ἀποδιδό-

2093 3483 2242 3537 μενοι
2266 3463 2604 3537 ὲμπορικῶς,
2632 3462 2725 3527 οὓς
2746 3461 2911 3533 ἐχρῆν
2928 3463 3111 3530 τηρεῖν
3135 3457 3220 3511 ἐπ’
3240 3456 3490 3528 ἄροτρον,
3513 3451 3673 3522 βοῦς,

2089 3558 2196 3621 ἴνα,
2229 3556 2477 3627 βαλόντες
2512 3554 2620 3626 (47)
2650 3554 2736 3608 ἐπ’
2759 3552 2890 3606 αὐτὸ
2913 3551 3011 3615 τὰς
3040 3552 3245 3621 χεῖρας,
3277 3547 3373 3601 καὶ
3400 3544 3475 3615 μὴ
3505 3557 3675 3613 στρεε

2090 3648 2312 3719 φάμενοι
2338 3650 2417 3712 είς
2447 3646 2515 3701 τὰ
2547 3646 2740 3709 ὀπίσω,
2787 3644 3048 3713 γένωνται
3092 3643 3160 3712 τῇ
3203 3637 3299 3693 τοῦ
3331 3636 3463 3691 Θεοῦ
3510 3634 3676 3704 βασι-⁹

2089 3738 2208 3810 λείᾳ
2236 3737 2475 3804 abesset;
2506 3737 2643 3791 Πότε
2686 3736 2745 3790 δὲ
2790 3736 2890 3789 οὐκ
2916 3735 3056 3788 εἰσὶν
3085 3734 3135 3786 oi
3159 3728 3533 3804 προτιμῶντες
3569 3725 3671 3779 τὸν

2090 3833 2187 3903 τῆς
2213 3831 2426 3895 ἀδικίας
2460 3829 2764 3901 μαμμωνᾶν
2795 3826 2904 3881 τῶν
2929 3826 3028 3896 τὴν
3057 3824 3186 3896 ὕλην
3214 3821 3308 3876 τοῦ
3338 3816 3672 3890 κοσμεῖσθαι

2090 3923 2272 3986 αὐτοῖς
2316 3922 2660 3993 παρεχόντων
2703 3918 3018 3993 προϐάτωνς
3065 3916 3174 3970 Ἀεὶ
3222 3915 3280 3969 δὲ
3326 3911 3509 3967 πολλοί
3553 3912 3673 3965 εἰσι

2091 4013 2184 4066 καὶ
2209 4013 2257 4065 ol
2285 4011 2378 4066 τοῦ
2411 4012 2622 4076 ἀδόλου,
2656 4012 2751 4065 καὶ
2771 4009 3052 4083 ἀκεραίου,
3080 4010 3279 4079 ἐστηρη
3288 4004 3449 4076 μένου
3475 4018 3539 4071 γε
3562 4001 3674 4055 πά-

2093 4119 2191 4173 σης
2218 4102 2540 4173 πικρότητος
2568 4101 2663 4155 καὶ
2689 4100 2885 4172 σχολῆς
2928 4096 3411 4172 καταφρονοῦντες,
3440 4093 3537 4147 xal.
3559 4108 3667 4144 τα-

2090 4190 2362 4262 λαιπώρου
2394 4191 2618 4263 κέρδους
2646 4191 2829 4244 ἕνεκεν
2855 4189 3189 4263 προδιδόντες
3212 4185 3312 4258 τὴν
3336 4183 3445 4238 τῶν
3472 4199 3671 4254 τροπιο

2090 4283 2344 4352 κωτὲρων
2370 4283 2675 4354 λεγομένων
2718 4281 3052 4354 περιστερῶν
3096 4279 3429 4351 ἐπιμέλειαν.
3490 4274 3668 4328 Ἑπὰν

426 4364 572 4432 quod
600 4376 682 4420 est
713 4366 904 4426 domus
938 4368 1139 4439 Patris,
1188 4372 1486 4429 vendentes
1513 4374 1696 4440 boves,
1733 4383 1789 4429 et
1819 4390 1948 4432 oves
1967 4418 1983 4443 ,

2094 4370 2181 4427 οὖν
2211 4372 2346 4446 εὕρῃ
2370 4376 2398 4426 ό
2429 4374 2618 4445 Σωτὴρ
2640 4375 2696 4426 ἐν
2724 4372 2801 4444 τῷ
2826 4373 2974 4446 ἱερῷ,
3005 4374 3138 4443 οίκῳ
3161 4371 3254 4425 τοῦ
3275 4368 3505 4441 Πατρδς,
3538 4365 3669 4420 τού-

427 4463 484 4509 et
504 4456 805 4524 columbas,
834 4469 890 4515 et
921 4463 1223 4518 mensarios
1253 4464 1502 4519 sedentes
1522 4503 1538 4530 ,
1593 4465 1809 4536 expellit
1846 4465 1986 4532 illos,

426 4561 557 4605 usus
576 4547 787 4617 ﬂagello
812 4567 843 4607 e
868 4553 1125 4609 funiculis
1149 4569 1181 4609 a
1209 4570 1269 4610 se
1295 4554 1459 4623 facto,
1502 4572 1607 4611 una
1641 4572 1767 4612 cum
1793 4559 1989 4615 ovibus

430 4639 706 4711 liobusque
735 4645 1037 4713 venalibus,
1070 4647 1306 4718 ipsorum
1350 4650 1515 4705 etiam
1564 4651 1820 4719 pecunias
1856 4666 1990 4707 con»

423 4744 674 4811 gregatas
714 4735 995 4794 eﬂ'undeus
1021 4778 1038 4804 ,
1076 4748 1330 4811 tanquam
1372 4743 1623 4815 indignas
1667 4760 1786 4813 (pne
1823 4745 1984 4800 simul

424 4836 737 4881 tenerentur
756 4837 813 4883 et
837 4829 1075 4898 ipsarum
1112 4832 1455 4890 inutilitatem
1489 4835 1801 4891 ostendens.
1844 4836 1985 4890 Sub-

423 4918 587 4973 vertit
612 4919 799 4985 etiam,
824 4935 944 4991 quae
977 4923 1029 4977 in
1059 4940 1359 4980 avarorum
1381 4935 1537 4980 erant
1574 4928 1792 4991 animis,
1829 4942 1984 4982 meu-

424 5025 537 5075 sas,
567 5011 757 5067 dicens
776 5012 863 5069 his
883 5015 977 5083 qui
1005 5017 1293 5072 columbas
1326 5018 1633 5073 vendebant
1667 5037 1682 5073 :
1719 5038 1738 5070 σ
1761 5019 1985 5074 Auferte

424 5099 527 5152 ista
569 5101 715 5168 hinc,
743 5123 765 5156 ι
815 5118 885 5159 ne
915 5107 1141 5175 posthac
1189 5112 1243 5162 in
1290 5110 1488 5178 templo
1522 5110 1615 5164 Dei
1654 5111 1984 5165 vendantur.

418 5192 678 5249 Arbitror
701 5210 831 5252 vero
856 5211 965 5268 ego
999 5198 1182 5255 Jesum
1216 5199 1388 5271 ipsum
1417 5201 1656 5258 edidisse
1688 5204 1862 5273 signa,
1889 5218 1985 5273 per

531 5331 576 5363 ⁸¹¹
609 5333 767 5389 Joan.
793 5352 854 5402 ιι,
880 5337 966 5392 1⁸5.

425 5448 612 5583 ὥΞέ
640 5449 819 5505 Codex
853 5452 1078 5523 Regius,
1113 5455 1397 5527 βάλλοντες
1419 5475 1433 5488 -
1487 5459 1829 5529 Bodleianus,
1882 5459 1979 5530 βα-

498 5588 608 5661 (48)
643 5588 721 5644 Τὰ
756 5593 1167 5663 συνερχόμενα
1213 5596 1470 5669 κέρματα
1518 5600 1608 5657 Sic
1636 5601 1801 5657 codex
1840 5600 1974 5655 Bod-

2091 4482 2214 4529 τους
2240 4463 2549 4528 πωλοῦντας
2583 4464 2729 4535 βόας,
2756 4466 2850 4519 καὶ
2891 4464 3155 4536 πῴὁατα,
3184 4463 3278 4517 καὶ
3310 4457 3662 4533 περιστερὰς,

2092 4559 2186 4613 καὶ
2212 4558 2337 4622 τοὺς
2360 4556 2727 4629 κερματιστὰς
2749 4557 3106 4630 καθημένους,
3138 4553 3409 4622 ἐξελαύνει
3437 4552 3660 4614 αὐτοὺς,

2091 4652 2431 4725 χρησάμενος
2479 4649 2559 4722 τῷ
2590 4651 2655 4704 ὲκ
2699 4651 2943 4721 σχοινίων
2979 4649 3069 4708 ὑπ’
3113 4645 3275 4703 αὑτοῦ
3308 4642 3663 4713 πεποιημένῳ

2092 4741 2415 4815 φραγελλίῳ,
2445 4744 2560 4813 ἅμα
2587 4744 2698 4806 τοῖς
2729 4745 3045 4815 ἐμπορικοῖς
3071 4740 3380 4813 προϐάτοις,
3409 4737 3503 4791 καὶ
3544 4734 3664 4805 βου-

2090 4840 2173 4892 σὶν
2207 4835 2406 4903 αὐτῶν,
2452 4836 2549 4890 καὶ
2592 4835 2745 4906 ὲκχεί
2768 4834 2843 4899 ὡς
2891 4836 2963 4906 μὴ
2996 4835 3120 4901 ἀξια
3173 4833 3243 4888 τὰ
3291 4829 3659 4901 συνερχόμενα

2089 4930 2339 5003 κέρματα
2365 4928 2500 5001 (48),
2528 4929 2742 4993 δεικνὺς
2772 4928 2948 4982 αὐτῶν
2981 4928 3041 4981 τὸ
3068 4928 3358 4999 ἄχρηστον.
3403 4921 3661 4992 Ἀνατρέ-

2091 5044 2180 5082 πει
2204 5042 2263 5079 τε
2310 5023 2410 5088 τάς
2455 5026 2512 5078 ἐν
2539 5025 2656 5086 ταῖς
2693 5022 2890 5091 ψυχαῖς
2934 5020 3043 5074 τῶν
3075 5018 3422 5090 φιλαργύρων
3455 5012 3659 5087 τραπέ-

2089 5116 2206 5183 ζας,
2228 5117 2400 5186 λέγων
2419 5117 2640 5178 καὶτοῖς
2662 5114 2758 5178 τὰς
2780 5111 3106 5183 περιστερὰς
3120 5109 3387 5164 πωλοῦσιν
3407 5125 3421 5141 ’
3452 5126 3472 5158 ι
3495 5108 3664 5178 ’Δρα-

2088 5227 2149 5263 τε
2174 5209 2348 5263 ταῦτα
2371 5206 2637 5270 ἐντεῦθεν,
2662 5224 2679 5257 ι
2715 5205 2799 5256 ἵνα
2831 5204 3028 5274 μηκέτι
3052 5204 3108 5255 ὲν
3134 5200 3211 5272 τῷ
3239 5197 3371 5273 ἱερῷ
3393 5195 3489 5252 τοῦ
3519 5194 3655 5251 Θεοῦ

1043 5341 1088 5372 ⁷ο
1117 5339 1307 5396 Matth.
1339 5358 1390 5409 v,
1413 5341 1504 5400 35.
1578 5343 1624 5375 ⁷⁸
1645 5341 1785 5398 Psal.
1815 5358 1994 5408 (πτειν,

2174 5345 2219 5376 τ’
2247 5343 2387 5399 Psal.
2424 5358 2573 5404 cm,
2600 5341 2713 5404 δώ.
2811 5339 2858 5372 ’³
2889 5338 2907 5391 Ι
2939 5338 3301 5401 Tint.tu,15.

2090 5461 2328 5526 leianns;
2393 5439 2560 5514 editio
2614 5456 2817 5523 liuetii,
2873 5454 2966 5509 τοῦ
3032 5454 3350 5526 συνέχεσθαι
3400 5453 3467 5507 τὰ
3524 5453 3657 5525 κέρ-

2088 5548 2250 5604 ματα.
