4020 6216
1477 91 1483 97 '
1507 92 1541 106 η

3543 216 3663 271 ἷιὲἱί

412 234 511 291 551
1852 226 2185 286 ORIGENIS

413 314 956 412 distributuri’boves
981 353 1304 419 ditioribus,
1335 363 1392 410 et
1421 364 1574 410 tanto
1615 353 1809 425 popqu
1853 367 1980 407 oves

2086 349 2269 419 ρῆσαι,
2303 344 2444 398 ὥστε
2473 341 2724 408 ἐξελάσαι
2776 338 2976 411 πλῆθος
3003 335 3263 438 ἐμπόρων
3275 333 3392 438 fuit
3422 333 3662 438 ﬁv‘éop-

316 439 321 445 ’
417 448 734 502 mactandas
775 461 872 516 per
919 447 1110 502 domos
1143 446 1471 502 famiiiarum
1524 463 1645 515 qua:
1694 446 1980 501 multorum

2083 438 2182 509 τὴν
2214 433 2614 507 άνεληλυθότων
2642 429 2881 501 τοσούτῳ
2909 427 3251 484 ἀποδίδοσθαι
3275 425 3391 498 λαῷ
3415 425 3667 530 πρόϐατα

414 537 639 592 millium
695 539 1029 608 complerent
1082 553 1401 604 numerum;
1462 533 1629 606 atque
1664 550 1757 593 eos
1802 535 1893 606 qni
1928 536 1980 590 in

2082 530 2425 602 τυθησόμενα
2445 528 2564 582 κατ’
2597 525 2775 588 οἴκους
2801 520 3044 593 πατριῶν
3077 519 3275 581 αὐτῶν,
3315 519 3372 570 ὲν
3400 516 3667 571 πλειόνων

415 629 579 682 rebus
636 626 833 683 talibus
888 627 1185 699 gloriantes
1246 629 1563 700 producturi
1632 628 1684 682 iu
1748 627 1984 682 medium

414 726 575 772 erant
602 715 902 781 columbas,
935 734 1070 789 quas
1100 719 1251 774 multi
1282 722 1515 789 erupturi
1559 727 1758 786 erant,
1789 733 1888 772 ceu
1930 717 1984 772 in

415 818 683 863 conventu
739 808 1101 866 celeberrimo
1157 812 1522 866 convivaturi.
1597 810 1988 868 Cousiderabit

414 902 579 954 etiam
607 916 674 956 an
708 902 1191 957 nummulariorum
1232 913 1354 958 erat
1375 918 1481 957 non
1520 918 1778 959 accusare
1802 902 1985 959 ³8811111

416 990 628 1058 injuria:
661 1002 882 1062 propter
914 1009 1042 1049 snas
1088 995 1333 1063 ipsorqu
1383 992 1583 1050 ellusas
1628 995 1886 1064 pecunias
1932 1003 1988 1050 et

414 1097 633 1138 mensas
659 1084 974 1142 subversas.
1007 1086 1168 1158 186
1197 1086 1329 1154 Quis
1367 1097 1545 1142 autem
1567 1086 1825 1157 ﬂagelloe
1849 1086 1988 1142 funi-

416 1173 557 1230 culis
589 1177 925 1247 verberatus,
961 1178 1327 1247 expulsusqne
1367 1178 1436 1233 ab
1472 1193 1538 1234 eo
1569 1179 1661 1249 qui
1692 1194 1860 1249 penes
1887 1193 1989 1234 eos

420 1264 722 1321 habebatur
739 1268 879 1337 vilis,
909 1271 1057 1325 hunc
1085 1271 1307 1326 adortus
1332 1287 1437 1326 non
1462 1270 1834 1337 inclamasset,
1862 1271 1989 1326 totis

418 1357 624 1412 viribus
648 1374 769 1414 sese
804 1360 1094 1428 ulciscens,
1142 1378 1267 1418 eum
1311 1363 1612 1433 praasertim
1649 1372 1856 1419 tantam
1886 1364 1988 1418 ha-

419 1445 572 1502 beret
597 1448 995 1505 multitudinem
1024 1467 1213 1506 eorum
1240 1454 1333 1522 qui
1373 1455 1474 1508 sibi
1518 1470 1674 1524 aeque
1709 1465 1989 1511 contume-

420 1536 546 1590 liam
570 1536 683 1592 ﬂeri
708 1539 1021 1607 credebant,
1049 1541 1319 1596 faventem
1343 1544 1444 1597 sibi
1468 1546 1757 1599 adversum
1778 1543 1989 1600 Iesum?

422 1626 644 1695 Insuper
673 1628 1083 1684 consideremus
1114 1629 1203 1684 Dei
1228 1629 1422 1684 Filium
1458 1629 1732 1686 funiculos
1762 1646 1985 1686 sumen-

2087 624 2364 697 μυριάδων
2401 617 2622 693 ἀριθμῷ
2659 615 3011 687 τυγχάνοντα,
3046 613 3141 666 καὶ
3187 610 3314 683 βοῦς
3355 611 3469 671 τοῖς
3498 608 3669 661 πλου-

2087 716 2383 788 σιωτέροις,
2419 713 2515 768 καὶ
2561 709 2858 783 τηλικαῦτα
2896 705 3213 777 εὐξαμένοις
3243 701 3671 775 παραστησομέ-

2085 825 2228 872 νους,
2258 803 2585 878 περιστεράς
2604 819 2685 867 τε,
2729 800 2796 866 ἇς
2834 815 2977 862 τινες
3004 796 3189 892 πολλοὶ
3214 795 3290 861 ὡς
3327 797 3385 848 ἐν
3415 793 3670 892 πανηγὲ-

2090 916 2170 970 ρει
2210 894 2682 967 εὐωχηθησόμενοι
2710 889 2943 945 ὠνοῦντο
2961 887 3025 942 ἀν
3046 903 3061 917 ’
3099 884 3207 939 τῶν
3230 900 3290 937 τε
3320 880 3671 956 τραπεζιτῶν

2090 986 2164 1058 μὴ
2214 984 2424 1056 ὕϐρεως
2471 980 2846 1053 κατηγορῆσαι
2887 977 2983 1030 τοῦ
3028 972 3201 1046 Ἰησοῦ
3252 972 3556 1043 ὲκχεόμενα
3599 970 3671 1024 τὰ

2088 1073 2196 1127 ίδια
2245 1071 2424 1126 αὐτῶν
2476 1073 2730 1143 χρήματα
2754 1068 2890 1139 (5⁸7),
2937 1066 3033 1119 καὶ
3082 1062 3527 1134 ἀνατρεπομένας
3566 1059 3672 1125 τὰς

2085 1161 2382 1237 τραπέζας.
2423 1163 2518 1227 Τίς
2547 1163 2605 1217 δὲ
2628 1160 2706 1232 τῷ
2727 1162 2793 1213 ὲκ
2814 1156 3063 1229 σχοινίων
3093 1152 3397 1226 φραγελλίῳ
3429 1150 3539 1206 ὑπὸ
3568 1149 3670 1204 τοῦ

2087 1255 2442 1329 νομιζομένου
2475 1256 2604 1327 παρ’
2643 1254 2825 1316 αὐτοῖς
2872 1247 3123 1312 εὐτελοῦς
3172 1246 3529 1317 τυπτόμενος,
3568 1244 3676 1298 καὶ

2086 1349 2542 1421 ἀπελαυνόμενος,
2610 1348 2712 1400 οὐκ
2762 1344 2829 1398 ἂν
2886 1341 3274 1411 ἐπιλαϐόμενος
3337 1338 3673 1408 κατεϐόησε,

2086 1442 2183 1497 καὶ
2226 1443 2290 1495 ὲκ
2339 1440 2520 1513 χειρὸς
2550 1439 2649 1511 τὴν
2676 1437 2830 1507 δίκην
2855 1435 3168 1505 ἐποιήσατο,
3200 1431 3295 1485 καὶ
3331 1429 3503 1484 ταῦτα
3544 1444 3671 1482 τοσ-

2085 1534 2210 1589 οῦτο
2241 1533 2444 1605 πλῆθος
2477 1534 2585 1589 τῶν
2623 1527 3038 1602 συνυϐρίζεσθαι
3069 1525 3335 1592 δοξάντων
3367 1522 3674 1595 συνεργοῦν

2088 1628 2200 1699 (58)
2246 1629 2386 1681 κατά
2430 1625 2525 1680 τοῦ
2583 1623 2757 1697 Ἰησοῦ
2814 1622 2984 1693 ἔχωνς
3028 1621 3432 1688 Ἐπινοήσωμεν
3474 1616 3536 1669 δὲ
3572 1614 3674 1667 τὸν

420 1728 547 1780 tem,
578 1716 787 1786 sibique
810 1717 1080 1788 ﬂagellum
1123 1727 1414 1786 texentem,
1439 1721 1505 1775 ad
1533 1721 1930 1777 extrudendum
1953 1738 1980 1777 e

2088 1722 2214 1777 Υἱὸν
2256 1719 2351 1774 τοῦ
2389 1718 2526 1774 Θεοῦ
2569 1717 2914 1789 λαμϐάνοντα
2962 1714 3033 1767 τά
3074 1710 3306 1785 σχοινία,
3353 1709 3451 1763 καὶ
3488 1707 3677 1779 ἑαυτῷ

420 1805 642 1874 templo,
691 1821 758 1860 an
786 1822 895 1861 non
927 1817 1303 1876 reprmseutet,
1356 1820 1552 1878 praeter
1586 1811 1872 1866 audaciam
1926 1820 1982 1867 et

417 1896 804 1958 temeritatem.
837 1898 1205 1953 inordinatum
1240 1900 1404 1953 etiam
1434 1900 1712 1970 quiddam.
1754 1904 1829 1957 At
1855 1917 1984 1958 vero

416 2002 580 2042 unum
605 1987 936 2059 relinquitur
959 1989 1291 2047 defensionis
1324 1991 1611 2064 snil'ugium
1645 2004 1836 2050 contra
1870 1995 1985 2052 haec

416 2078 619 2135 volenti
659 2081 824 2135 etiam
864 2082 1149 2137 bistoriam
1172 2098 1414 2150 servare,
1451 2086 1534 2140 vis
1581 2087 1827 2155 quietiam
1855 2088 1987 2146 Iesu

415 2169 668 2234 divinior,
721 2171 813 2241 qui
869 2181 1108 2242 poterat,
1165 2190 1288 2231 cum
1349 2177 1550 2245 vellet,
1587 2178 1981 2237 inﬂammatqu

414 2259 763 2317 inimicorum
810 2264 1053 2320 animum
1097 2272 1449 2338 exstinguere
1475 2312 1489 2335 ,
1518 2280 1574 2327 et
1610 2273 1778 2329 multa
1806 2275 1985 2331 homi-

417 2362 545 2402 num
581 2349 748 2404 millia
773 2365 1035 2423 superare
1078 2356 1254 2423 gratia
1296 2358 1475 2412 divina
1493 2372 1512 2423 ,‘
1545 2368 1601 2414 et
1627 2362 1984 2431 cogitationes

417 2440 857 2498 tumultuantium
918 2446 1184 2518 dissipare
1217 2472 1230 2506 :
1267 2467 1286 2502 ι
1313 2450 1572 2507 Dominus
1626 2454 1769 2510 enim
1825 2455 1985 2512 dissi-

420 2539 511 2599 pat
532 2534 757 2589 consilia
790 2538 1052 2605 gentium,
1094 2550 1146 2596 et
1173 2542 1384 2612 spernit
1424 2543 1784 2613 cogitationes
1808 2562 1982 2619 popu-

415 2620 632 2690 lorum;
675 2625 965 2682 consilium
1015 2637 1198 2683 autem
1242 2629 1454 2687 Domini
1489 2633 1544 2688 in
1593 2636 1980 2707 sempiternum

415 2724 622 2780 perstat
678 2716 818 2785 ";p
870 2720 1005 2775 adeo
1058 2729 1116 2776 ut
1163 2722 1388 2778 historia
1431 2712 1715 2794 praesentis
1760 2727 1891 2797 loci,
1935 2730 1980 2786 si

336 2878 353 2895 δ
416 2811 599 2895 tamen
642 2806 759 2863 lucc
785 2809 926 2866 facta
953 2812 1088 2880 fuit,
1126 2817 1378 2872 ostendat
1402 2817 1562 2873 nullis
1586 2821 1983 2889 quantumlibet

415 2894 810 2955 admirabiliter
828 2902 900 2958 ab
934 2903 1049 2972 ipso
1076 2905 1240 2963 factis
1263 2948 1279 2973 ,
1325 2916 1489 2978 atque
1519 2925 1616 2981 per
1637 2911 1979 2969 divinitatem

417 2986 771 3046 invitantibus
824 2994 893 3048 ad
947 2994 1111 3051 ﬁdem
1140 3011 1236 3051 eos
1265 2999 1358 3068 qui
1388 3000 1676 3068 viderunt,
1721 3003 1976 3058 virtutem

415 3094 557 3135 nunc
578 3082 778 3138 editam
810 3086 1072 3141 minorem
1100 3088 1268 3145 fuisse
1293 3105 1311 3144 :
1347 3106 1509 3161 quam
1530 3095 1694 3148 etiam
1718 3096 1977 3168 majorem

414 3174 768 3238 pronuntiare
796 3191 1103 3247 possumus,
1131 3197 1294 3251 quam
1318 3185 1461 3254 quod
1485 3186 1539 3241 in
1577 3185 1722 3242 Cana
1743 3187 1979 3247 Galiltem

412 3264 485 3319 sit
515 3279 653 3334 aqua
685 3267 737 3322 in
770 3268 955 3325 vinum
992 3281 1235 3341 mutata;
1264 3276 1516 3331 nimirum
1538 3269 1686 3348 quod
1724 3279 1831 3336 illic
1863 3282 1979 3336 iua-

412 3354 616 3410 nimem
645 3359 925 3413 materiam
961 3366 1293 3431 mutaverit,
1345 3365 1447 3420 hoc
1477 3381 1603 3422 vero
1649 3369 1702 3423 in
1745 3369 1863 3425 loco
1900 3381 1979 3426 tot

416 3446 716 3517 myriadum
741 3448 950 3519 ingenia
969 3455 1554 3528 praestantissimasque
1579 3460 1776 3516 animas
1797 3473 1979 3531 partes

414 3537 740 3607 eubjugarit.
771 3540 1454 3601 Cmternmubsetvaudum
1480 3557 1563 3603 est
1594 3560 1820 3607 matrem
1849 3552 1975 3610 Iesu

415 3625 522 3679 diei
549 3628 743 3683 adesse
782 3629 1014 3701 nuptiis,
1054 3641 1412 3702 vocatumque
1451 3635 1618 3691 fuisse
1642 3637 1825 3693 Iesum
1854 3654 1976 3695 cum

413 3717 698 3788 discipulis
731 3721 867 3787 suis,
896 3723 1166 3779 neminem
1189 3740 1320 3781 vero
1345 3736 1546 3796 praeter
1565 3726 1749 3785 Iesum
1784 3746 1978 3788 nume-

415 3810 527 3863 rari
583 3810 968 3881 Capharnaum
1021 3814 1391 3875 descendisse.
1464 3819 1730 3877 Videntur
1797 3832 1975 3879 tamen

411 3910 597 3970 postea
623 3902 870 3972 discipuli
905 3906 1179 3972 adfuisse,
1223 3910 1659 3981 quandoquidem
1704 3914 1974 3970 recordati

408 3999 537 4047 sunt
582 3993 844 4061 scriptum
882 4009 1041 4049 esse:
1083 4014 1101 4047 ι
1129 3995 1290 4053 Zelus
1342 4002 1534 4057 domus
1586 4014 1690 4058 tua:
1741 4005 1977 4061 comedit

412 4096 499 4136 me
528 4082 597 4138 ".
627 4100 646 4135 ι
682 4085 758 4138 Ac
785 4084 1016 4141 fortasse
1044 4087 1098 4141 in
1124 4089 1349 4158 singulis
1368 4089 1649 4162 discipulis
1673 4105 1791 4150 erat
1819 4095 1977 4153 Iesus

409 4171 840 4246 Hierosolymam
874 4178 1192 4245 ascendens,
1220 4183 1477 4250 quocirca
1499 4198 1602 4238 non
1629 4185 1833 4241 dictum
1857 4198 1971 4243 est:

409 4268 667 4323 Ascendit
713 4266 874 4325 Iesus
929 4269 1381 4343 Hierosolymam,
1436 4285 1489 4331 et
1532 4276 1778 4347 discipuli
1830 4280 1973 4349 ejus,

2083 1811 2403 1886 φραγέλλιον
2433 1810 2529 1864 ἐπὶ
2558 1808 2637 1880 τῷ
2685 1806 2933 1873 ἐξελάσαι
2981 1805 3076 1860 τοῦ
3104 1803 3233 1859 ναοῦ
3279 1801 3568 1865 πλέκοντα,
3620 1800 3675 1851 εἰ

2087 1904 2162 1976 μὴ
2189 1902 2442 1975 ἀμφαίνει
2468 1901 2603 1973 πρὸς
2625 1898 2703 1971 τῷ
2734 1898 2955 1953 αὐθάδει
2988 1898 3084 1951 καὶ
3115 1894 3435 1969 θρασυτέρῳ
3466 1892 3566 1946 καὶ
3606 1889 3674 1943 τὺ

2082 1996 2331 2051 ἄτακτον.
2359 1996 2474 2049 Μία
2499 1994 2557 2048 δὲ
2579 1991 2868 2063 καταφυγὴ
2889 1991 2990 2061 τῆς
3011 1990 3146 2062 πρὸς
3176 1987 3347 2043 ταῦτα
3369 1984 3675 2055 ἀπολογίας

2084 2087 2471 2141 καταλείπεται
2516 2085 2594 2157 τῷ
2625 2085 2720 2139 καὶ
2751 2082 2848 2155 τὴν
2886 2081 3126 2154 ἱστορίαν
3161 2080 3331 2133 σῶσαι
3365 2078 3594 2141 θέλοντι,
3632 2077 3671 2147 ἠ

2083 2175 2330 2249 θειοτέρα
2351 2174 2446 2231 τοῦ
2483 2173 2659 2247 Ἰησοῦ
2691 2172 2919 2243 δύναμις
2948 2172 3061 2225 οἴου
3096 2186 3154 2224 τε
3178 2169 3353 2234 ὄντος,
3384 2169 3474 2225 ὅτε
3507 2166 3667 2221 ὲϐοὐο

2082 2265 2225 2332 λετο,
2277 2266 2377 2320 καὶ
2417 2264 2586 2337 θυμὸν
2638 2262 2844 2335 ἐχθρῶν
2885 2260 3257 2332 ἀναπτόμενον
3305 2258 3515 2322 σϐέσαι,
3569 2257 3673 2310 καὶ

2087 2357 2360 2428 μυριάδων
2408 2355 2529 2428 θείᾳ
2556 2356 2740 2428 χάριτι
2773 2352 3174 2426 περιγενέσθαι,
3226 2352 3321 2406 κα).
3365 2349 3670 2422 λογισμοὺς

2083 2445 2454 2518 θορυϐούντων
2514 2446 2627 2519 (59)
2656 2444 3033 2500 διασκεδάσαιθ
3078 2461 3098 2495 ι
3141 2441 3346 2515 Κύριος
3383 2441 3492 2512 γὰρ
3536 2440 3663 2493 δια-

2084 2536 2332 2601 σκεδάζει
2388 2536 2587 2607 βουλὰς
2639 2534 2830 2601 ἐθνῶν,
2896 2534 2991 2588 καὶ
3035 2532 3216 2588 ἀθετεῖ
3257 2531 3315 2586 δὲ
3364 2529 3670 2602 λογισμοὺς

2082 2628 2226 2684 λαῶν
2246 2646 2261 2660 ·
2287 2631 2321 2700 ἡ
2353 2630 2410 2684 δὲ
2445 2628 2609 2701 βουλὴ
2634 2626 2730 2682 τοῦ
2762 2626 2969 2700 Κυρίου
3000 2627 3082 2691 είς
3104 2626 3196 2679 τὸν
3229 2624 3402 2678 αἰῶνα
3425 2622 3610 2693 μένει·
3638 2641 3663 2675 ι

2080 2722 2222 2777 ὥστε
2250 2722 2476 2794 μηδενὸς
2519 2721 2628 2776 τῶν
2658 2721 2865 2792 σφόδρα
2893 2717 3211 2792 παραδόξως
3254 2717 3345 2770 ὐπ’
3377 2714 3546 2769 αὐτοῦ
3568 2731 3671 2783 γε-

2082 2814 2420 2886 γενημένων,
2468 2813 2565 2868 καὶ
2597 2813 3092 2885 προκαλεσαμένων
3140 2809 3228 2863 διὰ
3257 2809 3356 2880 τῆς
3384 2807 3670 2877 θειότητος

2082 2909 2165 2971 είς
2211 2906 2393 2961 πίστιν
2424 2906 2552 2969 τοὺς
2596 2904 3022 2979 τεθεωρηκότας,
3068 2902 3326 2957 ἐλάττονα
3374 2900 3667 2971 ἐμφαίνειν

2082 2998 2463 3071 ὲνεργηθεῖσαν
2490 2996 2717 3069 δύναμιν
2761 2997 2860 3069 τὴν
2892 2996 3033 3051 κατά
3073 2995 3163 3050 τὸν
3201 2994 3366 3047 τόπον
3395 2992 3664 3064 ἱστορίαν,

2083 3091 2139 3146 εἴ
2162 3109 2225 3161 γε
2248 3092 2342 3145 καὶ
2362 3091 2500 3161 αὐτὴ
2528 3090 2837 3162 γεγένηται.
2872 3089 2983 3142 Καὶ
3007 3087 3229 3160 μείζονα
3249 3085 3295 3139 δ’
3318 3085 3489 3157 αὐτὴν
3515 3083 3666 3139 ἔστιν

2084 3182 2461 3256 ἀποφήνασθαι
2486 3184 2585 3254 τῆς
2611 3181 2984 3253 γεγενημένης
3014 3181 3141 3253 περὶ
3167 3176 3260 3232 τοῦ
3280 3181 3348 3233 ὲν
3374 3177 3532 3248 Κανᾷ
3556 3176 3664 3246 τῆς

2083 3274 2370 3339 Γαλιλαίας
2402 3273 2865 3346 μεταϐεϐληκότος
2904 3271 3094 3336 ῦδατος
3133 3272 3215 3335 εἰς
3244 3265 3404 3333 οἶνον,
3438 3267 3517 3339 τῷ
3542 3269 3667 3322 ἐκεῖ

2087 3366 2188 3437 μὲν
2214 3366 2416 3437 ἄψυχον
2441 3366 2573 3437 ὐλην
2600 3362 2739 3420 εἶναι
2765 3365 2864 3437 τὴν
2894 3363 3376 3436 μεταϐεϐλημένην
3408 3361 3542 3433 (σο),
3572 3362 3664 3414 ὲν-

2084 3457 2209 3511 esse
2237 3458 2295 3512 δὲ
2320 3458 2427 3511 τῶν
2459 3457 2725 3511 τοσούτων
2749 3456 3020 3529 μυριάδων
3047 3455 3401 3509 δεδουλῶσθαι
3428 3454 3494 3509 τὰ
3528 3456 3665 3527 ἠγε-

2086 3547 2300 3619 μονικά.
2345 3546 2766 3619 Παρατηρητέον
2800 3546 3066 3617 μέντοιγε,
3100 3546 3182 3599 ὅτι
3213 3548 3271 3599 ὲν
3317 3545 3415 3617 μὲν
3447 3544 3527 3615 τῷ
3553 3546 3661 3613 γά-

2086 3657 2172 3712 μῳ
2197 3640 2230 3710 ή
2262 3640 2445 3711 μήτηρ
2475 3639 2569 3693 τοῦ
2606 3637 2782 3710 Ἰησοῦ
2810 3634 2948 3692 εἶναι
2992 3638 3227 3707 λέγεται,
3275 3636 3570 3709 κεκλῆσθαι
3594 3636 3661 3691 δὲ

2080 3730 2110 3783 ὁ
2151 3726 2357 3800 Ἰησοῦς
2387 3728 2485 3782 κα)⁷
2510 3729 2559 3781 oi
2606 3726 2846 3799 μαθηταὶ
2873 3729 3060 3783 αὐτοῦ.
3100 3729 3195 3793 Εἰς
3222 3727 3280 3781 δὲ
3306 3726 3405 3798 τὴν
3426 3728 3660 3796 Καφαρ-

2081 3818 2262 3889 ναοὺμ
2292 3815 2726 3889 καταϐεϐηκέναι
2761 3816 2871 3889 (6|)
2904 3817 3081 3881 οὐδεὶς
3108 3816 3244 3888 πλὴν
3279 3813 3450 3885 ἰησοῦ
3474 3813 3662 3868 κατεί-

2081 3907 2286 3963 λεκται.
2326 3908 2608 3963 Φαίνονται
2634 3908 2678 3962 δ’
2709 3906 2931 3980 ὕστερον
2969 3908 3066 3962 καὶ
3111 3910 3160 3963 οἱ
3189 3908 3424 3981 μαθηταὶ
3450 3905 3661 3978 παρόν-

2079 4018 2190 4068 τες,
2221 4000 2277 4054 εί
2299 4016 2364 4070 γε
2408 3999 2781 4073 ἐμνήσθησαν,
2822 4000 2904 4053 ὅτι
2936 4020 2955 4052 ι
2978 4000 3036 4053 '0
3080 4000 3240 4071 ζῆλος
3264 4000 3359 4054 τοῦ
3382 3998 3529 4053 οἴκου
3559 4015 3659 4053 σου

2080 4092 2453 4163 καταφάγεταί
2490 4109 2575 4162 με.
2607 4110 2627 4144 ι
2686 4092 2798 4149 Καὶ
2841 4091 2980 4162 τάχα
3012 4093 3070 4144 ὲν
3097 4091 3310 4160 ἑκάστῳ
3333 4089 3442 4144 τῶν
3475 4089 3657 4161 μαθηο

2079 4185 2187 4239 τῶν
2215 4187 2244 4238 ό
2282 4185 2490 4256 Ἰησοῦς
2519 4183 2823 4238 ἀναϐαίνων
2853 4185 2933 4248 είς
2976 4183 3321 4256 Ἰεροσόλυμα
3346 4178 3434 4255 ἦν,
3463 4180 3658 4253 διόπερ

2078 4275 2178 4329 οὐκ
2209 4274 2423 4346 εἴρηται
2450 4273 2511 4327 τό
2531 4290 2546 4305 ·
2591 4273 2783 4345 ’Δνέϐη
2816 4273 3022 4345 Ἰησοῦς
3044 4276 3124 4338 είς
3163 4272 3527 4346 Ἱεροσόλυμα,
3560 4274 3661 4327 καὶ

406 4360 891 4429 quemadmodum,
946 4379 966 4415 t
997 4363 1285 4419 Descendit
1316 4366 1698 4436 Capharuaum
1737 4368 1852 4440 ipse
1872 4411 1889 4438 ,
1918 4381 1973 4425 et

2082 4365 2128 4417 οἱ
2159 4363 2399 4436 μαθηταὶ
2424 4362 2612 4427 αὐτοῦ,
2639 4362 2849 4437 ῶσπερ,
2891 4385 2908 4417 ι
2933 4364 3151 4437 Κατὲϐη
3176 4367 3254 4428 εἰς
3276 4366 3657 4436 Καφαρναοὺμ

408 4462 584 4508 mater
605 4452 744 4522 ejus,
769 4467 824 4508 et
856 4452 1053 4512 fratres
1104 4468 1159 4513 et
1190 4458 1436 4527 discipuli
1473 4457 1591 4528 ejus
1616 4459 1683 4515 ⁷⁸.
1710 4479 1730 4512 ι

476 4632 562 4687 l7.
608 4633 714 4689 Sed
753 4633 868 4703 jam
918 4646 1148 4711 cognata
1195 4636 1323 4694 huic
1356 4638 1475 4695 loco
1511 4639 1806 4711 (nimirum
1828 4641 1970 4710 quod

2077 4454 2258 4519 αὐτὸς,
2310 4454 2469 4526 καὶή
2521 4455 2704 4527 μήτηρ
2732 4456 2918 4520 αὐτοῦ,
2949 4456 3041 4511 καὶ
3071 4458 3122 4510 oi
3170 4455 3406 4526 ἀδελφοὶ,
3455 4457 3552 4510 καὶ
3600 4456 3655 4510 οἱ

2079 4545 2317 4618 μαθηταὶ
2343 4543 2526 4600 αὐτοῦ.
2554 4565 2575 4598 ι

2146 4637 2233 4693 17.
2277 4638 2417 4710 Ἤδη
2459 4637 2516 4693 δὲ
2552 4638 2622 4695 τά
2665 4640 2902 4711 συγγενῆ
2952 4640 3030 4713 τῷ
3072 4641 3223 4713 τόπῳ
3264 4640 3651 4713 (ἐκϐεϐλῆσθαι

402 4720 565 4792 eiecti
612 4725 820 4781 fuerint
849 4744 881 4784 e
915 4731 1120 4802 templo
1146 4732 1242 4803 qui
1291 4732 1424 4789 illud
1470 4732 1715 4790 facerent
1748 4734 1967 4791 domum

2082 4730 2181 4785 ἀπὸ
2204 4729 2297 4785 τοῦ
2331 4730 2476 4803 ἱεροῦ
2503 4734 2630 4796 τοὺς
2664 4732 2949 4797 ποιοῦντας
2986 4733 3149 4787 αὐτὸν
3179 4728 3327 4787 οἶκον
3358 4734 3648 4804 ἐμπορίου)

400 4816 705 4891 mercatus)
732 4821 870 4891 apud
898 4836 1122 4881 caeteros
1167 4825 1341 4895 posita
1390 4826 1781 4883 consideranda
1813 4836 1960 4883 sunt.

399 4910 480 4965 Ac
506 4925 640 4968 sane
668 4912 946 4968 videamus
999 4916 1051 4971 in
1106 4919 1297 4987 primis
1323 4934 1444 4989 qua:
1472 4930 1605 4974 sunt
1653 4922 1792 4991 apud
1821 4921 1961 4977 Mat-

401 4999 600 5056 tlueum
622 5001 967 5070 dicentem",
994 5005 1242 5077 ingresso
1260 5008 1486 5064 Domino
1512 5009 1960 5084 Hierosolymam,

2069 4823 2221 4897 παρά
2262 4826 2375 4889 τοῖς
2415 4824 2620 4890 λοιποῖς
2643 4824 2868 4898 κείμενα
2901 4823 3282 4896 κατανοητέον.
3340 4825 3454 4879 Καὶ
3500 4824 3655 4898 πρῶ-

2066 4917 2244 4988 τόνγε
2291 4917 2361 4972 τὰ
2391 4916 2542 4990 παρά
2586 4917 2666 4989 τῷ
2713 4916 2996 4989 Ματθαίῳ,
3048 4919 3108 4982 ὃς
3153 4934 3338 4990 φησιν,
3380 4915 3651 4972 εἰσελθὸν·-

2068 5028 2159 5077 τος
2202 5010 2297 5065 τοῦ
2343 5011 2551 5083 Κυρίου
2600 5013 2680 5076 είς
2724 5010 3091 5084 Ἱεροσόλυμα,
3142 5010 3416 5068 σεσεῖσθαι
3466 5013 3649 5067 πᾶσαν

469 5121 515 5154 ⁷⁸
536 5122 683 5180 Psal.
714 5141 889 5192 xxx",
942 5126 1030 5192 ιο,
1076 5127 1165 5183 ll.
1240 5129 1288 5161 ⁷⁷
1321 5128 1479 5185 Ioan.
1532 5148 1593 5200 ιι,
1637 5134 1723 5202 17;
1756 5134 1899 5190 Psal.
1934 5149 2122 5199 vant,
2158 5133 2245 5188 l0.
2316 5133 2364 5165 "'
2395 5130 2552 5190 Ioan.
2574 5148 2633 5199 ιι,
2662 5131 2750 5191 l2.
2824 5130 2870 5168 τ’
2895 5131 3086 5188 Matth.
3113 5148 3226 5199 ut,
3255 5130 3342 5186 l0.

470 5260 857 5338 (_57)1‘d__l§¢a
887 5262 1090 5320 αὐτῶν
1134 5268 1426 5338 χρήματα.
1463 5268 1553 5323 Sic
1605 5278 1751 5338 recte
1799 5268 1966 5324 habet

400 5328 576 5413 f‘odex'
592 5328 957 5413 Eodleiitnus,
999 5351 1097 5413 pro
1118 5328 1318 5407 quibus
1347 5354 1630 5410 perperam
1666 5337 1866 5410 legitur
1910 5340 1963 5394 in
2069 5328 2288 5413 Regius,
2311 5360 2472 5412 γεγεν

400 5399 728 5487 ιιεβλξρχῐῇον.
749 5399 1245 5487 τῶνιτάχρήμάτα.

617 5470 806 5553 ςοάθξ
830 5470 1419 5553 ltegiiis,"_oerperam,
1447 5480 1754 5553 συνεργῶν.

475 5539 594 5621 (59)
612 5539 1052 5621 Θορ-υςούνὶων.
1084 5547 1175 5604 Sic
1210 5539 1415 5607 'eodex'
1445 5539 1802 5621 Bodleianus;
1858 5553 1962 5610 lte-

398 5612 535 5683 gins,
571 5612 946 5686 θορυϐοῦντας.

2144 5273 2258 5343 (60)
2308 5271 2863 5343 Μεταϐεϐλημένην.
2922 5273 2996 5328 Ita
3045 5274 3217 5329 codex
3278 5272 3639 5342 Bodleiauus;

2139 5341 2288 5413 agitis,
2311 5341 2704 5465 γεγενημένη).

2139 5415 2253 5485 (61)
2296 5416 2418 5485 ,Είς
2460 5483 2465 5485 Α
2514 5413 2555 5485 ἐξ
2598 5381 2715 5483 sine
2772 5413 3177 5485 Καφαρναοὺμ
3244 5411 3640 5481 καταϐεϐηκέ-

2070 5483 2190 5539 rat.
2241 5484 2415 5538 Aliter
2457 5483 2652 5553 legisse
2690 5483 2898 5541 videtur
2931 5483 3253 5552 Ferrarius;
3290 5487 3362 5540 ita
3402 5485 3637 5546 SCilit‘et,

2066 5556 2144 5618 εἰς
2170 5554 2240 5607 τὰ
2276 5551 2623 5626 Ἱεροσόλυμα
2644 5554 3061 5626 ἀναϐεϐηκέναι.
3092 5551 3267 5611 Vertit
3285 5556 3453 5616 enim.
3490 5552 3637 5617 «Hie;

2072 5626 2400 5694 rosolytnam
2431 5625 2762 5692 ascendisse,
2802 5646 2821 5679 ι
2864 5625 2956 5682 Sed
2987 5627 3128 5682 nulla
3158 5625 3431 5682 scuttmtia
