4020 6216
309 329 415 386 εδδ

1395 330 1753 390 COMMENT.
1797 333 1860 388 IN
1901 326 2096 389 JOAN.
2139 332 2378 389 TOMUS
2412 330 2480 387 Χ.

3438 330 3543 392 354

310 450 415 521 τὴν
467 448 622 503 πόλιν
667 449 959 520 λέγουσαν·
1014 470 1031 502 ι
1060 451 1157 516 Τίς
1204 453 1355 506 ἐστιν
1398 444 1584 519 οὑτοςς
1616 471 1636 504 ι
1688 452 1796 525 πρὸ
1837 451 1891 505 δὲ

1994 458 2324 507 commotam
2357 446 2526 506 fuisse
2550 449 2863 506 universam
2897 444 3170 504 civitatem
3198 488 3213 514 ,
3237 444 3507 505 dicentem
3535 468 3549 506 ε

307 539 519 597 τούτων
553 542 815 613 διηγεῖται
855 543 925 597 τὰ
965 544 1091 616 περὶ
1121 544 1219 616 τὴν
1267 544 1387 598 ὄνον
1429 547 1521 599 καὶ
1559 545 1653 598 τὸν
1682 545 1878 607 πῶλον,

309 629 585 703 ληφθέντα
615 634 901 707 προστάξει
937 635 1032 688 τοῦ
1075 636 1301 709 Κυρίου,
1339 637 1445 691 ὑπὸ
1486 637 1581 691 δύο
1627 636 1882 709 μαθητῶν

309 722 725 777 ἀποσταλέντων
783 723 874 777 ὑπ’
926 724 1091 778 αὑτοῦ
1141 726 1250 779 ἀπὸ
1306 725 1601 799 Βηθφαγῆς
1653 727 1733 789 είς
1784 724 1881 797 τὴν

311 813 599 867 κατέναντι
632 814 802 884 αὑτῆς
845 813 1037 886 κώμην
1064 816 1360 888 εὑρημένα,
1403 819 1535 870 ὅπου
1566 815 1660 869 xa‘t
1695 815 1880 869 λύεται

309 902 416 957 ὑπὸ
455 906 566 958 τῶν
593 905 686 958 δύο
736 906 992 979 μαθητῶν
1041 910 1076 980 ἡ
1121 909 1382 981 πρότερον
1431 909 1685 980 δεδεμένη
1739 909 1877 971 ὄνος,

309 993 725 1060 κελευσθέντων,
753 996 849 1051 ὲάν
880 1014 963 1061 τις
994 999 1178 1062 αὑτοῖς
1215 999 1344 1073 εἴπῃ
1375 1017 1448 1063 τι,
1485 998 1881 1072 ἀποκρίνασθαι

308 1080 386 1143 ὡς
418 1084 575 1154 ἄρα’(
636 1087 694 1139 '0
741 1086 945 1160 Κύριος
989 1089 1166 1142 αὑτῶν
1197 1091 1384 1160 χρείαν
1417 1090 1550 1162 ἔχει,
1596 1092 1690 1144 καὶ
1723 1088 1883 1153 εὐθὺς

310 1175 505 1239 αὑτούς
529 1178 839 1232 ἀποστελεῖ.
877 1199 895 1231 ι
939 1180 1290 1249 Ἀπαγγέλλει
1314 1181 1369 1235 δὲ
1392 1181 1729 1255 πληροῦσθαι
1751 1198 1885 1253 προ-

312 1266 539 1338 φητείαν
581 1269 669 1323 διὰ
706 1269 909 1324 τούτων
946 1273 1317 1344 γεγενημένην
1351 1274 1463 1346 (62)
1507 1274 1607 1346 τὴν
1648 1275 1885 1344 φάσκου-

314 1372 414 1410 σαν
438 1374 452 1389 ⁸
491 1377 511 1411 ι
565 1360 694 1414 ’1δοὺ
726 1362 756 1412 ό
784 1361 1034 1431 βασιλεὺς
1080 1364 1299 1436 ἔρχεται
1329 1365 1531 1436 πραῢς,
1574 1366 1664 1419 καὶ
1695 1364 1884 1418 ἐπιϐε-

313 1445 497 1517 ϐηκὼς
525 1448 616 1502 ἐπὶ
638 1449 778 1513 ὄνον,
810 1451 903 1504 καὶ
929 1451 1105 1505 πῶλον
1140 1453 1255 1505 υἱὸν
1289 1452 1604 1523 ὑποζυγίου,
1648 1473 1666 1505 ι
1697 1455 1883 1525 ἥντινα

313 1538 467 1611 παρὰ
488 1540 566 1611 τῷ
591 1541 836 1614 Ζαχαρία
863 1541 1095 1615 εὕρομεν
1113 1561 1126 1574 ·
1152 1545 1229 1608 ὡς
1255 1545 1313 1599 δὲ
1333 1545 1686 1617 πορευθέντες
1708 1547 1759 1599 οί
1782 1564 1885 1617 μα-

312 1630 496 1701 θηταὶ,
537 1632 632 1686 καὶ
664 1636 987 1705 ποιήσαντες
1021 1634 1097 1698 ὡς
1130 1636 1466 1707 προσέταξεν
1496 1637 1678 1700 αὐτοῖς
1704 1640 1733 1691 ό
1777 1639 1882 1709 ’1η-

314 1720 463 1786 σοῦς,
506 1724 709 1793 ἤγαγον
752 1725 844 1778 τὸν
888 1724 1008 1778 ὄνον
1060 1725 1155 1779 xui.
1203 1726 1295 1779 τὸν
1327 1726 1522 1792 πῶλον,
1559 1728 1652 1781 καὶ
1685 1728 1880 1798 ἐπέθη-

1991 561 2010 593 ι
2032 542 2164 610 Quis
2184 552 2270 598 est
2288 542 2377 597 hic
2396 542 2423 597 Υ
2442 560 2462 594 ι
2484 549 2906 610 narrantemque
2925 548 3048 594 ante
3067 539 3182 595 hzec
3207 539 3254 573 ⁸⁸
3284 540 3350 595 de
3375 542 3549 605 asina,

1984 643 2038 689 et
2087 634 2254 704 pullo,
2315 633 2544 703 sumptis
2589 631 2739 699 jussu
2798 631 3009 686 Domini
3053 647 3083 685 a
3132 630 3341 687 duobus
3389 632 3553 687 dist'i-

1984 727 2122 797 pulis
2149 730 2217 781 ab
2244 725 2364 796 ipso
2408 724 2588 780 missis
2637 706 2685 777 ε’
2712 722 3058 793 Bcthpbage,
3109 730 3165 777 et
3218 720 3452 776 intrentis
3499 721 3551 774 in

1988 820 2148 890 187
2172 820 2292 873 vico
2323 834 2353 872 e
2381 816 2599 886 regione
2622 815 2789 885 ipsius
2817 815 3132 876 exsistente,
3157 812 3245 867 ubi
3282 823 3337 868 et
3363 828 3391 867 a
3420 812 3554 866 dno~

1987 914 2084 966 bus
2110 908 2392 980 discipulis
2430 907 2660 963 solvitur
2699 907 2849 960 asina
2877 915 3032 960 antea
3075 906 3289 978 alligata
3318 922 3335 973 ;
3362 903 3550 975 jussis,

1985 1003 2027 1057 si
2068 1003 2189 1071 quis
2208 1000 2340 1071 quid
2373 1000 2478 1055 illis
2518 1000 2766 1062 dixisset,
2814 1000 3142 1067 respondere
3177 1015 3192 1052 :
3231 1017 3250 1050 ι
3299 996 3555 1052 Dominus

1987 1094 2071 1148 his
2095 1108 2229 1162 opus
2264 1094 2449 1154 habet,
2481 1099 2536 1146 et
2561 1089 2844 1144 confestim
2871 1090 3105 1144 dimittet
3124 1085 3332 1141 eos“.t
3360 1086 3557 1140 Narrat

1985 1185 2146 1238 etiam
2175 1182 2462 1238 Mattbams
2479 1197 2576 1251 per
2597 1183 2710 1236 haec
2736 1179 2944 1249 impleri
2968 1178 3316 1249 prophetiam
3332 1176 3554 1245 factam,

1986 1273 2262 1328 dicentem
2298 1291 2313 1327 ε
2356 1292 2373 1326 ι
2402 1273 2542 1327 Ecce
2574 1270 2688 1326 Rex
2726 1271 2874 1325 venit
2913 1279 3246 1332 mansuetus,
3274 1278 3328 1325 et
3362 1268 3556 1325 sedens

1987 1377 2149 1430 super
2193 1364 2430 1425 asinam,
2473 1371 2527 1417 et
2572 1361 2772 1431 pullmn
2822 1360 2989 1414 {ilium
3039 1359 3299 1429 subjugis,
3341 1377 3360 1412 ι
3392 1374 3553 1428 qttam

1986 1456 2124 1523 apud
2164 1454 2483 1511 Zachariam
2520 1454 2821 1508 invenimus
2836 1453 2913 1518 ⁸²;
2934 1461 2987 1505 et
3018 1451 3257 1522 inquit”
3283 1450 3555 1521 profectos

1984 1544 2302 1614 discipulos,
2339 1559 2461 1615 cum
2511 1542 2768 1598 fecissent
2796 1557 2915 1610 qua:
2942 1541 3047 1596 illis
3081 1540 3342 1609 jussisset
3374 1538 3554 1605 Jesus,

1983 1636 2190 1689 asinam
2234 1635 2542 1697 adduxisse,
2574 1641 2628 1687 et
2656 1632 2884 1702 pullum,
2919 1639 3083 1701 atque
3110 1630 3433 1699 imposuisse
3459 1644 3555 1684 su-

1980 1740 2079 1796 per
2107 1740 2199 1779 cos
2225 1725 2544 1780 vestimenta
2568 1738 2700 1786 sua;
2732 1723 3126 1793 Dominumque
3147 1720 3271 1785 illis,
3301 1722 3552 1801 nimirum
3594 1754 3599 1759 η

314 1828 419 1864 xcv
449 1810 579 1881 (65),
619 1814 806 1885 φησιν,
836 1813 921 1866 ἐπ’
956 1813 1138 1867 αὑτῶν
1179 1814 1248 1867 τὰ.
1293 1815 1483 1885 ἱμάτια
1522 1816 1758 1880 ἑαυτῶν,
1786 1817 1881 1869 καὶ

1985 1816 2151 1870 asinae
2190 1825 2246 1870 et
2293 1814 2459 1886 pullo,
2492 1814 2778 1877 insedisse,
2835 1821 2947 1866 tum
2980 1810 3187 1867 scilicet
3237 1828 3360 1866 cum
3399 1808 3553 1866 turba

313 1904 641 1961 ἐπεκάθισεν
668 1906 856 1960 ἐπάνω
888 1906 1068 1961 αὑτῶν
1097 1908 1127 1958 ό
1150 1906 1384 1978 Κύριος,
1419 1906 1573 1979 δῆλον
1604 1908 1649 1961 δ’
1678 1908 1760 1962 ὅτι
1789 1908 1885 1962 καὶ

312 1995 414 2065 τῆς
454 1996 575 2049 ὄνου
618 1997 714 2050 καί
753 1997 848 2050 τοῦ
878 1996 1075 2063 πώλου,
1108 1997 1195 2050 ὅτε
1238 1998 1331 2052 καὶ
1361 1999 1390 2051 ὁ
1437 1998 1685 2063 πλεῖστος
1732 1998 1886 2070 ὄχλος

312 2086 599 2158 ἔστρωσαν
645 2088 716 2142 τὰ
761 2090 948 2159 ἱμάτια
1001 2091 1058 2143 ἐν
1097 2091 1165 2160 τῇ
1199 2089 1322 2161 ὁδῷ,
1356 2090 1506 2144 ἄλλοι
1546 2090 1607 2145 δὲ
1659 2091 1886 2145 ἔκοπτον

314 2177 546 2242 κλάδους
577 2178 686 2233 ἀπὸ
718 2179 826 2233 τῶν
856 2179 1105 2251 δένδρων,
1145 2181 1239 2234 καὶ⁵
1270 2180 1551 2253 ἔστρωσαν
1585 2184 1644 2236 ὲν
1673 2185 1740 2254 τῇ
1783 2181 1888 2253 ὁδῷ

315 2268 426 2321 τῶν
465 2271 833 2339 προαγόντων,
874 2270 966 2324 καὶ
1000 2271 1433 2327 ἀκολουθούντων
1466 2274 1640 2345 ὄχλων
1682 2292 1888 2347 κεκρα-

315 2360 490 2429 γότων
508 2378 522 2391 ⁸
563 2380 583 2412 ι
634 2362 859 2416 Ὡσαννά
885 2362 963 2434 τῷ
986 2363 1088 2434 υίῷ
1118 2364 1312 2417 Δαυῖδ·
1349 2364 1712 2438 εὐλογημένος
1738 2367 1768 2419 ό
1798 2369 1890 2437 ἐρ-

317 2452 544 2523 χόμενος
576 2453 634 2503 ὲν
676 2452 899 2523 ὀνόματι
938 2453 1144 2526 Κυρίου
1164 2470 1179 2485 ο
1223 2454 1451 2509 Ὡσαννὰ
1502 2457 1563 2509 ὲν
1593 2459 1706 2519 τοῖς
1761 2455 1887 2525 ὑψί-

321 2559 485 2607 στοις.
530 2561 548 2595 ι
596 2544 742 2616 Πλὴν
775 2545 850 2608 ὡς
893 2543 980 2598 διὰ
1025 2545 1199 2600 ταῦτα
1235 2545 1563 2610 εἰσελθόντος
1604 2546 1768 2601 αὑτοῦ
1808 2549 1889 2613 εἰς

335 2634 701 2706 Ἰεροσόλυμα,
742 2652 762 2685 ι
805 2634 1022 2706 ἐσείσθη
1053 2637 1203 2689 πᾶσα
1229 2637 1263 2707 ἡ
1295 2635 1465 2700 πόλις,
1493 2636 1746 2705 λέγουσα*
1795 2638 1892 2703 Τίς

318 2724 469 2780 ἐστιν
509 2717 696 2791 οὗτος;
734 2725 801 2779 Οἱ
845 2724 1011 2795 ὄχλοι,
1055 2745 1074 2777 ι
1124 2726 1281 2798 δῆλον
1313 2728 1395 2780 ὅτι
1434 2727 1766 2799 προάγοντες
1797 2729 1892 2783 καλ⁵

318 2814 759 2879 ἀκολουθοῦντες,
811 2814 1175 2886 ἀπεκρίναντο
1220 2819 1334 2879 τοῖς
1378 2817 1623 2889 ἐρωτῶσι
1663 2817 1749 2881 τίς
1779 2819 1889 2890 εἴη,

317 2907 412 2960 τό·
455 2924 475 2958 ι
512 2900 681 2970 Οὗτός
717 2909 863 2960 ἐστιν
902 2909 931 2961 δ
974 2909 1260 2980 προφήτης
1318 2907 1546 2978 Ἰησοῦς,
1577 2908 1607 2960 δ
1639 2908 1749 2963 ἀπὸ
1779 2910 1892 2964 Να-

318 2998 488 3070 ζαρὲτ
514 2999 611 3070 τῆς
636 2998 942 3063 Γαλιλαίας.
975 3000 1084 3053 Καὶ
1111 2998 1357 3071 εἰσῆλθεν
1394 2998 1600 3071 Ἰησοῦς
1625 3003 1704 3065 είς
1730 3001 1791 3056 τδ
1814 3004 1890 3056 ie-

322 3090 438 3161 ρόν,
466 3090 561 3143 καὶ
592 3089 813 3156 ἐξέϐαλε
840 3089 1048 3153 πάντας
1072 3091 1199 3154 τοὺς
1234 3088 1542 3157 πωλοῦντας
1569 3091 1664 3145 καὶ
1691 3090 1893 3163 ἀγορά-

318 3180 516 3245 ζοντας
548 3182 607 3234 ὲν
646 3179 724 3252 τῷ
762 3179 910 3253 ίερῷ,
941 3181 1038 3235 καὶ
1080 3180 1178 3240 τὰς
1215 3180 1491 3253 τραπέζας
1538 3181 1649 3235 τῶν
1697 3181 1889 3236 κολλυ-
1916 3167 1958 3224 c

317 3272 524 3328 ϐιστῶν
553 3273 910 3346 κατέστρεψε,
951 3272 1048 3327 καὶ
1077 3272 1175 3337 τὰς
1215 3273 1484 3345 καθέδρας
1510 3272 1619 3327 τῶν
1650 3272 1897 3328 πωλούν-

314 3386 430 3423 των
461 3367 560 3432 τάς
587 3366 946 3439 περιστεράς·
986 3366 1081 3419 καὶ
1111 3363 1261 3435 λέγει
1288 3364 1502 3428 αὐτοῖς’
1539 3364 1851 3436 Γέγραπται
1874 3380 1890 3396 ⁸

332 3461 395 3513 '0
426 3454 572 3522 οἶκός
605 3474 706 3529 μου
739 3452 889 3518 οἶκος
920 3455 1225 3528 προσευχῆς
1256 3453 1618 3526 κληθήσεται·
1650 3456 1806 3526 ὑμεῖς
1835 3455 1893 3509 δὲ

308 3550 483 3604 Ιαὐτὸν
504 3552 705 3603 ποιεῖτε
728 3547 989 3619 σπήλαιον
1014 3545 1244 3617 λῃστῶν.
1280 3563 1299 3597 ι
1330 3545 1667 3617 Πευσὼμεθα
1692 3545 1757 3617 δὴ
1783 3545 1893 3600 τῶν

322 3643 469 3714 πέρα
494 3642 592 3713 τῆς
622 3639 863 3713 ἱστορίας
899 3637 1062 3709 μηδὲν
1089 3635 1350 3707 οἰομένων
1373 3636 1728 3708 προσκεῖσθαι
1760 3637 1895 3708 γρά-

322 3750 478 3804 φοντι
514 3731 592 3803 τῷ
634 3729 897 3801 Ματθαίῳ
940 3728 1001 3783 τὸ
1046 3726 1378 3796 Εὑαγγέλιον
1397 3765 1413 3791 ,
1446 3725 1499 3778 τί
1530 3722 1599 3798 ἦν
1630 3726 1692 3780 τὸ
1729 3744 1893 3780 κατε·-

322 3829 512 3894 πεῖγον
533 3823 641 3894 (64)
672 3821 986 3892 πεμφθῆναι
1006 3819 1115 3872 τῶν
1140 3817 1394 3890 μαθητῶν
1418 3816 1513 3871 δύο
1539 3818 1621 3882 εἰς
1640 3816 1739 3888 τὴν
1762 3835 1895 3871 κατ-

320 3921 501 3973 έναντι
550 3917 650 3986 τῆς
687 3914 979 3985 Βηθφαγῆς
1030 3902 1244 3984 κῶμην,
1304 3912 1447 3980 ὑπὲρ
1491 3910 1586 3965 τοὺ
1638 3913 1897 3984 εὑρόντας

323 4008 522 4071 αὐτοὺς
558 4005 844 4076 δεδεμένην
885 4004 1004 4058 ὄνον
1036 4003 1130 4057 καὶ
1162 4001 1343 4059 πῶλον
1377 4003 1494 4073 μετ’
1513 4002 1682 4073 αὑτῆς
1713 4002 1894 4069 λῦσαι,

320 4102 421 4157 καὶ
460 4102 691 4170 ἀγαγεῖν
723 4096 892 4171 αὐτῷ.
939 4097 1004 4150 Τί
1035 4096 1093 4150 δὲ
1123 4095 1272 4162 ἄξιον
1304 4096 1627 4168 ἀναγραφῆς
1652 4091 1720 4167 ἦν
1744 4096 1898 4165 γενό-

325 4209 488 4263 μενον
509 4189 588 4261 τῷ
618 4186 1029 4243 ἐπικαθεσθέντι
1074 4186 1182 4257 ὄνῳ
1207 4186 1301 4239 καὶ
1335 4185 1518 4256 πώλῳ,
1552 4186 1648 4240 καὶ
1687 4186 1898 4258 εἰσελη-

322 4281 507 4335 λυθότι
533 4281 615 4344 είς
657 4279 755 4350 τὴν
784 4279 968 4341 πόλιν;
1010 4278 1075 4331 Τί
1106 4277 1162 4331 δὲ
1198 4276 1339 4349 μετὰ
1371 4278 1499 4350 περὶ
1527 4277 1623 4331 τοῦ
1656 4276 1893 4350 Χριστοῦ

326 4370 685 4444 προφητεύων
712 4371 741 4425 δ
766 4369 1039 4441 Ζαχαρίας
1073 4371 1204 4441 φησι
1224 4389 1237 4401 ·
1287 4389 1305 4422 ι
1344 4372 1516 4442 Χαῖρε
1542 4371 1768 4444 σφόδρα,
1797 4371 1894 4424 θύ-

321 4480 498 4535 γατερ
526 4461 695 4515 Σιών·
744 4463 1015 4532 κήρυσσε,
1056 4459 1292 4532 θύγατερ
1332 4461 1712 4533 Ἰερουσαλήμο
1761 4462 1892 4517 ’1δοὺ

1986 1906 2179 1961 stravit
2211 1907 2536 1961 vestimenta
2572 1905 2625 1959 in
2659 1905 2768 1969 via,
2800 1912 2854 1958 et
2880 1902 2971 1959 alii
2997 1904 3063 1959 ab
3085 1903 3369 1958 arboribus
3402 1916 3555 1957 rese-

1987 2008 2104 2052 ctos
2132 2012 2313 2051 ramos
2342 1998 2394 2050 in
2434 1999 2517 2050 via
2545 2004 2873 2071 sternerent,
2921 1995 3354 2064 praecedentibus
3382 2008 3444 2049 ac
3470 2008 3560 2050 se-

1988 2089 2282 2158 quentibus
2313 2087 2522 2153 turbis,
2546 2102 2667 2157 quae
2712 2086 3042 2140 clamarent:
3077 2104 3096 2137 ι
3136 2085 3390 2141 llosanna
3445 2080 3558 2139 lilio

1990 2178 2157 2234 David
2186 2196 2201 2243 ;
2231 2179 2546 2234 benedictus
2597 2178 2686 2246 qui
2733 2179 2886 2233 venit
2927 2178 2980 2231 in
3025 2177 3242 2231 nomine
3288 2172 3554 2233 Domini:

1989 2270 2240 2326 llosatma
2293 2272 2344 2324 in
2380 2270 2658 2326 altissimis
2685 2270 2762 2322 “l
2797 2288 2815 2319 ι
2854 2267 3235 2324 Verumtamen
3275 2277 3555 2337 postquam

1987 2364 2261 2434 ingressus
2274 2373 2359 2418 est
2381 2364 2571 2418 borum
2595 2366 2763 2433 gratia
2786 2361 3228 2434 Hierosolymam,
3251 2380 3270 2413 ι
3291 2371 3555 2418 commota

1986 2465 2071 2511 est
2117 2455 2367 2510 universa
2422 2456 2640 2519 civitas,
2698 2455 2885 2510 dicens
2914 2470 2928 2508 :
2963 2454 3095 2522 Quis
3137 2464 3221 2510 est
3253 2452 3408 2510 hic"
3440 2455 3464 2509 ?
3492 2455 3559 2510 Et

1991 2547 2179 2610 turbae,
2218 2565 2237 2598 ι
2266 2544 2512 2601 videlicet
2543 2562 2662 2615 qum
2691 2547 3061 2615 praecedebant
3088 2556 3141 2601 et
3170 2544 3557 2616 sequebantur,

1989 2640 2384 2711 responderunt
2416 2640 2876 2708 interrogantibus
2905 2640 3028 2708 quis
3054 2648 3198 2695 esset
3230 2655 3244 2691 :
3285 2656 3305 2691 ι
3348 2638 3446 2695 Hie
3474 2649 3553 2695 est

1990 2730 2079 2785 ille
2105 2728 2264 2786 Jesus
2289 2731 2574 2801 propheta,
2607 2730 2697 2785 ille
2724 2746 2752 2785 a
2786 2729 3053 2785 Nazareth
3081 2727 3339 2786 Galilzete.
3382 2729 3449 2784 Et
3476 2731 3562 2785 in-

1992 2821 2157 2876 travit
2180 2819 2338 2876 Jesus
2366 2821 2419 2875 in
2444 2819 2722 2890 templum,
2744 2830 2801 2875 et
2830 2820 2990 2890 ejecit
3019 2836 3208 2877 omnes
3238 2823 3558 2885 vendentes,

1991 2924 2047 2968 ct
2072 2921 2322 2967 ementes
2352 2913 2405 2967 in
2447 2911 2664 2981 templo,
2701 2926 3022 2983 mensasque
3065 2912 3482 2976 tnensariorum,
3505 2918 3562 2965 et

1990 3004 2281 3060 cathedras
2315 3005 2662 3059 vendentium
2698 3003 2975 3061 columbas
2998 3006 3261 3061 subvertit
3299 3021 3314 3058 :
3347 3016 3404 3061 et
3429 3006 3562 3060 dicit

1992 3099 2073 3153 eis
2099 3112 2113 3150 :
2150 3096 2423 3168 Scriptum
2461 3107 2541 3153 est
2569 3112 2585 3152 :
2617 3098 2817 3154 Donms
2846 3114 2987 3163 mea,
3014 3097 3208 3153 domus
3237 3098 3563 3167 precationis

1994 3192 2324 3257 vocabitur;
2382 3201 2440 3244 at
2478 3206 2575 3246 vos
2617 3190 2796 3246 facitis
2842 3190 2985 3245 illam
3043 3190 3351 3258 speluncam
3399 3189 3558 3243 latro-

1995 3296 2119 3334 nnm
2133 3280 2199 3335 ⁸⁸.
2215 3282 2643 3352 vluti-negemus
2665 3280 2828 3352 igitur
2851 3293 2945 3335 eos
2970 3280 3059 3349 qni
3085 3280 3213 3335 nihil
3236 3279 3373 3333 ultra
3396 3279 3563 3333 histo-

1992 3373 2128 3427 riam
2156 3375 2490 3442 propositum
2520 3371 2686 3426 fuisse
2714 3379 2901 3425 rentur
2929 3370 3182 3425 Mattbzo
3210 3367 3560 3439 Evangelium

1993 3463 2273 3524 scribenti,
2312 3463 2440 3532 quid
2468 3460 2603 3516 illud
2630 3470 2746 3518 erat
2770 3475 3068 3532 perurgens
3103 3459 3183 3514 uti
3215 3459 3562 3515 mitterentur

1994 3555 2099 3609 duo
2128 3553 2374 3623 discipuli
2400 3553 2452 3608 in
2481 3554 2656 3608 vicum
2685 3553 2777 3622 qui
2798 3561 2966 3608 erate
2984 3552 3200 3621 regione
3228 3547 3560 3621 Bethpbage,

1992 3647 2198 3702 asinam
2219 3647 2492 3716 alligatam
2519 3654 2788 3715 repertam
2817 3642 3087 3711 etpullum
3110 3656 3231 3696 cum
3249 3654 3309 3696 ea
3332 3637 3562 3698 solnturi

1992 3747 2047 3791 et
2083 3736 2365 3790 adducturi
2385 3736 2451 3789 ad
2479 3749 2626 3791 eum.
2653 3733 2792 3800 Quid
2816 3742 2995 3787 autem
3025 3731 3320 3802 scriptione
3340 3732 3561 3802 dignum

1996 3825 2296 3881 fecithsus
2324 3825 2490 3881 asinze
2535 3824 2781 3878 insidens
2820 3832 2875 3879 et
2901 3823 3068 3894 pullo,
3094 3832 3150 3878 et
3187 3824 3461 3895 ingressus
3506 3827 3563 3880 in

1994 3916 2312 3972 civitatem?
2334 3916 2444 3971 Cur
2470 3924 2652 3970 autem
2683 3916 3011 3985 prophetans
3039 3916 3331 3971 Zacharias
3358 3933 3477 3987 qua:
3499 3918 3567 3975 dc

1995 4007 2211 4062 Christo
2232 4017 2419 4078 postea
2447 4017 2767 4071 evenerunt,
2800 4008 2878 4062 ait
2911 4025 2927 4063 :
2968 4026 2988 4060 ι
3023 4008 3208 4063 Gaude
3236 4007 3412 4076 valde,
3455 4008 3561 4065 ﬁlia

1997 4098 2127 4154 Sion
2157 4100 2476 4166 :anuuntia,
2510 4098 2617 4154 filia
2645 4097 2940 4155 Jerusalem
2969 4116 2984 4153 :
3017 4115 3144 4157 ecce
3175 4099 3287 4156 Rex
3317 4109 3442 4156 tuus
3466 4113 3562 4158 ve-

1996 4193 2072 4247 nit
2109 4192 2201 4246 tibi
2221 4192 2422 4261 justus,
2441 4201 2496 4247 et
2518 4207 2740 4248 servans
2771 4192 2904 4260 ipse,
2927 4201 3258 4257 mansuetus,
3290 4202 3346 4247 et
3373 4208 3566 4249 ascen-

1996 4284 2130 4337 dens
2163 4298 2326 4351 super
2356 4283 2665 4353 subiugum,
2696 4288 2751 4338 et
2779 4284 2983 4352 pullum
3022 4299 3218 4338 novum
3240 4284 3284 4316 "
3310 4284 3335 4337 ?
3376 4302 3395 4337 ι
3427 4284 3564 4337 Nam

1996 4374 2040 4429 si
2072 4374 2353 4445 prophetia
2397 4375 2511 4429 haec
2544 4384 2752 4428 tantum
2789 4373 3034 4443 praedicit
3069 4375 3118 4429 id
3140 4374 3285 4444 quod
3325 4387 3564 4443 evangeo

1994 4465 2131 4520 listte
2151 4465 2512 4535 corporaliter
2538 4464 3405 4534 repraesentant,consequentiam
3436 4480 3564 4534 pro-

324 4527 358 4608 δ
389 4527 641 4624 βασιλεύς
674 4569 767 4605 σου
799 4527 1015 4623 ἔρχεταί
1061 4527 1145 4604 σοι
1184 4527 1419 4614 δίιιαιος,
1458 4551 1547 4605 καὶ
1582 4527 1768 4616 σῶζων
1800 4552 1891 4605 αὑ-

2001 4557 2198 4627 phetia:
2222 4567 2442 4612 servent
2473 4556 2630 4612 nobis
2664 4556 2856 4612 litterae
2891 4557 3206 4611 insistentes
3234 4556 3314 4611 sic
3358 4557 3569 4613 haben-

325 4646 441 4711 τδς,
471 4644 669 4717 πραῢς,
703 4644 797 4697 καὶ
831 4641 1176 4714 ἐπιϐεϐηκὼς
1203 4642 1295 4696 ἐπὶ
1330 4641 1620 4711 ὑποζύγιον
1655 4643 1748 4696 καὶ
1780 4643 1897 4696 πῶ-

325 4738 420 4794 λον
442 4737 598 4801 νέον;
639 4756 659 4788 ι
688 4737 752 4790 Εἰ
786 4735 896 4808 γάρ
929 4736 963 4806 ἡ
1005 4733 1311 4805 προφητεία
1342 4733 1480 4805 αὕτη
1510 4734 1572 4788 τὸ
1601 4734 1752 4806 παρὰ
1786 4739 1899 4800 τοῖς

328 4828 740 4900 εὑαγγελισταῖς
787 4827 1110 4899 δηλούμενον
1153 4827 1463 4897 σωματικὸν
1507 4827 1666 4898 μόνον
1707 4828 1899 4900 προλέ-

326 4940 441 4991 γει,
461 4923 561 4994 τὴν
584 4920 905 4976 ἀκολουθίαν
931 4919 1031 4990 τῆς
1061 4919 1399 4990 προφητείας
1433 4918 1750 4983 σωζέτωσαν
1769 4921 1900 4989 ἡμῖν

326 5015 378 5068 οἱ
430 5012 524 5067 ἐπὶ
572 5012 667 5067 τοῦ
718 5011 1041 5084 γράμματος
1094 5009 1371 5080 ἱστάμενοι
1418 5008 1592 5072 οὑτως
1640 5008 1896 5081 ἔχουσαν·

339 5126 359 5158 ι
400 5105 514 5160 Καὶ
554 5104 922 5177 ἑξολοθρεύσει
956 5105 1177 5175 ἅρματα
1212 5103 1273 5169 ἐξ
1317 5099 1576 5174 Ἐφραῖμ,
1611 5104 1707 5156 καὶ
1738 5102 1901 5156 ἵππον

2005 4657 2111 4702 tem
2146 4663 2161 4701 :
2197 4665 2217 4699 ι
2248 4647 2312 4701 Et
2341 4647 2621 4702 exscindet
2674 4663 2869 4702 currus
2918 4645 3080 4716 188
3110 4660 3177 4702 ex
3208 4646 3484 4716 prraim,
3512 4660 3566 4702 et

2003 4752 2199 4805 equum
2232 4752 2296 4791 ex
2325 4737 2644 4804 Jerusalem,
2672 4748 2726 4792 et
2752 4739 3098 4794 exscindetur
3128 4755 3286 4795 arcus
3315 4740 3567 4805 bellicus,

2006 4839 2062 4883 et
2092 4828 2397 4894 multitudo,
2430 4837 2484 4883 et
2501 4846 2603 4900 pax
2626 4845 2692 4885 ex
2720 4830 2992 4900 gentibus,
3014 4839 3069 4886 et
3096 4831 3379 4902 imperabit
3410 4830 3568 4903 aquis

2007 4934 2175 4991 usque
2205 4920 2269 4974 ad
2304 4934 2474 4986 mare,
2494 4932 2550 4974 et
2573 4918 2751 4975 ﬂuviis
2784 4936 2957 4990 usque
2980 4921 3046 4975 ad
3074 4921 3255 4980 exitus
3286 4933 3442 4979 terra:
3461 4923 3563 4990 “,o

2006 5021 2064 5067 et
2109 5028 2229 5082 quae
2257 5022 2576 5083 sequuntur.
2613 5012 2901 5070 Sciendum
2939 5023 3023 5071 est
3064 5017 3227 5070 etiam
3259 5013 3569 5071 Matthxum

2010 5118 2115 5158 non
2136 5104 2429 5174 protulisse
2457 5114 2659 5160 textum
2685 5115 2843 5176 prout
2861 5106 3007 5175 jacet
3039 5107 3179 5176 apud
3211 5108 3568 5176 prophetam;

334 5197 399 5262 ἐξ
447 5195 823 5270 Ἰερουσαλὴμ,
866 5196 962 5250 καὶ
1002 5192 1510 5265 ὲξολοθρευθησεται
1559 5191 1710 5258 τόξον
1746 5192 1891 5247 πολε-

2009 5209 2108 5266 pro
2140 5211 2205 5251 eo
2234 5210 2467 5265 namque
2498 5197 2638 5266 quod
2670 5208 2824 5252 erat:
2862 5215 2881 5249 ι
2930 5197 3150 5253 Exsulta
3198 5199 3570 5265 vehementer,

332 5288 520 5360 μικὸν,
549 5288 643 5342 καὶ
667 5286 891 5358 πλῆθος,
931 5287 1025 5341 καὶ
1055 5287 1243 5358 εἰρήνη
1271 5284 1331 5349 ἐξ
1356 5283 1548 5352 ἐθνῶν,
1579 5284 1672 5337 καὶ
1701 5285 1891 5357 κατάρ-

2011 5287 2120 5341 tilia
2163 5286 2329 5354 Sion;
2362 5288 2661 5354 annuntia,
2705 5289 2814 5344 ﬁlia
2867 5289 3197 5355 Jerusalem,
3238 5307 3258 5342 ι
3304 5288 3570 5358 scripsit:

442 5426 708 5482 “Matth.
765 5441 878 5488 χιι,
932 5427 957 5480 1
1012 5440 1165 5496 seqq.
1265 5423 1550 5496 fji_bid.5.

328 5500 377 5539 ιο
406 5498 539 5552 ibid.
570 5498 658 5552 to.
732 5496 780 5532 ι·
810 5497 937 5551 ibid.
979 5496 1036 5549 tt
1069 5512 1185 5566 seq.

407 5612 519 5683 t62)
550 5610 985 5683 Γεγεγημένην.

332 5686 477 5755 gius,
500 5683 899 5755 γεγενημένων.

412 5745 524 5823 (65}
559 5745 1012 5817 Καὶῗππέθηκαν.
1048 5749 1141 5804 Sic
1172 5748 1341 5803 codex
1386 5746 1742 5813 Bodleianns;
1796 5745 1903 5801 Re-

1654 5424 1700 5456 ”
1736 5422 1986 5493 ibid._5;
2018 5419 2189 5493 Zach.
2242 5436 2320 5487 ιχ,
2374 5420 2430 5477 9.
2505 5420 2555 5454 "
2578 5419 2767 5475 Matth.
2829 5436 2943 5489 ut,
2987 5422 3021 5474 6
3069 5437 3185 5493 seq.

1263 5490 1309 5523 ⁸⁷
1335 5492 1565 5547 Zachar.
1610 5508 1685 5556 lx,
1719 5493 1772 5547 9.
1847 5491 1893 5523 ⁸⁸
1924 5491 2053 5548 ibid.
2100 5492 2183 5545 10.

1045 5609 1119 5665 lta
1174 5609 1346 5664 codex
1392 5607 1745 5673 Bodleianus;
1799 5607 1906 5664 Re-

3260 5420 3308 5456 “
3333 5421 3465 5477 ibid.
3518 5421 3574 5480 9.

2014 5609 2135 5680 gius
2156 5608 2361 5680 omittit
2387 5608 2499 5680 καί.

2009 5677 2038 5800 ὲ
2085 5678 2197 5762 (tis)
2228 5678 2609 5748 Κατεπεῖγον.
2640 5677 2717 5735 Ita
2752 5682 2920 5735 codex
2959 5678 3313 5745 Botlleianutt;
3351 5677 3572 5750 Regina,

2042 5764 2245 5800 πει-(ον.

2042 5764 2245 5817 πειγον.
