3962 6206
465 277 566 332 555

1956 278 2275 339 OanENIS

3616 289 3732 345 338

469 416 487 448 ι
522 397 695 453 Dicite
731 398 854 453 lilia:
903 397 1076 465 Sion;
1129 416 1150 454 ι
1188 404 1519 462 abb‘revians
1558 406 1712 474 illud,
1732 406 1878 478 quod
1916 422 2043 476 prn-

2162 406 2228 472 ξει
2263 403 2468 458 ὑδάτων
2510 401 2616 467 ἕως
2644 403 2941 475 θαλάσσης,
2969 403 3063 457 καί
3091 403 3350 476 ποταμῶν
3380 404 3453 458 δι’
3492 400 3733 473 5x60111-

467 490 628 557 plteta
671 490 899 557 dixerat,
941 493 1103 544 tacuit
1159 512 1179 544 ι
1207 491 1420 562 justus,
1455 508 1509 552 et
1559 512 1782 553 servans
1829 499 1976 567 ipse,
2020 516 2039 548 ι

465 588 521 633 et
560 582 738 647 dixit,
796 582 855 635 ut
901 583 1132 650 positum
1186 595 1297 652 est,
1330 605 1349 638 ι
1392 600 1725 653 mansuetus,
1767 599 1821 644 et
1851 604 2044 644 ascen-

430 673 636 735 ;dens;
665 691 685 724 ι
724 682 776 727 et
808 689 905 740 pro
942 689 1008 729 eo
1042 677 1185 746 quod
1211 689 1347 743 erat,
1386 698 1404 730 ι
1443 695 1606 748 super
1644 681 1961 751 sultjugttnt,
1993 692 2049 734 et

471 764 676 834 pullum
727 779 946 830 novum,
984 786 1002 817 ι
1037 769 1257 837 scripsit
1287 784 1302 822 :
1333 789 1351 821 ι
1386 786 1550 839 super
1573 773 1818 836 asinam,
1846 784 1901 827 et
1930 775 2048 842 pnl-

471 857 581 909 lum
619 854 789 910 lilium
822 857 1084 928 subjugis.
1111 880 1130 911 ι
1162 859 1304 926 Quin
1321 859 1491 916 Judaei
1517 878 1732 934 quoque
1754 867 2047 936 prophetia:

470 946 666 1001 seriem
692 963 814 1001 cum
840 949 926 1002 his
951 965 1071 1017 qua:
1093 952 1160 1004 de
1188 950 1314 1006 Jesu
1346 953 1547 1022 scripta
1580 966 1726 1020 sunt,
1759 957 2045 1012 conferen-

473 1047 575 1100 tes,
611 1052 717 1091 non
767 1038 1064 1108 vulgariter
1111 1056 1208 1095 nos
1255 1052 1468 1111 urgent,
1498 1056 1748 1112 petentes
1776 1047 2049 1115 quomodo

470 1126 628 1181 .Icsus
671 1129 964 1184 exsciderit
1005 1146 1205 1188 currus
1245 1149 1311 1188 ex
1363 1134 1618 1204 Ephraim
1660 1149 1716 1192 et
1746 1153 1944 1208 equum
1981 1154 2048 1192 ex

471 1216 798 1286 Jerusalem,
832 1223 1232 1293 exscideritque
1268 1241 1454 1280 arcum
1492 1227 1833 1295 bellicosum,
1874 1245 1940 1285 ae
1970 1229 2050 1284 fe-

472 1313 607 1365 cerit
630 1326 752 1381 quae
782 1325 1106 1383 sequuntur.
1144 1316 1249 1370 Sed
1280 1317 1548 1373 hactenus
1576 1300 1790 1387 quidem
1833 1321 1900 1376 de
1928 1337 2049 1391 pro-

473 1404 678 1472 phetia.
720 1405 873 1472 Quod
904 1409 947 1462 si
979 1408 1366 1479 longitudinem
1403 1410 1503 1465 via:
1529 1413 1885 1480 praetendent,
1916 1414 2048 1469 nihil

474 1497 694 1564 dignum
715 1498 1052 1553 invenientes
1074 1501 1373 1554 oeconomia
1394 1500 1518 1556 Filii
1541 1502 1632 1556 Dei
1653 1504 1703 1555 in
1723 1520 1972 1559 sermone
1985 1511 2051 1560 de

474 1588 626 1642 asina
647 1599 702 1642 et
725 1589 867 1657 pullo
884 1606 899 1655 ;
916 1592 1147 1659 primunt
1171 1593 1411 1662 quidem,
1429 1596 1519 1664 qui
1535 1596 1842 1664 quindecim
1859 1597 2051 1653 stadiis

475 1690 698 1734 tttuntnr
714 1680 1102 1736 exsistent‘thus
1121 1698 1284 1751 parva
1311 1685 1599 1751 distantia,
1626 1702 1729 1741 non
1759 1687 2047 1742 admodum

2148 499 2271 568 γῆς,
2326 517 2344 549 ι
2391 498 2485 550 καὶ
2515 496 2584 550 τὰ
2624 496 2770 568 ἑξῆς.
2820 496 3018 551 ’ἰστέον
3065 497 3338 568 μέντοιγε,
3392 497 3477 551 ὅτι
3514 499 3615 570 οὐχ
3649 501 3734 565 ὡς

2147 592 2323 643 κεῖται
2358 588 2511 661 παρά
2555 585 2635 658 τῷ
2676 588 2989 661 προφήτηή
3032 587 3195 655 λέξις,
3238 588 3458 655 ἐξέθετο
3483 589 3660 664 αὐτὴν
3700 595 3733 645 ὀ

2146 679 2422 744 Ματθαῖος
2441 694 2455 709 ·
2485 680 2606 733 ἀντὶ
2642 679 2751 752 γὰρ
2784 679 2879 733 τοῦ
2900 697 2914 711 ·
2961 699 2981 731 ι
3017 680 3190 752 Χαῖρε
3221 680 3451 753 σφόδρα,
3484 679 3734 755 θῦγατερ

2146 770 2316 824 Σιών·
2385 773 2627 844 κήρυσσε
2652 810 2669 836 ,
2739 771 2976 843 θύγατερ
3063 772 3455 844 Ἰερουσαλὴμ,
3531 790 3552 825 ι
3630 791 3736 828 πε-

2148 860 2373 932 ποίηκεν
2392 878 2405 893 ⁸
2451 881 2469 914 ι
2505 863 2711 917 Εἴπατε
2735 866 2802 934 τῇ
2826 863 3057 935 θυγατρὶ
3082 863 3251 916 Σιών·
3281 882 3301 914 ι
3328 865 3736 936 ἐπιτεμόμενος

2146 952 2209 1006 τὸ
2235 953 2570 1025 προφητικὸν
2614 955 3030 1026 παρεσιώπησε,
3066 973 3085 1005 ι
3131 954 3374 1019 δίκαιος,
3406 956 3503 1009 καὶ
3541 955 3737 1022 σώζων

2149 1044 2332 1109 αὐτός’
2365 1062 2384 1096 ι
2423 1045 2518 1099 καὶ
2538 1045 2727 1110 είπὼν,
2754 1045 2830 1109 ὡς
2847 1048 3046 1107 κεῖται,
3077 1045 3139 1098 τό
3161 1062 3176 1076 υ
3210 1064 3231 1095 ι
3262 1045 3464 1117 πραῢς,
3486 1047 3585 1099 καὶ
3608 1048 3737 1097 ἑπι-

2149 1135 2430 1207 ϐεϐηκώς·
2482 1156 2501 1188 ι
2536 1136 2657 1190 ἀντὶ
2704 1136 2821 1199 τοῦ,
2864 1153 2884 1187 ι
2935 1136 3031 1188 ἐπὶ
3061 1135 3376 1205 ὑποζύγιον,
3408 1138 3506 1191 καὶ
3550 1136 3742 1190 πῶλον

2149 1229 2289 1292 νέον,
2315 1249 2334 1280 ι
2352 1228 2656 1301 ἀνέγραψεν
2674 1245 2689 1259 ο
2731 1245 2750 1278 ι
2790 1228 2884 1282 ἐπὶ
2912 1227 3032 1281 ὄνον
3060 1229 3155 1281 καὶ⁸
3180 1228 3358 1282 πῶλον
3382 1228 3501 1282 υἱὸν
3531 1227 3743 1292 ὑποζυε-

2151 1323 2291 1391 γίου.
2345 1340 2364 1374 ι
2415 1323 2524 1377 Καὶ
2567 1321 2809 1376 Ἰουδαῖοι
2859 1321 2949 1385 δὲ,
2992 1321 3439 1388 συνεξετάςοντες
3493 1321 3589 1375 τὸν
3636 1321 3745 1393 τῆς

2154 1413 2489 1487 προφητείας
2520 1412 2712 1486 εἱρμὸν
2742 1415 2858 1476 τοῖς
2900 1413 3028 1483 περὶ
3079 1411 3255 1485 Ἰησοῦ
3297 1414 3743 1484 ἀναγεγραμμέ-

2152 1521 2264 1568 νοις
2334 1504 2479 1576 (65),
2536 1504 2637 1558 οὐκ
2702 1504 3192 1574 εὐκαταφρονήτως
3250 1504 3403 1574 ἡμᾶς
3458 1501 3745 1556 θλίϐουσιν

2152 1595 2511 1659 ἀπαιτοῦντες
2544 1594 2660 1659 πῶς
2691 1597 2720 1648 ὁ
2758 1594 2966 1665 Ἰησοῦς
2992 1592 3387 1665 ἑξωλόθρευσεν
3421 1594 3653 1665 ἅρματα
3681 1594 3751 1657 ἐξ

2167 1685 2425 1758 Ἐφραῒμ,
2447 1686 2541 1739 καὶ
2560 1686 2726 1738 ἵππον
2754 1684 2814 1750 ἐξ
2849 1683 3222 1756 Ἰερουσαλὴμ,
3245 1685 3341 1738 καὶ
3365 1683 3744 1756 ὲξωλόθρευτε

475 1782 899 1827 consentaneam
963 1773 1332 1829 defensionem
1388 1778 1488 1832 via:
1543 1778 1772 1833 aliercut
1806 1796 1821 1845 ;
1856 1781 2052 1835 deinde

2162 1755 2303 1842 τόξον
2334 1755 2645 1849 πολεμικὸν,
2682 1778 2776 1831 καὶ
2813 1777 2881 1830 τά
2917 1775 3045 1846 ἑξῆς
3082 1755 3372 1845 πεποίηκε.
3414 1775 3528 1829 Καὶ
3562 1755 3746 1828 ταῦτα

472 1868 603 1917 νει-ο
655 1878 875 1917 causam
924 1860 1079 1918 nobis
1126 1865 1307 1919 dicant
1356 1869 1624 1936 quomodo
1659 1870 1727 1922 ad
1755 1869 1899 1922 viam
1943 1879 2048 1923 tant

2154 1869 2251 1939 μὲν
2283 1869 2409 1941 περὶ
2437 1870 2536 1938 τῆς
2560 1867 2895 1941 προφητείας
2913 1884 2926 1898 ·
2968 1868 3064 1921 ἐὰν
3098 1867 3155 1919 δὲ
3182 1866 3244 1919 τὺ
3274 1867 3450 1937 μῆκος
3472 1865 3578 1935 τῆς
3613 1863 3743 1918 ὁδοῦ

475 1955 690 2009 brevem
721 1955 932 2010 duobus
960 1954 1222 2024 jumentis
1263 1973 1398 2027 opus
1439 1960 1687 2015 habeat:
1727 1977 1747 2011 ι
1789 1959 1992 2014 Insedit
2027 1981 2046 2013 ι

2162 1960 2523 2020 ιίτιάσωνται,
2567 1959 2730 2030 μηδὲν
2757 1958 2906 2025 ἄξιον
2927 1960 3026 2030 τῆς
3060 1957 3153 2010 τοῦ
3193 1956 3325 2010 Υίοῦ
3360 1955 3456 2009 τοῦ
3488 1953 3631 2008 Θεοῦ
3661 1956 3747 2007 ot-

472 2048 640 2114 ettim,
678 2048 872 2114 inquit,
917 2066 936 2099 ι
975 2048 1099 2103 illis.
1141 2066 1159 2100 ι
1195 2048 1462 2104 Prteterea
1512 2051 1639 2104 illud
1683 2054 1851 2107 etiam
1888 2069 1902 2105 :
1934 2073 1953 2104 ι
1993 2054 2050 2107 Si

474 2138 597 2207 quis
630 2139 782 2192 vobis
809 2139 1008 2208 aliquid
1032 2141 1252 2206 dixerit,
1282 2142 1447 2195 dicite
1476 2144 1619 2212 quod
1671 2144 1931 2199 Dominus
1968 2146 2053 2201 his

475 2243 612 2299 opus
637 2229 817 2291 habet,
859 2231 1155 2299 statimque
1195 2232 1428 2287 dimittet
1460 2248 1584 2294 eos,
1628 2253 1646 2284 ι
1676 2250 1781 2287 non
1818 2236 2056 2292 at-hitror

476 2321 693 2390 dignum
727 2335 847 2375 esse
887 2321 1272 2390 magnitudinis
1295 2323 1512 2378 deitatis
1535 2324 1679 2389 Filii,
1714 2333 1771 2378 ut
1811 2326 2056 2381 dicamus

479 2414 569 2467 tali
600 2424 808 2468 natura:
844 2413 1120 2467 fatendum
1149 2428 1270 2469 esse
1306 2414 1409 2469 sibi
1454 2431 1591 2487 opus
1617 2431 1740 2471 esse
1767 2419 1919 2471 asina
1962 2434 2053 2471 so-

476 2505 585 2559 luta
615 2520 644 2559 a
676 2505 906 2559 vinculis
934 2514 991 2559 et
1027 2505 1175 2575 pullo
1217 2522 1339 2560 cum
1363 2523 1424 2560 ea
1481 2509 1750 2563 veniente.
1807 2509 2055 2577 Magnum

476 2599 620 2652 enim
645 2614 809 2652 omne
840 2598 910 2652 sit
941 2609 1154 2668 oportet
1177 2600 1508 2670 dignumque
1530 2601 1769 2655 bonitate
1798 2600 2056 2670 ejus,quo

478 2690 647 2747 Filius
673 2692 761 2746 Dei
788 2707 922 2761 opus
953 2693 1171 2750 habeat.
1216 2694 1299 2747 Ad
1339 2694 1453 2749 haec
1478 2709 1607 2749 vero
1638 2695 1866 2763 plurima
1897 2696 2056 2750 turba

479 2785 800 2841 vestimenta
825 2798 919 2837 sua
956 2792 1207 2840 sternens
1235 2786 1291 2840 in
1322 2784 1404 2839 via
1439 2784 1731 2858 (tolerante
1757 2787 1874 2843 haec
1905 2787 2055 2854 Jesu,

481 2888 539 2933 et
574 2893 677 2931 non
727 2879 1068 2947 increpante,
1106 2886 1167 2932 ut
1212 2879 1559 2948 perspicuum
1589 2889 1671 2935 est
1705 2897 1771 2936 ex
1820 2881 1906 2935 his
1942 2896 2060 2949 qum

481 2966 570 3020 alii
617 2977 861 3029 narrant,
912 2967 1211 3022 nimirum:
1252 2986 1270 3019 ι
1302 2966 1357 3021 Si
1400 2968 1453 3022 hi
1503 2969 1794 3036 tacuerint,
1853 2970 2060 3039 lapides

2152 2052 2409 2123 κονομίας
2463 2052 2808 2122 εὑρίσκοντες
2864 2053 2944 2114 είς
2982 2051 3073 2103 τὸν
3130 2050 3263 2120 περὶ
3309 2049 3410 2121 τῆς
3461 2048 3589 2101 ὄνου
3644 2050 3748 2101 καὶ

2153 2145 2333 2199 πώλου
2371 2144 2548 2212 λόγον,
2588 2141 2803 2214 πρῶτον
2832 2143 2929 2214 μὲν
2956 2145 3006 2196 οἱ
3038 2142 3101 2195 ιε’
3124 2141 3357 2201 σταδίοις
3393 2138 3591 2213 βραχεῖ
3623 2140 3749 2192 ϐια-

2156 2241 2393 2310 στήματι
2432 2233 2550 2290 οὖσι
2597 2234 3007 2308 προσχρώμενοι
3056 2234 3117 2287 οὐ
3161 2234 3302 2287 πάνυ
3342 2250 3396 2286 τι
3437 2230 3748 2298 ἀπολογίαν

2153 2314 2374 2399 εῦλογον
2419 2329 2670 2401 κομιοῦσι
2717 2326 2815 2399 τῆς
2865 2326 2988 2380 ὁδοῦ
3009 2343 3023 2356 ·
3069 2326 3324 2398 δεύτερον
3364 2322 3420 2376 δὲ
3480 2323 3600 2384 πῶς
3648 2320 3753 2374 δύο

2157 2418 2366 2490 κτηνῶν
2396 2420 2476 2481 είς
2500 2417 2598 2488 τὴν
2619 2415 2761 2469 οὕτω
2786 2413 3044 2489 βραχεῖαν
3064 2413 3236 2468 δεῖται
3260 2414 3396 2475 ὁδον,
3422 2412 3754 2481 λεγέτωσαν

2156 2513 2307 2580 ἡμῖν·
2350 2529 2369 2560 ι
2419 2507 2743 2562 Ἐπεκάθισε
2782 2528 2800 2558 ι
2826 2508 2956 2578 γὰρ,
2980 2506 3165 2577 φησὶν,
3202 2524 3221 2556 ι
3258 2504 3445 2557 ἐπάνω
3474 2503 3687 2557 αὐτῶν.
3725 2520 3747 2557 s

2159 2600 2280 2654 Ἔτι
2306 2600 2363 2654 δὲ
2391 2601 2484 2654 καὶ
2505 2599 2594 2653 τό·
2644 2618 2663 2651 ι
2704 2599 2830 2652 Ἐάν
2856 2615 2937 2661 τις
2969 2599 3098 2669 ὑμῖν
3123 2597 3254 2669 εἴπῃ
3275 2596 3388 2665 (66)
3416 2611 3490 2658 τι,
3536 2595 3749 2667 ἐρεῖτε,

2156 2693 2242 2746 ὅτι
2277 2693 2306 2745 ὁ
2334 2694 2536 2766 Κύριος
2568 2691 2745 2745 αὐτῶν
2784 2689 2972 2762 χρείαν
2996 2690 3128 2759 ἔχει,
3152 2687 3315 2750 εὐθὺς
3346 2683 3403 2741 δὲ
3447 2685 3753 2739 ἀποστελεῖ

2159 2786 2376 2851 αὐτοὺς,
2402 2805 2420 2835 ι
2448 2786 2548 2839 οὐκ
2567 2781 2720 2857 οἶμαι
2747 2785 2895 2850 ἄξιον
2911 2779 3051 2836 εἶναι
3077 2780 3170 2836 τοῦ
3205 2776 3468 2853 μεγέθους
3498 2776 3610 2850 (67)
3640 2779 3753 2851 τῆς

2158 2878 2252 2933 τοῦ
2284 2876 2411 2930 Υίοῦ
2440 2876 2733 2947 θειότητος,
2761 2873 2903 2927 ὥστε
2938 2874 3113 2927 εἰπεῖν
3146 2871 3243 2943 τὴν
3273 2868 3610 2943 τηλικαύτην
3638 2868 3755 2937 φύ-

2162 2990 2246 3027 σιν
2277 2971 2463 3045 χρείαν
2494 2970 2774 3041 ὁμολογεῖν
2804 2968 2947 3038 ἐχειν
2978 2967 3102 3020 ὄνου
3148 2964 3256 3019 άπὺ
3294 2960 3509 3034 δεσμῶν
3538 2960 3753 3031 λυομέ-

478 3057 936 3130 (ιιοιιιιιιιιιιιιθί),
964 3059 1105 3112 haud
1141 3060 1255 3113 scio
1273 3075 1340 3113 an
1368 3073 1473 3113 non
1498 3059 1784 3115 ostendant
1808 3060 2056 3115 stolidam

2163 3080 2283 3133 νης,
2324 3063 2415 3115 καὶ
2443 3061 2623 3114 πώλου
2655 3060 2753 3113 σὺν
2787 3058 2924 3129 αὐτῇ
2964 3055 3294 3128 ἐρχομένου·
3341 3052 3421 3154 δεέ
3450 3050 3563 3123 γὰρ
3598 3050 3756 3154 μέγα

483 3164 701 3204 causam
735 3149 928 3217 ipsius,
955 3149 999 3202 si
1050 3149 1183 3203 nihil
1214 3148 1360 3203 aliud
1386 3165 1454 3202 ex
1490 3150 1577 3204 his
1603 3150 1936 3217 declaratur,
1965 3152 2056 3220 qui

482 3241 554 3296 ob
582 3241 697 3295 lucc
750 3239 980 3294 laetatur.
1016 3238 1133 3294 lam
1175 3255 1356 3294 ramos
1401 3241 1468 3295 ab
1525 3240 1813 3296 arboribus
1845 3242 2062 3298 excisos

486 3334 539 3388 in
598 3331 681 3384 via
737 3331 908 3385 sterni
942 3329 1113 3384 asinis
1163 3330 1695 3399 pertranseuntibus,
1739 3340 1792 3386 et
1834 3331 2058 3402 impedi-

488 3436 667 3479 menta
702 3425 980 3494 anteponi,
1019 3423 1213 3492 injuria
1250 3423 1428 3492 potius
1456 3420 1742 3479 aﬂicieutis
1771 3440 1932 3494 quam
1964 3440 2064 3479 ex-

485 3517 720 3589 cogitata
772 3517 888 3570 laus
936 3514 1104 3570 videri
1159 3524 1357 3581 potest.
1398 3514 1667 3569 Caeterum
1712 3515 1798 3571 his
1842 3517 2062 3581 similia,

488 3608 552 3662 de
600 3608 798 3678 quibus
828 3606 1195 3660 dubitavimus
1218 3619 1409 3660 eorum
1435 3619 1620 3669 causa,
1652 3604 1744 3675 qui
1788 3619 1820 3660 e
1866 3606 2066 3676 templo

486 3699 642 3767 ejecti
682 3696 831 3753 fuere
861 3700 929 3752 ah
957 3697 1094 3767 ipso,
1118 3709 1283 3768 atque
1309 3698 1472 3751 etiam
1503 3696 1705 3763 majora
1736 3697 1837 3752 hoc
1861 3699 1915 3752 in
1944 3700 2067 3754 loco

489 3792 711 3845 dicenda
768 3800 912 3844 sunt.
952 3789 1006 3842 In
1058 3786 1349 3857 Evangelio
1387 3786 1531 3841 enim
1565 3786 1729 3859 189
1762 3787 1987 3844 Joannis
2018 3790 2067 3825 "

489 3893 732 3935 ementes
765 3880 931 3948 cjicit,
963 3880 1178 3934 dicente
1199 3878 1453 3933 Mattlta'o
1475 3878 1545 3942 ’⁸,
1576 3896 1767 3935 omnes
1798 3896 1923 3934 eunt
1958 3880 2069 3950 eje-

491 3973 631 4026 tisse
660 3983 771 4025 tum
805 3971 1122 4035 vendentes,
1147 3980 1255 4022 tmn
1283 3979 1528 4025 ementes
1551 3971 1605 4024 in
1641 3971 1863 4040 templo.
1885 3970 2068 4041 Longe

495 4071 676 4114 autent
734 4059 930 4128 major,
979 4066 1038 4110 ut
1083 4058 1363 4125 probabile
1418 4069 1524 4123 est,
1573 4063 1867 4116 ementium
1900 4077 2065 4131 quam

494 4151 839 4207 vendentium
885 4160 1005 4203 erat
1043 4164 1323 4203 numerus.
1362 4148 1621 4204 Notetnus
1645 4152 1835 4216 etiam,
1861 4168 1929 4207 an
1961 4170 2066 4209 non

492 4259 656 4316 supra
686 4242 999 4313 dignitatem
1026 4238 1151 4294 Jesu
1184 4241 1428 4309 erat,qui
1459 4241 1748 4310 putabatur
1782 4243 1922 4300 liiius
1951 4259 2070 4301 esse

495 4336 636 4392 fabri
689 4335 765 4401 ⁹²,
805 4349 993 4389 omnes
1035 4332 1236 4401 ejicere
1275 4334 1570 4387 vendentes
1620 4344 1675 4389 et
1721 4345 1965 4390 ementes
2014 4337 2066 4390 itt

2162 3152 2301 3210 εἶναι
2336 3157 2464 3219 πᾶν,
2496 3149 2558 3208 οῦ
2583 3152 2774 3223 χρείαν
2796 3150 2911 3221 ἔχει
2941 3150 2971 3202 ὀ
3002 3149 3124 3212 Tib;
3155 3146 3253 3200 τοῦ
3282 3140 3443 3210 Θεοῦ,
3467 3142 3565 3198 καὶ
3592 3138 3754 3206 ἀξιον

2160 3249 2260 3319 τῆς
2283 3245 2650 3318 χρηστότητος
2670 3241 2855 3296 αὐτοῦ.
2881 3241 3025 3314 Πρὸς
3054 3239 3113 3294 δὲ
3140 3237 3348 3295 τούτοις
3368 3236 3397 3289 ὁ
3421 3230 3755 3306 στρωννῦων

2163 3337 2327 3391 αὐτοῦ
2364 3335 2434 3388 τὰ
2491 3333 2681 3405 ἱμάτια
2718 3330 2965 3393 πλεῖστος
2992 3329 3149 3400 ὄχλος
3187 3328 3245 3380 ὲν
3294 3326 3362 3397 τῇ
3402 3322 3507 3394 ὁδῷ
3531 3320 3756 3392 (ἀνεχο-

2167 3427 2326 3498 μένου
2360 3424 2564 3479 τούτων
2600 3422 2695 3477 τοῦ
2743 3421 2941 3493 Ἰησοῦ,
2975 3421 3070 3474 καὶ
3117 3419 3192 3490 μὴ
3233 3411 3752 3498 tutemini-rectm;

2163 3494 2322 3588 δῆλον
2368 3519 2433 3570 ὲκ
2461 3514 2571 3568 τῶν
2608 3515 2735 3584 παρ’
2780 3510 2960 3575 ἄλλοις
2990 3509 3292 3580 κειμένων-
3341 3525 3360 3558 ι
3427 3504 3555 3558 Ἐάν
3594 3494 3767 3557 οὗτοί

2167 3607 2533 3677 σιωπήσωσιν,
2566 3606 2617 3657 οἱ
2648 3602 2784 3656 λίθοι
2809 3601 3103 3674 κράξουσιν
3132 3617 3153 3650 ι
3192 3594 3375 3666 [68]),
3402 3596 3507 3648 οὐκ
3540 3590 3662 3647 οἶδα
3702 3594 3753 3644 εξ

2169 3696 2246 3770 μὴ
2277 3694 2533 3768 βλακείαν
2571 3692 2693 3746 τινὰ
2717 3691 3037 3763 ἐμφαίνουσι
3069 3688 3163 3741 τοῦ
3191 3686 3283 3739 ἐπὶ
3311 3686 3424 3749 τοῖς
3443 3683 3719 3745 τοιούτοις
3736 3720 3752 3746 ,

2166 3792 2217 3842 εἰ
2257 3788 2421 3860 μηδὲν
2453 3786 2582 3841 άλλο
2619 3786 2715 3838 ἀπ’
2753 3783 2933 3838 αὐτῶν
2974 3779 3251 3851 δηλοῦται,
3288 3775 3753 3848 εὐφραινομένου.

2167 3882 2279 3933 Καὶ
2310 3878 2682 3950 κοπτομένους
2723 3875 2950 3938 κλάδους
2990 3872 3099 3926 άπὸ
3123 3870 3231 3925 τῶν
3258 3866 3492 3940 δένδρων
3532 3863 3754 3937 στρών-

2168 3973 2360 4028 νυσθαι
2391 3974 2448 4025 ὲν
2478 3974 2543 4043 τῇ
2576 3969 2680 4041 ὁδῷ
2710 3969 2848 4023 ὄνων
2872 3965 3236 4038 διερχομὲνων
3263 3960 3500 4033 ἐμπόδια
3540 3956 3754 4029 μᾶλλον

2168 4062 2315 4128 δόξαι
2345 4061 2411 4115 ἂν
2458 4057 2597 4115 εἶναι
2651 4057 2747 4112 τοῦ
2804 4054 3130 4127 ὀχλουμένου
3181 4054 3328 4125 ἢπερ
3382 4049 3751 4119 λελογισμένη

2169 4153 2427 4223 ἁποδοχή.
2462 4153 2602 4204 Ὅσα
2646 4148 2703 4203 δὲ
2748 4147 3183 4218 ὲπηπορήσαμεν
3220 4146 3286 4197 εκ
3319 4141 3428 4196 τῶν
3457 4140 3557 4194 τοῦ
3596 4139 3753 4211 ἱεροῦ

2171 4248 2260 4299 ὑπ’
2311 4243 2477 4298 αὐτοῦ
2520 4239 2957 4313 ἐκϐαλλομένων,
3000 4239 3174 4292 ταῦτα
3215 4238 3311 4291 καὶ
3352 4235 3434 4288 ἔτι
3467 4233 3578 4305 (69)
3625 4234 3753 4304 μεί-

2171 4339 2298 4402 ζονα
2324 4336 2511 4390 ἐνθάδε
2536 4334 2774 4388 λεκτέον.
2819 4333 2907 4385 Ἐν
2936 4331 3033 4402 μὲν
3059 4329 3169 4400 γάρ
3197 4327 3277 4399 τῷ
3303 4326 3446 4381 κατά
3486 4326 3751 4395 Ἰωάννην

496 4429 717 4500 templo,
751 4427 867 4483 nisi
898 4425 1056 4491 forte,
1094 4435 1152 4480 ut
1180 4426 1343 4480 etiam
1388 4425 1498 4480 illic
1536 4425 1793 4490 diximus,
1830 4429 2058 4495 potentia

2173 4428 2424 4483 ἐκϐάλλει
2460 4429 2588 4490 τοὺς
2637 4423 3006 4497 ἀγοράζοντας
3025 4438 3039 4451 ο
3098 4421 3129 4473 ὁ
3164 4419 3221 4473 δὲ
3258 4416 3538 4479 Ματθαῖὀς
3581 4431 3755 4486 φησιν

497 4522 761 4577 diviniore
789 4518 999 4589 subegit
1050 4533 1240 4573 omnes
1269 4518 1362 4587 qui
1410 4518 1699 4573 acerbiora
1746 4519 1887 4587 apud
1931 4514 2067 4576 alios

496 4612 856 4683 evangelistas
906 4625 1066 4680 quam
1121 4610 1262 4678 apud
1307 4606 1570 4664 Joannem
1628 4610 1873 4663 audiunt.
1932 4606 2066 4663 Nam

497 4714 755 4760 narrante
783 4703 990 4760 Joanne
1023 4703 1067 4735 ’³
1092 4703 1196 4757 illis
1235 4702 1435 4756 dietum
1472 4702 1638 4758 fuisse
1666 4719 1695 4755 a
1724 4701 1850 4757 Jesu
1882 4720 1939 4756 τι
1965 4701 2068 4757 No-

496 4799 595 4852 lite
621 4796 797 4851 facere
831 4799 1045 4850 domum
1092 4793 1270 4848 Patris
1307 4794 1432 4859 mei,
1459 4795 1678 4849 domum
1715 4804 2003 4860 mercatus,
2045 4813 2064 4846 ι

499 4891 641 4960 apud
671 4889 805 4944 alios
833 4887 881 4921 ⁵⁸
916 4889 1308 4958 redarguuntur
1337 4886 1529 4943 fecisse
1560 4889 1775 4942 domum
1800 4890 2069 4956 precatio-

501 4983 589 5037 nis
643 4981 951 5052 speluncam
997 4981 1267 5034 latronum
1299 5019 1316 5046 ,
1348 4990 1654 5049 nequeunte
1692 4980 1849 5035 domo
1893 4979 2069 5037 Patris

502 5073 619 5129 tieri
646 5070 897 5143 spelunca
922 5071 1213 5134 latronum,
1242 5070 1338 5124 sed
1369 5084 1605 5138 cousque
1635 5086 1663 5123 a
1692 5072 2067 5138 peccatoribus

505 5163 757 5231 adducta,
794 5172 852 5216 ut
885 5163 997 5232 ipsa
1048 5160 1140 5215 ﬁat
1171 5170 1439 5215 mercatus
1463 5160 1675 5213 domus.
1702 5159 1817 5214 Non
1858 5169 2062 5218 tantum

577 5328 622 5361 "
656 5326 787 5383 an.
826 5342 937 5391 χιιι,
964 5324 1052 5381 4θ.
1129 5326 1175 5359 ’θ
1208 5325 1399 5379 .loann.
1426 5339 1491 5385 It,
1519 5323 1606 5381 15.
1680 5323 1723 5355 ⁹¹
1756 5323 1945 5381 Matth.
1980 5344 2071 5384 xxr

504 5393 553 5429 “
576 5395 763 5452 Matth.
818 5413 930 5463 χιιι,
965 5399 1061 5463 13;
1088 5397 1252 5452 Mare.
1289 5411 1364 5461 XI,
1406 5396 1470 5449 l7
1499 5411 1516 5461 ;
1549 5393 1679 5448 Luc.
1707 5410 1818 5460 xix,
1852 5396 1942 5451 46.

579 5552 693 5627 (ϐξ)
715 5552 893 5627 ςοᾴει
925 5552 1273 5627 βοόίοίειιιιιε,
1288 5553 1719 5627 γεγραμμένοις.

574 5622 686 5695 (66)
715 5623 894 5695 Codex
922 5623 1122 5695 Regius
1152 5622 1359 5678 tantum
1395 5622 1559 5678 habet
1585 5625 1733 5695 είπῃ.

572 5691 689 5764 (67)
716 5692 824 5748 Τοῦ
848 5691 1159 5766 μεγέθους.
1214 5695 1374 5750 Deest
1427 5695 1479 5748 in
1518 5691 1710 5749 codice
1755 5691 2072 5760 Bodleiano,

2168 4524 2249 4576 ὅτι
2278 4519 2498 4586 ἐξέϐαλε
2543 4518 2751 4580 πάντας
2787 4517 2915 4578 τοὺς
2941 4512 3277 4578 πωλοῦντας,
3311 4510 3406 4564 καὶ
3444 4508 3753 4580 άτοράζον·

2169 4632 2268 4678 τας
2288 4615 2347 4667 ὲν
2380 4611 2458 4682 τῷ
2483 4609 2631 4682 ἱερῷ.
2660 4607 2848 4677 Πολλῷ
2883 4606 2960 4670 δὲ,
2998 4605 3075 4668 ὡς
3100 4602 3265 4666 εἰκὸς,
3301 4603 3332 4655 ὁ
3358 4599 3593 4671 ἀριθμὸς
3632 4598 3752 4651 τῶν

2172 4704 2548 4777 ἀγοραζόντων
2588 4701 2787 4754 πλείων
2818 4694 2888 4770 ἦν
2916 4696 3069 4769 παρὰ
3104 4696 3230 4758 τοὺς
3265 4691 3598 4754 πωλοῦντας.
3634 4690 3752 4743 Καὶ

2172 4802 2553 4871 ἑπιστὴσωμεν
2581 4799 2629 4850 εἰ
2661 4797 2735 4868 μὴ
2761 4795 2823 4848 τὺ
2851 4793 3060 4855 πάντας
3092 4787 3449 4844 ἐκϐάλλεσθαι
3475 4786 3605 4848 τοὺς
3636 4801 3752 4837 πω-

2173 4894 2398 4958 λοῦντας
2424 4894 2517 4947 καὶ
2543 4890 2911 4963 ἀγοράζοντας
2931 4889 2990 4940 ἐν
3012 4885 3090 4956 τῷ
3119 4883 3252 4955 ἱερῷ
3270 4879 3423 4953 παρὰ
3442 4880 3505 4933 τὸ
3527 4876 3749 4948 ἀξίωμα

2171 4985 2267 5039 τοῦ
2304 4982 2661 5055 νομιζομένου
2698 4977 2814 5032 υἱοῦ
2853 4977 3105 5038 τέκτονος
3153 4969 3291 5027 εἶναι
3335 4966 3657 5039 ἐτύγχανεν,
3697 4967 3746 5017 si

2175 5077 2250 5149 μὴ
2288 5076 2418 5150 ἄρα,
2456 5074 2532 5137 ὡς
2562 5070 2724 5126 κάκεῖ
2755 5068 3043 5139 ἐλέγομεν,
3078 5064 3325 5135 θειοτέρα
3362 5060 3587 5130 δυνάμει

2179 5148 2384 5229 πάντας
2429 5165 2738 5218 ὑπέτασσεν
2759 5201 2774 5225 ,
2804 5156 3163 5230 χαλεπίιτερα
3187 5156 3311 5210 ὅσον
3351 5153 3444 5206 ἐπὶ
3473 5151 3588 5214 τοῖς
3634 5148 3747 5201 λοι-

2078 5331 2204 5396 ,12.
2280 5328 2325 5360 ’⁸
2360 5323 2552 5379 Matth.
2580 5337 2702 5385 xm,
2732 5320 2841 5382 55;
2875 5317 3043 5373 Marc.
3080 5332 3153 5382 νι,
3177 5315 3231 5369 5.
3306 5314 3352 5346 "
3380 5311 3538 5367 Joan.
3569 5325 3634 5378 ιι,
3657 5308 3745 5366 l6.

2179 5551 2233 5604 in
2259 5562 2366 5617 quo
2396 5560 2517 5617 mox
2550 5544 2747 5617 iegitur
2772 5544 2872 5617 τῆς
2890 5539 2985 5596 τοῦ
3019 5540 3175 5617 Υίοῦ-
3186 5539 3279 5595 τοῦ
3302 5539 3434 5594 Θεοῦ
3452 5536 3743 5609 θειότητος.

2254 5610 2363 5690 (68)
2392 5616 2569 5690 _C_odex
2604 5610 3344 5690 ΒριΙίοίιιιιιιενκεκράξονται.

2251 5677 2362 5761 (69)
2391 5685 2532 5741 ldcut
2554 5684 2749 5751 codex,
2780 5694 2946 5750 recte,
2967 5682 3049 5735 ἔτι
3067 5677 3091 5713 α’
3117 5685 3335 5751 Regius,
3367 5680 3529 5744 male,
3557 5677 3650 5732 ἐπί
3671 5693 3745 5731 τι.
