4020 6216
287 323 393 379 361

1397 329 1534 384 (ῘΟΜ
1546 329 1752 383 MEN'I'.
1801 326 1864 381 IN

1969 326 2097 381 DAN.
2143 329 2381 386 TUMUS
2419 331 2489 386 Ι.
3449 336 3553 387 369.

287 460 384 499 ται
415 445 556 511 μετά
584 446 644 499 τὸ
679 447 1104 502 ἐπικαθεσθέντα
1133 448 1224 502 τδν
1267 449 1474 519 ’ῐησοῦν
1496 452 1576 513 εἰς
1605 448 1673 502 τὰ
1714 450 1865 519 Ἰερο-

1982 447 2072 516 qui
2109 466 2175 504 ex
2229 453 2655 507 circumcisione
2704 467 2864 523 quam
2915 467 3007 506 eos
3040 459 3130 522 qui
3182 468 3245 507 ex
3304 452 3555 522 gentibus

287 533 506 605 σόλυμα
549 537 960 608 ἀναϐεϐηκέναι,
992 540 1091 594 οὐκ
1124 540 1404 594 ἀκίνδυνον
1445 543 1639 605 εἰπεῖν,
1681 559 1868 612 μυστι-

288 624 394 678 κὸν
423 625 534 697 γὰρ
569 627 822 698 ἐχόμενον
850 629 948 700 τῆς
981 629 1110 700 περί
1143 630 1249 683 τῶν
1285 632 1456 699 ἁγίων
1489 634 1570 695 εἰς
1607 631 1869 700 ἀγγέλους

292 716 623 786 μεταϐολῆς,
650 718 1194 790 ἀποσταλησομένους
1229 721 1370 775 κατά
1389 723 1484 776 ’τὸν
1515 724 1650 793 μετά
1683 721 1868 777 τοῦτον

287 806 491 869 αἰῶνα,
523 807 921 879 παραπλησίως
951 811 1066 872 τοίς
1095 813 1175 874 εἰς
1204 809 1474 864 διακονίαν
1499 811 1868 884 ἀποσταλησο-

291 895 482 967 μένοις
500 897 676 951 λειτου
686 901 893 970 ργικοῖς
917 900 1187 970 πνεύμασι
1206 901 1292 954 διὰ
1313 902 1437 966 τοὺς
1458 902 1596 956 κατὰ
1611 920 1673 972 γε
1693 903 1877 958 ταῦτα’

290 988 588 1058 μέλλοντας
605 991 958 1062 κληρονομεῖν
982 989 1126 1061 ζωῆν
1146 992 1376 1047 αἰώνιον.
1397 994 1458 1046 Εἰ
1481 995 1537 1048 δὲ
1564 997 1596 1065 ή
1629 995 1748 1058 δνος
1773 985 1867 1048 καὶ

284 1079 319 1132 6
357 1079 533 1143 πῶλος
562 1079 632 1134 τὰ
665 1081 872 1135 παλαιά
902 1083 995 1135 καὶ
1025 1083 1091 1136 τά
1127 1082 1283 1136 καινά
1319 1084 1402 1155 εἴη
1431 1085 1756 1156 γράμματα,
1785 1079 1866 1148 οἷς

282 1169 318 1224 ὁ
343 1170 515 1240 Λόγος
554 1173 760 1243 ὀχεῖται
791 1173 883 1226 τοῦ
913 1172 1067 1240 Θεοῦ,
1109 1175 1170 1228 οὐ
1213 1175 1351 1229 πάνυ
1381 1193 1432 1229 τι
1457 1176 1688 1246 χαλεπὸν
1717 1176 1866 1230 ἔσται

284 1261 644 1332 παραστῆσαι
679 1263 798 1326 πῶς
827 1261 1241 1319 ἀποστέλλονται
1270 1265 1364 1318 τοῦ
1389 1266 1564 1335 Λόγου
1600 1269 1658 1320 ὲν
1687 1269 1868 1338 αὐτοῖς

286 1353 572 1422 φανέντος,
607 1355 667 1408 ού
702 1353 770 1426 [Ῑ.
801 1355 944 1428 οὐδὲ]
988 1357 1203 1427 μένουσι
1233 1359 1373 1429 μετὰ
1408 1360 1470 1412 :6
1503 1360 1762 1414 εἰσελθεῖν
1790 1365 1869 1426 εἰς

297 1442 651 1516 Ἱεροσόλυμα
685 1447 774 1500 τὸν
805 1448 976 1516 Λόγον
1005 1451 1062 1502 ἐν
1087 1454 1197 1515 τοῖς
1226 1451 1631 1524 ἀποϐεὸληκόσι
1662 1454 1868 1519 πάντας

285 1537 420 1600 τοὺς
453 1537 790 1603 πωλοῦντας,
828 1541 922 1592 καὶ
969 1542 1340 1610 ἀγοράζοντας
1377 1544 1685 1615 λογισμούς.
1728 1546 1869 1615 Ἐγὼ

282 1626 349 1680 δὲ
369 1621 522 1698 οἶμαι
551 1629 624 1700 μὴ
657 1631 833 1702 μάτην
864 1631 1056 1702 κώμην
1081 1650 1140 1697 τε
1171 1629 1308 1687 εἶναι
1337 1635 1428 1688 τὸν
1457 1637 1618 1690 τόπον
1651 1637 1866 1702 τοῦτον,

284 1721 424 1772 ὅπου
462 1715 531 1790 ἦν
570 1721 602 1791 ἡ
644 1721 904 1793 δεδεμένη
948 1723 1090 1787 ὄνος,
1124 1726 1218 1778 καὶ
1250 1726 1280 1777 6
1327 1727 1523 1791 πῶλος,
1569 1729 1662 1782 καὶ
1707 1729 1866 1782 τοῦτο

1974 549 2157 608 postea
2228 543 2602 598 crediderunt.
2669 541 2869 597 Verum
2932 545 3211 599 enimvero
3280 547 3556 615 quomodo

1976 645 2096 685 mox
2132 647 2320 687 rursus
2356 634 2407 688 hi
2448 636 2758 700 mittuntur,
2787 646 3066 706 postquam
3101 637 3336 692 insidens
3386 633 3558 689 asinae

1979 719 2243 776 Dominus
2290 721 2689 794 Jerosolymam
2739 728 3027 792 ascendit,
3063 727 3168 781 dici
3223 743 3327 781 non
3377 742 3555 802 potest

1973 815 2090 870 sine
2149 817 2417 884 periculo,
2469 832 2560 873 res
2597 819 2797 890 alioqui
2837 819 3063 890 mystica
3091 860 3106 885 ,
3161 830 3214 873 et
3260 819 3549 889 conjuncta

1973 907 2261 963 mutationi
2301 918 2617 982 sanctorum
2653 909 2707 963 in
2743 912 2969 979 angelos
3017 910 3310 964 mittendos
3361 909 3412 962 in
3461 909 3549 962 fu-

1976 1011 2097 1056 turo
2126 1000 2342 1064 saeculo,
2379 1001 2607 1070 perinde
2633 1009 2796 1071 atque
2828 1001 2905 1055 illi
2952 1001 3409 1056 administratorii
3441 1001 3553 1070 spi-

1975 1091 2113 1146 ritus
2141 1091 2207 1157 ⁸⁸,
2241 1092 2334 1162 qui
2385 1092 2676 1146 mittuntur
2723 1092 2776 1146 in
2812 1092 3172 1146 ministerium
3222 1106 3408 1146 eorum
3456 1091 3552 1159 qui

1974 1182 2348 1237 haereditatem
2401 1183 2704 1238 sortientur
2732 1184 2856 1238 vitae
2890 1191 3108 1238 aeterna:
3140 1194 3362 1252 prepter
3410 1185 3547 1238 haec.

1975 1269 2126 1335 Quod
2178 1271 2222 1325 si
2282 1271 2430 1324 asina
2487 1279 2542 1325 et
2602 1269 2778 1336 pullus
2833 1268 3028 1322 litterae
3061 1278 3275 1322 veteres
3310 1279 3364 1321 et
3396 1281 3550 1322 nova!

1975 1370 2100 1416 sunt
2129 1401 2144 1425 ,
2190 1361 2385 1430 quibus
2417 1359 2610 1415 Sermo
2640 1360 2728 1415 ille
2779 1360 2870 1414 Dei
2907 1360 3142 1422 vehitur,
3185 1359 3324 1412 haud
3359 1361 3550 1412 admo-

1977 1452 2102 1507 dum
2135 1436 2362 1507 diliicile‘
2393 1449 2553 1505 fuerit
2582 1453 2870 1506 ostendere
2895 1491 2910 1514 ,
2961 1461 3246 1521 postquam
3293 1451 3552 1505 insederit

1975 1557 2137 1611 super
2165 1543 2274 1596 illis
2317 1541 2530 1608 Sermo,
2558 1551 2611 1596 et
2641 1551 2926 1611 postquam
2960 1541 3239 1610 ingressus
3265 1541 3428 1596 fuerit
3455 1541 3550 1595 Je-

1975 1633 2326 1704 rosolymam,
2386 1633 2660 1701 quomodo
2713 1631 3062 1686 remittantur
3107 1646 3215 1686 non
3272 1641 3550 1686 manentes

1975 1727 2120 1780 inter
2154 1739 2250 1781 eos
2301 1724 2390 1795 qui
2439 1725 2717 1794 ejecerunt
2765 1739 2794 1777 a
2847 1738 2906 1778 se
2953 1723 3312 1793 cogitationes
3360 1737 3550 1778 omnes

283 1808 572 1881 ἀνώνυμον
591 1829 603 1841 ·
641 1811 802 1882 κώμη
826 1813 936 1884 γὰρ
961 1813 1035 1877 ὡς
1069 1815 1205 1885 πρὸς
1246 1815 1335 1868 τὸν
1364 1817 1422 1868 ἐν
1446 1817 1658 1888 οὐρανῷ
1692 1820 1865 1873 πάντα

1971 1816 2266 1870 vendentes
2314 1825 2368 1868 et
2401 1823 2667 1871 ementes.
2703 1813 2959 1870 Arbitror
2996 1829 3126 1870 vero
3155 1828 3256 1883 ego
3283 1830 3391 1868 non
3429 1813 3546 1868 fru-

285 1900 495 1972 κόσμον
537 1905 571 1974 ή
605 1904 758 1958 πᾶσά
801 1906 916 1958 ἐστι
957 1906 1050 1976 γῆ,
1096 1908 1226 1960 ὅπου
1277 1909 1444 1971 ἐστὶν,
1480 1911 1511 1979 ή
1547 1910 1801 1982 δεδεμένη
1831 1913 1865 1983 ή

284 1991 409 2056 ὄνος
453 1993 548 2046 καὶ
590 1995 618 2047 6
671 1993 879 2056 πῶλος·
921 1994 1013 2046 καὶ
1061 1995 1094 2066 ή
1148 1994 1306 2065 κώμη
1362 1995 1650 2068 αὐτάρκως
1695 2000 1867 2068 χωρὶς

285 2086 610 2157 προσθήκης
633 2086 815 2158 ἑτέρου
838 2087 1095 2157 ὀνόματος
1121 2086 1451 2160 καλουμένη.
1490 2090 1622 2143 Ἀπὸ
1651 2090 1869 2161 Βηθφα-

288 2178 394 2247 γῆς
421 2177 479 2231 δὲ
526 2181 554 2231 ὁ
595 2178 867 2241 Ματοαῖός
898 2195 1058 2248 φησιν
1094 2179 1514 2234 ἀποστέλλεσθαι
1540 2183 1665 2246 τοὺς
1692 2199 1868 2253 παρα-

287 2269 629 2342 ληψομένους
671 2270 770 2340 τὴν
800 2271 922 2326 δνον
956 2273 1050 2324 καὶ
1096 2272 1190 2324 τὸν
1233 2271 1430 2336 πῶλον,
1461 2273 1582 2344 ῆτις
1611 2274 1774 2337 τόπος
1799 2270 1867 2346 ἦν

289 2360 582 2433 ἰερατικδς,
665 2355 838 2425 Οἶκος
871 2363 1176 2428 σιαγόνων
1256 2364 1704 2435 ἑρμηνευόμενος.
1757 2367 1868 2420 Καὶ

288 2451 462 2504 ταῦτα
506 2451 604 2522 μὲν
633 2450 776 2504 κατά
817 2453 1044 2523 δύναινν
1087 2454 1166 2516 εἰς
1212 2452 1280 2506 τὰ
1320 2453 1469 2524 παρὰ
1493 2451 1571 2523 τῷ
1603 2452 1866 2523 Ματθαίῳ

289 2544 527 2607 λεκτέον,
551 2543 647 2597 τοῦ
672 2543 964 2616 ὁλοκλήρου
990 2546 1083 2598 καί
1111 2543 1260 2614 παρά
1283 2543 1454 2598 ταῦτα
1474 2544 1763 2614 ἀκριϐεστέ
1773 2543 1864 2615 ρού

288 2633 448 2703 λόγου
501 2634 914 2706 εὐκαιρότερον,
966 2637 1095 2689 ὃταν
1146 2636 1225 2698 εἰς
1277 2635 1338 2688 τὸ
1387 2633 1528 2688 κατά
1586 2634 1865 2688 Ματθαῖον

285 2727 422 2796 ήμτν
451 2724 628 2793 λέγειν
664 2725 812 2796 δοθῇ,
834 2725 1248 2796 λεχθησομένου.
1289 2725 1348 2780 '0
1377 2725 1435 2778 δὲ
1467 2725 1690 2800 Μάρκος
1716 2725 1810 2780 καί
1837 2727 1866 2778 6

285 2817 500 2879 Λουκᾶς
528 2816 702 2869 πῶλον
728 2815 1028 2887 δεδεμένον,
1055 2817 1138 2885 ἐφ’
1159 2817 1218 2870 ὃν
1244 2817 1418 2882 οὐδείς
1451 2832 1536 2870 πω
1565 2815 1866 2887 ἀνθρώπων

285 2903 563 2967 ἐκάθισεν,
607 2904 874 2976 εὑρῆσθαί
917 2923 1048 2976 φησι
1095 2905 1235 2959 κατά
1278 2906 1378 2978 τήν
1427 2904 1719 2979 πρόσταξιν
1770 2904 1864 2958 τοῦ

283 2995 492 3066 Κυρίου
524 2997 628 3050 ὐπὸ
653 2995 762 3050 τῶν
805 2995 898 3048 δύο
929 2996 1205 3067 μαθητῶν,
1239 2997 1418 3051 ὅντινα
1450 2997 1707 3061 λύσαντες
1732 2998 1866 3067 ῆγα-

1968 1917 2078 1962 slra
2119 1909 2282 1962 etiam
2317 1907 2520 1974 vicum,
2548 1921 2781 1976 eumque
2807 1907 2927 1961 sine
2955 1908 3192 1969 nomine,
3225 1922 3344 1960 esse
3365 1907 3546 1962 locum

1970 2000 2140 2065 hunc,
2170 1998 2260 2052 ubi
2288 1999 2501 2067 alligata
2535 1999 2686 2054 asina
2731 2009 2849 2052 erat
2879 2007 2933 2051 et
2963 1998 3162 2065 pullus.
3201 1995 3366 2051 Vicus
3400 1997 3545 2052 enim

1970 2090 2381 2158 comparatione
2438 2091 2606 2144 totius
2637 2100 2887 2151 ornatus,
2919 2089 3010 2158 qui
3042 2097 3125 2142 est
3151 2089 3202 2142 in
3235 2087 3395 2152 coelo,
3429 2089 3549 2141 uni-

1971 2195 2128 2234 versa
2159 2193 2244 2236 e5t
2276 2190 2442 2245 terra,
2477 2180 2566 2234 ubi
2595 2190 2676 2235 est
2719 2179 2939 2250 alligata
2971 2180 3123 2234 asina
3152 2188 3206 2234 et
3238 2178 3413 2248 pullus
3447 2195 3462 2232 :
3495 2187 3550 2231 et

1971 2275 2125 2330 vicus
2159 2282 2454 2329 contentus
2487 2274 2669 2328 vocari
2721 2273 2925 2342 absque
2974 2272 3274 2338 adiectione
3321 2270 3548 2327 alterius

1971 2366 2231 2420 nominis.
2264 2366 2305 2418 Α
2339 2364 2653 2434 Bethphage
2677 2380 2806 2419 vero
2837 2363 3122 2419 Matthmus
3145 2364 3320 2431 inquit
3345 2362 3389 2394 ⁸⁷
3418 2361 3549 2416 mis-

1968 2470 2057 2510 sos
2088 2454 2245 2524 192
2279 2433 2960 2522 fuisse,iquiassumerent
2991 2451 3199 2505 asinam
3232 2460 3282 2504 et
3319 2433 3565 2518 pullum.l

1974 2546 2119 2602 Sane
2151 2546 2264 2600 lucc
2295 2545 2607 2615 Bethphage
2662 2545 2811 2597 locus
2859 2551 2946 2598 est
2975 2540 3350 2607 sacerdotalis,
3382 2554 3544 2611 quem

1967 2625 2014 2691 si
2086 2636 2463 2706 interpreteris
2493 2675 2508 2700 ,
2561 2649 2760 2688 vocare
2803 2635 2982 2704 possis
3033 2633 3246 2686 domum
3294 2632 3547 2685 maxilla-

1969 2741 2107 2780 rum.
2144 2724 2210 2778 Et
2241 2724 2353 2778 haec
2376 2723 2594 2793 quidem
2628 2721 2938 2786 habuimus,
2987 2734 3109 2790 qua:
3153 2719 3547 2774 dissereremus

1971 2834 2067 2888 pro
2098 2816 2240 2872 virili
2275 2817 2342 2870 de
2373 2815 2461 2871 his
2505 2830 2626 2885 quae
2656 2823 2782 2868 sunt
2833 2813 2976 2882 apud
3025 2809 3337 2865 Matthznum
3369 2825 3386 2876 ;
3425 2811 3545 2878 ple-

1969 2911 2176 2965 niorem
2228 2917 2393 2977 atque
2450 2905 2845 2961 accuratiorem
2901 2916 3212 2959 sermonem
3276 2898 3541 2962 habituri,

1970 3003 2113 3057 nacti
2133 2999 2558 3057 commodiorem
2577 2996 2923 3052 occasionem
2946 2993 3340 3063 interpretandi
3367 2993 3556 3046 Evan-~

283 3104 383 3156 γον
419 3087 557 3158 πρὸς
587 3087 678 3141 τὸν
727 3087 950 3158 Κύριον.
1005 3087 1336 3159 Προστίθησι
1364 3088 1419 3142 δὲ
1448 3090 1477 3142 6
1503 3091 1750 3160 Μάρκος»
1779 3090 1863 3143 ὅτι

1969 3093 2164 3163 gelium
2189 3106 2219 3144 a
2252 3088 2505 3145 Mattha‘o
2539 3089 2818 3142 traditum.
2849 3086 2922 3141 At
2953 3084 3166 3140 Marcus
3196 3094 3250 3140 et
3282 3083 3459 3140 Lucas
3493 3083 3538 3114 "

284 3173 444 3251 εὖρον
484 3179 577 3232 τὸν
617 3179 793 3232 πῶλον
820 3179 1101 3249 δεδεμένον
1129 3180 1267 3252 πρὸς
1295 3179 1464 3251 θύραν
1491 3180 1596 3245 ἔξω
1646 3183 1738 3235 ἐπὶ
1769 3181 1863 3235 τοῦ

1969 3183 2171 3254 pullum
2199 3180 2477 3252 alligatum
2502 3221 2519 3248 ,
2550 3192 2712 3248 super
2756 3192 2915 3248 quem
2957 3175 3136 3230 nullus
3164 3189 3400 3244 unquam
3437 3175 3539 3227 ho~

284 3271 550 3340 ἀμφόδου.
597 3271 692 3332 Τίς
741 3271 798 3324 δὲ
848 3270 982 3337 ἔξω;
1012 3272 1062 3323 οἱ
1097 3271 1204 3324 ἀπὸ
1248 3270 1356 3325 τῶν
1398 3270 1588 3335 ἐθνῶν,
1628 3273 1678 3326 οἳ
1723 3268 1865 3344 ἦσαν

1969 3275 2172 3329 minum
2223 3272 2499 3336 sedisset,
2562 3280 2839 3340 repertum
2893 3267 3083 3322 dicunt
3123 3265 3275 3335 juxta
3325 3263 3538 3319 Domini

289 3355 430 3420 ξένοι
465 3356 573 3409 τῶν
615 3357 920 3429 Διαθηκῶν,
955 3359 1047 3412 καὶ
1080 3359 1346 3430 ἀλλότριοι
1403 3360 1500 3430 τῆς
1535 3361 1864 3430 ἐπαγγελίας

1969 3366 2262 3436 iussionem
2289 3380 2320 3418 a
2351 3364 2562 3418 duobus
2607 3359 2887 3427 discipulis
2909 3399 2926 3425 ,
2957 3370 3119 3428 quem
3171 3355 3410 3411 solutum
3466 3354 3536 3406 ad

281 3446 380 3499 τοῦ
404 3447 562 3509 Θεοῦ,
607 3448 700 3501 ἐπὶ
727 3449 820 3502 τοῦ
862 3451 1128 3520 ἀμφόδου,
1161 3452 1254 3504 καὶ
1286 3451 1406 3521 οὐχὶ
1450 3451 1554 3504 ὐπὸ
1597 3452 1796 3523 στέγην
1829 3452 1862 3524 ἡ

1969 3457 2252 3512 Dominum
2289 3452 2561 3508 duxerint.
2599 3449 2763 3506 Addit
2795 3457 2976 3503 autem
3008 3447 3226 3502 Marcus
3264 3452 3539 3514 repertum

283 3537 466 3589 οἰκίαν
488 3537 907 3610 ἀναπαυόμενοι,
929 3541 1196 3612 δεδεμένοι
1223 3544 1343 3604 ταῖς
1369 3540 1524 3605 ἰδίαις
1548 3542 1862 3614 ἁμαρτίαις,

287 3628 384 3682 καὶ
413 3629 660 3698 λυόμενοι
687 3632 792 3685 ὐπὸ
831 3633 929 3703 τῆς
972 3634 1373 3705 προειρημένης
1416 3634 1610 3704 διπλῆς
1644 3635 1866 3704 ἐπιστή-

291 3738 399 3790 μης
419 3720 529 3775 τῶν
572 3722 744 3787 Ἰησοῦ
772 3725 1082 3795 γνωρίμων.
1115 3726 1179 3778 Oi
1211 3725 1266 3777 δὲ
1296 3725 1488 3794 δεσμοὶ
1520 3723 1613 3778 τοῦ
1643 3725 1864 3796 δεδεμέ-

287 3829 378 3865 νου
411 3812 614 3879 πώλου,
644 3816 738 3868 καὶ
771 3818 826 3868 αἰ
874 3817 1139 3889 ἁμαρτίαι
1182 3818 1309 3887 πε.ρί⁸
1349 3817 1458 3886 (82)
1485 3817 1576 3870 τὸν
1609 3817 1737 3887 ὑγιῆ
1771 3834 1863 3885 γε-

286 3905 583 3975 γενημέναι
610 3907 768 3975 λόγον
798 3907 1150 3978 ὲλεγχόμεναι
1179 3908 1270 3961 ὑπ’
1299 3906 1488 3972 αὑτοῦ,
1521 3908 1690 3979 θύρας
1733 3926 1863 3977 τυγ-

286 3994 540 4064 χάνοντος
567 3994 730 4068 ζωῆς,
762 3998 897 4069 πρὸς
923 3998 1138 4069 ἐκείνην
1153 3997 1310 4067 λέγω
1339 3998 1404 4069 δὴ
1435 3999 1534 4069 τῆς
1565 3998 1733 4069 θύρας
1753 3995 1860 4068 (85)

286 4081 426 4155 ἦσαν
457 4088 556 4139 οὐκ
583 4087 749 4150 ἔνδον,
781 4087 893 4142 ἀλλ’
922 4087 1025 4152 ἔξω
1043 4105 1057 4118 ·
1089 4089 1232 4158 τάχα
1256 4089 1365 4160 γὰρ
1398 4087 1542 4140 ἐνδον
1573 4089 1672 4158 τῆς
1695 4087 1863 4160 θύρας

289 4178 487 4249 δεσμὸς
511 4178 761 4246 γενέσθαι
801 4180 900 4249 τῆς
945 4181 1141 4244 κακίας
1191 4181 1252 4233 οὐ
1287 4179 1530 4232 δύναται.
1569 4181 1861 4250 Ἑστήκασι

290 4269 346 4322 δέ
385 4288 532 4333 τινες
577 4272 726 4342 παρά
775 4270 854 4342 τῷ
907 4271 1171 4343 δεδεμένῳ
1220 4269 1405 4342 πώλῳ,
1445 4272 1522 4336 ὡς
1573 4274 1602 4326 6
1635 4272 1862 4344 Μάρκος

292 4364 488 4432 φησιν,
536 4359 710 4434 οϊμαι,
741 4365 822 4418 ὅτι
865 4365 912 4418 οἰ
961 4365 1220 4435 δήσαντες
1269 4365 1465 4428 αὐτὸν,
1522 4366 1598 4429 ὡς
1648 4368 1861 4430 Λουκᾶς

1966 3549 2172 3618 pullum
2209 3545 2492 3616 alligatum
2544 3543 2612 3597 ad
2658 3542 2886 3612 januam
2944 3538 3078 3594 foris
3116 3538 3169 3592 in
3229 3537 3394 3593 bivio.
3432 3534 3538 3589 Sed

1964 3642 2085 3711 quis
2118 3639 2250 3694 foris
2279 3647 2421 3706 erat,
2459 3635 2562 3691 nisi
2587 3633 2837 3704 gentiles,
2869 3629 3116 3686 extranei
3147 3643 3178 3682 a
3219 3627 3542 3681 Testamen-

1966 3735 2057 3796 tis,
2089 3740 2144 3784 et
2180 3729 2344 3784 alieni
2400 3742 2429 3781 a
2474 3724 2844 3796 promissione
2879 3721 2972 3775 Dei
3001 3721 3081 3785 l"';
3126 3719 3179 3773 in
3212 3718 3384 3783 bivio,
3433 3733 3537 3771 non

1963 3825 2063 3881 sub
2099 3833 2241 3878 tecto
2270 3824 2500 3875 domove
2532 3817 2953 3888 acquiescentes
2978 3853 2994 3878 ,
3035 3810 3272 3882 propriis
3302 3812 3541 3878 peccatis

1962 3913 2149 3972 vineti.
2183 3922 2237 3966 et
2268 3907 2428 3964 soluti
2459 3922 2487 3961 a
2515 3905 2776 3977 praedicta
2811 3903 3014 3972 duplici
3039 3901 3267 3957 scientia
3297 3899 3538 3954 familia-

1965 4002 2105 4056 rium
2156 3999 2333 4054 Jesu?
2385 3996 2612 4052 Vincula
2646 4009 2778 4050 vero
2827 3993 3064 4064 alligata:
3107 3991 3298 4057 asinae,
3327 4000 3385 4046 et
3419 4007 3540 4062 pec-

1965 4100 2083 4148 cata
2123 4091 2259 4145 facta
2319 4089 2465 4144 circa
2520 4102 2707 4142 sanam
2764 4085 3066 4140 doctrinam
3117 4084 3408 4154 redarguta
3469 4085 3562 4137 ah.

1965 4183 2103 4252 ipso,
2139 4181 2228 4250 qui
2265 4190 2386 4234 erat
2427 4177 2596 4247 janua
2629 4177 2754 4231 vita:
2785 4175 2855 4238 ⁸⁸,
2889 4183 3136 4245 respectu
3189 4173 3334 4228 illius
3357 4173 3538 4242 janme

1965 4275 2110 4337 vitae,
2143 4288 2247 4326 non
2292 4279 2447 4326 erant
2481 4269 2622 4322 intra
2654 4265 2901 4336 januam,
2941 4266 3035 4320 sed
3070 4265 3221 4319 l‘oris.
3254 4262 3388 4317 Nam
3428 4261 3538 4315 for—

1966 4364 2130 4420 tassis
2160 4364 2298 4418 intra
2329 4360 2552 4431 januam
2600 4358 2716 4414 ﬁeri
2760 4356 2952 4426 nequit
2991 4355 3266 4409 vinculum
3314 4352 3537 4406 vitiosi-

289 4455 618 4526 ἀναγράφει,
663 4452 824 4510 εῐπαν
870 4457 918 4509 οἱ
961 4455 1137 4528 κύριοι
1179 4456 1272 4510 τοῦ
1323 4457 1502 4510 πώλου
1546 4457 1682 4529 πρὸς
1732 4461 1858 4523 τοὺς

1969 4457 2112 4510 tatis.
2147 4452 2434 4508 Steterunt
2466 4457 2667 4514 autem,
2717 4455 2777 4501 ut
2823 4444 3038 4501 Marcus
3069 4443 3282 4505 scribit,
3315 4442 3565 4511 quidant'

295 4543 557 4615 μαθητάς·
609 4547 713 4600 «Τί
757 4546 913 4600 λύετε
957 4547 1048 4600 τὸν
1101 4547 1350 4612 πῶλον;›
1399 4547 1593 4620 Κύριοι
1642 4550 1750 4620 γὰρ
1805 4551 1857 4603 οἰ

291 4635 671 4702 ὐποτάξαντες,
704 4638 796 4691 καὶ
823 4637 1083 4708 δήσαντες
1111 4638 1202 4691 τὸν
1229 4639 1603 4710 ἡμαρτηκότα,
1631 4642 1860 4711 παρανο-

291 4744 402 4797 μοι,
419 4728 614 4792 οἵτινες
638 4728 698 4782 οὐ
731 4727 981 4782 δύνανται
1001 4729 1315 4799 ἀντιϐλέψαι
1339 4729 1416 4801 τῷ
1439 4730 1652 4802 ἀληθῶς
1667 4733 1858 4804 Κυρίῳ

285 4813 576 4882 ἁφέλκοντι
623 4815 716 4869 τοῦ
769 4815 969 4888 δεσμοῦ
1019 4816 1198 4870 αὐτῶν
1234 4818 1326 4870 τὸν
1367 4817 1562 4872 πῶλον.
1602 4821 1722 4874 Ὀτι
1767 4817 1860 4875 οὖν

287 4922 452 4974 φασιν
481 4908 528 4959 οἰ
563 4907 829 4978 μαθηταί·
869 4927 887 4959 ι
927 4909 984 4960 '0
1024 4909 1228 4979 Κύριος
1257 4907 1422 4962 αὐτοῦ
1467 4908 1653 4979 χρείαν
1679 4909 1811 4980 ἔχει,
1835 4929 1853 4961 ι

292 4996 458 5066 μηδὲν
478 4997 807 5069 δυνηθέντων
827 4999 933 5052 τῶν
952 4998 1202 5069 πονηρῶν
1223 4999 1426 5069 κυρίων
1445 4998 1855 5070 ἀποκρίνεσθαι,

286 5087 480 5153 ἄγουσι
524 5089 658 5159 πρὸς
698 5089 788 5142 τὸν
843 5087 1048 5158 Ἰησοῦν
1077 5088 1168 5141 τὸν
1217 5088 1391 5141 πῶλον
1431 5089 1656 5158 γυμνὸν,
1701 5092 1860 5162 ἐπιρ-

288 5179 550 5246 ῥίπτουσι.
574 5179 665 5232 τὸν
692 5179 819 5232 ἴδιον
849 5179 1072 5248 κόσμον,
1100 5180 1185 5232 ἵνα
1223 5182 1336 5242 τοῖς
1379 5179 1719 5250 ὲπιϐληθεῖσι
1751 5182 1857 5234 τῶν

290 5267 546 5338 μαθητῶν
585 5271 817 5340 ίματίοις
849 5271 1225 5333 ὲπικαθεσθείς
1256 5273 1283 5323 6
1311 5270 1511 5340 Κύριος
1539 5272 1856 5342 ἀναπαύση-

284 5373 393 5410 ται.
415 5358 498 5412 Τὰ
513 5360 570 5414 δὲ
589 5361 750 5414 λοιπά
773 5365 837 5415 ἐκ
862 5363 970 5415 τῶν
993 5362 1295 5434 εἰρημένων
1324 5361 1472 5433 παρά
1499 5361 1577 5430 τῷ
1593 5361 1852 5434 Ματθαίῳ

393 5453 440 5486 ⁸⁸
474 5454 634 5514 Hebr.
687 5473 724 5520 ι,
763 5457 849 5509 Η.
940 5457 983 5488 ⁵⁷
1015 5456 1201 5510 Matth.
1237 5471 1361 5521 ut,
1397 5457 1450 5521 1,
1477 5456 1536 5508 2.
1623 5457 1667 5487 ⁸⁸
1693 5456 1860 5518 Marc.

1969 5505 1976 5528 ,
2014 5462 2070 5527 2,
2106 5458 2161 5524 Δ,
2197 5458 2268 5525 7;
2305 5454 2434 5508 Luc.
2468 5467 2582 5517 XIX,
2607 5449 2700 5516 ‘50,
2739 5447 2832 5514 52,
2860 5447 2952 5502 55.

290 5522 334 5555 “
360 5521 516 5578 Juau.
551 5544 602 5592 Χ,
632 5531 686 5583 9.

359 5618 472 5688 (δε)
493 5620 671 5674 Codex
701 5621 1040 5684 Budleianus,
1082 5617 1210 5688 περί
1235 5635 1248 5648 ο
1283 5615 1482 5688 Regius
1503 5657 1518 5679 ,
1547 5617 1718 5688 παρὰ.

357 5682 474 5757 (83)
511 5689 624 5757 Τῆς
651 5693 854 5758 θύρας.
917 5682 1272 5744 Scrihendum
1329 5682 1562 5752 videtur,
1609 5682 1707 5755 τὴν
1761 5682 1948 5754 θύραν.

527 5781 796 5839 Ρηιιοι..
844 5781 959 5841 Gn.
997 5777 1170 5838 XIV.

1968 4545 2110 4614 apud
2163 4543 2442 4612 alligatum
2493 4539 2737 4608 pullum,
2787 4536 3048 4590 nimirum
3087 4533 3180 4603 qui
3233 4533 3566 4602 ligaverunt

1966 4640 2166 4709 ipsum,
2203 4633 2334 4704 pulli
2371 4630 2597 4697 domini,
2629 4637 2690 4682 ut
2727 4627 2900 4682 Lucas
2930 4625 3143 4690 scribit,
3179 4624 3540 4693 dixeruntque

1969 4730 2036 4786 ad
2052 4725 2348 4794 discipulos
2377 4741 2390 4775 :
2427 4741 2444 4772 ι
2472 4720 2581 4776 Cur
2607 4717 2808 4788 pullum
2837 4714 3084 4770 solvitis?
3106 4733 3124 4765 ι
3151 4713 3364 4767 Domini
3392 4712 3536 4766 enim

1968 4823 2060 4893 qui
2092 4818 2436 4889 subiecerant
2465 4822 2521 4866 et
2541 4812 2848 4882 ligaveraut
2876 4815 3240 4876 peceatorem,
3285 4804 3462 4874 iniqui
3485 4813 3540 4857 et

1966 4913 2186 4981 exleges
2220 4914 2366 4968 sunt,
2399 4901 2492 4972 qui
2517 4899 2794 4968 respicere
2825 4905 3102 4965 nequeunt
3132 4895 3186 4948 in
3211 4893 3538 4981 verum_Do-

1968 4979 2173 5058 minum
2201 4995 2524 5049 liberantem
2553 4988 2754 5059 pullum
2793 5001 2822 5040 a
2850 4983 3364 5054 vineulisipsorum.
3399 4979 3539 5046 Quo-

1968 5094 2114 5148 niam
2148 5101 2278 5158 ergo
2314 5082 2565 5152 inquiunt
2596 5077 2847 5148 discipuli
2885 5095 2899 5130 :
2941 5093 2960 5128 ι
2993 5075 3254 5129 Dominus
3282 5069 3376 5124 illo
3403 5082 3538 5158 opus

1969 5180 2157 5245 habet,
2197 5156 2232 5230 DV
2253 5173 2388 5228 nihil
2421 5169 2730 5226 valentibus
2773 5167 2955 5238 pravis
2977 5163 3210 5220 dominis
3242 5156 3537 5227 responde-

1963 5290 2046 5338 re,
2079 5273 2289 5326 ducunt
2339 5266 2405 5322 ad
2457 5263 2634 5320 Iesum
2668 5261 2870 5331 pullum
2911 5259 3138 5318 nudum,
3187 5262 3246 5309 et
3289 5251 3539 5306 subster-

1961 5375 2096 5422 nunt
2121 5363 2394 5433 proprium
2423 5366 2822 5419 ornamentum,
2846 5362 2905 5408 ιιι
2936 5352 3152 5423 injectis
3203 5345 3540 5402 vestimentis

3056 5445 3103 5477 ⁶⁹
3136 5443 3335 5514 Ephes.
3360 5456 3416 5500 ιι.
3450 5443 3537 5498 19..
