3962 6206
477 286 580 341 565

1941 296 2268 354 ORIGENIS

3613 297 3718 352 564

475 402 858 472 discipulorum
883 405 1125 464 insidens
1147 407 1302 465 Jesns
1330 411 1595 480 quiescat.
1626 411 1834 468 Caetera
1866 429 1928 468 ex
1953 415 2014 468 hi:

2142 415 2202 466 οὐ
2237 415 2377 468 πάνυ
2412 433 2464 469 τι
2496 415 2650 470 ἔσται
2680 416 2888 486 άσαφῆ,
2921 414 3042 468 τίνα
3080 413 3280 486 τρόπον
3323 431 3341 464 t
3365 413 3620 486 ἔρχονται
3643 418 3720 478 εἰς

471 508 592 562 quae
627 496 769 550 dicta
806 507 933 553 sunt
988 501 1128 569 apud
1165 501 1479 572 Matthmum
1511 545 1528 571 ,
1586 519 1690 560 non
1743 506 2034 561 admodum

469 584 697 640 obscura
757 599 966 642 erunt:
1005 604 1200 658 nempe
1251 607 1490 661 quonam
1539 605 1700 666 pacto
1758 615 1776 647 ι
1817 597 2038 651 veniunt

468 674 858 746 Jerosolymam
886 677 955 742 ⁶¹,
981 688 1037 734 et
1065 680 1340 750 ingressus
1377 686 1428 736 in
1457 685 1713 753 templum
1747 687 1912 756 coepit
1943 685 2039 755 eji-

469 779 596 821 cere
649 768 949 824 vendentes
1024 779 1078 825 et
1133 783 1376 829 ementes
1419 774 1473 828 in
1512 775 1753 844 templo:
1798 794 1816 827 ι
1854 775 1935 831 vel
1969 775 2035 841 ⁶²,

472 873 493 907 ι
537 865 596 910 ut
629 859 1106 929 appropinquavit,
1149 862 1379 919 intuitus
1426 865 1729 933 civitatem,
1764 868 1916 922 ﬂevit
1943 883 2036 922 su-

466 959 565 1015 per
611 947 790 1016 illam;
827 964 1058 1019 cumque
1115 953 1396 1022 ingressus
1428 966 1576 1011 esset
1626 957 1679 1011 in
1729 957 1986 1026 templum
2018 998 2035 1026 ,

466 1040 635 1109 cmpit
665 1040 865 1109 ejicere
887 1043 1204 1099 vendentes.
1248 1065 1266 1096 ι
1306 1045 1361 1100 1η
1396 1046 1668 1116 aliquibus
1711 1048 1912 1102 etenim
1938 1049 2033 1102 ha-

464 1130 718 1186 bentibus
759 1131 815 1186 in
859 1147 918 1187 se
945 1133 1228 1204 templum,
1263 1136 1412 1204 ejicit
1442 1153 1632 1193 omnes
1660 1141 1952 1195 vendentes
1981 1149 2038 1194 et

463 1234 708 1282 ementes
741 1226 798 1281 in
849 1228 1084 1297 templo;
1124 1228 1176 1282 in
1221 1229 1343 1284 aliis
1396 1245 1528 1285 vero
1579 1246 1685 1285 non
1744 1232 2034 1288 admodum

463 1314 782 1384 parentibus
829 1317 1068 1372 sermoni
1119 1317 1235 1384 Dei,
1272 1328 1480 1374 tantum
1512 1321 1644 1376 facit
1679 1322 1892 1376 initium
1931 1321 2032 1390 eji-

459 1405 639 1459 ciendi
697 1405 996 1461 vendentes
1044 1416 1098 1462 et
1156 1419 1428 1465 ementes.
1478 1409 1686 1465 Praeter
1747 1411 1847 1466 hos
1905 1426 2058 1474 vero,

461 1505 590 1552 sunt
626 1497 788 1550 etiam
832 1498 1000 1562 tertii,
1051 1501 1102 1553 in
1149 1501 1347 1570 quibus
1396 1504 1561 1571 erepit
1587 1501 1784 1572 ejicere
1821 1512 2029 1556 tantum

462 1589 782 1650 vendentes,
821 1587 977 1658 193
1012 1605 1118 1644 non
1149 1587 1310 1645 etiam
1347 1601 1613 1647 ementes.
1659 1593 1857 1648 Verum
1887 1595 2030 1662 apud

457 1677 721 1734 Joannem
773 1679 820 1712 “
868 1695 1058 1736 omnes
1101 1680 1389 1748 ejiciuntur
1424 1681 1637 1752 ﬂagello
1663 1688 1728 1738 e'x
1775 1682 2032 1740 funiculis

2153 507 2518 580 Ἰεροσόλυμα,
2552 509 2647 562 καὶ¹
2691 505 2946 560 εἰσελθὼν
2988 507 3068 569 είς
3105 505 3167 558 τὸ
3205 504 3348 574 ἱερὸν
3389 503 3595 575 ἤρξατο
3633 507 3718 558 ἐκ-

2140 601 2353 654 ϐάλλειν
2403 602 2531 663 τοὺς
2586 599 2900 662 πωλοῦντας
2971 597 3068 651 καὶ
3126 593 3499 668 ἀγοράζοντας
3541 596 3600 648 ἐν
3643 597 3718 665 τῷ

2143 693 2290 763 ἱερῷ,
2319 713 2337 743 ι
2361 693 2394 763 ἢ
2419 711 2436 744 ι
2467 693 2542 754 ὼς
2573 692 2818 760 ἤγγισεν,
2854 688 2976 742 ἰδὼν
3012 689 3111 759 τὴν
3140 687 3314 750 πόλιν,
3344 685 3606 741 ἔκλαυσεν
3635 687 3719 740 ἐπ’

2139 785 2328 856 αὐτὴν,
2356 783 2452 836 καὶ
2490 779 2744 834 εἰσελθὼν
2779 781 2860 842 εἰς
2889 779 2952 831 τὸ
2990 776 3156 848 ἱερὸν,
3194 777 3398 848 ἧρξατο
3435 775 3718 829 ἐκϐάλλειν

2138 874 2261 936 τοὺς
2292 870 2623 934 πωλοῦντας.
2649 889 2667 920 ι
2716 870 2804 922 Ἐν
2832 861 2913 929 οἷς
2943 866 3040 936 μὲν
3074 864 3184 934 γὰρ
3215 863 3323 917 τῶν
3358 862 3591 932 ἐχόντων
3609 861 3718 932 (86)

2139 965 2198 1018 τὸ
2227 963 2368 1034 ἱερὸν
2393 965 2451 1016 ἐν
2480 962 2683 1026 αὐτοῖς,
2727 957 2977 1012 ἐκϐάλλει
3007 957 3216 1019 πάντας
3244 956 3370 1017 τοὺς
3400 953 3719 1016 πωλοῦντας

2139 1055 2233 1108 καὶ
2259 1051 2626 1123 ἀγοράζοντας
2651 1053 2708 1103 ἐν
2735 1049 2812 1119 τῷ
2845 1047 2976 1118 ἱερῷ
2995 1064 3009 1078 ⁸
3045 1047 3105 1099 ὲν
3149 1045 3358 1116 ἑτέροις
3389 1045 3448 1097 δὲ
3485 1044 3561 1114 μὴ
3585 1041 3718 1111 σφό-

2137 1138 2238 1210 δρα
2264 1137 2602 1207 πειθομένοις
2633 1136 2710 1205 τῷ
2747 1135 2891 1206 λόγῳ
2920 1133 3012 1187 τοῦ
3055 1132 3190 1186 Θεοῦ
3229 1133 3385 1203 μόνον
3415 1133 3514 1202 τὴν
3545 1131 3719 1201 ἀρχὴν

2138 1229 2370 1290 ποιεῖται
2405 1227 2499 1279 τοῦ
2545 1225 2823 1279 ἐκϐάλλειν
2864 1223 2991 1286 τοὺς
3033 1221 3347 1285 πωλοῦντας
3378 1222 3473 1273 καὶ
3516 1221 3721 1292 ἀγορά-

2139 1316 2347 1380 ζοντας.
2381 1317 2564 1388 Τρίτοι
2601 1316 2657 1369 δέ
2700 1317 2804 1368 εἰσι
2841 1313 2992 1385 παρὰ
3018 1311 3266 1377 τούτους,
3309 1313 3366 1365 ἐν
3402 1306 3484 1375 οἷς
3517 1312 3723 1383 ἦρξατο

2137 1406 2416 1460 ἐκϐάλλειν
2447 1406 2640 1476 μόνους
2665 1407 2791 1468 τοὺς
2837 1401 3175 1467 πωλοῦντας,
3209 1402 3331 1472 ούχὶ
3375 1402 3433 1455 δέ
3468 1403 3566 1455 καὶ
3593 1404 3721 1468 τοὺς

2136 1498 2522 1570 ἀγοράζοντας.
2575 1499 2637 1551 Οἱ
2675 1496 2731 1549 δὲ
2764 1495 2914 1567 παρὰ
2956 1494 3036 1565 τῷ
3081 1493 3304 1566 Ἰωάννῃ
3343 1492 3547 1557 πάντες
3600 1493 3720 1565 ἅμα

2133 1593 2247 1654 τοῖς
2275 1589 2565 1662 προϐάτοις
2600 1589 2695 1642 καὶ
2726 1590 2835 1651 τοῖς
2869 1585 3022 1657 βουσὶ
3063 1584 3142 1656 τῷ
3175 1585 3434 1638 πλακέντι
3476 1587 3542 1639 ἐκ
3572 1603 3722 1657 σχοι-

2134 1682 2260 1736 νίων
2286 1682 2592 1753 φραγελλίῳ
2608 1679 2975 1733 ἐκϐάλλονται.
3003 1677 3324 1747 Ἐπίστησον
3343 1677 3400 1731 δὲ
3419 1678 3719 1748 ἐπιμελῶς,

456 1767 692 1835 plicato,
751 1784 857 1823 una
906 1783 1030 1824 cum
1078 1769 1269 1824 ovibus
1306 1779 1360 1825 et
1409 1770 1601 1826 bobus.
1643 1771 1855 1842 Inspice
1899 1787 2014 1829 verr

2128 1775 2176 1828 εί
2207 1773 2430 1828 δυνατὸν
2469 1772 2545 1835 ὼς
2587 1771 2684 1835 τάς
2711 1787 2775 1838 γε
2797 1769 3088 1838 ἐναλλαγὲις
3130 1769 3239 1824 τῶν
3285 1770 3719 1841 γεγραμμένων,

455 1857 747 1927 diligenter
777 1874 845 1912 an
870 1858 1225 1915 alteratioues
1271 1874 1452 1939 rerum
1492 1862 1820 1930 scriptarum
1854 1862 2028 1918 disso-

455 1947 763 2016 nantizeque
793 1947 1013 2003 dissolvi
1059 1947 1268 2017 possint
1312 1955 1468 2018 tropo
1501 1949 1800 2020 anagogico
1831 1963 1848 2003 :
1874 1949 2028 2004 nimi-

449 2051 570 2089 rum
621 2051 949 2107 unoquoque
990 2036 1446 2108 evangelistarum
1499 2039 1746 2095 diversas
1779 2039 2024 2094 actiones

451 2123 734 2182 Sermonis
761 2126 1104 2183 describente
1151 2127 1205 2182 in
1236 2127 1471 2184 diversis
1509 2129 1821 2185 animarum
1851 2129 2020 2186 mori-

448 2216 580 2284 bus,
622 2231 728 2272 non
758 2218 968 2284 eadem,
1002 2217 1097 2273 sed
1142 2218 1343 2274 similia
1374 2221 1621 2290 quaedam
1652 2220 2021 2292 perﬁcientes.

449 2307 589 2376 Quin
651 2307 961 2364 diﬂ'erentia
1015 2309 1183 2364 etiam
1237 2309 1328 2364 illa
1384 2324 1508 2380 quae
1555 2311 1771 2367 videtur
1802 2326 1925 2368 esse
1956 2312 2025 2367 de

448 2399 863 2456 ascensionihus
916 2401 1131 2456 Domini
1165 2402 1232 2456 ad
1255 2399 1654 2472 Jerosolymam
1687 2403 1827 2472 apud
1855 2400 2022 2457 Joan-

449 2505 595 2552 nem,
617 2491 716 2560 .qui
751 2491 1124 2560 Evangelium,
1160 2493 1308 2561 quod
1344 2491 1397 2546 in
1440 2492 1690 2548 manibus
1731 2493 2020 2558 habemus,

449 2579 610 2635 aliter
641 2595 802 2650 quam
838 2589 970 2644 tres,
999 2581 1234 2650 scripsit,
1261 2591 1328 2636 ut
1363 2581 1718 2650 exposuimus
1749 2583 1801 2636 in
1841 2583 2021 2639 verbis

447 2675 710 2742 ipsorum,
727 2672 806 2727 sic
828 2671 1000 2726 solum
1023 2671 1226 2724 servari
1253 2681 1451 2740 potest,
1473 2671 1684 2728 Joanne
1709 2673 1905 2728 similia
1932 2690 2017 2731 as-

445 2775 681 2828 serente,
713 2773 764 2819 et
798 2763 1036 2829 dicente,
1067 2775 1165 2831 pro
1187 2760 1387 2816 excisis
1411 2762 1478 2817 ab
1517 2763 1807 2820 arboribus
1827 2765 2015 2828 ramis,

445 2854 529 2908 vel
565 2853 844 2908 frondibus
867 2869 933 2907 ex
971 2853 1116 2922 agris
1144 2859 1197 2906 et
1223 2853 1410 2907 stratis
1455 2852 1510 2906 in
1549 2853 1659 2921 via,
1693 2869 1876 2911 ramos
1901 2855 2018 2925 pal-

444 2959 654 3000 marum
686 2945 910 3000 multam
953 2944 1191 3009 turbam,
1247 2957 1368 3011 qua:
1400 2953 1626 2998 venerat
1658 2946 1726 3000 ad
1759 2945 1900 3001 diem
1935 2947 2013 3002 fe-

437 3046 582 3092 stum
614 3036 680 3102 “,
741 3035 1016 3104 accepisse
1067 3042 1122 3090 et
1180 3033 1515 3104 processisse
1563 3035 1776 3090 obviam
1823 3037 1874 3091 ei
1907 3036 2017 3092 ela-

2130 1864 2222 1918 καὶ
2253 1863 2350 1926 τὰς
2383 1861 2679 1931 διαφωνίας
2712 1859 3023 1914 διαλύεσθαι
3066 1860 3215 1932 παρὰ
3243 1859 3336 1914 τὸν
3368 1861 3470 1930 τῆς
3501 1861 3721 1928 ἀναγωο

2127 1952 2230 2023 γῆς
2255 1951 2474 2023 τρόπον,
2506 1949 2737 2004 ἑκάστου
2766 1949 2872 2003 τῶν
2901 1949 3298 2018 εὐαγγελιστῶν
3319 1949 3718 2020 διαγράφοντος

2126 2041 2413 2114 διαφόρους
2447 2040 2540 2094 τοῦ
2577 2040 2750 2108 Λόγου
2796 2040 3077 2112 ἐνεργείας
3122 2040 3181 2092 ἐν
3227 2038 3505 2112 διαφόροις
3555 2038 3717 2112 ἦθεσι

2124 2132 2329 2203 ψυχῶν,
2368 2134 2430 2186 ού
2469 2133 2537 2186 τὰ
2574 2131 2734 2194 αὐτὰ,
2778 2131 2920 2186 ἀλλά
2949 2148 3074 2184 τινα
3117 2131 3479 2203 παραπλήσια
3528 2134 3718 2185 ἐπιτε-

2123 2222 2339 2287 λούσας.
2376 2223 2488 2277 Kal.
2525 2224 2558 2294 ἡ
2591 2221 2822 2276 δοκοῦσα
2859 2221 2917 2274 δὲ
2942 2221 3176 2292 διακοπὴ
3221 2220 3331 2274 τῶν
3357 2223 3437 2285 είς
3479 2221 3717 2293 Ἰεροσό-

2123 2314 2266 2384 λυμα
2294 2314 2495 2368 ἀνόδων
2517 2312 2611 2367 τοῦ
2651 2312 2824 2385 Ἰησοῦ
2859 2309 3008 2384 παρὰ
3040 2311 3119 2382 τῷ
3149 2311 3210 2365 τὸ
3235 2313 3292 2365 ἐν
3319 2312 3507 2382 χερσὶν
3531 2309 3715 2380 Εὐαγ-

2121 2402 2300 2472 γέλιον
2344 2402 2720 2473 άναγράψαντι
2769 2401 2972 2472 ἑτέρως
3019 2399 3173 2471 παρὰ
3222 2401 3350 2462 τοὺς
3399 2403 3572 2471 τρεῖς,
3635 2401 3714 2466 ὡς

2120 2490 2418 2562 ἐξεθέμεθα
2459 2491 2558 2555 τὰς
2599 2491 2772 2556 λέξεις
2805 2490 3005 2554 αὐτῶν,
3032 2489 3175 2543 οὕτω
3225 2489 3400 2560 μόνως
3433 2489 3714 2554 σώζεσθαι

2118 2582 2338 2636 δύναται
2379 2584 2492 2644 τοῖς
2535 2581 2942 2652 παραπλησίοις
2981 2580 3300 2652 πράγμασιν
3349 2580 3714 2645 ἐπιπεσόντος

2117 2671 2211 2724 τοῦ
2257 2671 2524 2735 Ἰωάννου,
2553 2671 2674 2724 άντὶ¹
2693 2669 2803 2723 τῶν
2826 2671 3175 2740 κοπτομένων
3204 2669 3310 2722 ἀπὸ
3336 2669 3442 2724 τῶν
3469 2669 3712 2742 δένδρων

2117 2761 2347 2824 κλάδων,
2376 2761 2409 2832 ἦ
2441 2759 2701 2813 στιϐάδων
2737 2762 2801 2812 ἐκ
2832 2759 2942 2812 τῶν
2979 2759 3184 2831 άγρῶν,
3218 2761 3312 2813 καὶ
3352 2761 3711 2830 στρωννυμέ-

2117 2871 2222 2907 νων
2251 2854 2309 2906 ἐν
2337 2855 2404 2924 τῇ
2433 2851 2558 2922 ὀδῷ,
2591 2851 2719 2922 βάῖα
2751 2850 2861 2904 τῶν
2895 2853 3152 2921 φοινίκων
3185 2852 3487 2922 εἰληφέναι,
3516 2853 3712 2920 λέγον-

2115 2961 2204 3008 τος
2255 2944 2347 2997 τὸν
2393 2944 2558 2997 πολὺν
2606 2942 2985 3014 ἐξεληλυθέναι
3032 2945 3112 3006 εἰς
3155 2942 3252 3014 τὴν
3287 2942 3480 3014 ἑορτὴν
3523 2942 3709 3014 ὄχλον,

2116 3034 2211 3088 καὶ
2261 3033 2640 3106 ἐξεληλυθέναι
2695 3033 2776 3095 είς
2817 3032 3121 3103 ἀπάντησιν
3170 3031 3318 3102 αύτῷ
3350 3031 3672 3103 κεκραγότα

440 3137 676 3183 mantem
707 3141 722 3180 :
760 3145 778 3178 ι
819 3126 1142 3181 Benedictus
1170 3125 1262 3194 qui
1307 3124 1454 3178 venit
1486 3125 1538 3178 in
1574 3126 1794 3182 nomine
1827 3128 2004 3182 Domi.

2116 3149 2135 3180 ι
2160 3128 2535 3199 Εὐλογημένος
2561 3129 2589 3180 6
2617 3127 2910 3199 ἐρχόμενος
2925 3128 2982 3179 ἐν
3015 3125 3237 3195 ὀνόματι
3260 3124 3486 3196 Κυρίου,
3529 3144 3546 3174 ι
3577 3124 3701 3192 καὶ,

439 3220 517 3284 ni,
543 3237 563 3272 ι
583 3228 672 3274 et:
699 3237 718 3269 ι
738 3215 852 3271 Rex
877 3217 964 3271 ille
991 3215 1206 3271 lsraelis
1221 3215 1290 3268 “.
1321 3235 1341 3264 ο
1362 3212 1626 3268 Caeterum
1649 3215 1716 3270 ab
1748 3216 1862 3285 ipso
1879 3213 2009 3274 Jesu

435 3310 615 3380 inquit
657 3309 899 3364 Joannes
957 3307 1004 3338 “
1046 3316 1319 3376 repertum
1368 3305 1618 3372 asellum,
1649 3321 1811 3376 super
1848 3323 2008 3378 quem

436 3403 575 3458 sedit
597 3401 882 3462 Christus;
915 3397 1091 3465 majus
1123 3397 1378 3468 quiddam
1414 3394 1569 3450 nobis
1602 3399 1672 3453 ob
1707 3399 1894 3454 oculos
1915 3415 2010 3470 po-

435 3507 572 3548 nens
601 3506 695 3564 per
753 3491 898 3546 hunc
929 3488 1159 3545 asellum
1189 3489 1268 3544 sic
1317 3487 1525 3558 tropice
1554 3488 1757 3545 dictum
1789 3492 1880 3560 qui
1912 3491 2008 3546 be-

436 3585 688 3641 neﬁcium
723 3583 895 3652 majus
921 3583 1134 3652 accepit
1169 3597 1188 3631 ι
1228 3595 1336 3637 non
1368 3579 1438 3634 ab
1469 3579 1793 3648 hominibus,
1830 3595 2008 3651 neque

431 3693 529 3748 per
571 3676 819 3734 homines
847 3715 863 3742 ,
897 3675 990 3730 sed
1023 3689 1119 3744 per
1164 3674 1351 3732 Jesum
1397 3676 1673 3733 Christum
1701 3674 1771 3728 ".
1810 3692 1829 3726 ι
1860 3673 2002 3740 Quin

433 3786 503 3825 ne
529 3767 766 3826 Joannes
793 3769 1010 3838 quidem
1041 3768 1158 3838 ipse
1185 3769 1412 3840 protulit
1435 3768 1779 3840 prophetiam
1812 3767 2003 3823 iisdem

431 3860 634 3924 verbis,
662 3859 757 3914 sed
789 3873 886 3927 pro
914 3873 976 3912 ea
1007 3858 1146 3914 dixit
1177 3877 1193 3914 :
1231 3878 1251 3912 ι
1284 3859 1402 3916 Noli
1434 3861 1650 3926 timere,
1685 3858 1794 3913 ﬁlia
1827 3856 1958 3914 Sion
1984 3875 1999 3917 :

422 3966 558 4008 ecce
589 3967 684 4006 rex
712 3960 837 4005 tuus
863 3951 1010 4005 venit
1039 3951 1236 4006 sedens
1257 3967 1420 4021 super
1447 3949 1651 4020 pullum
1685 3951 1854 4005 asina:
1880 3949 1948 4016 “,
1976 3968 1997 4002 ι
2024 4011 2025 4014 η

425 4051 530 4108 pro
569 4037 830 4104 comuod
855 4044 981 4090 est:
1011 4054 1030 4088 ι
1078 4038 1395 4092 Ascendens
1429 4053 1593 4109 super
1640 4039 2000 4109 subjugalem,

415 4137 483 4184 .et
530 4127 734 4197 pullum
766 4141 966 4182 novum
999 4127 1089 4181 δ”.
1127 4146 1144 4178 ι
1182 4127 1317 4182 Illud
1346 4143 1509 4183 vero:
1551 4147 1570 4180 ι
1607 4129 1724 4184 Noli
1764 4132 1958 4185 timere
1983 4168 1999 4195 ,

424 4219 537 4274 ﬁlia
587 4218 744 4284 Sion,
784 4237 804 4271 ι
841 4217 1256 4288 haudquaquam
1306 4217 1514 4273 dictum
1563 4229 1670 4275 est.
1712 4220 2000 4275 Verumta-

424 4323 550 4364 men
584 4315 706 4363 cum
736 4307 1092 4378 exposuerint
1136 4321 1329 4363 omnes
1377 4307 1757 4377 propheticum
1789 4324 1998 4365 sermo-

2118 3237 2137 3270 ι
2183 3218 2243 3271 '0
2271 3217 2533 3280 Βασιλεὺς
2555 3215 2648 3270 τοῦ
2695 3215 2929 3286 Ἰσραῄλ.
2957 3235 2974 3265 ι
3008 3214 3151 3285 Πλὴν
3181 3207 3333 3278 οὗτος
3385 3213 3476 3268 ὑπ’
3530 3215 3706 3268 αὑτοῦ

2111 3326 2244 3382 φησι
2273 3308 2367 3363 τοῦ
2403 3307 2576 3380 Ἰησοῦ
2609 3307 2958 3380 εὑρίσκεσθαι
2991 3307 3052 3360 τὸ
3085 3306 3320 3378 ὀνάριον,
3377 3307 3464 3375 ἐφ’
3508 3307 3537 3360 δ
3562 3307 3704 3361 x20-

2109 3399 2292 3464 έζεται
2337 3401 2366 3453 6
2397 3399 2651 3472 Χριστὸς,
2696 3398 2856 3454 πλέον
2890 3417 2942 3452 τι
2972 3399 3098 3470 περὶ
3145 3397 3335 3451 τούτου
3367 3397 3483 3466 (85)
3507 3415 3705 3468 τροπι-

2109 3491 2346 3564 κώτερον
2374 3491 2704 3562 δηλουμένου
2731 3489 2948 3560 ὀναρίου
2975 3487 3267 3560 παριστὰς,
3294 3487 3515 3559 μείζονα
3537 3487 3700 3557 εὐερ-

2107 3583 2294 3647 γεσίαν
2323 3582 2670 3654 χωρήσαντος
2692 3581 2792 3651 τὴν
2814 3599 2832 3630 ι
2861 3580 2961 3632 οὐκ
2983 3579 3092 3633 ἀπὸ
3122 3577 3446 3651 ἀνθρώπων,
3470 3577 3593 3630 οὐδὲ
3623 3578 3699 3631 δι’

2107 3671 2428 3743 ἀνθρώπων,
2466 3669 2601 3723 ἀλλὰ
2639 3668 2729 3722 διὰ
2781 3669 2958 3740 Ἰησοῦ
2987 3668 3244 3741 Χριστοῦ.
3270 3688 3287 3720 ι
3331 3669 3467 3722 Ούδέ
3507 3669 3699 3721 Ἰωάν-

2106 3779 2203 3832 νης
2240 3761 2295 3814 δὲ
2341 3761 2616 3827 αύτολεξεὶ
2657 3760 2719 3814 τὺ
2767 3762 3104 3830 προφητικὸν
3134 3760 3368 3826 ἐξέθετο,
3412 3758 3530 3812 ἀλλ’
3574 3760 3697 3814 ἀντ’

2105 3851 2268 3906 αὐτοῦ
2306 3852 2396 3904 τό·
2434 3872 2452 3902 ‹
2475 3852 2565 3922 Μὴ
2597 3852 2784 3920 φοϐοῦ,
2823 3853 3060 3926 θύγατερ
3093 3851 3252 3916 Σιὼν,
3300 3852 3410 3905 ἰδοὺ
3458 3854 3488 3904 6
3533 3851 3698 3921 βασι-

2104 3943 2230 4006 λεύς
2263 3961 2354 3996 σου
2385 3943 2624 4015 ἔρχεται,
2656 3943 2986 4015 καθήμενος,
3014 3963 3032 3994 ι
3068 3943 3190 3997 ἀντὶ
3229 3942 3322 3996 τοῦ
3345 3959 3360 3972 ο
3405 3961 3422 3992 ι
3469 3941 3697 3994 Ἑπιϐε-

2103 4034 2286 4106 σηκὼς
2309 4034 2443 4106 (85⁸)
2480 4035 2574 4087 ἐπὶ
2601 4034 2779 4087 πῶλον
2815 4035 2960 4100 ὄνου,
3007 4035 3102 4089 καὶ
3140 4035 3231 4088 ἐπὶ
3267 4033 3561 4102 ὑποζύγιον
3595 4036 3692 4087 καὶ

2102 4127 2279 4180 πῶλον
2311 4126 2494 4180 νέον.)
2540 4126 2612 4179 Τὸ
2643 4127 2731 4181 δέ’
2786 4147 2804 4178 ι
2830 4128 2921 4196 Μὴ
2955 4125 3144 4196 φοϐοῦ,
3192 4125 3428 4194 θύγατερ
3464 4126 3626 4189 Σιὼν,
3664 4145 3684 4177 ι

2098 4219 2204 4271 οὐδ’
2237 4218 2374 4278 ὅλως
2426 4218 2658 4288 εἴρηται.
2704 4217 2848 4289 Πλὴν
2889 4213 3092 4289 ῑδωμεν
3133 4217 3237 4271 ὑπὸ
3273 4217 3493 4271 πάντων
3531 4219 3690 4271 ἐκτε-

2099 4308 2282 4370 θέντος
2312 4307 2408 4360 τοῦ
2443 4309 2784 4380 πῳφητικοῦ
2829 4296 3010 4376 λόγου,
3047 4311 3094 4362 εί
3127 4309 3201 4380 μὴ
3229 4309 3440 4380 χαίρειν
3474 4309 3688 4381 σφόδρα

421 4415 587 4465 nem,
631 4400 915 4456 videamus
942 4415 1146 4456 annon
1179 4401 1492 4456 necessario
1545 4401 1889 4472 gaudendum
1923 4402 1994 4457 sit

2116 4400 2370 4472 ὶυγατέρα
2391 4400 2530 4455 Σιὼν
2562 4402 2856 4468 ἀναγκαῖον
2876 4417 2888 4429 ·
2918 4398 3015 4470 τὴν
3053 4400 3111 4452 δέ
3148 4401 3432 4472 κρείττονα
3479 4400 3686 4472 ταύτης

420 4491 548 4547 tilia:
581 4491 735 4558 Sion,
773 4501 936 4561 atque
980 4491 1083 4546 hac
1123 4491 1493 4562 praestantiori
1534 4491 1656 4546 tiliae
1692 4491 1991 4548 Jerusalem

421 4598 529 4639 non
580 4581 754 4638 solum
775 4581 939 4637 valde
963 4581 1209 4653 gaudere
1230 4619 1247 4644 ,
1279 4595 1467 4636 verum
1495 4581 1661 4637 etiam
1695 4583 1993 4652 praadicare

416 4687 643 4730 necesse
669 4673 950 4740 sitregem
1000 4687 1157 4726 suum
1202 4671 1609 4738 advenientem,
1653 4671 1884 4744 justum,
1935 4684 1992 4730 et

415 4774 746 4831 servantem,
775 4773 830 4820 et
865 4773 1230 4828 mansuetum,
1263 4778 1328 4819 eo
1367 4764 1510 4834 quod
1540 4779 1704 4833 super
1735 4765 1991 4836 subjuga-

411 4855 520 4910 letn
563 4865 617 4910 et
658 4854 871 4924 pullum
922 4871 1120 4910 novum
1170 4855 1503 4912 ascenderit.
1531 4843 1795 4926 Quisquis
1825 4857 1988 4926 igitur

411 4946 588 5015 ipsum
641 4945 926 5014 receperit,
985 4961 1089 5000 non
1125 4945 1191 4998 .in
1233 4955 1519 5013 posterum
1557 4946 1873 5002 formidabit
1903 4947 1984 5002 di-

410 5051 584 5093 versae
615 5044 780 5091 sectae
807 5035 1056 5089 homines
1101 5035 1427 5104 eloquentia:
1479 5035 1690 5091 viribus
1715 5049 1982 5104 armatos,

409 5125 502 5194 qui
525 5139 723 5181 currus
755 5122 1011 5194 Ephraim
1044 5122 1322 5188 dicuntur,
1346 5133 1405 5178 et
1429 5139 1459 5178 a
1484 5125 1602 5182 Deo
1641 5127 1884 5180 exscindi
1911 5128 1980 5194 θ’,

2101 4491 2375 4563 θυγατέρα
2410 4492 2767 4563 Ἰερουσαλὴμ
2787 4491 2848 4544 ού
2875 4491 3034 4562 μόνον
3062 4491 3268 4562 χαίρειν
3297 4491 3523 4562 σφόδρα,
3543 4491 3683 4545 ἀλλὰ

2101 4574 2193 4636 καὶ
2221 4583 2516 4654 κηρύσσειν
2545 4582 2626 4636 δεῖ
2645 4582 2739 4636 τοῦ
2777 4581 3037 4651 βασιλέως
3067 4582 3238 4653 αὐτῆς
3259 4584 3554 4654 ἐρχομένου
3582 4583 3680 4636 τοῦ

2096 4673 2327 4740 δικαίου,
2349 4673 2445 4726 καὶ
2472 4671 2755 4737 σώζοντος,
2779 4675 2872 4727 καὶ
2894 4673 3091 4744 πράου,
3115 4673 3201 4726 διὰ
3228 4673 3322 4726 τοῦ
3350 4674 3681 4743 ἐπιϐεϐηκέ-

2097 4783 2183 4819 ναι
2208 4765 2286 4835 τῷ
2311 4765 2589 4836 ὑποζυγίῳ
2617 4765 2710 4818 καὶ
2735 4765 2812 4832 τῷ
2838 4766 2942 4835 νέῳ
2965 4764 3148 4835 πώλῳ.
3177 4766 3292 4829 Πᾶς
3319 4765 3448 4834 γοῦν
3473 4766 3502 4817 6
3526 4765 3678 4832 δεξά-

2099 4873 2256 4926 μενος
2279 4857 2439 4910 αὑτὸν
2463 4856 2646 4910 οὐκέτι
2673 4856 3036 4928 φοϐηθήσεται
3062 4859 3185 4920 τοὺς
3217 4857 3324 4910 τῶν
3349 4857 3675 4926 ἑτεροδόξων

2092 4949 2469 5020 ὡπλισμένους
2507 4952 2619 5013 τοῖς
2653 4951 2896 5013 πιθανοῖς
2934 4949 3131 5018 λόγοις,
3169 4948 3392 5020 ἅρματα
3430 4949 3672 5022 Ἐςρραῖμ

2092 5039 2378 5110 λεγόμενα,
2421 5041 2526 5093 ὑπὸ
2554 5039 2648 5093 τοῦ
2687 5040 2889 5112 Κυρίου
2936 5038 3406 5110 ἐξολοθρευόμενα,
3430 5041 3552 5093 οὐδὲ
3578 5040 3669 5093 τὸν

2089 5132 2259 5203 ψευδῆ
2285 5134 2450 5186 ἵππον
2478 5135 2556 5196 είς
2593 5134 2886 5204 σωτηρίαν,
2922 5132 3201 5204 θηλυμανῆ
3236 5133 3528 5202 ἐπιθυμίαν
3552 5137 3666 5197 τοῖς

408 5215 614 5286 quique
659 5214 863 5270 multos
894 5214 1093 5270 laedunt
1118 5254 1134 5280 ,
1173 5214 1476 5272 Jerusalem
1524 5216 1772 5272 habitare
1798 5227 1857 5272 et
1892 5220 1978 5274 in-

2116 5223 2364 5292 ιίσθητοῖς
2387 5223 2764 5294 οἰκειωμένην,
2792 5223 2888 5276 καὶ
2917 5221 3145 5286 πολλοὺς
3169 5222 3278 5276 τῶν
3301 5224 3360 5277 ἐν
3394 5223 3664 5292 Ἰερουσα-

409 5306 631 5362 tendere
677 5306 919 5362 volentes
965 5321 1112 5362 sana:
1156 5307 1419 5364 doctrina:
1465 5324 1480 5362 :
1515 5322 1624 5363 non
1663 5306 1980 5367 formidabit

2116 5314 2198 5383 iw.
2225 5313 2393 5365 οἰκεῖν
2423 5311 2705 5376 θελόντων,
2752 5313 2846 5366 καὶ
2872 5312 2950 5384 τῷ
2983 5314 3128 5382 ύγιεῖ
3160 5313 3301 5384 λόγῳ
3349 5312 3659 5384 προσέχειν,

479 5426 524 5457 ⁸⁸
569 5425 734 5482 Marc.
773 5430 968 5492 x1,15.
1059 5429 1106 5462 ⁸⁸
1155 5425 1288 5482 Luc.
1323 5423 1552 5488 xix,M,
1577 5423 1670 5480 45.
1749 5425 1795 5457 ⁸⁸
1827 5425 1985 5482 Joan.
2024 5444 2085 5493 ιι,
2121 5432 2208 5486 15.

2306 5431 2350 5462 ⁸⁸
2379 5429 2536 5486 Joan.
2572 5447 2639 5484 xu
2667 5470 2683 5494 ,
2726 5431 2814 5485 12.
2907 5432 2951 5465 “
2991 5431 3120 5486 ibid.
3158 5431 3246 5486 15.
3323 5431 3367 5464 ⁸⁸
3405 5433 3535 5488 ibid.
3566 5436 3656 5492 14.

409 5497 453 5527 "'
476 5496 650 5551 Galat.
675 5513 715 5562 ι,
742 5497 799 5549 1.
872 5499 918 5531 ⁸⁸
943 5497 1105 5554 Joan.
1139 5513 1238 5562 xu,
1266 5495 1353 5550 15.
1433 5494 1500 5526 ⁶⁸’
1530 5493 1697 5551 Zacb.
1727 5496 1862 5561 tx,9.
1954 5498 1998 5531 °°

2116 5502 2160 5554 ιι.
2192 5500 2278 5554 10.

482 5607 594 5678 (84)
653 5607 966 5676 Ἐχόντων.
1014 5608 1104 5664 Sic
1156 5609 1325 5666 codex
1383 5608 1742 5678 Bodleianus,
1793 5618 1973 5678 recte;

406 5675 628 5745 Regius,
655 5675 817 5746 male,
843 5678 1131 5748 ἀρχόντων.

2159 5610 2272 5685 (8.5)
2299 5611 2474 5685 Codex
2507 5611 2851 5685 Qodleianus,
2892 5613 3079 5685 τούτου
3103 5631 3134 5685 °_
3153 5615 3372 5685 Regius,
3400 5617 3581 5672 τοῦτο.

2039 5711 2042 5714 ~
2157 5683 2292 5754 (85‘)
2320 5683 2499 5740 Codex
2528 5681 2755 5752 Regius,
2793 5683 3200 5755 μεταϐεϐηκὼς.
3225 5681 3292 5727 Σ-
3313 5684 3494 5742 Locus
3538 5697 3654 5742 tur-
