4020 6216
298 254 411 313 365
720 276 723 277 '
1398 256 1757 316 COMMENT.
1794 256 1860 313 IN

1962 258 2090 314 DAN.
2135 259 2373 316 TOMUS
2412 262 2479 319 Χ.
3443 264 3545 320 566

291 381 605 453 βλάπτοντα
621 377 803 451 (85“).
826 380 981 435 Ἔστι
1002 380 1060 434 δέ
1081 379 1292 452 χαίρειν
1316 378 1467 444 ἄξιον
1490 379 1584 433 ἐπὶ
1603 379 1681 450 τῷ
1706 378 1860 446 ἐξολο

1985 380 2151 435 etiam
2181 395 2380 450 equum
2418 380 2671 436 fallacem
2708 381 2775 435 ad
2807 380 3038 438 salutem
3062 380 3134 449 "°,
3186 381 3289 435 hoc
3337 389 3422 434 est
3453 380 3549 434 de-

290 472 585 544 θρεύεσθαι
625 472 732 526 ὖπδ
767 471 862 526 τοῦ
893 472 1185 543 ὀχουμένου
1216 472 1296 543 τῷ
1324 470 1624 541 ὑποζυγίῳ,
1666 471 1762 525 καὶ
1794 469 1860 541 τᾷ

1976 473 2241 529 siderlum
2276 475 2525 529 insanum
2560 484 2613 530 et
2649 474 2812 529 rebus
2836 474 2936 529 sub
2981 488 3198 530 sensum
3229 474 3548 529 cadentibus

288 564 398 633 νέῳ
432 562 598 634 πώλῳ
643 564 751 619 πᾶν
780 560 934 625 τόξον
964 561 1278 633 πολεμικὸν,
1320 561 1507 615 οὐκέτι
1538 561 1648 615 τῶν
1698 578 1860 615 πεπυ-

1974 562 2271 619 familiare.
2307 565 2391 618 Ad
2420 564 2533 619 haec
2562 564 2800 634 gaudere
2828 565 3052 633 dignum
3083 572 3188 626 est,
3217 578 3283 617 eo
3309 564 3453 631 quod
3478 565 3547 617 ab

291 653 554 724 ρωμένων
583 652 752 724 βελῶν
777 651 872 706 τοῦ
904 652 1100 725 ἐχθροῦ
1126 651 1527 723 κατισχυόντων
1558 651 1653 705 τοῦ
1696 668 1860 723 παρα-

1973 668 2040 711 eo
2066 655 2432 711 exscindatur
2462 670 2621 710 arcus
2650 654 2877 710 bellicus
2907 656 2976 721 ",
3011 656 3105 725 qui
3137 654 3355 709 vehitur
3388 668 3546 723 super

285 743 580 816 δεξαμένου
619 744 711 799 τὸν
768 742 977 814 Ἰησοῦν
1007 744 1088 807 είς
1115 742 1175 797 τὸ
1205 742 1403 797 ἐαυτοῦ
1435 743 1606 814 ἱερόν·
1635 741 1784 796 ἔσται
1812 742 1860 796 δὲ

1974 743 2343 815 subjugatem,
2371 753 2426 799 et
2456 744 2660 814 pullum
2705 759 2928 809 novum,
2965 759 3070 798 non
3100 743 3402 799 valentibus
3435 756 3548 795 am-

285 835 384 889 καὶ
413 835 616 906 πλῆθος
641 834 779 905 μετὰ
802 835 1026 906 εἰρήνης
1051 834 1160 889 άπὸ
1178 834 1286 888 τῶν
1304 833 1473 887 ἐθνῶν
1494 834 1552 887 tv
1572 836 1639 904 τῇ
1675 833 1869 906 Ἰερου-

289 924 473 995 σαλὴμ
498 922 593 976 τοῦ
626 923 876 995 Σωτῆρος
907 923 1189 995 ἐπιδημίᾳ,
1209 923 1466 994 ἄρχοντος
1496 922 1606 977 τῶν
1637 922 1865 987 ὑδάτων,

285 1011 378 1066 ἴνα
416 1011 677 1083 συντρίψῃ
718 1011 820 1075 τὰς
870 1010 1114 1080 κεφαλάς
1152 1010 1260 1064 τῶν
1296 1009 1604 1078 δρακόντων
1645 1010 1739 1062 ἐπὶ
1769 1010 1865 1064 τοῦ

283 1101 499 1167 ὕδατος,
548 1103 646 1157 καὶ
688 1104 1023 1175 πατήσωμεν
1058 1102 1127 1156 τὰ
1162 1100 1380 1172 κύματα
1427 1101 1527 1172 τῆς
1569 1101 1863 1174 Θαλάσσης,

284 1192 578 1261 φθάνοντες
620 1194 729 1259 ἕως
760 1194 870 1247 τῶν
908 1191 1195 1246 διεκδολῶν
1241 1191 1460 1245 πάντων
1486 1193 1594 1245 τῶν
1632 1191 1726 1244 ἐπὶ
1764 1193 1867 1263 γῆς

284 1300 426 1337 ποτα
434 1284 569 1355 μῶν.
600 1286 667 1338 ⁸⁸0
702 1284 947 1355 μέντοιγε
970 1284 1195 1354 Μάρκος
1218 1282 1349 1354 περὶ
1370 1282 1470 1353 τῆς
1492 1282 1613 1336 δνου
1640 1282 1867 1353 γράφων

281 1374 454 1443 φησὶν
480 1372 589 1444 (86)
614 1374 864 1444 εἰρῆσθαι
893 1373 998 1426 ὑπὸ
1016 1372 1110 1426 τοῦ
1141 1373 1369 1444 Κυρίου,
1401 1392 1421 1425 ι
1456 1373 1571 1442 Ἐφ’
1599 1372 1658 1426 δν
1693 1372 1865 1436 οὐδεὶς

279 1462 440 1516 οὔπω
467 1462 767 1534 ἀνθρώπων
797 1463 1039 1527 ἐκάθισε,
1067 1482 1087 1515 ι
1135 1463 1287 1517 δοκεῖ
1316 1480 1407 1534 μοι
1447 1462 1777 1516 αἰνίττεσθαι
1801 1462 1865 1516 τὸ

284 1553 513 1625 μηδέπω
551 1553 682 1607 ποτέ
724 1553 866 1624 λόγῳ
916 1553 1313 1624 ὕποτεταχέναι
1355 1554 1581 1616 ἑαυτοὺς
1618 1553 1724 1623 πρὸ
1764 1553 1862 1625 τῆς

294 1645 471 1717 Ἰησοῦ
508 1646 619 1718 (87)
662 1648 721 1701 tv
760 1647 948 1710 αὐτοῖς
991 1645 1291 1717 ἐπιδημίας
1330 1645 1456 1707 τοὺς
1497 1644 1715 1715 ὕστερον
1763 1661 1862 1697 πε-

282 1714 665 1803 πιστευκότας.
700 1739 856 1810 Τάχα
893 1738 1003 1810 γὰρ
1041 1714 1345 1808 ἀνθρώπων
1389 1734 1490 1805 μὲν
1542 1714 1715 1797 ούδείς
1767 1751 1857 1787 πω
1890 1714 1931 1773 θ

280 1831 513 1895 καθίσας
536 1832 628 1885 ἐπὶ
648 1832 738 1886 τὸν
762 1830 939 1885 πῶλον
954 1825 1041 1900 ἦν,
1065 1828 1270 1899 θηρίων
1292 1823 1348 1878 δέ
1375 1825 1407 1894 ἢ
1435 1824 1542 1877 τῶν
1563 1823 1858 1896 ἀλλοτρίων

279 1922 374 1976 τοῦ
399 1922 558 1991 λόγου
583 1920 867 1993 δυνάμεων
887 1936 1030 1983 τινες
1047 1915 1405 1973 ἐπεκάθισαν·
1433 1914 1556 1968 ἐπεὶ
1575 1916 1604 1968 ὁ
1629 1913 1858 1978 πλοῦτος

278 2014 390 2067 τῶν
422 2014 817 2085 ἀντικειμένων
848 2011 1128 2081 δυνάμεων
1160 2009 1254 2062 καὶ
1292 2006 1444 2079 παρὰ
1483 2006 1564 2078 τῷ
1603 2008 1858 2080 προφήτῃ

293 2106 496 2177 Ἡσαΐᾳ
525 2108 617 2160 ἐπὶ
648 2106 785 2159 δνων
820 2101 1078 2175 φέρεσθαι
1112 2100 1207 2154 καὶ
1237 2098 1497 2171 καμήλων
1530 2097 1743 2167 λέγεται
1771 2096 1860 2151 διὰ

281 2197 521 2251 τούτων’
559 2213 578 2247 ι
602 2196 689 2248 Ἑν
718 2197 785 2265 τῇ
821 2192 995 2262 θλίψει
1029 2192 1123 2245 καὶ
1154 2192 1221 2261 τῇ
1254 2188 1587 2261 στενοχωρίᾳ
1603 2188 1740 2242 λέων
1764 2187 1861 2241 καὶ

280 2287 519 2358 σκύμνος
541 2324 558 2351 ,
626 2283 833 2338 ἐκεῖθεν
890 2282 983 2337 καὶ
1051 2282 1248 2350 ἔκγονα
1307 2279 1550 2334 ἀσπίδιον
1625 2277 1858 2349 πετομέ-

279 2398 410 2444 νων,
426 2383 475 2433 οἳ
496 2380 685 2451 ἔφερον
706 2376 800 2429 ἐπὶ
818 2374 952 2428 ὄνων
979 2373 1076 2426 καὶ
1099 2371 1362 2443 καμήλων
1390 2372 1481 2424 τὸν
1514 2370 1741 2426 πλοῦτον
1760 2370 1860 2424 a6-

276 2471 407 2525 τῶν.
423 2491 440 2523 ι
450 2468 685 2523 Πυστέον
698 2467 756 2520 δέ
770 2465 932 2520 πάλιν
947 2465 1055 2519 τῶν
1070 2462 1200 2534 ψιλῇ
1216 2465 1282 2533 τῇ
1301 2461 1442 2526 λέξει
1462 2463 1855 2535 προσεχόντων,

275 2565 331 2616 εί
364 2562 440 2633 μὴ
470 2564 589 2616 κατ’
624 2559 820 2621 αὐτοὺς
862 2556 1106 2628 ματαίως
1146 2554 1213 2608 ἂν
1245 2553 1395 2620 δόξαι
1428 2551 1734 2624 γεγράφθαι
1762 2552 1854 2606 τό’

281 2673 304 2706 ι
329 2654 446 2722 Ἐφ’
478 2652 537 2705 δν
574 2650 749 2713 οὐδεὶς
781 2647 934 2701 οὔπω
963 2644 1265 2717 ἀνθρώπιον
1305 2643 1578 2699 ἐκάθισε.ι
1624 2644 1721 2706 Τίς
1750 2643 1861 2714 γὰρ

274 2743 432 2815 παρὰ
476 2741 760 2813 ἄνθρωπον
808 2736 1100 2802 καθέζεται
1150 2736 1244 2789 ἐπὶ
1298 2734 1505 2801 πῶλον;
1533 2734 1645 2789 Καὶ
1688 2733 1863 2789 ταῦτα

278 2834 383 2906 μὲν
414 2834 483 2888 τὰ
510 2832 771 2904 ἡμέτερα.
804 2848 811 2855 -

1969 836 2110 905 plius
2139 836 2346 890 inimici
2376 836 2565 904 ignitis
2599 835 2815 906 sagittis
2846 836 3110 892 adversus
3143 849 3289 896 eum.
3327 834 3419 902 qui
3457 848 3549 889 re-

1968 925 2178 994 ceperit
2218 924 2380 997 194
2409 924 2597 981 Jesum
2626 926 2678 981 in
2710 941 2867 982 suum
2902 924 3181 995 templum.
3212 924 3335 979 Erit
3360 933 3545 979 autem

1968 1013 2023 1068 in
2071 1012 2375 1072 Jerusalem
2421 1016 2714 1072 multitudo
2760 1032 2825 1072 ex
2871 1016 3126 1088 gentibus
3159 1030 3284 1070 cum
3316 1029 3447 1084 pace
3469 1014 3545 1079 ",

1970 1103 2285 1163 Servatoris
2311 1107 2575 1173 adventu,
2607 1106 2929 1177 imperantis
2958 1105 3116 1176 aquis
3138 1143 3155 1171 ,
3208 1114 3268 1158 ut
3293 1112 3547 1160 conterat

1974 1197 2153 1266 capita
2186 1199 2483 1253 draconum
2518 1199 2572 1253 in
2601 1212 2741 1266 aqua
2770 1196 2839 1263 ",
2870 1204 2928 1252 et
2974 1205 3033 1250 ut
3064 1194 3345 1250 calcentur
3386 1194 3547 1249 undae

1969 1288 2138 1343 maris
2166 1302 2196 1342 a
2244 1289 2403 1344 nobis
2446 1287 2889 1357 pervenientibus
2923 1299 3093 1356 usque
3122 1286 3189 1341 ad
3235 1285 3418 1340 exitus
3444 1283 3546 1338 llu-

1968 1379 2180 1434 viorum
2233 1380 2477 1436 omnium
2515 1381 2609 1451 qui
2639 1388 2766 1435 sunt
2796 1394 2962 1448 super
3016 1388 3241 1434 terram.
3272 1376 3544 1433 Caeterum

1966 1470 2109 1538 quod
2139 1469 2355 1526 Marcus
2381 1470 2451 1526 de
2484 1470 2631 1540 pullo
2678 1470 2930 1526 scribens
2977 1484 3006 1523 a
3057 1468 3288 1523 Domino
3337 1467 3542 1521 dictum

1963 1556 2138 1615 fuisse
2176 1559 2354 1628 inquit
2386 1576 2402 1613 :
2436 1577 2456 1611 ι
2494 1560 2671 1629 Super
2703 1544 3061 1629 quem‘nemo
3088 1570 3327 1627 unquam
3364 1555 3543 1610 homi-

1964 1665 2095 1704 num
2144 1640 2378 1716 sedit",
2418 1668 2438 1703 ι
2472 1650 2702 1705 innuere
2737 1648 2872 1703 mihi
2917 1648 3133 1704 videtur
3161 1647 3305 1718 quod
3340 1646 3397 1702 hi
3447 1645 3542 1715 qui

1959 1748 2143 1810 postea
2170 1742 2546 1805 crediderunt,
2577 1754 2856 1811 nunquam
2885 1740 3090 1797 rationi
3138 1749 3302 1794 antea
3330 1738 3542 1808 seipsos

1959 1827 2332 1885 subdidissent
2355 1845 2518 1899 quam
2543 1828 2700 1886 Jesus
2729 1832 2873 1886 inter
2904 1830 3050 1901 ipsos
3074 1828 3376 1885 adveniret.
3402 1827 3537 1882 Nam

1959 1916 2214 1972 fortassis
2270 1918 2556 1973 hominum
2607 1932 2768 1974 nemo
2800 1934 3037 1988 unquam
3070 1919 3344 1975 insederat
3368 1918 3535 1989 pullo,

1959 2019 2081 2061 cum
2110 2008 2313 2078 alioqui
2344 2023 2414 2063 ex
2463 2008 2599 2064 feris
2633 2009 2717 2065 vel
2744 2024 2811 2064 ex
2850 2009 2935 2064 his
2965 2009 3326 2077 potestatibus
3356 2024 3478 2079 quae
3504 2024 3539 2065 a

1961 2097 2177 2153 ratione
2210 2097 2403 2154 aliena:
2432 2107 2613 2168 erant,
2642 2100 2838 2170 aliqua:
2885 2101 3216 2156 insedissent
3250 2117 3266 2156 :
3294 2102 3541 2171 quando-

1958 2187 2180 2258 quidem
2223 2188 2430 2245 divitize
2476 2190 2915 2245 adversariarum
2964 2192 3331 2261 potentiarum
3372 2190 3537 2245 etiam

1958 2276 2099 2346 apud
2124 2275 2321 2333 lsaiam
2343 2278 2666 2349 prophetam
2690 2293 2855 2348 super
2880 2280 3066 2336 asinos
3085 2280 3390 2337 etcamelos
3407 2278 3539 2335 feni

1959 2366 2213 2423 dicantur
2243 2369 2329 2424 bis
2364 2369 2550 2425 verbis
2586 2387 2601 2423 :
2640 2388 2659 2422 ι
2700 2369 2759 2425 in
2796 2370 3169 2439 tribulatione,
3200 2380 3256 2427 et
3286 2376 3538 2443 angustia

1961 2456 2069 2522 leo,
2087 2466 2142 2513 et
2162 2461 2372 2515 catulus
2387 2460 2585 2527 leonis,
2606 2460 2732 2516 inde
2752 2461 2914 2516 etiam
2941 2462 3217 2531 genimina
3239 2463 3536 2517 volantium

1956 2548 2227 2619 aspidum,
2249 2549 2540 2605 ferentium
2565 2564 2732 2621 super
2758 2551 2941 2606 asinos
2966 2563 3024 2607 et
3056 2552 3295 2608 camelos
3317 2552 3538 2608 divitias

1956 2638 2165 2694 suas".
2194 2658 2213 2692 ι
2241 2638 2482 2696 Proinde
2503 2656 2717 2697 rursum
2739 2642 3108 2713 interrogandi
3129 2644 3363 2712 suntqui
3381 2644 3540 2698 nuda:

1960 2727 2154 2785 littera:
2178 2741 2307 2786 sunt
2329 2731 2549 2799 intenti,
2575 2747 2644 2788 an
2675 2749 2781 2789 non
2805 2733 3017 2802 judicio
3044 2749 3144 2790 suo
3164 2734 3368 2790 frustra
3400 2735 3540 2790 scri-

1960 2829 2112 2891 ptum
2162 2820 2332 2879 fuisse
2382 2824 2680 2880 videatur:
2723 2842 2743 2876 ι
2802 2822 2977 2895 Super
3013 2840 3177 2894 quem
3226 2840 3387 2882 nemo
3432 2840 3539 2881 un-

272 2941 440 2997 quam
470 2926 747 2981 hominum
796 2921 958 2978 sedit.
1005 2938 1024 2973 ι
1055 2919 1188 2987 Quis
1215 2919 1384 2985 enim,
1414 2926 1611 2989 praeter
1642 2916 1940 2985 hominem,
1976 2930 2140 2986 super
2175 2917 2353 3009 pullos
2391 2919 2669 2975 asinorum
2699 2920 2896 2976 sedet?
2929 2920 2999 2975 Et
3029 2934 3128 2975 nos
3170 2920 3387 2989 quidem
3432 2920 3539 2976 sic.

350 3022 440 3077 19.
467 3021 694 3090 Ἰδωμεν
714 3019 770 3073 δὲ
791 3016 973 3073 καὶτὰ
1000 3013 1393 3087 Ἡρακλέωνος,
1413 3014 1473 3077 ὃς
1491 3029 1625 3083 φησι
1650 3012 1750 3083 τὴν
1780 3012 1860 3075 είς

2039 3010 2130 3066 19.
2152 3012 2442 3068 Videamus
2460 3027 2592 3069 vero
2614 3028 2736 3081 quae
2765 3012 3066 3070 lleracieon
3086 3013 3251 3078 dicat,
3286 3012 3540 3083 inquiens

285 3112 637 3183 Ἰεροσόλυμα
660 3110 768 3181 (88)
800 3108 982 3163 ἄνοδον
1017 3104 1301 3177 σημαίνειν
1330 3103 1442 3175 (89)
1468 3102 1566 3175 τὴν
1605 3102 1714 3156 ἀπὸ
1749 3101 1858 3155 τῶν

277 3204 480 3260 ὑλικῶν
510 3205 590 3266 είς
612 3201 704 3255 τὸν
723 3199 951 3270 ψυχικὸν
975 3198 1161 3263 τόπον,
1189 3196 1529 3267 τυγχάνοντα
1550 3194 1737 3247 είκόνα
1759 3193 1859 3264 τῆς

287 3293 664 3365 Ἰερουσαλὴμ,
710 3290 971 3344 ἀνάϐασιν
1009 3287 1104 3341 τοῦ
1152 3288 1381 3359 Κυρίου.
1408 3285 1482 3339 Τὸ
1508 3285 1599 3339 δέ·
1640 3304 1659 3337 ι
1684 3279 1859 3354 Εὗρεν

278 3390 338 3442 ἐν
362 3386 439 3458 τῷ
464 3384 615 3456 ίερῷ,
637 3403 656 3436 ι
690 3384 784 3437 καὶ
807 3382 928 3452 οὐχ).
953 3382 1063 3435 τῶν
1090 3381 1202 3435 άνω
1226 3380 1396 3433 οἴεται
1421 3377 1690 3451 εἰρῆσθαι,
1718 3377 1859 3449 ὑπὲρ

278 3475 375 3530 τοῦ
408 3476 483 3547 μὴ
516 3476 616 3545 τὴν
659 3472 850 3543 κλῆσιν
881 3470 1050 3542 μόνην
1079 3469 1336 3541 νοηθῆναι
1363 3466 1461 3538 τὴν
1492 3466 1660 3537 χωρὶς
1688 3464 1858 3518 Πνεύ-

283 3585 454 3639 ματος
498 3564 806 3637 βοηθεῖσθαι
849 3563 955 3615 ὑπὸ
999 3560 1090 3615 τοῦ
1132 3559 1357 3631 Κυρίου·
1392 3560 1605 3629 ἡγεῖται
1643 3555 1753 3627 γὰρ
1788 3554 1860 3609 τά

283 3659 383 3729 μὲν
412 3658 580 3725 ’Δγια
616 3655 724 3708 τῶν
759 3653 929 3721 ἁγίων
960 3648 1100 3705 εἶναι
1138 3651 1199 3704 τὸ
1245 3648 1410 3720 ἱερὸν,
1451 3649 1531 3712 εἰς
1562 3647 1598 3701 ἃ
1633 3647 1793 3718 μόνος
1829 3648 1859 3700 ὁ

280 3746 571 3818 ἀρχιερεὺς
593 3744 787 3815 εἰσῄει,
811 3742 938 3796 ένθα
959 3743 1140 3812 οίομαι
1163 3739 1325 3794 αὐτὸν
1348 3738 1527 3805 λέγειν
1556 3738 1684 3800 τοὺς
1704 3752 1860 3790 πνευο

283 3838 546 3908 ματικοὺς
584 3838 797 3907 χωρεῖν·
831 3834 899 3888 τά
940 3832 997 3885 δὲ
1044 3829 1138 3885 τοῦ
1190 3830 1449 3902 προνάου,
1495 3830 1639 3908 ὃπου.
1670 3827 1766 3879 καὶ
1806 3826 1857 3879 oi.

281 3925 522 3993 Λευῖται,
560 3926 825 3997 σύμϐολον
873 3920 1013 3977 εἶναι
1057 3922 1165 3978 τῶν
1213 3921 1319 3988 ἔξω
1364 3918 1458 3972 τοῦ
1486 3915 1859 3990 Πληρώματος

280 4018 527 4091 ψυχικῶν
553 4017 686 4089 (90),
724 4013 1126 4087 εὑρισκομένων
1168 4012 1226 4065 tv
1267 4009 1537 4082 σωτηρίᾳο
1572 4008 1709 4079 πρὸς
1739 4005 1859 4059 τού-

280 4128 393 4173 τοις
418 4110 544 4172 τους
564 4107 983 4180 εὑρισκομένους
1008 4108 1065 4158 ἐν
1083 4102 1161 4175 τῷ
1184 4101 1335 4174 ίερῷ,
1362 4100 1677 4163 πωλοῦντας
1706 4098 1853 4169 βόας,

281 4204 376 4257 καὶ
417 4200 688 4273 πρόδατα,
720 4198 814 4253 καὶ
844 4194 1194 4268 περιστερὰς,
1227 4192 1324 4247 καὶ
1349 4193 1477 4256 τοὺς
1514 4190 1858 4264 καθημένους

282 4292 684 4368 κερματιστὰς,
735 4289 1012 4359 ἐξεδέξατο
1051 4285 1304 4355 λέγεσθαι
1359 4284 1479 4338 ἀντὶ
1531 4282 1640 4337 τῶν
1687 4281 1855 4354 μηδὲν

1961 3102 2176 3159 Domini
2194 3117 2483 3159 ascensum
2504 3107 2572 3160 ad
2586 3101 2985 3177 Jerosolymam
3008 3103 3321 3175 significare
3347 3119 3541 3160 ascen-

1961 3205 2077 3247 sum
2107 3207 2137 3246 a
2169 3192 2544 3249 materialibus
2573 3194 2642 3249 ad
2664 3194 2957 3250 animalem
3001 3194 3203 3260 locum,
3242 3193 3538 3265 imaginem

1962 3283 2320 3339 exsistentem
2350 3282 2703 3355 Jerosoiyma:
2728 3302 2745 3340 :
2776 3285 2908 3341 illud
2939 3287 3102 3343 etiam
3141 3303 3157 3342 :
3193 3304 3212 3339 ι
3242 3286 3452 3343 Invenit
3481 3287 3540 3343 in

1961 3373 2160 3443 templo
2189 3374 2259 3441 ",
2298 3393 2320 3428 ι
2352 3389 2457 3430 non
2487 3375 2690 3431 dictum
2720 3375 2891 3433 fuisse
2932 3377 3256 3433 existimans
3301 3378 3368 3434 de
3403 3378 3542 3434 locis

1960 3464 2230 3533 supernis,
2262 3478 2335 3520 ne
2366 3462 2795 3535 intelligeremus
2831 3467 3168 3523 vocationem
3199 3467 3397 3534 solam,
3420 3465 3543 3521 sine

1960 3553 2194 3623 Spiritus
2223 3568 2348 3625 ope,
2379 3553 2627 3623 adjuvari
2669 3571 2699 3609 a
2752 3556 3008 3611 Domino.
3058 3556 3351 3611 Existimat
3391 3554 3541 3610 enim

1961 3643 2221 3713 templum
2250 3657 2375 3700 esse
2403 3642 2606 3699 Sancta
2628 3653 2962 3709 sanctorum,
2991 3647 3045 3700 in
3068 3660 3191 3715 qua:
3218 3645 3372 3701 solus
3392 3658 3542 3701 sum-

1958 3752 2082 3792 mus
2127 3736 2375 3807 pontifex
2419 3735 2850 3805 ingrediebatur,
2895 3750 3004 3807 quo
3050 3738 3218 3792 etiam
3263 3736 3541 3807 proficisci

1957 3826 2271 3895 spirituales
2294 3825 2537 3882 arbitror
2566 3824 2718 3880 illum
2749 3825 2966 3895 dicere;
3018 3827 3344 3883 vestibulum
3373 3818 3538 3899 ivero,

1957 3916 2050 3971 ubi
2083 3916 2247 3971 etiam
2277 3915 2481 3972 Levita
2508 3925 2687 3983 erant,
2719 3918 3027 3974 arbitratur
3073 3929 3263 3975 notam
3296 3933 3420 3975 esse
3447 3933 3541 3974 ea-

1957 4022 2078 4062 rum
2102 4007 2409 4064 animarum
2433 4021 2558 4080 quae
2587 4008 2941 4067 inveniuntur
2963 4011 3020 4066 in
3046 4012 3227 4066 salute
3247 4021 3403 4066 extra
3426 4009 3541 4066 Ple-

1958 4113 2132 4155 roma.
2172 4100 2257 4156 Ad
2283 4101 2400 4157 haec
2431 4102 2681 4158 inventos
2705 4102 2758 4157 in
2792 4102 2993 4171 templo
3021 4105 3322 4158 vendentes
3347 4104 3535 4167 boves,

1956 4199 2012 4247 et
2029 4204 2187 4259 oves,
2215 4202 2272 4247 et
2306 4191 2608 4261 columbas,
2654 4203 2711 4250 et
2757 4195 3015 4252 sedentes
3049 4195 3356 4251 mensarios
3381 4233 3397 4259 ,
3434 4196 3540 4249 dici

1956 4282 2211 4352 exposuit
2238 4297 2336 4354 pro
2367 4284 2452 4341 his
2478 4286 2572 4356 qui
2605 4285 2739 4341 nihil
2769 4286 2957 4357 gratias
2986 4287 3254 4352 tribuunt,
3277 4286 3371 4341 sed
3396 4297 3540 4338 mer-

280 4362 463 4459 χάριτι
486 4383 756 4445 διδόντων,
803 4378 920 4433 ἀλλ’
970 4375 1238 4447 ἐμπορίαν
1269 4374 1365 4427 καὶ
1392 4371 1584 4445 κέρδος
1609 4370 1708 4441 τὴν
1743 4369 1852 4424 τῶν

1962 4382 2200 4429 naturam
2245 4384 2438 4445 putant
2475 4385 2533 4432 et
2563 4376 2776 4431 lucrum
2814 4377 3120 4446 ingressum
3148 4386 3539 4434 extraneorum

282 4478 449 4545 ξένων
475 4476 554 4537 είς
575 4472 636 4527 τὸ
666 4471 812 4545 ἱερὸν
837 4469 1038 4523 είσοδον
1059 4466 1408 4537 νομιζόντων,
1435 4462 1529 4517 τοῦ
1557 4461 1683 4515 ίδίου
1725 4460 1854 4532 κέρ-

281 4570 405 4632 δους
443 4567 537 4620 καὶ
572 4562 934 4635 φιλαργυρίας
963 4561 1167 4624 ἕνεκεν,
1213 4556 1311 4621 τὰς
1350 4556 1430 4618 είς
1460 4554 1559 4623 τὴν
1602 4552 1854 4623 λατρείαν

279 4658 378 4712 τοῦ
416 4655 550 4710 Θεοῦ
589 4652 776 4716 θυσίας
813 4648 1191 4723 χορηγούντων
1209 4662 1223 4676 ο
1249 4645 1344 4699 καὶ
1367 4643 1430 4696 τὸ
1450 4639 1775 4713 φραγέλλιον
1798 4639 1857 4693 δὲ

352 4776 403 4810 ’⁸
433 4774 574 4829 Psal.
609 4785 785 4837 xxxtt,
816 4768 905 4824 17.
980 4768 1023 4799 ⁷⁸
1053 4765 1219 4822 Zach.
1248 4779 1327 4831 Ix,
1357 4760 1446 4817 10.
1540 4761 1586 4792 τ’
1626 4760 1755 4815 ibid.
1854 4762 1860 4792 τ

1962 4762 2077 4819 ’sal.
2109 4776 2305 4829 Lxxm,
2338 4763 2427 4818 15.

282 4849 332 4879 ’⁸
353 4846 514 4901 Joan.
545 4859 607 4909 ιι,
637 4841 727 4895 ιι.

282 4945 471 5003 batus.
501 4949 559 4993 ut
580 4939 815 5000 videtur,
842 4948 1016 5008 eoque
1041 4931 1205 5008 modo
1221 4928 1600 5008 restitnendus
1621 4932 1731 5008 quo
1770 4924 1851 4981 le-

284 4997 379 5083 in,
404 4997 694 5083 interpres,
731 4997 1043 5083 nempelsic
1072 5021 1087 5057 :
1130 5021 1149 5054 ι
1170 5002 1278 5083 ,Μῂ
1323 4997 1583 5083 φοὸοὖτ..
1608 4997 1855 5083 ,ἔρχεται

614 5065 706 5130 ἐπὶ
731 5065 1074 5168 πῶλόνήξνου,
1092 5091 1129 5168 ιι
1160 5065 1281 5168 ἀντ.)
1311 5065 1484 5168 τοῦ,οι
1502 5065 1860 5168 Eri-6667125);

288 5154 383 5207 ἐπὶ
411 5138 701 5215 θ’ποξύγιον
730 5142 1032 5215 καὶηπῶλον
1058 5142 1194 5196 νέον.
1231 5142 1388 5215 E_nt't'.
1420 5138 1661 5215 ΡΑῃιρι..

356 5205 846 5289 (85⁸⁸)Ῐῷαὐγεεῒ
1063 5209 1432 5289 ιπροσέχειγ,
1473 5205 1855 5289 βλάπτοντα.

289 5274 376 5343 ιιέ
396 5274 518 5343 τοδί
549 5274 979 5353 Βόύι.;’[ἰοεὶιιε”,
1004 5274 1314 5349 fetv-67:71"
1334 5280 1490 5346 λόγον
1538 5274 1851 5348 προσέχειν,

291 5358 724 5508 ῗλῗέξῖτιῖᾖσίν.
756 5422 915 5476 Deest
942 5419 997 5474 in
1030 5418 1220 5475 codice
1240 5416 1428 5487 Regio,
1452 5416 1545 5471 sed
1585 5422 1767 5470 exstat
1796 5412 1855 5467 in

288 5499 604 5554 Bodleiano.
1799 5551 1811 5564 .

292 5638 317 5639 ί
361 5567 476 5639 (87)
512 5560 727 5631 Ἰησοῦ.
778 5559 1131 5616 Desideratur
1191 5557 1244 5610 in
1310 5553 1500 5626 Regio,
1550 5552 1749 5624 legitur
1797 5566 1855 5610 tn

288 5638 608 5776 “233333);
650 5699 1045 5771 Ἱεροσόλυμα.
1072 5697 1233 5755 Deest
1253 5698 1332 5759 εἰς
1365 5695 1420 5752 in
1444 5692 1628 5751 codice
1652 5691 1843 5761 Regio.

1959 4461 2017 4517 in
2065 4464 2349 4534 templum,
2396 4465 2687 4530 victimas,
2734 4466 2941 4536 proprii
2999 4466 3135 4522 lucri
3192 4475 3249 4520 et
3297 4462 3541 4518 avaritiae

1960 4567 2151 4619 causa,
2183 4556 2251 4611 ad
2294 4556 2499 4611 cultum
2544 4557 2642 4612 Dei
2686 4558 3117 4628 suppeditantes.
3176 4555 3316 4623 Quin
3372 4555 3537 4611 etiam

1963 4642 2151 4699 Jesum
2201 4660 2234 4699 e
2283 4644 2536 4701 funiculis
2590 4646 2788 4702 fecisse
2829 4647 3123 4717 ﬂagellum,
3176 4661 3284 4702 non
3320 4648 3390 4701 ab
3434 4645 3541 4701 alio

2534 4762 2583 4795 "
2623 4763 2791 4818 Marc.
2817 4764 2894 4830 xi,
2929 4763 2985 4818 2.
3090 4761 3137 4794 τ’
3172 4759 3276 4818 lsa.
3307 4774 3443 4827 xxx,
3483 4759 3536 4815 6.

2027 4919 2142 4991 (89)
2178 4918 2605 4991 codexﬂegius,
2635 4919 2797 4991 male,
2832 4920 3108 4991 σημαίνει.

2024 4988 2289 5062 (90)ί1’ῶν
2316 4988 2562 5062 ἐξαίτοῦ
2587 4988 2978 5060 Πληρώμαξοι,
3012 4990 3308 5059 ψυχικῶν.
3344 4991 3541 5062 Deva-

1959 5057 2387 5115 lentinianornm
2412 5057 2734 5126 Pleromate,
2757 5057 2811 5116 et
2842 5062 2909 5114 iis
2933 5057 3053 5129 quae
3074 5057 3198 5114 sunt
3229 5068 3381 5115 extra
3417 5060 3539 5117 Ple-

1957 5145 2110 5186 roma
2142 5131 2360 5186 disserit
2401 5129 2738 5198 Epiphanius
2765 5145 2831 5184 ex
2854 5130 3077 5193 lrenmo,
3129 5131 3320 5183 Inmres.
3381 5146 3534 5197 xxxi,

1960 5215 2083 5269 cap.
2109 5198 2209 5265 16;
2246 5198 2623 5256 Tertullianns
2664 5199 3089 5255 Universitatem
3123 5199 3377 5269 appellat,
3409 5201 3534 5254 adv.

1974 5268 2260 5341 “lentim,
2282 5271 2459 5341 deqne
2481 5283 2543 5324 ea
2568 5271 2680 5339 agit
2699 5284 2830 5341 cum
2864 5270 2986 5341 hoc,
3014 5282 3174 5341 quem
3203 5268 3532 5341 dico,ul_ibr_o,

1957 5347 2069 5393 tum
2092 5340 2254 5394 etiam
2279 5336 2381 5393 lib.’
2398 5338 2470 5391 De
2489 5336 2787 5407 praicript.
2811 5339 3016 5407 advers.
3034 5336 3244 5403 limen,
3266 5346 3320 5391 et
3338 5336 3436 5407 lib.
3460 5338 3537 5393 De

1957 5409 2123 5462 anim.
2146 5408 2449 5462 Humanum
2473 5405 2651 5461 autem
2677 5405 2847 5475 genus
2874 5405 2925 5460 in
2956 5415 3066 5461 tres
3090 5407 3311 5463 ordines
3337 5406 3536 5463 Valen-

1959 5478 2148 5531 tiniani
2177 5477 2570 5546 distribuebant
2597 5490 2610 5525 :
2641 5476 3066 5546 πνευματικούς.
3095 5477 3145 5530 in
3169 5492 3402 5546 quorum
3437 5494 3537 5531 nn-

1958 5562 2168 5618 merurn
2208 5545 2494 5618 se_ipsi__ac
2536 5544 2824 5618 GnosticOs
2870 5544 3211 5618 referebant;
3244 5547 3529 5618 ψυχικούς,

1964 5620 2030 5688 de
2052 5616 2257 5688 quibus
2275 5615 2362 5667 hic
2386 5613 2709 5688 l|_erac|eon;
2736 5625 2788 5668 et
2808 5616 3125 5688 σαρκικούς.
3150 5613 3383 5688 consule
3410 5618 3516 5683 I'in-

1952 5683 2212 5761 phanium
2245 5683 2439 5742 haeresi
2470 5699 2623 5760 xxxi,
2653 5699 2772 5756 cap.
2806 5686 2836 5739 7
2867 5683 2922 5746 e't
2953 5689 3016 5747 t9
3040 5699 3094 5747 et
3124 5704 3239 5760 seq.
3268 5687 3469 5745 llusm
