4020 6216
477 317 547 374 56
561 316 586 367 7
871 321 873 323 ’
1916 301 2168 361 ORIGEN
2175 302 2238 359 IS

477 438 606 496 illud
669 435 986 508 accepisse,
1053 447 1151 489 suo
1212 446 1364 486 more
1431 429 1792 499 pronuntiat,
1849 422 2023 494 ﬂagel-

2144 421 2472 492 πεποιῆσθαι
2489 424 2554 475 ὲκ
2575 422 2822 492 σχοινίων
2839 420 2944 474 ὑπὸ
2957 419 3053 474 τοῦ
3081 418 3257 490 Ἰησοῦ
3278 417 3400 488 οὐχ).
3423 419 3554 488 παρ’
3567 419 3730 476 ἄλλον

478 532 584 585 lum
637 529 924 598 imaginem
977 542 1095 582 esse
1151 525 1342 580 dicens
1389 520 1643 591 potentia:
1699 526 1756 572 et
1815 516 2046 572 actionis

480 622 637 692 195
671 621 908 690 Spiritus
928 618 1099 674 sancti
1118 616 1370 680 eﬂlantis,
1393 625 1448 668 et
1473 611 1802 682 expellentis
1828 609 2002 664 malos
2027 623 2042 673 ;

476 722 530 765 et
576 710 751 778 inquit
806 708 1096 779 ﬂagellum,
1145 707 1335 771 linum,
1392 705 1699 766 simlonem,
1746 707 1800 755 et
1844 706 2042 754 caetera

476 801 624 867 talia,
654 799 946 870 imaginem
978 814 1099 854 esse
1137 797 1421 869 potentia,
1467 805 1523 852 et
1553 791 1888 864 Operationis
1919 787 2044 856 Spi-

465 880 603 934 ritus
627 881 820 935 sancti.
858 881 1050 935 Postea
1080 883 1181 936 sibi
1217 881 1444 935 assumit
1470 882 1612 950 quod
1639 881 1897 950 scriptum
1926 881 2064 937 non'

463 980 582 1043 est,
631 972 887 1027 nimirum
936 974 1080 1043 quod
1133 973 1398 1044 ﬂagellum
1447 973 1514 1028 ad
1559 973 1764 1044 lignum
1819 973 2038 1044 ligatum

463 1073 614 1129 erat;
667 1065 810 1134 quod
848 1065 1050 1134 lignum
1091 1064 1475 1132 interpretatus
1524 1071 1609 1118 est
1647 1063 1871 1135 ﬁguram
1919 1079 2042 1118 esse

464 1155 671 1219 crucis;
713 1163 769 1208 et
807 1154 982 1223 inquit
1020 1155 1124 1209 hoc
1172 1155 1317 1225 ligno
1353 1162 1704 1224 consumptos
1740 1162 1796 1207 et
1833 1153 2042 1208 deictus

464 1245 762 1312 aleatores,
826 1256 1155 1301 mercatores
1211 1262 1537 1316 omnemque
1593 1245 1870 1300 malitiam.
1931 1243 2043 1297 Nec

465 1338 578 1392 scio
607 1339 879 1408 quomodo
907 1353 1117 1409 nugans
1146 1339 1288 1393 dicat
1321 1338 1588 1409 ﬂagellum
1621 1353 1688 1392 ex
1728 1337 1878 1390 hisce
1907 1335 2044 1389 dua-

463 1429 567 1484 bus
597 1430 758 1484 rebus
786 1441 1030 1499 paratum
1063 1430 1247 1493 fuisse,
1282 1446 1531 1500 quaerens
1556 1430 1830 1500 quomodo
1855 1443 1884 1483 a
1914 1428 2044 1483 Jesu

466 1521 668 1575 factum
696 1507 869 1575 fuerit
908 1521 1036 1574 illud
1081 1539 1091 1573 :
1134 1536 1311 1590 neque
1347 1520 1491 1574 enim
1531 1535 1596 1575 ex
1634 1519 1807 1588 pelle,
1847 1517 2041 1588 inquit,

465 1623 679 1666 mortua
733 1612 862 1666 illud
919 1612 1080 1676 fecit,
1123 1623 1182 1666 ut
1217 1611 1515 1666 Ecclesiam
1568 1618 1898 1680 praepararet
1933 1623 2041 1664 non

359 1692 363 1697 ’
466 1703 697 1773 amplius
747 1704 1058 1772 speluncam
1111 1704 1382 1757 latronum
1419 1709 1474 1757 et
1512 1709 1908 1764 mercatorum,
1951 1699 2043 1754 sed

2145 511 2416 576 λαϐόντος,
2431 511 2747 582 ἰδιοτρόπως
2761 509 3115 578 ἀπαγγέλλει,
3132 508 3308 578 λέγων
3327 509 3388 562 τὸ
3405 510 3728 581 φραγέλλ·ον

2143 601 2328 654 είκόνα
2365 601 2650 672 τυγχάνειν
2669 599 2780 671 (91)
2821 601 2922 671 τῆς
2961 599 3266 670 δυνάμεως,
3311 601 3408 654 καὶ
3446 601 3726 669 ἐνεργείας

2141 692 2236 745 τοῦ
2262 693 2416 760 ἁγίου
2442 691 2758 762 Πνεύματος
2783 691 3129 760 ἐκφυσῶντος
3161 692 3287 755 τοὺς
3315 691 3572 762 χείρονας
3590 709 3606 722 ·
3635 694 3726 746 καί

2143 801 2276 854 φησι
2301 784 2362 836 τὸ
2390 783 2713 854 φραγέλλιον
2731 822 2747 846 ,
2776 783 2872 836 καὶ
2909 783 2971 835 τὸ
3002 781 3178 847 λίνον,
3212 783 3308 835 καὶ
3347 783 3449 852 τὴν
3492 782 3720 844 σινδόνα,

2143 875 2235 927 κα)⁵
2264 874 2362 926 ὅσα
2393 872 2638 935 τοιαῦτα,
2669 871 2854 926 εἰκόνα
2871 873 2971 942 τῆς
2997 871 3280 942 δυνάμεως
3321 873 3417 924 καὶ
3442 872 3546 942 τῆς
3573 873 3723 942 ὲνερ-

2140 972 2293 1040 γείας
2321 965 2460 1024 εἶναι
2496 969 2592 1022 τοῦ
2645 967 2802 1036 ἁγίου
2855 963 3194 1035 Πνεύματος.
3255 963 3493 1040 Ἔπειτα
3547 961 3722 1030 ἑαυτῷ

2146 1037 2470 1132 προσείληφε
2499 1060 2561 1112 τὸ
2590 1058 2664 1130 μὴ
2702 1055 3118 1128 γεγραμμένον,
3164 1054 3243 1116 ὼς
3290 1053 3398 1122 ἀρα
3441 1037 3536 1116 ἐίς
3565 1053 3719 1119 ξύλω

2140 1151 2344 1204 ἐδέδετο
2373 1149 2432 1202 τὺ
2469 1147 2822 1220 φραγέλλιον,
2864 1147 2999 1216 ὅπερ
3034 1143 3191 1209 ξύλον
3219 1143 3330 1213 (92)
3355 1143 3530 1196 τύπον
3558 1141 3722 1196 ὲκλαε-

2140 1240 2244 1293 ὁὼν
2301 1235 2438 1292 εἶναι
2469 1239 2562 1292 τοῦ
2599 1236 2833 1308 σταυροῦ
2855 1275 2870 1301 ,
2907 1234 3042 1305 φησὶ
3088 1234 3264 1304 τούτῳ
3293 1234 3370 1304 τῷ
3414 1233 3557 1303 ξύλῳ
3589 1235 3721 1305 ἀνη-

2137 1330 2374 1395 λῶσθαι,
2424 1331 2517 1382 καὶ
2555 1327 2849 1398 ἠφανίσθαι
2893 1329 3020 1389 τοὺς
3057 1326 3358 1390 κυὸευτάς,
3416 1325 3718 1396 ἐμπόρους,

2138 1425 2232 1477 καὶ
2259 1423 2438 1476 πᾶσαν
2466 1420 2563 1492 τὴν
2606 1419 2826 1473 κακίαν.
2875 1419 2987 1471 Καὶ
3021 1419 3122 1470 οὐκ
3147 1413 3243 1470 οἷδ’
3276 1417 3425 1480 ὅπως
3459 1416 3720 1486 φλυαρῶν

2137 1531 2300 1586 φησιν
2331 1514 2394 1565 ὲκ
2425 1511 2518 1564 δύο
2547 1510 2754 1564 τούτων
2793 1509 3134 1579 πραγμάτων
3184 1507 3506 1579 φραγέλλιον
3547 1523 3721 1560 κατα-

2137 1601 2530 1666 σκευάζεσθαι,
2561 1599 2742 1672 ζητῶν
2785 1599 2846 1652 τδ
2878 1599 2984 1651 ὑπὸ
3026 1596 3119 1651 τοῦ
3163 1597 3340 1667 Ἰησοῦ
3389 1596 3715 1666 γενόμενον’

2134 1696 2194 1747 οὐ
2224 1694 2334 1765 γὰρ
2360 1695 2424 1746 έκ
2447 1693 2752 1764 δέρματος,
2804 1689 2968 1760 φησι,
3015 1687 3208 1758 νεκροῦ
3260 1687 3516 1756 ἐποίησεν
3560 1685 3716 1747 αὐτὸ,

467 1761 688 1848 domum
740 1761 916 1849 Patris
970 1795 1074 1848 sui.
1129 1793 1426 1848 Dicendum
1465 1801 1549 1847 est
1584 1792 1745 1846 etiam
1785 1791 1860 1854 id,
1900 1806 2023 1860 quoc

2134 1786 2222 1838 ἵνα
2240 1761 2346 1855 την
2387 1761 2714 1853 Ἐκκλησίαν
2743 1780 3131 1852 κατασκευάσῃ
3157 1779 3340 1831 οὐκέτι
3379 1777 3598 1850 λῃστῶν
3622 1777 3718 1829 καὶ

465 1875 699 1939 maxime
729 1894 812 1939 est
845 1886 1228 1948 necessarium,
1269 1885 1336 1940 de
1379 1883 1660 1938 divinitate
1687 1898 1752 1937 ex
1783 1883 1888 1936 hoc
1916 1895 2047 1936 con-

467 1982 618 2029 textu
653 1975 752 2044 ipsi
788 1975 1124 2029 Heracleoni.
1153 1975 1287 2029 Nam
1337 1975 1381 2029 si
1427 1974 1685 2044 templum
1717 1974 1858 2044 quod
1889 1972 2047 2028 Jeru-

469 2067 685 2135 Solymis
715 2075 832 2119 erat
859 2067 1076 2120 domum
1107 2066 1308 2135 proprii
1340 2063 1511 2118 Patris
1544 2066 1673 2120 dicit
1713 2079 1832 2118 esse
1865 2064 2045 2125 Jesus,

466 2153 775 2218 facturaque
830 2150 1008 2204 fuerat
1056 2148 1315 2217 templum
1353 2148 1482 2202 illud
1535 2148 1602 2201 ad
1654 2147 1886 2217 gloriam
1916 2143 2033 2213 ejus

464 2240 550 2307 qui
581 2241 774 2292 coelum
804 2249 1115 2306 terramque
1143 2237 1372 2296 creavit,
1396 2237 1667 2304 quomodo
1702 2249 1808 2288 non
1843 2234 2029 2289 statim

463 2319 771 2394 edocemur,
807 2345 911 2382 non
955 2338 1147 2396 putare
1175 2327 1370 2381 Filium
1407 2327 1501 2381 Dei
1535 2324 1770 2393 alicujus
1799 2326 2030 2382 alterius

462 2413 631 2476 illium
665 2435 808 2482 esse,
840 2437 1001 2489 quam
1036 2421 1154 2486 ejus
1183 2419 1276 2486 qui
1319 2419 1514 2472 caelum
1549 2427 1864 2485 terramque
1895 2431 2029 2472 con-

460 2511 743 2565 didit‘PAd
780 2511 920 2564 hanc
945 2524 1077 2576 ergo
1105 2511 1323 2562 domum
1359 2506 1541 2560 Patris
1579 2505 1729 2568 Jesu,
1767 2517 2024 2574 tanquam

460 2593 810 2655 exsistentem
875 2598 1096 2652 domum
1156 2596 1528 2665 precationis,
1586 2596 1750 2649 etiam
1819 2595 2024 2650 Christi

460 2683 712 2761 apostoli,
747 2691 883 2744 utin
915 2689 1126 2743 illorum
1163 2687 1314 2742 Actis
1343 2687 1649 2741 invenimus
1688 2687 1733 2719 "
1761 2725 1778 2752 ,
1812 2687 1879 2740 ab
1927 2703 2029 2739 an-

459 2783 577 2852 gelo
601 2783 864 2849 jubcntur
894 2781 1117 2850 profecti
1157 2789 1305 2835 stare
1340 2791 1396 2835 et
1425 2779 1572 2849 loqui
1618 2777 1816 2847 populo
1840 2777 2021 2832 omnia

458 2873 621 2926 verba
676 2873 797 2926 vitae
849 2872 1026 2942 hujus.
1076 2873 1220 2939 Quin
1265 2873 1430 2926 etiam
1478 2885 1577 2940 per
1637 2878 1848 2940 portam
1899 2882 2025 2936 spe-

453 2963 660 3017 ciosam
710 2961 834 3016 illic.
881 2961 1180 3031 precaturi,
1231 2961 1396 3016 veluti
1445 2963 1511 3015 ad
1558 2961 1778 3014 domum
1826 2972 2021 3028 preca-

2133 1875 2388 1946 ἐμπόρων
2419 1873 2679 1945 σπήλαιον
2698 1913 2714 1939 ,
2745 1871 2882 1926 ἀλλὰ
2913 1862 3063 1924 οἷκον
3111 1869 3204 1924 τοῦ
3253 1869 3469 1941 Πατρὸς
3519 1868 3712 1920 αὐτοῦ.

2132 1965 2364 2019 Λεκτέον
2388 1965 2443 2017 δὲ
2472 1965 2532 2018 τὸ
2548 1963 2978 2032 ἀναγκαιότατον
3015 1961 3144 2032 περὶ
3187 1960 3288 2031 τῆς
3320 1959 3578 2029 θεόνῆτος
3619 1959 3714 2011 καὶ⁵

2131 2058 2198 2110 ὲκ
2219 2055 2326 2110 τῶν
2359 2051 2537 2128 ῥητῶν
2570 2054 2772 2108 τούτων
2809 2052 2945 2122 πρὸς
2974 2051 3155 2106 αὐτόν.
3184 2051 3248 2104 Ei
3280 2049 3390 2120 γὰρ
3425 2049 3489 2102 τὸ
3517 2051 3578 2102 ὲν
3612 2050 3711 2102 Ἰε-

2133 2146 2451 2220 ροσολύμοις
2483 2147 2628 2217 ἱερὸν
2655 2141 2800 2199 οἷκον
2833 2143 2928 2197 τοῦ
2960 2143 3092 2197 ίδίου
3123 2144 3337 2215 Πατρός
3367 2160 3532 2213 φησιν
3567 2139 3712 2198 εἶναι

2130 2241 2159 2292 ὀ
2193 2236 2419 2309 Ἰησοῦς,
2453 2236 2613 2290 τοῦτο
2638 2235 2694 2288 δὲ
2726 2235 2787 2288 τὸ
2813 2235 2955 2306 ἱερὸν
2986 2235 3063 2297 εἰς
3089 2231 3246 2298 δόξαν
3277 2232 3372 2288 τοῦ
3417 2233 3708 2298 κτίσαντος

2128 2329 2220 2384 τὸν
2247 2329 2472 2400 οὐρανὸν
2504 2327 2599 2382 καὶ
2623 2329 2722 2398 τὴν
2749 2327 2853 2396 γῆν
2889 2326 3080 2395 γέγονε
3098 2367 3115 2392 ,
3159 2324 3277 2388 πῶς
3302 2325 3402 2378 ούκ
3443 2325 3711 2395 ἄντικρυς

2128 2419 2490 2492 διδασκόμεθα
2551 2417 2626 2490 μὴ
2679 2419 2865 2488 ἐτέρου
2920 2416 3065 2480 τινὸς
3117 2415 3359 2486 νομίζειν
3402 2415 3518 2470 υἱὸν
3563 2412 3712 2470 εἶναι

2129 2512 2278 2584 παρὰ
2333 2512 2426 2565 τὸν
2478 2507 2706 2581 ποιητὴν
2749 2507 2978 2579 ούρανοῦ
3021 2509 3116 2563 καὶ
3151 2508 3277 2579 γῆς,
3319 2509 3411 2562 τὸν
3445 2509 3577 2562 Υἱὺν
3606 2508 3710 2562 τοῦ

2126 2602 2296 2664 Θεοῦ;
2331 2603 2424 2664 Εἰς
2453 2600 2643 2653 τοῦτον
2675 2598 2786 2669 (95)
2813 2594 2906 2653 οὖν
2931 2599 3022 2653 τὸν
3053 2595 3200 2654 οἷκον
3225 2598 3319 2652 τοῦ
3348 2600 3563 2671 Πατρὸς
3600 2601 3712 2670 Ἰη-

2127 2693 2241 2756 σοῦ,
2267 2693 2342 2755 ὡς
2374 2687 2521 2746 οἷκον
2545 2693 2876 2762 τυγχάνοντα
2905 2690 3006 2760 τῆς
3034 2691 3358 2761 προσευχῆς,
3386 2692 3481 2744 καὶ
3513 2693 3566 2744 οἱ
3605 2693 3708 2745 τοῦ

2124 2782 2361 2856 Χριστοῦ
2387 2781 2677 2835 ἀπόστολοι
2697 2821 2712 2846 ,
2752 2781 2829 2844 ὡς
2860 2783 2918 2835 ὲν
2949 2784 3068 2846 ταῖς
3113 2781 3380 2854 Πράξεσιν
3405 2781 3584 2834 αὐτῶν
3609 2781 3710 2833 εῦ-

2127 2892 2311 2946 ρομεν,
2375 2876 2479 2928 ὑπὸ
2525 2872 2618 2927 τοῦ
2679 2873 2909 2941 ἀγγέλου
2971 2872 3282 2926 κελεύονται
3340 2872 3713 2944 πορευθέντες

2124 2968 2346 3039 στῆναι,
2398 2966 2494 3019 καὶ
2551 2964 2730 3019 λαλεῖν
2758 2964 2837 3035 τῷ
2883 2963 2998 3034 λαῷ
3037 2966 3213 3020 πάντα
3239 2963 3308 3018 τὰ
3348 2967 3568 3037 ῥήματα
3594 2965 3711 3034 τῆς

454 3055 639 3121 tionis,
677 3055 1103 3123 proﬁciscuntur
1143 3045 1190 3085 ⁷³
1233 3072 1247 3108 :
1305 3053 1721 3122 haudquaquam
1775 3051 1888 3106 haec
1935 3050 2017 3104 fa-

2126 3057 2268 3129 ζωῆς
2289 3057 2514 3127 ταύτης.
2549 3055 2710 3109 Ἀλλά
2733 3057 2828 3110 καὶ
2848 3055 2936 3110 διὰ
2957 3055 3058 3126 τῆς
3084 3057 3293 3126 ὡραίας
3314 3055 3487 3127 πύλης
3513 3056 3707 3108 ἐκεῖσε

446 3144 616 3209 cturi,
641 3143 742 3197 nisi
769 3143 940 3210 ipsum
974 3142 1224 3196 eumdem
1255 3155 1380 3195 cum
1410 3155 1477 3196 eo
1511 3142 1790 3196 novissent
1829 3141 2017 3206 Deum,

445 3232 541 3302 qui
573 3234 900 3288 adorabatur
933 3235 1000 3288 ab
1032 3234 1116 3288 his
1151 3234 1242 3302 qui
1287 3231 1544 3301 templum
1579 3231 1713 3286 illud
1744 3232 1856 3286 Deo
1885 3247 2020 3286 eou-

444 3333 750 3379 secrarant.
800 3324 1066 3389 Quocirca
1123 3324 1440 3379 obedientes
1488 3323 1599 3378 Deo
1639 3323 1812 3392 magis
1853 3338 2016 3393 quam

439 3412 758 3468 hominibus
806 3413 874 3478 ",
923 3412 1114 3469 Petrus
1158 3421 1216 3468 et
1257 3412 1486 3483 apostoli
1537 3413 1724 3468 dicunt
1761 3431 1778 3468 :
1819 3431 1840 3466 ι
1874 3412 2016 3470 Deus

444 3513 661 3570 patrum
689 3510 996 3558 iiostrorum
1026 3504 1317 3559 suscitavit
1342 3503 1549 3568 Jesum,
1580 3518 1748 3573 quem
1788 3518 1888 3558 vos
1932 3505 2016 3562 in-

445 3595 762 3660 teremistis,
818 3595 1206 3662 suspendentes
1249 3595 1300 3650 in
1349 3595 1497 3666 ligno
1541 3596 1590 3629 ⁸⁸
1617 3609 1634 3650 :
1666 3615 1685 3650 ι
1731 3611 1836 3652 non
1866 3600 2012 3652 enim

443 3687 512 3739 ab
544 3687 652 3741 alio
684 3688 793 3742 Deo
817 3686 995 3741 sciunt
1023 3689 1264 3743 excitum
1287 3685 1472 3743 Iesum
1504 3703 1537 3743 e
1565 3689 1815 3754 mortuis,
1846 3688 1950 3742 nisi
1980 3703 2010 3742 a

444 3777 554 3832 Deo
607 3787 823 3846 patrum
875 3777 1117 3841 illorum,
1165 3793 1326 3847 quem
1377 3778 1630 3834 Christus
1675 3777 2006 3850 gloriﬁcans,

441 3867 736 3934 Abraham,
775 3878 832 3923 et
855 3869 1026 3934 Isaac,
1055 3879 1112 3924 et
1146 3869 1315 3926 Jacob
1357 3872 1525 3926 Deum
1559 3871 1688 3926 dicit
1721 3887 1863 3938 esse,
1900 3887 2007 3927 non
2049 3887 2052 3892 '

441 3967 802 4025 mortuorum,
854 3961 948 4012 sed
1000 3960 1296 4014 viventium
1348 3961 1416 4016 ⁸³.
1461 3967 1644 4030 Atque
1681 3961 1846 4017 etiam
1873 3977 2009 4032 quo-

439 4048 600 4102 modo
626 4049 899 4118 discipuli,
936 4051 980 4105 si
1015 4051 1206 4105 domus
1236 4068 1341 4105 non
1386 4052 1580 4115 fuisset
1619 4053 1861 4122 ejusdem
1911 4055 2003 4109 Dei

436 4154 560 4194 cum
587 4139 697 4195 Deo
727 4141 952 4206 Christi,
984 4145 1252 4197 recordati
1292 4143 1527 4198 fuissent
1558 4146 1850 4200 verborum
1879 4145 2002 4200 illo-

439 4245 598 4288 rum:
635 4250 654 4283 ι
690 4232 849 4288 Zelus
892 4234 1085 4289 domus
1141 4242 1248 4289 tuae
1298 4235 1531 4289 comedit
1580 4248 1686 4303 me,
1713 4253 1732 4288 ι
1766 4249 1886 4304 ηοω
1922 4236 2006 4290 di-

2123 3147 2520 3220 προσεύξασθαι
2539 3185 2554 3210 ,
2590 3147 2667 3210 ὡς
2711 3149 2790 3210 είς
2815 3143 2960 3200 οἷκον
2992 3147 3335 3218 προσευχῆς,
3366 3148 3710 3218 προσέρχον-

2117 3253 2238 3292 ται·
2267 3237 2370 3290 οὐκ
2395 3236 2464 3290 ἂν
2489 3235 2647 3290 τοῦτο
2673 3236 3018 3306 ποιήσαντες,
3046 3237 3096 3288 εί
3132 3236 3208 3307 μὴ
3232 3236 3322 3289 τὸν
3354 3235 3514 3289 αὑτὸν
3562 3237 3707 3307 ᾖδε-

2119 3343 2218 3382 σαν
2247 3326 2367 3398 Θεῷ
2390 3325 2470 3398 τῷ
2493 3326 2598 3380 ὑπὸ
2637 3324 2746 3380 τῶν
2791 3322 3182 3390 ὲκθειαζόντων
3212 3324 3303 3379 τὸν
3332 3324 3457 3377 ναὸν
3480 3325 3708 3378 ἐκεῖνον

2117 3419 2227 3492 (94)
2253 3418 2728 3492 προσκυνουμένῳ.
2767 3418 2967 3488 Διόπερ
2990 3416 3086 3471 καὶ
3111 3416 3361 3486 λέγουσιν
3386 3419 3436 3470 oi
3464 3415 3707 3490 πειθαρ-

2114 3511 2336 3582 χοῦντες
2379 3509 2496 3581 Θεῷ
2547 3509 2746 3580 μᾶλλον
2782 3510 2816 3581 ἢ
2862 3508 3199 3582 ἀνθρώποις,
3243 3508 3448 3580 Πέτρος
3486 3508 3585 3562 καὶ
3639 3511 3704 3561 oi

2115 3600 2402 3657 ἀπόστολοι
2423 3618 2438 3632 ο
2488 3620 2508 3653 ι
2553 3602 2610 3654 '0
2647 3600 2781 3664 Θεὸς
2823 3600 2932 3654 τῶν
2961 3600 3215 3670 πατέρων
3259 3599 3416 3670 ήμῶν
3466 3599 3704 3668 ἤγειρεν

2126 3691 2352 3764 Ἰησοῦν,
2382 3691 2442 3746 ὃν
2464 3693 2620 3762 ὑμεῖς
2649 3690 3040 3763 διεχειρίσασθε
3073 3691 3445 3762 κρεμάσαντες
3477 3688 3570 3742 ἐπὶ
3599 3689 3704 3754 ξύ-

2111 3784 2236 3838 λου·
2267 3801 2284 3836 ι
2331 3783 2393 3836 οὐ
2421 3783 2531 3854 γὰρ
2558 3783 2649 3834 ὑπ’
2675 3782 2836 3836 ἄλλου
2875 3781 3051 3835 ἴσασιν
3085 3785 3150 3834 ὲκ
3190 3780 3398 3853 νεκρῶν
3445 3781 3700 3850 ἐγηγερ-

2113 3873 2272 3946 μένον
2300 3873 2504 3945 Ἰησοῦν
2528 3873 2713 3944 Θεοῦῆ
2731 3871 2824 3926 τοῦ
2854 3873 2962 3926 τῶν
2990 3872 3261 3944 πατέρων,
3289 3871 3348 3926 ὃν
3379 3871 3469 3924 καὶ
3492 3873 3522 3923 ὁ
3549 3872 3701 3940 Χρι-

2111 3963 2235 4027 στὸς
2263 3963 2500 4029 δοξάζων
2528 3962 2660 4016 Θεὸν
2694 3961 2788 4016 τοῦ
2847 3963 3125 4033 Ἀϐραὰμ,
3171 3963 3266 4016 καὶ
3324 3962 3534 4025 Ἰσαὰκ,
3584 3966 3700 4018 καὶ

2121 4055 2316 4111 Ἰακώὸ
2354 4071 2516 4128 φησιν
2542 4049 2712 4119 εἶναι,
2754 4055 2856 4108 οὐκ
2896 4054 3065 4109 ὀντων
3090 4053 3297 4125 νεκρῶν
3322 4095 3338 4119 ,
3375 4054 3509 4108 ἀλλὰ
3539 4054 3697 4118 ζὼν-

2108 4165 2233 4203 των.
2269 4147 2394 4211 Πῶς
2427 4148 2484 4201 δὲ
2510 4148 2602 4200 καὶ
2630 4148 2680 4202 οί
2713 4149 2985 4219 μαθηταὶ,
3013 4151 3062 4202 εί
3115 4149 3190 4219 μὴ
3236 4149 3330 4202 τοῦ
3363 4147 3526 4202 αὑτοῦ
3564 4149 3694 4218 (95)

2105 4237 2240 4291 Θεοῦ
2267 4235 2386 4308 Θεῷ
2405 4236 2499 4290 τοῦ
2535 4237 2770 4308 Χριστοῦ
2794 4239 2823 4290 ὁ
2842 4233 2988 4300 οἶκος
3017 4234 3106 4308 ἦν,
3141 4237 3448 4307 ἐμέμνηντο
3478 4236 3545 4289 ἂν
3580 4237 3696 4290 τοῦ

435 4332 631 4377 cuntur
658 4325 709 4378 in
749 4325 958 4393 psalmo
983 4327 1320 4396 sexagesimo
1351 4327 1589 4380 octavo?
1618 4321 1712 4380 Sic
1737 4327 1880 4381 enim
1907 4343 2003 4397 pu-

2126 4341 2164 4382 :v
2198 4325 2278 4397 ξη¹
2307 4324 2507 4395 ψαλμῷ
2532 4325 2822 4396 εἰρημένου
2851 4326 2993 4394 (96)·
3035 4345 3054 4377 ι
3107 4326 3166 4378 '0
3202 4326 3363 4396 ζῆλος
3396 4324 3489 4377 τοῦ
3523 4325 3693 4380 οἴκου

436 4411 583 4468 nitur
612 4415 665 4468 in
692 4414 982 4484 Propheta,
1024 4417 1268 4481 comedit,
1331 4426 1573 4485 tempore
1621 4416 1897 4484 praesenti,
1944 4428 1999 4471 et

2126 4431 2197 4466 rou
2222 4413 2598 4481 καταφάγεταί
2628 4429 2732 4484 με;
2763 4433 2782 4464 ι
2827 4414 2971 4468 οὕτω
2998 4413 3106 4485 γὰρ
3131 4418 3305 4468 κεῖται
3334 4417 3390 4468 ὲν
3430 4414 3509 4484 τῷ
3538 4432 3694 4486 προ-

435 4519 562 4573 ηοη,
612 4509 859 4573 comedit,
912 4517 1158 4578 tempore
1209 4509 1516 4587 praeterito.
1571 4508 1754 4578 Diligit
1817 4517 1997 4587 autem

433 4599 630 4654 eximie
657 4600 908 4656 Christus
929 4603 1147 4657 domum
1178 4584 1272 4656 Dei
1304 4603 1356 4656 in
1384 4617 1712 4672 unoquoque
1731 4584 1994 4668 nostrum,

433 4685 621 4740 nolens
661 4685 830 4754 ipsam
861 4687 979 4742 ﬁeri
1009 4689 1228 4742 domum
1264 4701 1562 4752 mercatus.
1602 4705 1779 4760 neque
1809 4693 1997 4747 volens

431 4780 488 4824 ut
541 4773 730 4828 domus
803 4778 1134 4844 precationis
1203 4780 1462 4848 spelunca.
1527 4781 1621 4834 ﬂat
1687 4781 1993 4850 latronum,

2102 4506 2266 4576 φήτῃ,
2283 4503 2378 4557 καὶ
2392 4503 2532 4573 οὐχὶ,
2589 4503 2884 4573 κατέφαγέ
2914 4505 3031 4578 (97)
3046 4522 3150 4578 με.
3184 4505 3344 4577 Ζηλοῐ
3363 4504 3421 4558 δὲ
3439 4506 3690 4575 μάλιστα

2098 4599 2126 4650 ὁ
2149 4596 2381 4669 Χριστὸς
2408 4594 2498 4648 τὸν
2527 4597 2587 4648 ὲν
2615 4596 2829 4668 ἑκάστῳ
2856 4597 3012 4668 ἡμῶν
3059 4595 3208 4651 οἷκον
3259 4598 3352 4652 τοῦ
3389 4599 3523 4653 Θεοῦ
3543 4639 3558 4664 ,
3594 4603 3692 4673 μὴ

2099 4688 2416 4758 βουλόμενος
2441 4685 2603 4740 αὐτὸν
2630 4682 2767 4739 εἶναι
2793 4683 2939 4740 οἷκον
2970 4687 3236 4759 ἐμπορίου
3252 4729 3266 4752 ,
3309 4690 3443 4759 μηδὲ
3477 4691 3570 4742 τὸν
3591 4691 3690 4744 οἷ-

2096 4797 2190 4833 κον
2217 4779 2318 4850 τῆς
2359 4777 2667 4851 προσευχῆς
2698 4777 2909 4850 λῃστῶν
2944 4778 3208 4848 σπήλαιον
3227 4818 3242 4842 ,
3284 4780 3380 4832 ἅτε
3409 4779 3542 4833 Θεοῦ
3572 4781 3685 4853 ζη-

426 4862 622 4929 quippe
661 4864 753 4931 qui
791 4865 880 4918 Dei
916 4866 1076 4938 196
1107 4869 1334 4923 zelantis
1361 4870 1434 4923 sit
1466 4869 1655 4933 Filius,
1681 4872 1726 4926 si
1755 4871 1983 4926 candido

2126 4871 2262 4926 ωτοῦ
2303 4871 2430 4933 Υἱὸς
2454 4869 2549 4934 ὢν,
2585 4869 2680 4922 ἐὰν
2708 4868 3211 4940 εὐγνωμονέστερον
3247 4869 3535 4946 ἀκούωμεν
3559 4872 3682 4928 τῶν

495 4951 539 4983 τ’
563 4957 683 5008 Aet.
707 4971 771 5028 ν,
790 4956 886 5028 ‘20.
957 4959 1002 4991 ⁷⁸
1031 4959 1154 5020 Aet.
1182 4975 1266 5027 Ill,
1295 4961 1347 5028 1,
1369 4962 1425 5016 2.

424 5018 556 5078 Luc.
589 5037 682 5088 xx,
705 5025 794 5091 57,
825 5025 913 5081 58.

495 5116 606 5184 (91)
636 5115 816 5172 Codex
853 5117 1076 5190 Regius,
1107 5119 1270 5184 male,
1295 5106 1570 5190 τυγχάνει.

491 5217 623 5296 (92)
675 5225 943 5281 Ἐδέδετο
995 5225 1063 5280 τὸ
1118 5225 1514 5297 φραγέλλιον,
1574 5227 1720 5294 ὅπερ
1775 5228 1989 5292 ξύλον.

419 5295 543 5352 Bait:
569 5297 620 5349 in
645 5297 833 5365 codice
866 5297 1033 5365 Regio
1064 5295 1470 5358 desiderantur,
1498 5298 1591 5352 sed
1626 5297 1988 5351 restituuntur

419 5381 451 5420 e
497 5365 685 5422 codice
729 5364 1042 5423 Bodleiano.
1079 5366 1368 5422 Observari
1413 5365 1576 5421 velim
1630 5368 1684 5420 in
1735 5367 1987 5422 oninibus

419 5449 551 5556 2133;.
595 5437 794 5554 nostris
851 5437 1049 5505 ubique
1091 5438 1192 5506 legi
1263 5436 1628 5509 φραγγέλιον,
1681 5449 1785 5490 non
1843 5453 1982 5506 φρα-

430 5549 441 5556 .
552 5521 598 5555 ιο
633 5541 646 5554 .

429 5521 546 5572 τελλ
552 5521 646 5555 ιον.

415 5608 883 5750 τιξθδητοῦτον.
923 5610 1013 5667 Sic
1065 5611 1224 5667 habet
1257 5613 1428 5667 codex
1483 5612 1839 5679 Bodleianus;
1875 5609 1985 5667 Re-

454 5697 464 5732 l
511 5697 557 5746 s,
586 5699 612 5733 τ
647 5699 692 5734 ν.

454 5697 557 5746 tus,
586 5697 692 5734 τον.

1531 4963 1579 4996 ⁷⁹
1615 4964 1738 5018 Act.
1768 4977 1819 5022 ν.
1850 4963 1941 5019 29.

2047 4966 2093 4997 ⁸⁸
2136 4965 2266 5020 ibid.
2304 4964 2393 5018 50.

2090 5334 2140 5386 εί

2501 4962 2544 4994 ⁸⁸
2572 4959 2762 5015 Matth.
2790 4973 2928 5027 xxu,
2956 4958 3026 5013 52
3053 4977 3070 5028 ;
3128 4959 3295 5015 Marc.
3326 4976 3424 5028 xu,
3446 4960 3540 5026 36,
3563 4961 3676 5027 εἷς

2149 5122 2286 5192 ~(sit)
2337 5082 2616 5176 me...
2674 5121 2753 5177 ita
2805 5123 2975 5178 codex
3026 5121 3386 5188 Bodleianus;
3444 5121 3674 5194 Regius,

2097 5195 2327 5256 ἐκείνου,
2357 5193 2515 5248 male.
2811 5229 2815 5232 -
3540 5193 3545 5194 ν

2167 5263 2281 5332 (95)
2321 5263 2391 5315 Et
2413 5260 2499 5330 μὴ
2525 5260 2631 5316 τοῦ
2661 5259 2868 5316 αὐτοῦ.
2902 5258 2957 5314 In
2984 5261 3172 5318 codice
3205 5260 3373 5330 Regio
3394 5261 3675 5318 omittitur

2315 5400 2668 5472 Είρημένου.
2705 5400 2864 5456 Deest
2893 5401 2946 5455 in
2977 5401 3164 5456 codice
3192 5399 3382 5470 Regio,
3429 5400 3524 5455 sed
3575 5414 3678 5457 re-

2091 5470 2336 5526 stituitur
2368 5489 2397 5518 e
2432 5470 2745 5525 ltmlleiano.

2167 5541 2278 5612 (97)
2318 5538 2639 5612 Katégars.
2673 5541 2762 5596 Sic
2792 5549 2938 5612 recte
2966 5540 3135 5593 codex
3163 5539 3513 5612 Bodleianus,
3547 5553 3676 5606 per-

2096 5609 2283 5679 peram
2314 5626 2442 5661 νει-υ
2473 5609 2690 5678 Regius,
2715 5611 3110 5678 καταφάγεται.
3140 5611 3424 5665 Ferrarius
3451 5609 3676 5679 legebat

2094 5682 2510 5750 καταφαγεῑται.

3632 297 3736 352 568

3956 467 3957 506 l

3950 813 3952 840 |

3950 935 3952 954 |

3955 1347 3957 1378 l
