4020 6216
313 315 420 370 569

413 399 431 440 1

1421 311 1779 368 οοιιιιειντ.
1818 310 1881 364 IN
1917 309 2114 368 JOAN.
2160 308 2396 366 TOMUS
2431 308 2500 368 Χ.

3455 310 3561 366 570

310 413 571 483 τοιὸύτων
603 428 711 483 ἀπὸ
736 428 845 483 τῶν
871 413 1102 501 Γραφών
1139 427 1332 498 φωνῶν
1354 467 1369 493 ,
1403 427 1548 482 κατά
1576 425 1882 498 μεταφορὰν

1993 426 2178 481 animo
2201 426 2340 481 ~tales
2369 424 2779 496 Scripturarum
2811 438 2972 480 voces
3005 423 3280 487 audimus,
3325 438 3356 476 a
3401 422 3563 478 rebus

311 519 624 590 εἰρημένων
677 520 785 573 ἀπὸ
828 519 935 574 τῶν
984 521 1375 592 ἀνθρωπίνων,
1419 522 1500 583 είς
1554 520 1890 590 παράστασιν

311 607 405 662 τοῦ
450 609 620 678 μηδὲν
649 609 925 682 ἀλλότριον
976 610 1262 681 βούλεσθαι
1289 611 1382 664 τὸν
1421 610 1556 664 Θεὸν
1597 611 1889 682 ἐπιμίγνυ-

318 697 438 752 σθαι
462 697 559 752 τοῦ
587 699 921 771 βουλήματος
953 702 1117 756 αὑτοῦ
1140 706 1206 774 τῇ
1237 703 1382 774 ψυχῇ
1420 704 1638 756 πάντων
1670 704 1768 774 μὲν
1798 705 1893 756 ἀν-

309 788 569 861 θρώπων,
608 790 901 863 ἐξαιρέτως
949 793 1006 846 δὲ
1050 793 1160 847 τῶν
1211 792 1280 847 τὰ
1321 794 1419 864 τῆς
1451 791 1734 864 θειοτάτης
1776 792 1887 864 (98)

310 880 550 943 πίστεως
580 880 986 950 παραδέξασθαι
1019 882 1300 938 θελόντων.
1341 881 1486 954 Πλὴν
1515 881 1604 937 τὸν
1648 881 1728 952 ξη⁸
1753 881 1890 952 ψαλ-

313 970 414 1039 μὸν
444 968 552 1041 (99)
577 969 768 1040 ἐχοντα
799 973 892 1026 τό·
936 992 956 1026 ι
1001 975 1061 1029 ’0
1090 974 1252 1045 ζῆλος
1272 973 1367 1028 τοῦ
1400 974 1550 1028 οἴκου
1594 991 1688 1028 σου
1721 991 1887 1028 κατα-

308 1062 540 1131 φάγεται
588 1080 691 1133 με,
727 1083 747 1115 ι
801 1066 896 1119 καὶ¹
950 1066 1067 1138 μετ’
1124 1066 1308 1135 ὀλίγα·
1366 1087 1383 1114 σ
1428 1067 1678 1120 Ἔδωκαν
1721 1067 1801 1128 είς
1829 1065 1888 1118 τὸ

310 1151 510 1223 βρῶμά
538 1169 640 1222 μου
669 1154 863 1226 χολὴν,
893 1158 986 1210 καὶ
1033 1159 1114 1220 εἰς
1154 1157 1253 1226 τὴν
1301 1157 1458 1227 δίψαν
1495 1174 1597 1228 μου
1630 1155 1888 1208 ἐπότισάν

311 1261 380 1314 με
432 1245 551 1310 ὅξος
597 1264 616 1296 ι
677 1247 982 1319 (ἀμφότερα
1027 1249 1086 1302 ἐν
1125 1251 1239 1312 τοῖς
1291 1249 1644 1318 Εὐαγγελίοις
1689 1248 1887 1316 ἀναγε-

307 1338 647 1408 γραμμένα),
667 1339 838 1393 ίστέον
859 1339 921 1392 ἐκ
941 1339 1230 1410 προσώπου
1246 1339 1500 1410 λέγεσθαι
1517 1339 1610 1394 τοῦ
1628 1338 1888 1410 Χριστοῦ,

305 1423 564 1494 οὐδεμίαν
597 1427 926 1496 ἐμφαίνοντα
963 1427 1057 1481 τοῦ
1089 1427 1343 1496 λέγοντος
1383 1427 1678 1500 προσώπου
1719 1445 1887 1499 μετα-

305 1515 490 1586 εολήν.
518 1517 727 1590 Σφόδρα
747 1518 804 1572 δὲ
826 1519 1272 1592 ἀπαρατηρήτως
1303 1523 1332 1575 ὁ
1375 1520 1692 1592 ’Πρακλέων
1719 1520 1887 1574 οἴεται

305 1606 389 1659 τό·
407 1625 426 1657 ι
450 1607 506 1661 '0
526 1607 684 1679 ζῆλος
700 1608 794 1662 τοῦ
813 1609 960 1663 οῐκου
985 1627 1080 1665 σου
1096 1611 1476 1680 καταφάγεταί
1498 1629 1587 1683 με,
1608 1629 1627 1664 ι
1643 1613 1706 1666 ἐκ
1725 1629 1887 1684 προσ-

1995 515 2253 572 bumanis
2299 530 2396 586 per
2447 516 2822 585 metaphoram
2854 515 3190 584 desumptas,
3222 514 3290 569 ad
3331 513 3562 570 demon-

1989 607 2282 662 strandum
2329 607 2474 676 quod
2509 607 2650 662 Deus
2699 605 2832 661 nolit
2866 605 3030 661 alieni
3078 603 3373 674 quidquam
3406 617 3434 658 a
3467 618 3565 660 vo-

1992 698 2200 754 luntate
2224 713 2321 755 sua
2360 698 2651 754 admisceri
2695 699 2890 754 animae
2933 696 3174 753 omnium
3205 695 3426 767 quidem
3457 697 3562 751 ho-
3658 772 3664 778 _

1993 793 2222 859 minum,
2259 792 2354 847 sed
2398 791 2670 862 praecipue
2697 806 2886 847 eorum
2922 791 3013 861 qui
3055 789 3346 845 admittere
3375 787 3564 843 volunt

1991 882 2388 940 divinissitnam
2438 884 2618 938 tidem.
2661 885 2911 940 Attamen
2957 882 3237 938 sciendum
3275 891 3382 946 est,
3415 879 3562 949 psal-

1993 991 2138 1030 mum
2165 985 2418 1032 octavum
2443 984 2498 1029 et
2523 975 2942 1044 sexagesimum,
2976 972 3265 1030 habentem
3306 989 3321 1025 :
3355 990 3374 1023 ι
3403 969 3564 1027 Zelus

1987 1063 2188 1120 domus
2219 1075 2324 1119 tuae
2349 1062 2590 1119 comedit
2621 1078 2726 1128 me,
2761 1081 2781 1117 ι
2821 1071 2877 1118 et
2905 1071 3030 1132 post
3067 1076 3238 1132 putica
3281 1079 3296 1115 :
3332 1081 3356 1114 ι
3391 1060 3565 1116 Dede-

1993 1164 2120 1210 runt
2155 1154 2211 1208 in
2242 1167 2424 1209 escam
2467 1166 2644 1208 meam
2678 1153 2770 1220 l‘el,
2801 1161 2857 1207 et
2886 1153 2940 1208 in
2971 1153 3062 1206 siti
3095 1167 3212 1207 mea
3239 1159 3564 1220 putaverunt

1994 1257 2081 1297 me
2106 1251 2266 1297 aceto
2314 1259 2334 1294 ›
2381 1244 2525 1313 (qua:
2559 1254 2794 1310 utraque
2826 1241 2882 1298 in
2919 1241 3227 1311 Evangeliis
3267 1249 3396 1296 sunt
3429 1239 3565 1294 scri-

1991 1343 2082 1403 pta
2111 1333 2186 1403 1ι’)
2219 1349 2284 1390 ex
2313 1349 2545 1405 persona
2576 1333 2785 1389 Christi
2811 1333 2942 1398 dici,
2973 1333 3176 1388 nullam
3212 1345 3459 1402 personae
3485 1328 3564 1384 lo-

1979 1423 2213 1494 quentis
2243 1425 2616 1480 ostendentem
2652 1423 3028 1479 mutationem.
3055 1423 3224 1478 Valde
3252 1429 3434 1477 autem
3481 1420 3564 1476 in-

1989 1516 2352 1572 observanter
2385 1515 2688 1572 Heracleon
2740 1515 2870 1570 illud
2913 1528 2929 1569 :
2977 1533 2997 1567 ι
3037 1513 3197 1570 Zelus
3228 1513 3422 1568 domus
3461 1521 3566 1567 tua:

1987 1607 2225 1663 comedit
2249 1620 2355 1671 me,
2389 1625 2408 1659 ι
2439 1606 2542 1661 dici
2576 1614 2732 1676 putat
2771 1619 2839 1660 ex
2882 1618 3112 1676 persona
3148 1617 3337 1659 earum
3376 1613 3566 1673 poten-

303 1695 458 1750 ώπου
503 1697 612 1752 τῶν
660 1699 1038 1771 ἐκϐληθέντων
1079 1701 1174 1756 κα)⁸
1224 1701 1606 1756 ἀναλωθέντων
1650 1702 1754 1756 ὑπὸ
1788 1702 1882 1754 τοῦ

1990 1699 2187 1754 tiarum
2215 1712 2335 1768 quae
2361 1697 2548 1766 electae
2578 1696 2804 1752 fuerunt
2834 1705 2888 1751 et
2913 1704 3250 1767 consumpta:
3288 1711 3320 1750 a
3365 1696 3565 1751 Serva-

305 1787 557 1860 Σωτῆρος
586 1766 867 1862 δυνάμεων
899 1791 1185 1860 λέγεσθαι,
1217 1792 1290 1863 μὴ
1329 1793 1623 1863 δυνάμενος
1651 1792 1743 1846 τὸν
1769 1793 1882 1864 είρ-

1989 1799 2124 1854 tore,
2156 1766 2262 1842 non
2292 1787 2479 1842 valens
2526 1787 2578 1842 in
2615 1785 2822 1856 psalmo
2864 1787 3062 1842 seriem
3104 1766 3404 1856 prophetiae
3446 1797 3568 1842 seri

309 1877 409 1948 μὸν
434 1880 533 1950 τῆς
559 1883 616 1935 ἐν
648 1881 726 1952 τῷ
757 1881 960 1953 ψαλμῷ
988 1882 1313 1954 προφητείας
1344 1883 1600 1954 τηρῆσαι.
1641 1883 1886 1954 Νοουμέ-

297 1987 413 2024 νων
471 1971 546 2042 (1)
601 1971 712 2044 γάρ
759 1974 824 2027 ὲκ
873 1972 1164 2043 προσώπου
1211 1973 1319 2026 τῶν
1365 1973 1736 2044 ἐκϐληθέντων
1790 1975 1886 2028 καὶ

302 2064 692 2119 ἀναλωθέντων
713 2066 990 2136 δυνάμεων
1011 2065 1285 2135 λέγεσθαι,
1307 2067 1599 2122 ἀκόλουθόν
1625 2070 1743 2122 ἐστι
1763 2070 1884 2122 κατ’

300 2153 471 2205 αὑτὸν
505 2154 602 2206 καὶ
636 2154 716 2208 τόδ
751 2173 770 2207 ι
802 2155 1048 2209 Ἕδωκαν
1083 2155 1162 2216 είς
1192 2156 1253 2210 τὸ
1281 2157 1477 2230 βρῶμά
1511 2176 1613 2230 μου
1647 2160 1832 2232 χολὴν,
1861 2179 1880 2213 ι

299 2241 400 2295 καὶ
443 2243 539 2295 ἀπ’
594 2245 817 2299 ἐκείνων
858 2244 936 2316 (2)
980 2245 1269 2315 λέγεσθαι,
1307 2249 1370 2302 ἐν’
1393 2249 1470 2320 τῷ
1503 2249 1653 2322 αὐτῷ
1687 2252 1888 2321 ἀναγε-

295 2337 618 2406 γραμμένον
645 2336 876 2408 ψαλμῷ·
905 2339 1023 2393 ἀλλ’
1051 2341 1128 2404 ὼς
1150 2341 1300 2404 εἰκὸς
1320 2342 1582 2414 ἐτάραξεν
1606 2344 1768 2400 αὐτὸν
1789 2346 1850 2400 τό
1867 2364 1884 2380 ο

285 2426 704 2498 καταφάγεταί
728 2446 840 2498 με,
896 2429 974 2492 ὡς
1018 2430 1092 2503 μὴ
1144 2432 1441 2503 δυνάμενον
1489 2433 1597 2488 ὑπὸ
1647 2437 1884 2508 Χριστοῦ

298 2517 764 2586 ἀπαγγέλλεσθαι,
792 2519 890 2590 οὐχ
925 2520 1137 2591 ὁρῶντα
1171 2522 1247 2592 (5)
1281 2521 1494 2588 τὺέθος
1523 2525 1635 2579 τῶν
1673 2525 1885 2599 ἀνθρω-

285 2607 564 2661 ’ποπαθῶν
591 2609 720 2682 περὶ
745 2609 880 2663 Θεοῦ
910 2612 1005 2666 καὶ
1029 2612 1266 2682 Χριστοῦ
1295 2613 1488 2682 λόγων.

373 2697 464 2751 20.
501 2717 519 2750 ι
580 2699 985 2771 Ἀπεκρίθησαν
1030 2698 1125 2756 οὖν
1169 2704 1220 2756 oi
1279 2703 1556 2768 Ἰουδαῖοι,
1607 2707 1700 2760 καὶ
1725 2703 1884 2762 εἶπαν

299 2788 452 2859 αύτῷ
474 2805 489 2820 ο
525 2790 591 2844 Τί
621 2793 846 2862 σημεῖον
867 2793 1134 2860 δεικνύεις
1162 2798 1296 2868 ἡμῖν
1317 2838 1332 2863 ,
1356 2799 1439 2852 ὅτι
1472 2797 1645 2852 ταῦτα
1675 2802 1882 2866 ποιεῖς;

283 2883 612 2956 ’Ἀπεκρίθη
685 2886 917 2957 Ἰησοῦς,
953 2888 1051 2941 καὶ
1103 2887 1254 2942 εἶπεν
1289 2891 1502 2956 αὐτοῖς’
1539 2891 1752 2947 Λύσατε
1793 2891 1886 2949 τδν

285 2969 428 3029 ’ναὸν
452 2977 674 3041 τοῦτον,
721 2981 816 3032 κα)⁸
843 2982 901 3034 ἐν
938 2979 1118 3051 τρισὶν
1152 2982 1390 3054 ἡμέραις
1425 2983 1601 3053 ἐγερῶ
1635 2983 1816 3039 αὐτόν.
1861 3004 1879 3036 ι

1987 1893 2135 1936 vare.
2167 1877 2302 1933 Nam
2340 1878 2497 1934 nobis
2537 1877 2964 1947 intelligentibus
3004 1878 3119 1933 btec
3155 1891 3222 1933 ex
3261 1877 3560 1946 ejectarum

1985 1982 2041 2026 et
2075 1978 2522 2039 consumptarum
2557 1969 2924 2038 potentiarum
2955 1983 3187 2038 persona
3210 1969 3337 2036 dici,
3370 1984 3556 2025 conse-

1987 2076 2161 2131 quens
2187 2070 2289 2127 est,
2318 2061 2526 2132 judicio
2560 2075 2679 2127 suo,
2721 2069 2781 2115 ut
2831 2061 2900 2115 ab
2943 2060 3051 2115 illis
3086 2060 3266 2126 etiam
3311 2061 3564 2117 dicantur

1989 2150 2152 2206 verba
2197 2149 2284 2205 illa
2313 2167 2327 2204 :
2367 2168 2388 2202 ι
2422 2148 2696 2204 Dederuut
2727 2149 2780 2203 in
2811 2162 2994 2204 escam
3028 2163 3205 2202 meam
3253 2149 3347 2216 fel,
3383 2169 3403 2202 ι
3443 2164 3564 2218 qua:

1988 2243 2040 2298 in
2073 2242 2262 2298 eodem
2309 2241 2513 2311 scripta
2562 2250 2688 2296 sunt
2739 2240 2949 2311 psalmo
2986 2257 3000 2306 ;
3043 2242 3163 2308 sed,
3196 2249 3252 2295 ut
3286 2241 3564 2310 probabile

1985 2342 2089 2398 est,
2131 2333 2283 2388 illum
2323 2332 2563 2386 turbavit
2597 2347 2700 2387 vox
2745 2334 2972 2387 comedit
3008 2349 3090 2387 me
3117 2332 3364 2404 (perinde
3399 2333 3560 2401 quasi

1987 2440 2017 2480 a
2045 2424 2262 2482 Christo
2306 2422 2409 2478 dici
2463 2441 2566 2480 non
2620 2422 2850 2494 posset),
2900 2438 3006 2478 non
3038 2423 3308 2480 videntem
3350 2435 3558 2478 morem

1986 2519 2390 2588 Scripturarum
2449 2518 2728 2574 hominum
2789 2514 3014 2573 all'cctus
3067 2517 3178 2572 Deo
3237 2525 3292 2572 et
3340 2516 3563 2572 Christo

1987 2611 2362 2666 tribuentium.

2054 2702 2148 2757 20.
2184 2722 2203 2756 ι
2238 2702 2660 2774 Responderunt
2712 2715 2844 2773 ergo
2883 2700 3079 2769 Judaei,
3103 2711 3160 2759 et
3185 2703 3442 2758 dixerunt
3465 2701 3562 2770 ei:
3651 2715 3668 2721 ί

1987 2795 2140 2862 Quod
2189 2796 2403 2868 signum
2457 2795 2702 2852 ostendis
2757 2795 2934 2862 nobis,
2987 2796 3132 2865 quod
3193 2798 3296 2851 ista
3345 2795 3561 2851 facias?

1973 2886 2292 2956 Respondit
2323 2885 2502 2954 Jesus,
2539 2897 2596 2942 et
2639 2887 2777 2942 dixit
2821 2888 2903 2941 eis
2934 2905 2948 2941 :
2979 2886 3252 2942 Destruite
3299 2886 3560 2958 templum

1986 2977 2111 3042 hoc,
2149 2989 2206 3032 et
2239 2979 2290 3034 in
2319 2981 2492 3035 tribus
2521 2979 2716 3034 diebus
2748 2981 2954 3048 erigant
2977 2979 3106 3034 illud
3135 2981 3202 3032 ⁸³.
3247 2998 3270 3031 ι
3299 2979 3563 3050 Corporis

301 3071 370 3121 Οἱ
400 3071 703 3140 σωματικοὶ
747 3073 842 3126 καὶ
884 3077 997 3139 τοῖς
1030 3075 1308 3146 αἰσθητοῖς
1361 3075 1505 3144 φίλοι
1535 3075 1754 3130 δοκοῦσί
1794 3093 1882 3147 μοι

1990 3079 2242 3126 amantes
2275 3085 2339 3124 ac
2368 3085 2550 3126 rerum
2585 3070 2944 3137 sensibilium,
2977 3086 3122 3126 nunc
3159 3072 3270 3141 jam
3319 3071 3450 3126 mihi
3479 3069 3560 3124 vi-

279 3161 398 3215 ηνῦν
443 3161 507 3232 δὴ
541 3161 651 3215 τῶν
690 3163 960 3218 Ἰουδαίων
1004 3164 1081 3237 (4)
1128 3165 1454 3235 δηλοῦσθαιο
1507 3167 1738 3232 οἵτινες,
1786 3167 1880 3222 ἐπὶ

296 3255 412 3316 τοῖς
445 3251 552 3305 ὕπὸ
581 3253 676 3306 τοῦ
725 3253 897 3325 Ἰησοῦ
933 3255 1413 3327 ἀπελαυνομένοις,
1447 3254 1693 3309 ποιοῦσιν
1731 3251 1879 3310 οἶκον

296 3343 566 3414 ἐμπορίου
614 3345 707 3398 τὸν
769 3343 916 3400 οἷκον
966 3345 1060 3400 τοῦ
1112 3347 1360 3418 Πατρὸς,
1419 3347 1876 3416 ἀγανακτοῦντες,

299 3434 621 3505 πράγμασιν
652 3437 744 3490 ὑπ’
768 3436 946 3490 αὐτῶν
975 3439 1386 3509 περιεπομένοις
1429 3438 1541 3510 (5),
1589 3439 1878 3494 ἀπαιτοῦσι

300 3527 562 3595 σημεῖον,
610 3527 746 3580 καθὸ
791 3531 1016 3599 σημεῖον
1045 3529 1363 3601 πρεπόντως
1388 3531 1686 3601 φανήσεται
1719 3531 1748 3583 ὁ
1777 3532 1880 3586 Λό-

298 3629 416 3680 γος,
445 3614 504 3666 ὃν
533 3615 606 3686 μὴ
625 3617 1016 3688 παραδέχονται
1041 3619 1260 3680 ἐκεῖνοι,
1288 3619 1461 3673 ταῦτα
1488 3619 1676 3674 ποιῶν.
1705 3621 1876 3674 Συνά-

300 3722 452 3759 πτων
478 3707 535 3760 δὲ
567 3709 596 3761 ὁ
620 3709 810 3779 Σωτὴρ
836 3709 911 3774 ὠς
943 3710 1040 3764 ἕνα
1069 3711 1176 3764 τῶν
1210 3712 1336 3784 περὶ
1361 3711 1456 3765 τοῦ
1491 3712 1638 3784 ίεροῦ
1670 3713 1876 3767 ἐκείνου

299 3796 392 3849 τὸν
420 3797 550 3868 περὶ
585 3797 659 3866 (6)
689 3799 784 3852 τοῦ
823 3800 952 3853 ἰδίου
1005 3800 1256 3871 σώματος
1282 3802 1439 3871 λόγον
1464 3841 1478 3866 ,
1525 3803 1878 3875 ἀποκρίνεται

303 3889 439 3959 πρὸς
465 3887 555 3941 τό·
593 3908 611 3939 ι
637 3889 700 3942 Τί
722 3893 944 3961 σημεῖον
969 3891 1235 3955 δεικνύεις
1253 3933 1266 3957 ,
1298 3894 1380 3946 ὅτι
1405 3892 1582 3947 ταῦτα
1615 3897 1822 3958 ποιεῖς;
1853 3913 1872 3946 ι

302 3981 358 4033 τό
379 3996 393 4009 ·
432 3998 451 4030 ι
476 3979 688 4033 Λύσατε
719 3981 810 4033 τὸν
841 3981 966 4036 ναὸν
999 3982 1208 4046 τοῦτον,
1244 3985 1338 4037 καὶ
1359 3985 1418 4037 ἐν
1440 3986 1616 4056 τρισὶν
1643 3985 1879 4056 ἡμέραις

297 4071 477 4142 ἐγερῶ
507 4070 686 4127 αὐτόν.
714 4094 732 4123 ι
790 4075 853 4126 Εἰ
887 4074 998 4145 γάρ
1029 4076 1124 4127 καὶ
1162 4074 1328 4146 μυρία
1379 4075 1477 4128 ὅσα
1507 4079 1705 4147 σημεῖα
1745 4076 1880 4132 ἄλλα

294 4161 574 4215 δεικνύναι
623 4159 734 4227 οἷός
776 4181 836 4217 τε
863 4161 966 4236 ἦν,
1007 4165 1121 4219 ἀλλ’
1166 4165 1282 4218 οῦτι
1311 4183 1377 4234 γε
1412 4167 1547 4237 πρὸς
1584 4166 1662 4229 τὸ,
1703 4186 1722 4217 ι
1757 4167 1876 4221 Ὅτι

291 4252 471 4306 ταῦτα
500 4255 692 4317 ποιεῖς,
728 4273 747 4306 ι
772 4254 958 4326 ἕτερόν
985 4271 1060 4320 τι,
1089 4255 1224 4309 ἀλλά
1245 4257 1313 4310 τά
1347 4255 1490 4309 κατὰ
1519 4256 1611 4310 τὸν
1641 4255 1718 4328 (7)
1753 4258 1878 4310 ναὸν

283 4345 618 4415 πρεπόντως
645 4347 765 4399 ἀντὶ
791 4345 899 4400 τῶν
929 4347 1130 4419 ἐτέρων
1163 4348 1316 4420 παρά
1337 4347 1429 4402 τὸν
1465 4347 1592 4402 ναὸν
1635 4349 1876 4420 σημείων

1987 3161 2189 3218 dentur
2237 3163 2387 3218 innui
2439 3161 2638 3228 Judaei,
2692 3164 2784 3231 qui
2830 3178 2974 3234 aegre
3024 3162 3263 3219 ferentes
3304 3163 3562 3233 expulsos

1969 3255 2156 3311 'l'uisse
2187 3270 2217 3309 a
2250 3253 2381 3312 Jesu
2427 3269 2523 3310 eos
2552 3255 2642 3324 qui
2679 3256 2900 3310 domum
2939 3255 3118 3310 Patris
3153 3253 3427 3310 faciebant
3452 3252 3559 3310 do-

1985 3365 2134 3404 mum
2185 3357 2459 3403 mercatus
2505 3347 2672 3401 rebus
2701 3347 2770 3402 ab
2797 3346 2930 3415 ipsis
2959 3347 3154 3416 gestis,
3197 3345 3416 3416 signum
3456 3358 3559 3414 po-

1984 3439 2209 3505 stulant,
2259 3452 2326 3492 ex
2366 3451 2474 3507 quo
2506 3436 2664 3506 signo
2691 3434 2861 3490 Filius
2889 3433 3010 3499 Dei,
3040 3449 3200 3504 quem
3225 3435 3304 3489 illi
3335 3449 3442 3489 non
3474 3449 3564 3490 re-

1986 3531 2216 3601 cipiunt,
2247 3529 2501 3584 videatur
2530 3529 2645 3582 haec
2678 3527 2935 3582 decenter
2956 3526 3160 3582 facere.
3191 3525 3300 3584 Sed
3331 3528 3558 3596 conjun-

1983 3635 2116 3692 gens
2145 3619 2410 3676 Servator
2447 3631 2756 3673 sermonem
2793 3617 2860 3672 de
2903 3631 3134 3687 corpore
3169 3633 3292 3683 suo,
3335 3619 3560 3686 perinde

1983 3712 2138 3781 quasi
2176 3711 2496 3781 loqueretur
2528 3710 2596 3763 de
2631 3708 2832 3778 templo
2877 3708 2994 3773 illo,
3049 3707 3556 3779 interrogantibus:

1989 3819 2009 3852 ι
2039 3800 2195 3867 Quod
2233 3801 2449 3868 signum
2504 3799 2774 3864 ostendis,
2807 3800 2951 3868 quod
2998 3799 3118 3853 haec
3160 3797 3350 3860 facias,
3387 3815 3408 3850 ι
3475 3811 3561 3854 re-

1983 3891 2212 3961 spondet
2241 3907 2256 3946 :
2293 3909 2314 3943 ι
2346 3890 2620 3945 Destruite
2639 3889 2895 3959 templum
2921 3889 3045 3956 hoc,
3074 3899 3129 3944 et
3156 3891 3206 3944 in
3237 3890 3410 3946 tribus
3439 3890 3558 3945 die-

1985 3986 2086 4039 bus
2135 3983 2336 4053 erigam
2374 3981 2532 4036 illud.
2588 4001 2609 4036 ι
2655 3980 2792 4036 Nam
2840 3982 3089 4052 quamvis
3133 3992 3394 4038 sexcenta
3448 3983 3554 4038 alia

1986 4076 2137 4145 signa
2179 4081 2388 4144 poterat
2441 4073 2774 4138 ostendere,
2830 4083 2978 4129 certe
3032 4075 3099 4128 ad
3149 4073 3302 4142 illud,
3352 4091 3372 4126 ι
3413 4075 3556 4143 quod

1987 4166 2101 4220 haec
2147 4163 2340 4230 facias,
2396 4181 2418 4216 ι
2477 4163 2683 4219 nullum
2737 4164 2882 4220 aliud
2935 4165 3226 4220 ostendere
3275 4174 3492 4230 poterat
3538 4183 3551 4219 :

1984 4255 2212 4323 proinde
2251 4271 2314 4310 ea
2363 4270 2486 4326 qua:
2530 4257 2598 4311 ad
2643 4257 2903 4326 templum
2938 4255 3309 4325 pertinebant,
3351 4269 3554 4311 conve-

1985 4347 2196 4401 nienter
2233 4347 2538 4415 respondit,
2587 4362 2685 4417 pro
2730 4348 2855 4403 aliis
2900 4349 3092 4418 signis,
3129 4363 3251 4419 qute
3294 4347 3551 4416 templum

295 4433 651 4504 ἀπεκρίνατο.
693 4436 1004 4508 Ἀμφότερα
1036 4437 1304 4508 μέντοιγε,
1338 4439 1401 4491 τό
1440 4455 1498 4491 τε
1541 4437 1683 4509 ἱερὸν
1708 4481 1722 4504 ,
1779 4438 1876 4500 καὶ

1987 4437 2204 4492 minime
2255 4439 2594 4506 spectabant.
2642 4440 2900 4494 Attamen
2951 4450 3204 4508 utraque,
3257 4448 3368 4492 tum
3418 4447 3558 4491 tem-

294 4522 356 4575 τὸ
379 4522 540 4592 σῶμα
568 4523 662 4576 τοῦ
709 4525 904 4594 Ἰησοῦ,
948 4525 1088 4579 κατά
1133 4525 1262 4596 μίαν
1285 4527 1394 4580 τῶν
1421 4526 1658 4597 ὲκδοχῶν
1704 4526 1874 4591 τύπος

1987 4529 2150 4598 pium,
2184 4529 2348 4600 197
2381 4539 2496 4586 tum
2525 4545 2725 4600 corpus
2757 4531 2908 4596 Jesu,
2953 4533 3106 4600 juxta
3148 4545 3310 4584 unam
3355 4527 3558 4584 intelli-

297 4630 393 4682 μοι
421 4609 559 4665 εἶναι
590 4614 835 4682 φαίνεται
863 4616 965 4686 τῆς
1008 4617 1352 4686 Ἐκκλησίας,
1381 4617 1442 4670 τὸ
1467 4619 1530 4670 ἐκ
1551 4617 1874 4683 λίθωνζών-

1987 4611 2245 4690 gentiam,
2296 4622 2469 4692 ﬁgura
2518 4623 2650 4678 mihi
2687 4639 2808 4680 esse
2859 4624 3114 4677 videntur
3153 4621 3451 4686 Ecclesia;
3490 4633 3556 4676 eo

292 4719 405 4756 των
445 4703 845 4776 οἰκοδομεῖσθαι
883 4706 1088 4779 αὐτὴν,
1138 4724 1157 4757 ι
1185 4703 1330 4760 οἷκον
1385 4708 1752 4779 πνευματικὸν
1794 4711 1874 4774 είς

1987 4712 2125 4781 quod
2173 4713 2290 4767 hate
2333 4713 2600 4769 aediﬁcata
2653 4715 2726 4770 sit
2767 4729 2832 4768 ex
2881 4714 3188 4768 viventibus
3237 4711 3552 4782 lapidibus;

365 4848 412 4882 ⁸¹
449 4848 609 4910 Joan.
653 4857 715 4917 ti,
755 4853 862 4920 l7;
897 4869 1009 4918 xix,
1041 4853 1134 4919 28,
1167 4851 1258 4908 50.
1345 4853 1390 4886 ⁸³
1416 4851 1574 4908 Joan.
1606 4870 1668 4919 ιι,
1698 4854 1784 4923 18,
1817 4854 1901 4910 19.

369 4965 484 5040 (98)
526 4965 648 5022 Mr
688 4970 762 5040 ςὰ
801 4968 914 5038 τῆς
951 4968 1275 5040 θειοτάτης.
1309 4969 1403 5025 Sic
1447 4969 1652 5040 Optime
1699 4973 1866 5026 codex

290 5037 658 5109 Bodleianus;
689 5037 1038 5109 Regius,f:¢bv
1070 5039 1374 5109 θειοτάτης.

368 5105 482 5188 (99)
521 5105 860 5188 margo?
909 5107 1000 5176 £7"
1036 5105 1444 5188 ψαλμῶ-(ῥίς
1500 5117 1652 5188 recte
1691 5110 1866 5188 rodex

287 5175 660 5256 Bodleiauus;
711 5176 912 5247 Regius
949 5175 1262 5249 perperam,
1298 5178 1438 5249 πλὴν
1481 5178 1590 5231 τῶν
1625 5177 1704 5248 ξη’
1731 5177 1868 5248 ψαλ-

2047 4971 2125 5044 (εί)
2162 4970 2514 5044 ηράγμασιν
2551 4971 2652 5024 ὑπ’
2667 4969 2876 5044 ,αὐτῶν
2919 4972 3386 5044 περιρρεομένοις.
3418 4974 3552 5031 rer-

1979 5041 2158 5113 rarius
2187 5043 2382 5112 legisse
2405 5042 2630 5113 ividet_ur
2657 5041 2748 5113 ὑπ’
2775 5042 2961 5095 αὐτοῦ.
2992 5041 3270 5113 ualuisset
3295 5045 3549 5113 lluetius,

1978 5109 2296 5183 πράγμασιν
2327 5112 2416 5166 ὑπ’
2438 5109 2616 5165 αὐτῶν
2652 5111 2725 5183 μὴ
2759 5111 3193 5183 περιεπομὼοις.

2050 5204 2127 5326 (6)
2179 5204 2271 5271 Ὡς
2309 5203 2417 5258 ἕνα
2460 5203 2579 5258 τῶν
2630 5204 2762 5273 περὶ
2800 5204 2908 5286 τοῦ
2947 5203 3108 5272 ἱεροῦ
3155 5203 3391 5285 ἐκείνου
3445 5206 3548 5261 τὸν

2050 5290 2089 5326 Ὀ
2120 5314 2134 5326 .
2171 5284 2277 5326 etc.
2323 5275 2399 5326 Ita
2452 5275 2620 5326 codex
2668 5275 3024 5326 Bodletauus:
3077 5273 3296 5326 Beatus.
3331 5274 3407 5326 ὡς
3452 5277 3548 5326 ἕνα

1979 5273 2134 5342 περί,
2171 5284 2277 5329 etc.
2323 5275 2399 5328 Ita
2452 5275 2620 5342 codex
2668 5275 3024 5337 Bodleiauus;
3077 5273 3296 5342 Regius,
3331 5274 3407 5338 ὡς
3452 5277 3549 5330 ἕνα

1977 5341 2350 5416 τὸνμπερὶγτοῦ
2402 5341 2570 5416 ἱεροῦ*
2598 5344 2805 5416 ἐκείνου
2839 5343 2951 5416 τοῦ.
2998 5343 3354 5416 Sc_ribeuduut
3409 5344 3548 5400 forte

1974 5413 2049 5478 ὡς
2076 5410 2184 5467 ἕνα
2200 5415 2291 5468 τὸν
2323 5410 2572 5484 περὶτοῦ
2609 5411 2752 5484 ἱεροῦ
2785 5413 2990 5466 ἐκείνου
3017 5410 3096 5482 τῷ
3127 5412 3276 5482 περί,
3307 5423 3413 5468 etc.

2047 5504 2125 5582 (7)
2166 5503 2348 5582 Codex
2391 5502 2591 5582 Regius
2641 5517 2922 5582 perperam
2977 5503 3138 5582 habet
3183 5502 3299 5557 ἀλλ’
3327 5503 3442 5582 οὔτι
3483 5521 3546 5573 γε

1977 5570 2115 5644 πρὸς
2135 5571 2246 5644 seu
2261 5573 2382 5644 Ὅτι
2404 5570 2574 5644 ταῦτα
2596 5573 2788 5634 ποιεῖς,
2804 5570 2897 5623 »τά
2911 5571 3050 5644 κατά
3073 5572 3187 5644 τόν,
3209 5582 3342 5636 etc.,
3359 5570 3546 5642 sicque

1979 5642 2233 5697 nomnulla
2265 5642 2454 5696 omisit
2475 5655 2594 5709 quae
2629 5657 2729 5697 uos
2760 5656 2790 5696 ο
2823 5643 2982 5700 codd.
3013 5642 3302 5700 Bodleiano
3332 5653 3387 5699 et
3423 5644 3545 5698 Bar-

1980 5712 2168 5768 bcrino
2201 5711 2555 5766 rcstituimus.
2579 5745 2584 5750 -

389 5261 440 5297 ν.

367 5312 446 5383 (1)
474 5315 831 5389 [Vocontia-Mf
849 5316 981 5389 γάρ,
1001 5328 1107 5373 etc.
1133 5317 1226 5372 Sic
1252 5317 1413 5373 habet
1433 5315 1871 5389 codexBodleia—

293 5398 437 5457 nus_;_
470 5385 610 5457 male
635 5400 765 5457 vero
799 5385 1017 5457 Regius,
1042 5389 1328 5457 νοούμενον
1356 5389 1420 5441 ἐκ
1441 5387 1755 5456 προσώπου.

369 5453 447 5523 (‘2)
485 5451 666 5508 Codex
701 5451 925 5524 Regini,
959 5458 1044 5510 ἐπ’
1073 5451 1317 5511 ἐκείνων.

249 5506 265 5597 ς
489 5506 1605 5603 ορχόῥῶνῗτα.νίίόϋιείιιιιυε;
1649 5528 1868 5601 Regius.

294 5608 359 5643 ου
390 5610 469 5661 χω
477 5609 695 5663 ρουντα.

311 5664 448 5780 Ἰ
478 5661 570 5780 ’μὴ
597 5661 717 5716 τῶν
753 5663 1064 5721 Ἰουδαίων.
1093 5665 1255 5721 Forte
1283 5665 1630 5722 scribendum
1654 5667 1742 5720 διὰ
1764 5668 1872 5722 τῶν

384 5749 478 5780 usa.
501 5749 597 5780 ων.

352 5741 597 5784 ουῦαῐων.
