4020 6216
459 303 558 360 371

1912 285 2235 346 ORIGENIS

3621 283 3724 343 ΗΞ

461 424 606 479 facta
659 438 685 488 ι⁴
739 419 932 479 domus
997 416 1296 489 spiritualis
1328 393 1412 472 in
1470 414 1842 472 sacerdotium
1911 427 2039 469 san-

2144 411 2440 484 ἱεράτευμα
2469 413 2625 482 ἅγιον
2650 433 2669 465 ι
2696 413 3005 484 γινομένην,
3029 408 3566 482 ἐποικοδομουμένην
3597 430 3617 463 ι
3635 411 3724 464 ἐπὶ

451 525 611 572 ctum
645 511 695 545 “
737 530 753 573 ;
791 529 810 564 ι
850 509 1283 580 superaedillcata
1340 525 1361 561 ι
1407 521 1571 578 supra
1618 505 2037 562 fundamentum

461 603 832 677 apostolorum
867 613 922 657 et
961 602 1377 678 prophetarum,
1418 613 1636 656 summo
1673 597 1923 668 angulari
1957 595 2040 651 la-

462 695 591 764 pide
621 693 847 749 Christo
892 690 1019 749 Jesu
1038 691 1107 758 3',
1143 710 1164 746 ι
1203 705 1395 748 revera
1432 689 1689 759 templum
1719 687 2038 744 exsistente.

463 784 558 840 Sin
591 796 722 838 vero
750 793 974 854 propter
1006 781 1179 837 illud:
1226 800 1246 834 ι
1301 781 1405 838 Vos
1433 790 1614 836 autem
1667 780 1803 835 estis
1841 791 2042 848 corpus

459 871 691 940 Christi,
721 882 775 927 et
803 871 1048 927 membra
1079 885 1146 926 ex
1177 878 1333 941 parte
1363 869 1431 936 ⁸⁸,
1471 888 1490 924 ι
1513 868 1761 924 videatur
1785 865 2040 935 iunctura

460 972 517 1020 et
543 963 922 1019 convenientia
951 960 1194 1032 lapidum
1243 959 1429 1032 templi
1470 952 1705 1023 destrui,
1752 956 2039 1025 dissipari-

461 1067 594 1124 que,
617 1061 680 1109 ut
703 1053 756 1108 in
782 1051 958 1122 primo
975 1061 1030 1108 et
1048 1051 1310 1108 vicesimo
1335 1051 1603 1121 scriptum
1626 1059 1713 1106 est
1737 1049 1950 1120 psalmo
1969 1049 2038 1116 ⁸⁷,

462 1143 646 1200 omnia
673 1142 877 1199 Christi
912 1157 1035 1198 ossa
1072 1141 1144 1197 ab
1169 1141 1385 1198 insidiis
1408 1156 1528 1211 quae
1552 1149 1680 1197 sunt
1705 1141 1758 1194 in
1790 1154 2040 1210 persecu-

468 1234 714 1290 tionibus
745 1243 802 1290 et
840 1232 1306 1301 tribulationibus,
1350 1241 1407 1290 et
1460 1233 1530 1289 ab
1575 1232 1662 1288 his
1699 1233 1794 1302 qui
1841 1231 2042 1287 bellum

465 1327 710 1382 inferunt
741 1325 940 1381 unitati
987 1325 1174 1395 templi
1217 1328 1286 1382 ob
1333 1326 1771 1396 persecutiones,
1806 1323 2046 1394 erigetur

470 1415 764 1486 templum,
812 1424 869 1473 et
920 1413 1279 1472 suscitabitur
1325 1427 1526 1484 corpus
1579 1413 1742 1469 tertia
1785 1412 1873 1468 die
1923 1420 2044 1481 post

464 1505 610 1561 diem
660 1504 885 1561 malitia:
926 1505 981 1560 in
1018 1504 1136 1574 ipso
1166 1503 1484 1572 instantem,
1532 1513 1697 1572 atque
1739 1509 1864 1572 post
1900 1501 2042 1556 diem

464 1595 957 1652 consummationis
1008 1597 1112 1653 hac
1147 1597 1506 1666 posteriorem
1554 1595 1623 1651 ⁸⁸.
1665 1593 1849 1649 Tertia
1896 1593 2041 1649 enim

465 1688 524 1743 in
547 1687 688 1745 coelo
721 1703 886 1752 novo,
918 1696 974 1744 et
1004 1696 1153 1744 terra
1205 1702 1341 1744 nova
1389 1687 1618 1742 instabit
1657 1687 1792 1752 dies,
1823 1683 2044 1756 quando

457 1793 590 1835 ossa
616 1781 733 1836 haec
757 1777 824 1843 ",
859 1791 1054 1847 nempe
1101 1777 1282 1832 omnis
1313 1778 1508 1833 domus
1534 1775 1724 1844 Israel,
1757 1775 1813 1830 in
1848 1789 2042 1845 magna
2075 1752 2118 1808 Β

465 1869 745 1926 Dominica
797 1868 1205 1934 excitabuntur,
1260 1878 1438 1924 morte
1484 1867 1738 1934 devicta,
1798 1868 1934 1922 adeo
1985 1874 2044 1921 ut

465 1959 610 2017 facta
657 1957 989 2016 resurrectio
1023 1957 1227 2015 Christi
1271 1973 1301 2013 a
1347 1959 1533 2015 crucis
1571 1957 1842 2028 passione,
1869 1955 2046 2012 couti-

469 2059 597 2106 neat
675 2051 999 2120 mysterium
1062 2049 1486 2106 resurrectionis
1555 2049 1730 2104 totius
1793 2046 2044 2119 corporis

463 2142 692 2199 Christi.
726 2140 796 2197 Ut
840 2150 1021 2198 autem
1071 2154 1276 2213 corpus
1318 2141 1452 2197 illud
1483 2139 1640 2207 Jesu,
1665 2141 1918 2198 sensibus
1949 2139 2046 2195 ob-

465 2235 712 2302 noxium,
741 2233 890 2290 cruci
918 2231 1136 2288 aﬂlxum
1181 2240 1269 2290 est
1315 2232 1716 2304 sepultumque,
1757 2240 1813 2290 et
1854 2243 2043 2303 postea

467 2327 727 2392 excitum,
758 2325 838 2382 sic
879 2334 1050 2382 totum
1085 2333 1407 2382 sanctorum
1437 2324 1646 2380 Christi
1675 2340 1875 2396 corpus
1919 2341 2043 2382 cum

463 2417 688 2474 Christo
715 2419 862 2474 cruci
891 2417 1108 2473 aﬂlxum
1142 2426 1229 2473 est
1272 2425 1328 2472 et
1378 2431 1523 2471 nunc
1558 2431 1666 2471 non
1697 2416 1929 2486 amplius
1962 2417 2042 2472 vi-

463 2512 564 2565 vit.
594 2510 978 2580 Unusquisque
1003 2509 1148 2564 enim
1184 2508 1422 2572 illorum,
1451 2506 1674 2576 perinde
1707 2517 1870 2578 atque
1902 2507 2044 2565 Pau-

366 2613 374 2621 '
465 2599 576 2664 lus,
612 2600 666 2654 in
701 2599 847 2653 nulla
876 2613 934 2654 re
961 2599 1066 2652 alia
1095 2598 1361 2668 gloriatur
1387 2606 1758 2667 preterquam
1789 2599 1841 2654 in
1880 2613 2046 2655 cruce

461 2690 682 2746 Domini
714 2688 887 2745 nostri
915 2687 1042 2744 Jesu
1071 2688 1298 2755 Christi,
1348 2703 1445 2758 per
1485 2703 1647 2760 quem
1680 2689 1796 2760 ipse
1843 2692 2046 2746 mundo

466 2780 762 2837 cruciﬁxus
807 2787 894 2837 est
929 2790 983 2836 et
1026 2779 1263 2836 mundus
1305 2778 1384 2835 illi
1419 2779 1488 2850 ὀε
1521 2779 1891 2846 Quamobrem
1936 2797 2044 2837 non

468 2881 681 2929 tantum
707 2886 814 2928 una
838 2884 961 2928 cum
981 2869 1199 2928 Christo
1226 2871 1376 2928 cruci
1410 2871 1513 2928 fuit
1539 2871 1732 2928 alIixus
1746 2873 2044 2944 unusquis-

469 2978 580 3035 que
629 2977 694 3021 ac
733 2963 953 3031 mundo,
995 2963 1092 3020 sed
1138 2963 1303 3020 etiam
1333 2977 1442 3020 una
1475 2977 1598 3020 cum
1634 2962 1854 3020 Christo
1885 2977 2044 3034 sepe-

2141 501 2220 572 τῷ
2247 500 2484 574 θεμελίῳ
2519 502 2627 557 τῶν
2673 503 2987 557 ἀποστόλων
3007 541 3024 566 ,
3080 503 3177 556 καὶ
3207 500 3541 573 προφητῶν,
3575 501 3722 566 liv-no;

2141 592 2537 663 ἀκρογωνιαίου
2566 595 2805 666 Χριστοῦ
2821 592 3017 664 Ἰησοῦ,
3048 612 3068 646 ι
3105 591 3554 664 χρηματίζουσαν
3578 593 3721 646 ναόν.

2140 681 2241 734 Διὰ
2265 682 2323 735 δὲ
2349 682 2464 736 τοῦ·
2497 701 2516 736 ι
2553 683 2740 754 Ὑμεῖς
2765 682 2823 737 δέ
2849 683 2974 736 ἐστε
2997 682 3156 753 σῶμα
3177 681 3442 754 Χριστοῦ,
3471 684 3564 735 καὶ
3588 681 3720 753 μέλη

2141 770 2206 826 ἐκ
2242 771 2474 842 μέρους,
2512 790 2531 824 ι
2581 772 2682 826 κάν
2705 771 2927 825 λύεσθαι
2967 771 3026 826 δὲ
3049 773 3084 843 ή
3119 771 3228 827 τῶν
3254 770 3416 824 λίθων
3453 771 3550 823 τοῦ
3593 769 3721 824 ναοῦ

2142 863 2377 934 ἁρμονία
2399 863 2529 934 δοκῇ
2557 865 2650 918 καὶ
2674 863 3156 936 διασκορπίζεσθαι
3176 903 3193 928 ,
3218 863 3295 927 ὡς
3325 864 3385 917 ἐν
3407 870 3495 916 κα¹
3521 862 3724 933 ψαλμῷ

2140 951 2473 1022 γέγραπται,
2522 952 2700 1007 πάντα
2745 952 2815 1006 τὰ
2855 952 3130 1007 ὀστᾶ.τοῦ
3170 952 3409 1025 Χριστοῦ
3458 953 3567 1006 ὑπο
3617 953 3723 1006 τῶν

2141 1043 2200 1096 ἐν
2228 1043 2488 1114 διωγμοῖς
2515 1045 2609 1098 καὶ
2648 1044 2892 1114 θλίψεσιν
2919 1043 3249 1108 ἐπιϐουλῶν,
3277 1045 3386 1100 ἀπὸ
3411 1044 3520 1098 τῶν
3556 1061 3724 1117 προσ-

2143 1134 2522 1206 πολεμούντων
2572 1138 2636 1206 τῇ
2699 1135 2916 1206 ἐνότητι
2977 1135 3074 1190 τοῦ
3129 1135 3261 1190 ναοῦ
3326 1137 3387 1189 ὲν
3435 1137 3722 1206 διωγμοῖς,

2143 1225 2503 1298 ἐγερθήσεται
2545 1229 2573 1280 ὀ
2613 1228 2740 1290 ναὸς
2760 1267 2777 1291 ,
2829 1228 2922 1282 καὶ
2971 1229 3340 1297 ἀναστήσεται
3369 1229 3430 1281 τὺ
3459 1229 3628 1299 σῶμα
3659 1232 3725 1300 τῇ

2142 1319 2302 1391 τρίτῃ
2331 1319 2516 1391 ἡμέρᾳ
2547 1319 2686 1390 μετά
2705 1318 2804 1390 τὴν
2848 1320 3206 1390 ἐνεστηκυῖαν
3247 1319 3304 1373 ἐν
3347 1319 3496 1389 αὐτῷ
3524 1321 3731 1384 κακίας

2144 1411 2381 1483 ἡμέραν,
2414 1411 2508 1464 καὶ
2538 1411 2637 1483 τὴν
2673 1410 2814 1482 μετά
2839 1410 3043 1482 ταύτην
3070 1411 3167 1482 τῆς
3198 1411 3535 1476 συντελείας·
3567 1412 3730 1482 τρίτη

2143 1501 2253 1573 γὰρ
2287 1504 2348 1557 ἐν
2385 1501 2463 1574 τῷ
2499 1501 2670 1573 καινῷ
2710 1502 2925 1574 οὐρανῷ
2951 1503 3045 1556 καὶ
3077 1505 3240 1572 καινῇ
3271 1504 3343 1573 γῇ
3379 1502 3730 1572 ἐνστήσεται,

2144 1595 2233 1651 ὅτε
2261 1595 2332 1649 τά
2357 1596 2492 1650 ὀστᾶ
2517 1594 2706 1660 ταῦτα,
2746 1596 2853 1659 πᾶς
2882 1591 3030 1658 οἶκος
3074 1593 3289 1665 Ἰσραὴλ
3315 1596 3374 1648 ἐν
3408 1596 3482 1665 τῇ
3511 1594 3732 1666 μεγάλῃ

2145 1689 2382 1758 κυριακῇ
2451 1686 2838 1758 ἐγερθήσεται,
2901 1684 2997 1740 τοῦ
3045 1683 3278 1740 θανάτου
3347 1685 3730 1755 νενικημένου,

2145 1776 2286 1832 ὥστε
2317 1778 2410 1832 καὶ
2439 1777 2536 1848 τὴν
2565 1777 2862 1848 γενομένην
2889 1775 3184 1831 ἀνάστασιν
3217 1774 3312 1829 τοῦ
3351 1773 3596 1847 Χριστοῦ
3624 1776 3734 1828 ἀπὺ

2143 1869 2236 1923 τοῦ
2273 1869 2414 1923 κατά
2459 1869 2550 1923 τὸν
2575 1867 2807 1942 σταυρὸν
2857 1866 3063 1932 πάθους
3105 1867 3377 1940 περιέχειν
3429 1871 3734 1938 μυστήριον

2144 1959 2244 2030 τῆς
2299 1959 2650 2022 ἀναστάσεως
2712 1957 2806 2011 τοῦ
2881 1957 3084 2020 παντὸς
3141 1953 3382 2028 Χριστοῦ
3451 1953 3729 2025 σώματος.

2149 2051 2358 2123 Ὠσπερ
2384 2051 2440 2105 δὲ
2463 2052 2638 2106 ἐκεῖνο
2664 2049 2727 2103 τὸ
2756 2048 3012 2118 αἰσθητὸν
3038 2047 3132 2102 τοῦ
3188 2047 3366 2119 Ἰησοῦ
3396 2047 3560 2118 σῶμα
3590 2048 3730 2119 Χρι-

2147 2139 2257 2210 στῷ
2280 2139 2417 2211 (8-9)
2445 2140 2808 2212 ἐσταύρωται,
2844 2139 2936 2193 καὶ
2962 2137 3250 2204 τέθαπται,
3279 2139 3373 2192 καὶ
3404 2137 3549 2209 μετὰ
3571 2135 3734 2190 τοῦτο

2147 2229 2465 2300 ἐγήγερται,
2494 2227 2666 2292 οὕτως
2709 2227 2770 2282 τὸ
2807 2227 2926 2281 ὅλον
2952 2227 3062 2281 τῶν
3096 2226 3268 2296 ἁγίων
3299 2227 3544 2298 Χριστοῦ
3567 2225 3734 2296 σῶμα

2149 2321 2622 2392 συνεσταύρωται,
2683 2320 2778 2374 καὶ
2831 2319 2928 2375 νῦν
2974 2319 3160 2373 ούκέτι
3207 2319 3308 2390 ζῇ·
3350 2319 3588 2382 ’ἕκαστος
3616 2319 3734 2388 γὰρ

2145 2413 2252 2468 τῶν
2282 2413 2418 2485 (10),
2438 2413 2514 2477 ὡς
2535 2412 2762 2478 Παῦλος,
2789 2414 2848 2466 ὲν
2871 2411 3046 2467 οὐδενὶ
3077 2411 3223 2482 ἄλλῳ
3267 2411 3541 2482 καυχᾶται
3583 2411 3617 2481 ἢ
3669 2412 3735 2463 ἐν

2145 2501 2222 2574 τῷ
2245 2503 2463 2575 σταυρῷ
2490 2503 2583 2557 τοῦ
2606 2503 2812 2576 Κυρίου
2835 2502 2992 2574 ήμῶν
3016 2501 3252 2573 Χριστοῦ
3295 2501 3470 2572 Ἰησοῦ
3489 2542 3504 2566 ,
3545 2501 3612 2554 δι’
3666 2493 3738 2554 οὗ

2147 2593 2308 2655 αὐτὸς
2333 2594 2522 2666 κόσμῳ
2542 2593 2904 2664 ἐσταύρωται,
2935 2591 3029 2646 καὶ
3070 2592 3273 2663 κόσμος
3304 2591 3476 2662 αὐτῷ.
3509 2592 3584 2644 Οὐ
3631 2591 3738 2661 μύ-

2147 2701 2238 2739 νον
2269 2680 2362 2738 οὖν
2393 2683 2615 2756 Χριστῷ
2639 2682 3082 2754 συνεσταύρωται
3105 2682 3201 2736 καὶ
3232 2682 3423 2752 κόσμῳ
3451 2683 3740 2754 ἐσταύρω-

2146 2793 2258 2842 ται,
2285 2775 2425 2831 ἀλλά
2455 2777 2549 2830 καὶ
2584 2775 2804 2847 Χριστῷ
2837 2775 3234 2840 συνθάπτεταιο
3275 2795 3294 2828 ι
3338 2776 3740 2846 Συνετάφημεν

2147 2866 2280 2939 γάρ,
2311 2868 2465 2940 φησὶ,
2515 2866 2596 2938 τῷ
2624 2866 2865 2940 Χριστῷ,
2903 2886 2922 2920 ι
2959 2869 2988 2922 ὀ
3017 2866 3256 2932 Παῦλος*
3309 2868 3430 2931 καὶ,
3485 2867 3742 2938 ὡσπερεὶ⁵

2148 2960 2206 3016 ἐν
2229 2977 2337 3014 τινι
2366 2959 2648 3034 appaream
2689 2953 3038 3025 ἀναστάσεως
3083 2961 3372 3032 γενόμενος
3391 3002 3410 3026 ,
3437 2960 3584 3030 λέγει
3629 2961 3738 3013 τόδ

467 3054 648 3111 litur:
697 3073 719 3109 ι
757 3055 1070 3125 Consepulti
1119 3054 1269 3110 enim
1322 3069 1510 3111 sumus
1559 3068 1685 3110 cum
1738 3053 1980 3123 Christo,
2015 3072 2041 3111 ο

2153 3068 2174 3102 ι
2213 3051 2626 3123 Συνανέστημεν
2675 3050 2854 3123 αὐτῷ’
2895 3071 2914 3104 ι
2967 3051 3090 3104 ἐπεὶ
3140 3053 3198 3106 ἐν
3258 3053 3536 3125 καινότητι
3576 3052 3743 3123 ζωῆς

464 3145 647 3216 inquit
675 3144 877 3202 Paulus
899 3147 971 3212 ’⁸,
1005 3145 1210 3201 addens
1232 3145 1421 3210 etiam,
1446 3143 1611 3200 veluti
1638 3143 1705 3199 ad
1735 3146 2045 3216 quempiam

467 3238 888 3294 resurrectionis
979 3237 1340 3292 arrhabonem
1420 3235 1810 3308 pervenisset,
1883 3253 1906 3290 ι
1979 3236 2048 3292 Et

468 3343 592 3386 cum
640 3330 758 3400 ipso
812 3330 1258 3386 consurreximus
1299 3328 1346 3362 “
1381 3343 1398 3395 ;
1439 3345 1459 3381 ι
1499 3337 1686 3399 postea
1722 3329 1776 3384 in
1811 3330 2045 3400 quadam

468 3421 710 3477 novitate
754 3421 878 3476 vitae
932 3420 1198 3486 ambulat,
1245 3428 1506 3489 tanquam
1538 3420 1630 3489 qui
1679 3421 1836 3476 beata
1871 3421 1962 3477 illa
1992 3431 2048 3478 et

470 3512 710 3582 perfecta
733 3513 1131 3567 resurrectione
1160 3513 1397 3568 nondum
1431 3511 1813 3568 resurrexerit.
1837 3511 1928 3568 Vel
1947 3513 2048 3585 igi-

467 3608 560 3656 tur
595 3617 737 3657 nunc
776 3601 995 3670 quidem
1041 3603 1339 3659 cruciﬁxus
1366 3601 1490 3666 fuit,
1518 3611 1703 3671 postea
1734 3616 1863 3658 vero
1887 3615 2046 3672 sepe-

469 3692 638 3760 litur;
689 3693 774 3748 vel
816 3707 959 3748 nunc
1003 3693 1262 3762 sepelitur
1286 3695 1530 3751 sublatus
1565 3695 1732 3750 etiam
1781 3709 1814 3751 e
1859 3709 2044 3762 cruce,

469 3782 784 3853 aliquando,
833 3792 1103 3853 quatenus
1145 3783 1391 3855 sepultus
1418 3799 1562 3840 nunc
1595 3785 1718 3854 fuit,
1751 3788 2047 3842 resuscita-

472 3882 648 3928 turus.
695 3873 964 3928 Caeterum
995 3887 1254 3942 magnum
1282 3885 1366 3930 est
1395 3875 1818 3932 resurrectionis
1847 3885 2047 3932 nostra:

469 3964 791 4034 mysterium
834 3978 1166 4034 prorsusque
1205 3966 1572 4037 contemplatu
1596 3966 1850 4035 difﬁcile;
1900 3968 2046 4039 quod

470 4067 594 4107 cum
626 4054 681 4108 in
711 4053 833 4109 aliis
883 4053 1066 4110 multis
1112 4056 1519 4126 Scripturarum
1565 4057 1722 4126 locis,
1765 4064 1880 4114 tum
1915 4074 2048 4122 vero

469 4146 634 4202 etiam
667 4146 810 4214 apud
844 4145 1184 4202 Ezechielem
1218 4147 1303 4202 his
1337 4148 1522 4203 verbis
1557 4151 1912 4205 annuntiatur
1949 4151 1994 4184 ”
2024 4168 2040 4207 :

476 4257 494 4289 ι
531 4237 598 4292 Ει
623 4237 768 4292 facta
802 4246 886 4292 est
922 4250 1088 4305 super
1127 4251 1213 4292 me
1261 4253 1453 4292 manus
1478 4238 1720 4305 Domini,
1762 4249 1816 4294 et
1856 4239 2045 4295 eduxit

470 4344 559 4385 me
588 4331 642 4384 in
670 4328 877 4398 Spiritu
919 4327 1152 4391 Domini,
1176 4337 1232 4383 et
1251 4328 1432 4398 posuit
1457 4343 1542 4383 me
1567 4329 1620 4384 in
1640 4330 1818 4384 medio
1839 4329 2039 4401 campi,

2145 3157 2256 3197 τινι
2300 3145 2610 3215 περιπατεῖ,
2641 3142 2716 3208 ὡς
2758 3142 2901 3198 κατά
2921 3143 3022 3215 τὴν
3042 3143 3402 3216 ἐλπιζομένην
3429 3147 3740 3216 μακαρίαν,

2146 3235 2244 3290 καὶ
2269 3236 2478 3290 τελείαν
2505 3236 2801 3292 ἀνάστασιν
2827 3236 3051 3309 μηδέπω
3068 3238 3326 3300 ἀναστάς.
3345 3237 3502 3290 Ἤτοι
3521 3233 3614 3292 οὗν
3633 3236 3746 3290 νῦν

2121 3326 2251 3399 -μέν
2298 3326 2674 3400 ἐσταύρωται,
2730 3327 2869 3399 μετά
2913 3327 2970 3381 δέ
3003 3327 3181 3384 ταῦτα
3211 3328 3505 3384 θάπτεται·
3554 3328 3586 3399 ἦ
3633 3328 3745 3382 νῦν

2148 3418 2412 3474 θάπτεται
2435 3421 2531 3475 καὶ
2557 3419 2746 3492 ἀρθεὶς
2775 3419 2884 3474 ἀπὸ
2914 3420 3009 3475 τοῦ
3043 3420 3300 3494 σταυροῦ,
3335 3421 3464 3475 ποτέ
3485 3421 3562 3485 δέ,
3587 3421 3744 3474 καθὸ

2147 3511 2243 3566 νῦν
2286 3511 2588 3578 τέθαπται,
2641 3512 3026 3584 ἀναστήσεται.
3071 3513 3230 3583 Μέγα
3276 3512 3334 3567 δέ
3369 3514 3484 3567 ἐστι
3525 3512 3584 3566 τὺ
3631 3513 3745 3584 τῆς

2148 3603 2517 3670 ἀναστάσεως,
2573 3603 2668 3658 κα)⁵
2714 3602 3090 3676 δυσθεώρητον
3141 3607 3256 3670 τοίς
3302 3604 3514 3670 πολλοῖς
3563 3605 3744 3676 ἡμῶν

2149 3696 2471 3766 μυστήριον,
2505 3696 2645 3767 ὅπερ
2678 3697 2774 3750 καὶ⁹
2795 3699 2852 3749 ἐν
2881 3696 3063 3762 ἀλλοις
3100 3697 3316 3762 πολλοῖς
3361 3697 3570 3766 λέγεται
3615 3698 3744 3751 τῶν

2147 3783 2382 3854 Γραφῶν
2409 3784 2592 3850 τόποις
2616 3823 2632 3849 ,
2665 3785 2765 3857 οὐχ
2809 3781 2972 3858 ἦττον
3011 3787 3106 3842 καὶ
3145 3789 3204 3842 ἐν
3233 3785 3314 3859 τῷ
3360 3786 3611 3858 Ἑζεκιὴλ
3643 3787 3744 3844 διὰ

2145 3876 2351 3946 τούτων
2383 3877 2818 3946 ἀπαγγέλλεται·
2859 3896 2878 3930 ι
2921 3879 3034 3932 Kal
3070 3879 3288 3948 ἐγένετο
3329 3881 3412 3932 ἐπ’
3458 3879 3556 3950 ἐμὲ
3601 3882 3744 3952 χεὶρ

2147 3969 2392 4040 Κυρίου,
2440 3971 2535 4024 καὶ
2579 3970 2816 4042 ἐξήγαγέ
2848 3987 2916 4042 με
2962 3971 3021 4023 ἐν
3051 3971 3324 4043 πνεύματι
3355 3972 3595 4044 Κυρίου,
3636 3973 3743 4026 καὶ

2147 4058 2315 4130 ἔθηκέ
2341 4076 2410 4130 με
2443 4062 2502 4113 ἐν
2532 4059 2685 4131 μέσῳ
2713 4059 2808 4114 τοῦ
2839 4061 3044 4125 πεδίου,
3093 4062 3192 4115 καὶ
3233 4061 3388 4116 τοῦτο
3430 4057 3496 4134 ἦν
3524 4063 3742 4133 μεστὸν

2147 4149 2319 4203 ὀστῶν
2350 4150 2723 4222 ἀνθρωπίνων·
2757 4150 2852 4205 καὶ
2879 4151 3188 4223 περιήγαγέ
3217 4169 3284 4223 με
3329 4152 3416 4207 ἐπ’
3447 4153 3588 4207 αὑτά
3635 4171 3742 4208 κυ-

2147 4239 2336 4293 κλόθεν
2366 4239 2574 4312 κύκλῳ,
2609 4241 2705 4295 καὶ
2741 4241 2851 4296 ίδοὺ
2881 4240 3053 4295 πολλὰ
3073 4242 3280 4314 σφόδρα
3308 4243 3402 4296 ἐπὶ
3428 4243 3738 4314 προσώπου

2146 4331 2241 4384 τοῦ
2269 4331 2480 4395 πεδίου,
2507 4331 2602 4386 καὶ
2633 4333 2740 4387 ἰδοὺ
2762 4333 2904 4406 ξηρά
2925 4333 3128 4406 σφόδρα
3146 4350 3160 4364 ·
3189 4335 3285 4387 καὶ
3314 4329 3436 4387 εἷπε
3456 4333 3595 4406 πρὸς
3627 4335 3733 4406 μέ·

469 4430 527 4476 et
558 4420 646 4474 hic
683 4393 804 4474 erat
840 4418 1030 4489 plenus
1076 4393 1291 4476 ossibus
1336 4419 1615 4475 hominum
1665 4441 1678 4476 :
1715 4429 1770 4475 et
1801 4393 2041 4476 circum;

2148 4419 2242 4472 Υίὲ
2278 4393 2582 4492 ἀνθρώπου,
2614 4423 2663 4475 εί
2697 4393 2918 4494 ζήσεται
2946 4393 3016 4478 τὰ
3041 4393 3174 4476 ὀστᾶ
3202 4423 3371 4479 ταῦτα
3392 4439 3408 4490 ;
3433 4393 3543 4477 Καὶ
3568 4393 3734 4480 εἶπα*

471 4511 626 4567 duxit
659 4525 745 4566 me
770 4524 870 4578 per
897 4524 957 4564 ea
997 4510 1048 4564 in
1083 4525 1296 4580 gyrum,
1331 4521 1389 4565 et
1414 4524 1542 4566 ecce
1573 4511 1740 4566 multa
1769 4511 1928 4567 valde
1951 4529 2044 4568 su-

468 4617 568 4672 per
608 4601 799 4656 faciem
839 4601 1042 4670 campi,
1079 4601 1336 4669 siccaque
1365 4602 1716 4656 vehementer
1761 4620 1774 4657 :
1816 4610 1872 4656 et
1906 4603 2044 4658 dixit

469 4693 536 4746 ad
566 4705 650 4747 me
677 4709 691 4746 :
725 4689 867 4762 [Fili
901 4689 1159 4757 hominis,
1190 4691 1235 4745 si
1266 4692 1448 4748 vivent
1468 4707 1589 4747 ossa
1617 4693 1731 4747 haec
1751 4693 1774 4747 ?
1797 4692 1864 4748 Et
1889 4693 1999 4749 dixi
2025 4714 2039 4750 :

469 4781 726 4845 Domine,
787 4781 948 4852 198
1009 4782 1254 4848 Domine,
1303 4793 1357 4837 tu
1416 4783 1526 4838 scis
1577 4784 1717 4840 haec.
1779 4784 1845 4840 Et
1903 4785 2042 4842 dixit

467 4870 603 4925 mihi
629 4869 696 4942 ε]
733 4871 1036 4926 Vaticinare
1083 4871 1152 4927 de
1191 4873 1407 4928 ossibus
1459 4875 1602 4939 istis,
1642 4884 1699 4930 et
1729 4875 1880 4931 dices
1909 4878 1989 4933 eis
2021 4897 2035 4932 :

467 4959 605 5016 Ossa
653 4957 839 5027 arida,
898 4961 1082 5016 audite
1130 4963 1352 5017 verbum
1402 4963 1614 5019 Domini
1655 4981 1672 5030 ;
1730 4982 1752 5017 ι
1807 4974 1864 5020 et
1917 4977 2040 5036 post

465 5063 638 5119 pauca
669 5048 715 5081 “
749 5068 763 5105 :
795 5067 815 5101 ι
851 5048 918 5104 Et
944 5049 1156 5104 locutus
1180 5059 1268 5104 est
1295 5052 1362 5104 ad
1395 5066 1479 5106 me
1506 5053 1786 5121 Dominus,
1814 5055 2036 5114 dicens:

467 5141 570 5194 Fili
613 5140 874 5207 hominis,
899 5154 1023 5194 ossa
1054 5141 1188 5206 haec,
1214 5141 1409 5195 domus
1439 5152 1525 5196 est
1552 5129 1806 5199 universa
1837 5147 2034 5205 lsrael:

464 5224 649 5293 et'lp'si
680 5233 868 5288 dicunt
897 5252 912 5289 :
940 5232 1218 5287 Aruerunt
1263 5245 1388 5288 ossa
1444 5241 1650 5298 nostra,
1695 5235 1857 5302 periit
1909 5253 2032 5298 sues

2144 4507 2338 4578 Κύριε,
2370 4509 2564 4581 Κύριε,
2599 4509 2664 4563 σὺ
2696 4510 2896 4582 ἐπίστῃ
2920 4509 3113 4565 ταῦτα.
3143 4511 3254 4565 Καὶ
3281 4509 3402 4565 εἶπε
3431 4511 3568 4584 πρὸς
3615 4515 3690 4584 μέ
3715 4532 3731 4544 ο

2144 4601 2527 4671 Προφήτευσον
2555 4602 2650 4655 ἐπὶ
2677 4601 2749 4656 τά
2771 4603 3102 4659 ὀστᾶταῦτα
3123 4643 3139 4669 ,
3187 4605 3281 4658 καὶ
3322 4606 3471 4674 ἐρεῖς
3497 4606 3692 4669 αὐτοῖς
3714 4623 3730 4638 ·

2142 4693 2225 4746 Τά
2269 4695 2404 4746 ὀστᾶ
2449 4693 2612 4766 ξηρὰ,
2673 4695 2945 4750 ἀκούσατε
2976 4697 3132 4765 λόγον
3164 4699 3391 4771 Κμρίου·
3422 4717 3440 4750 ι
3463 4698 3558 4751 καὶ
3610 4699 3733 4769 μετ’

2141 4783 2330 4852 ὀλίγαι
2365 4803 2384 4836 ι
2425 4785 2534 4839 Καὶ
2571 4785 2801 4857 ἐλάλησε
2829 4786 3035 4858 Κύριος
3067 4788 3206 4857 πρὸς
3239 4789 3343 4859 μὲ,
3373 4789 3584 4858 λέγων’
3631 4791 3736 4845 Υἱὲ

2140 4873 2452 4946 ἀνθρώπου,
2505 4876 2576 4928 τὰ
2619 4877 2756 4930 ὀστᾶ
2779 4877 2954 4931 ταῦτα
2997 4879 3106 4943 πᾶς
3129 4876 3274 4944 οἶκος
3319 4879 3538 4952 Ἰσραήλ
3562 4881 3679 4934 ἐστι
3706 4897 3730 4912 ο

2139 4967 2234 5020 καὶ
2265 4967 2418 5020 αὐτοὶ
2443 4965 2663 5036 λέγουσι
2680 4983 2692 4998 ·
2723 4967 2878 5039 Ξηρά
2890 4967 3082 5038 γέγονε
3104 4968 3175 5024 τά
3194 4971 3330 5024 ὀστᾶ
3352 4969 3534 5041 ήμῶν,
3563 4971 3732 5025 ἀπόλ-

2137 5058 2274 5112 ωλεν
2307 5060 2342 5130 ή
2377 5059 2533 5123 ἐλπὶς
2555 5058 2733 5132 ήμῶν,
2771 5059 3292 5133 διαπεφωνήκαμεν.
3334 5082 3353 5115 ι
3398 5063 3584 5127 Ποίοις
3610 5063 3730 5136 (ιι)

2137 5149 2247 5222 γὰρ
2295 5152 2472 5214 ὀστοῖς
2515 5151 2763 5220 λέγεταιο
2825 5171 2844 5204 ι
2891 5151 3188 5209 Ἀκούσατε
3239 5154 3399 5224 λόγον
3429 5154 3660 5228 Κυρίου,
3697 5176 3726 5210 ι

2140 5242 2217 5308 ὡς
2245 5243 2658 5314 αἰσθανομένοις
2698 5243 2858 5312 λόγου
2889 5245 3096 5316 Κυρίου
3118 5286 3135 5313 ,
3185 5246 3282 5301 ἀτε
3315 5242 3466 5302 οὖσιν
3499 5249 3559 5303 ἐν
3589 5249 3740 5322 οἴκῳ

526 5369 581 5402 ’⁸⁸
613 5369 632 5422 1
658 5370 804 5453 Petr.
837 5370 990 5453 11,};
1036 5371 1102 5453 ff
1133 5372 1332 5453 Ephes:
1361 5373 1542 5453 uL'ZQ,
1569 5375 1662 5434 2i.
1689 5389 1692 5392 ‘
1737 5376 1784 5408 ⁸⁸
1803 5375 1828 5453 _l
1853 5377 1980 5453 Cor.
2010 5401 2040 5438 x

2144 5386 2214 5440 Π.
2290 5385 2334 5417 ⁸⁷
2358 5384 2620 5440 vers.15.
2712 5381 3370 5449 “lll’etr.tn.3,io,i3.
3441 5383 3732 5440 "Ezech.

467 5453 675 5506 xxxv”,
718 5441 805 5493 li.
881 5440 926 5473 '°
952 5440 1130 5496 Galat.
1158 5440 1231 5510 vi,
1264 5443 1352 5496 M.
1415 5445 1459 5476 ’⁸
1486 5442 1643 5499 Rom.
1674 5461 1750 5512 vt,
1789 5447 1844 5501 4.
1919 5449 1965 5482 ’³
1993 5440 2123 5512 ibid.
2201 5457 2248 5488 "
2294 5454 2496 5510 Ezech.
2533 5468 2740 5520 xxxv",
2785 5457 2806 5508 l
2846 5468 2962 5523 seq.
3036 5440 3097 5486 ’ί
3130 5440 3265 5510 ibid.
3314 5455 3400 5508 Η.

471 5628 482 5639 .
540 5537 678 5628 (8-9)
719 5531 970 5627 Χριστῷ.
1000 5561 1161 5616 Deest
1200 5562 1254 5617 in
1286 5563 1474 5620 codice
1505 5563 1693 5635 Regio,
1728 5565 1823 5622 sed
1852 5560 2032 5624 exstat

471 5644 521 5681 In
561 5629 870 5682 Bodleiano.

467 5644 521 5681 ιη
561 5643 870 5684 uoutetano.

539 5697 650 5755 (ιο)
694 5696 1232 5778 Τῶγιὲεεὶυευᾱυω
1261 5699 1485 5774 τούτων,

2173 5572 2326 5707 "(21)
2368 5571 2586 5639 ηοίοις.
2654 5570 2746 5624 Sic
2818 5569 2988 5626 codex
3059 5569 3422 5636 Bodleiauus;
3479 5567 3726 5640 Regius,

2175 5659 2240 5696 ιοι
2277 5679 2289 5694 .
3083 5687 3086 5689 λ

2140 5659 2289 5696 οιοις.
3083 5687 3086 5689 λ
